time,ask,bid,ask_volume,bid_volume
2018-07-05 14:55:00.108000,0.78346,0.78296,307,60
2018-07-05 14:55:00.588000,0.78325,0.78275,45,307
2018-07-05 14:55:01.156000,0.78306,0.78256,45,307
2018-07-05 14:55:01.289000,0.78295,0.78245,45,307
2018-07-05 14:55:01.508000,0.78311,0.78261,45,60
2018-07-05 14:55:02.295000,0.78305,0.78255,45,307
2018-07-05 14:55:03.085000,0.78326,0.78276,307,60
2018-07-05 14:55:07.502000,0.78336,0.78286,307,60
2018-07-05 14:55:07.890000,0.78341,0.78291,45,60
2018-07-05 14:55:09.666000,0.78335,0.78285,187,307
2018-07-05 14:55:12.535000,0.7834,0.7829,45,60
2018-07-05 14:55:13.406000,0.78355,0.78305,450,187
2018-07-05 14:55:17.508000,0.78346,0.78296,45,60
2018-07-05 14:55:24.119000,0.78336,0.78286,45,60
2018-07-05 14:55:38.446000,0.78316,0.78266,45,307
2018-07-05 14:55:38.567000,0.78305,0.78255,45,307
2018-07-05 14:55:42.740000,0.7831,0.7826,45,60
2018-07-05 14:55:44.075000,0.78305,0.78255,45,307
2018-07-05 14:55:44.476000,0.7831,0.7826,45,60
2018-07-05 14:55:45.540000,0.78315,0.78265,187,307
2018-07-05 14:55:46.153000,0.7831,0.7826,187,60
2018-07-05 14:55:48.252000,0.78311,0.78261,187,60
2018-07-05 14:55:48.849000,0.7831,0.7826,187,60
2018-07-05 14:55:51.493000,0.78305,0.78255,187,307
2018-07-05 14:55:52.067000,0.7831,0.7826,45,60
2018-07-05 14:55:52.665000,0.78326,0.78276,307,60
2018-07-05 14:56:00.727000,0.78331,0.78281,45,60
2018-07-05 14:56:01.081000,0.78315,0.78265,45,307
2018-07-05 14:56:01.407000,0.78331,0.78281,45,60
2018-07-05 14:56:03.369000,0.78315,0.78265,187,307
2018-07-05 14:56:04.105000,0.78331,0.78281,187,60
2018-07-05 14:56:16.534000,0.78325,0.78275,187,307
2018-07-05 14:56:22.193000,0.78331,0.78281,45,60
2018-07-05 14:56:25.494000,0.78315,0.78265,45,307
2018-07-05 14:56:28.246000,0.78316,0.78266,45,60
2018-07-05 14:56:33.469000,0.78306,0.78256,45,60
2018-07-05 14:56:48.709000,0.78306,0.78256,45,450
2018-07-05 14:56:48.760000,0.78315,0.78265,45,450
2018-07-05 14:56:54.706000,0.78306,0.78256,45,307
2018-07-05 14:56:54.834000,0.78295,0.78245,45,307
2018-07-05 14:56:56.918000,0.78301,0.78251,45,60
2018-07-05 14:56:57.438000,0.78295,0.78245,45,307
2018-07-05 14:56:57.761000,0.78301,0.78251,45,60
2018-07-05 14:56:58.141000,0.78285,0.78235,45,307
2018-07-05 14:56:58.566000,0.78301,0.78251,45,60
2018-07-05 14:56:58.951000,0.78295,0.78245,45,307
2018-07-05 14:56:59.834000,0.78311,0.78261,45,60
2018-07-05 14:57:00.135000,0.78306,0.78256,45,60
2018-07-05 14:57:00.606000,0.78305,0.78255,375,307
2018-07-05 14:57:01.045000,0.78295,0.78245,45,307
2018-07-05 14:57:03.167000,0.78305,0.78255,187,307
2018-07-05 14:57:06.164000,0.78311,0.78261,187,60
2018-07-05 14:57:06.637000,0.78295,0.78245,45,307
2018-07-05 14:57:11.820000,0.78301,0.78251,45,60
2018-07-05 14:57:12.393000,0.78285,0.78235,45,307
2018-07-05 14:57:16.801000,0.7829,0.7824,187,60
2018-07-05 14:57:17.285000,0.78296,0.78246,450,60
2018-07-05 14:57:22.184000,0.78306,0.78256,450,60
2018-07-05 14:57:22.556000,0.78286,0.78236,187,307
2018-07-05 14:57:22.607000,0.78275,0.78225,187,307
2018-07-05 14:57:29.510000,0.78276,0.78226,45,60
2018-07-05 14:57:29.852000,0.7827,0.7822,45,60
2018-07-05 14:57:30.612000,0.78275,0.78225,45,307
2018-07-05 14:57:31.254000,0.78281,0.78231,45,60
2018-07-05 14:57:31.698000,0.78275,0.78225,45,307
2018-07-05 14:57:32.315000,0.78276,0.78226,45,60
2018-07-05 14:57:32.726000,0.78275,0.78225,45,307
2018-07-05 14:57:33.464000,0.78265,0.78215,45,307
2018-07-05 14:57:34.047000,0.78275,0.78225,45,307
2018-07-05 14:57:36.130000,0.78285,0.78235,262,60
2018-07-05 14:57:36.251000,0.78296,0.78246,307,60
2018-07-05 14:57:36.469000,0.78295,0.78245,45,307
2018-07-05 14:57:36.791000,0.78285,0.78235,45,307
2018-07-05 14:57:37.347000,0.78286,0.78236,45,60
2018-07-05 14:57:37.679000,0.78285,0.78235,45,307
2018-07-05 14:57:40.287000,0.78306,0.78256,307,187
2018-07-05 14:57:45.889000,0.7831,0.7826,45,60
2018-07-05 14:57:46.316000,0.78315,0.78265,45,307
2018-07-05 14:57:47.211000,0.78331,0.78281,45,60
2018-07-05 14:57:49.129000,0.78315,0.78265,45,307
2018-07-05 14:57:52.158000,0.7832,0.7827,45,60
2018-07-05 14:57:52.910000,0.78315,0.78265,45,307
2018-07-05 14:57:53.252000,0.7832,0.7827,45,60
2018-07-05 14:57:53.588000,0.78305,0.78255,45,307
2018-07-05 14:57:54.224000,0.78306,0.78256,45,60
2018-07-05 14:57:56.454000,0.78305,0.78255,262,60
2018-07-05 14:57:56.516000,0.7831,0.7826,45,60
2018-07-05 14:57:58.851000,0.78315,0.78265,45,307
2018-07-05 14:58:00.331000,0.78336,0.78286,307,60
2018-07-05 14:58:01.641000,0.78331,0.78281,45,60
2018-07-05 14:58:03.832000,0.78326,0.78276,45,60
2018-07-05 14:58:12.996000,0.78336,0.78286,307,60
2018-07-05 14:58:13.383000,0.78331,0.78281,45,60
2018-07-05 14:58:15.260000,0.78315,0.78265,45,307
2018-07-05 14:58:18.347000,0.7832,0.7827,45,60
2018-07-05 14:58:18.715000,0.78325,0.78275,45,307
2018-07-05 14:58:19.027000,0.78331,0.78281,45,60
2018-07-05 14:58:19.375000,0.78325,0.78275,45,307
2018-07-05 14:58:22.606000,0.78331,0.78281,45,60
2018-07-05 14:58:23.663000,0.78315,0.78265,45,307
2018-07-05 14:58:24.037000,0.78305,0.78255,45,307
2018-07-05 14:58:24.889000,0.7831,0.7826,45,187
2018-07-05 14:58:25.509000,0.78305,0.78255,45,450
2018-07-05 14:58:25.870000,0.78295,0.78245,45,450
2018-07-05 14:58:26.204000,0.78301,0.78251,45,60
2018-07-05 14:58:26.726000,0.78295,0.78245,45,307
2018-07-05 14:58:28.758000,0.78301,0.78251,45,60
2018-07-05 14:58:29.427000,0.78295,0.78245,45,307
2018-07-05 14:58:29.734000,0.78311,0.78261,45,60
2018-07-05 14:58:30.051000,0.78295,0.78245,45,307
2018-07-05 14:58:30.983000,0.78301,0.78251,45,60
2018-07-05 14:58:31.415000,0.78295,0.78245,45,307
2018-07-05 14:58:34.505000,0.78296,0.78246,45,60
2018-07-05 14:58:35.234000,0.78301,0.78251,45,60
2018-07-05 14:58:35.751000,0.78285,0.78235,45,307
2018-07-05 14:58:37.547000,0.78295,0.78245,45,307
2018-07-05 14:58:38.059000,0.78301,0.78251,45,60
2018-07-05 14:58:38.391000,0.78311,0.78261,45,60
2018-07-05 14:58:38.901000,0.78296,0.78246,45,307
2018-07-05 14:58:39.017000,0.78285,0.78235,45,307
2018-07-05 14:58:39.241000,0.78295,0.78245,45,307
2018-07-05 14:58:41.802000,0.78316,0.78266,307,60
2018-07-05 14:58:42.860000,0.78306,0.78256,45,60
2018-07-05 14:58:43.344000,0.78305,0.78255,45,307
2018-07-05 14:58:43.676000,0.78311,0.78261,45,60
2018-07-05 14:58:44.040000,0.78301,0.78251,45,307
2018-07-05 14:58:44.117000,0.78301,0.78251,45,60
2018-07-05 14:58:45.435000,0.78295,0.78245,45,307
2018-07-05 14:58:46.658000,0.78301,0.78251,45,60
2018-07-05 14:58:47.010000,0.78295,0.78245,45,307
2018-07-05 14:58:49.941000,0.783,0.7825,45,60
2018-07-05 14:58:51.411000,0.78305,0.78255,45,307
2018-07-05 14:58:52.023000,0.78311,0.78261,45,60
2018-07-05 14:58:52.350000,0.78295,0.78245,187,307
2018-07-05 14:58:52.680000,0.78311,0.78261,187,60
2018-07-05 14:58:54.157000,0.78306,0.78256,187,60
2018-07-05 14:58:55.228000,0.783,0.7825,45,60
2018-07-05 14:58:55.942000,0.78301,0.78251,187,60
2018-07-05 14:58:56.382000,0.78295,0.78245,45,307
2018-07-05 14:58:56.973000,0.78301,0.78251,45,60
2018-07-05 14:58:59.805000,0.78296,0.78246,45,60
2018-07-05 14:59:00.184000,0.78301,0.78251,45,60
2018-07-05 14:59:00.611000,0.78285,0.78235,45,307
2018-07-05 14:59:00.965000,0.78279,0.78229,45,60
2018-07-05 14:59:01.274000,0.78285,0.78235,45,307
2018-07-05 14:59:01.601000,0.78279,0.78229,45,60
2018-07-05 14:59:02.540000,0.78285,0.78235,187,307
2018-07-05 14:59:07.712000,0.78295,0.78245,262,60
2018-07-05 14:59:07.763000,0.78311,0.78261,45,60
2018-07-05 14:59:09.773000,0.7831,0.7826,45,60
2018-07-05 14:59:10.345000,0.78311,0.78261,45,60
2018-07-05 14:59:11.486000,0.78305,0.78255,45,307
2018-07-05 14:59:13.537000,0.78311,0.78261,45,60
2018-07-05 14:59:17.789000,0.78305,0.78255,45,307
2018-07-05 14:59:21.995000,0.78311,0.78261,45,60
2018-07-05 14:59:22.336000,0.78305,0.78255,45,307
2018-07-05 14:59:23.165000,0.78311,0.78261,45,60
2018-07-05 14:59:23.872000,0.78305,0.78255,45,307
2018-07-05 14:59:25.027000,0.78311,0.78261,45,60
2018-07-05 14:59:26.191000,0.78295,0.78245,45,307
2018-07-05 14:59:26.723000,0.78305,0.78255,262,60
2018-07-05 14:59:26.884000,0.78315,0.78265,307,60
2018-07-05 14:59:26.935000,0.7831,0.7826,45,60
2018-07-05 14:59:29.700000,0.78326,0.78276,307,60
2018-07-05 14:59:30.040000,0.7831,0.7826,45,60
2018-07-05 14:59:31.248000,0.78326,0.78276,307,60
2018-07-05 14:59:31.689000,0.78321,0.78271,45,60
2018-07-05 14:59:32.484000,0.78315,0.78265,45,307
2018-07-05 14:59:35.296000,0.78331,0.78281,45,60
2018-07-05 14:59:35.666000,0.78325,0.78275,45,307
2018-07-05 14:59:40.547000,0.7833,0.7828,45,60
2018-07-05 14:59:41.088000,0.78335,0.78285,45,307
2018-07-05 14:59:41.418000,0.78341,0.78291,45,60
2018-07-05 14:59:41.875000,0.78335,0.78285,45,307
2018-07-05 14:59:42.408000,0.7834,0.7829,45,60
2018-07-05 14:59:46.773000,0.78335,0.78285,45,307
2018-07-05 14:59:47.105000,0.78341,0.78291,45,60
2018-07-05 14:59:48.184000,0.78326,0.78276,45,307
2018-07-05 14:59:48.234000,0.78315,0.78265,45,307
2018-07-05 14:59:49.126000,0.78331,0.78281,45,60
2018-07-05 14:59:50.598000,0.78315,0.78265,45,307
2018-07-05 14:59:51.334000,0.7831,0.7826,45,60
2018-07-05 14:59:51.841000,0.78315,0.78265,45,307
2018-07-05 14:59:53.392000,0.78306,0.78256,45,307
2018-07-05 14:59:53.510000,0.78295,0.78245,45,307
2018-07-05 14:59:53.844000,0.78316,0.78266,307,60
2018-07-05 14:59:54.157000,0.7831,0.7826,45,60
2018-07-05 14:59:54.644000,0.78306,0.78256,45,60
2018-07-05 14:59:54.835000,0.78295,0.78235,262,262
2018-07-05 14:59:54.937000,0.78195,0.78145,262,60
2018-07-05 14:59:54.988000,0.78222,0.78158,45,307
2018-07-05 14:59:55.091000,0.78165,0.78115,262,60
2018-07-05 14:59:55.192000,0.78152,0.78098,45,60
2018-07-05 14:59:55.243000,0.78126,0.78076,45,307
2018-07-05 14:59:55.294000,0.78126,0.78076,45,60
2018-07-05 14:59:55.580000,0.78121,0.78071,45,60
2018-07-05 14:59:55.957000,0.78108,0.78058,45,60
2018-07-05 14:59:56.007000,0.78125,0.78075,45,307
2018-07-05 14:59:56.262000,0.78105,0.7805,262,2
2018-07-05 14:59:56.420000,0.78095,0.7805,262,2
2018-07-05 14:59:56.944000,0.78092,0.7805,45,2
2018-07-05 14:59:57.369000,0.78092,0.7805,45,2
2018-07-05 14:59:57.419000,0.78105,0.78055,45,307
2018-07-05 14:59:57.561000,0.78095,0.7805,45,2
2018-07-05 14:59:57.801000,0.78102,0.78052,45,60
2018-07-05 14:59:57.903000,0.78095,0.7805,45,2
2018-07-05 14:59:57.974000,0.78102,0.78052,45,60
2018-07-05 14:59:58.091000,0.78095,0.7805,45,2
2018-07-05 14:59:58.895000,0.78105,0.78055,262,60
2018-07-05 14:59:58.945000,0.78121,0.78071,45,60
2018-07-05 14:59:59.084000,0.78115,0.78065,45,307
2018-07-05 14:59:59.494000,0.78121,0.78071,45,60
2018-07-05 14:59:59.783000,0.78132,0.78082,45,60
2018-07-05 15:00:00.230000,0.78125,0.78075,45,307
2018-07-05 15:00:00.676000,0.78072,0.7805,45,2
2018-07-05 15:00:00.727000,0.77958,0.77908,45,60
2018-07-05 15:00:00.849000,0.77942,0.779,45,3
2018-07-05 15:00:01.172000,0.77875,0.77825,262,60
2018-07-05 15:00:01.246000,0.77886,0.77836,307,375
2018-07-05 15:00:01.358000,0.77872,0.77822,45,60
2018-07-05 15:00:01.511000,0.77865,0.77815,45,309
2018-07-05 15:00:01.918000,0.77832,0.77782,45,187
2018-07-05 15:00:02.021000,0.77846,0.77796,307,60
2018-07-05 15:00:02.368000,0.77831,0.77781,45,187
2018-07-05 15:00:02.747000,0.77825,0.77775,45,450
2018-07-05 15:00:03.185000,0.7783,0.7778,45,60
2018-07-05 15:00:03.533000,0.77811,0.77761,45,60
2018-07-05 15:00:03.980000,0.77826,0.77776,45,60
2018-07-05 15:00:04.426000,0.77811,0.77761,45,60
2018-07-05 15:00:05.381000,0.77801,0.77751,45,1000
2018-07-05 15:00:05.791000,0.77795,0.77745,45,1200
2018-07-05 15:00:06.222000,0.77801,0.77751,45,825
2018-07-05 15:00:06.688000,0.77795,0.77745,187,1100
2018-07-05 15:00:07.107000,0.77785,0.77735,45,637
2018-07-05 15:00:07.610000,0.77786,0.77736,45,307
2018-07-05 15:00:07.681000,0.77775,0.77725,45,307
2018-07-05 15:00:07.732000,0.77785,0.77735,262,60
2018-07-05 15:00:07.843000,0.77801,0.77751,45,60
2018-07-05 15:00:08.096000,0.778,0.7775,45,60
2018-07-05 15:00:08.445000,0.77796,0.77746,307,60
2018-07-05 15:00:08.923000,0.77775,0.77725,45,307
2018-07-05 15:00:09.456000,0.7777,0.7772,45,60
2018-07-05 15:00:09.764000,0.77771,0.77721,45,187
2018-07-05 15:00:10.094000,0.77755,0.77705,45,450
2018-07-05 15:00:10.425000,0.77749,0.77699,45,187
2018-07-05 15:00:10.752000,0.77755,0.77705,45,307
2018-07-05 15:00:11.082000,0.77771,0.77721,45,60
2018-07-05 15:00:11.133000,0.77765,0.77705,262,262
2018-07-05 15:00:11.183000,0.77765,0.77715,262,60
2018-07-05 15:00:11.307000,0.77755,0.77705,45,307
2018-07-05 15:00:11.359000,0.77766,0.77716,45,307
2018-07-05 15:00:11.410000,0.77755,0.77705,307,60
2018-07-05 15:00:11.461000,0.77749,0.77699,45,60
2018-07-05 15:00:11.885000,0.77745,0.77695,45,307
2018-07-05 15:00:12.189000,0.7773,0.7768,45,60
2018-07-05 15:00:12.510000,0.77721,0.77671,45,60
2018-07-05 15:00:12.869000,0.77715,0.77665,45,450
2018-07-05 15:00:13.186000,0.77719,0.77669,45,60
2018-07-05 15:00:13.635000,0.7773,0.7768,45,307
2018-07-05 15:00:13.685000,0.77741,0.77691,45,60
2018-07-05 15:00:13.786000,0.77736,0.77686,45,60
2018-07-05 15:00:14.222000,0.77719,0.77669,45,60
2018-07-05 15:00:14.629000,0.7773,0.7768,45,307
2018-07-05 15:00:14.688000,0.77741,0.77691,45,60
2018-07-05 15:00:14.897000,0.77725,0.77675,45,307
2018-07-05 15:00:15.274000,0.77721,0.77671,45,60
2018-07-05 15:00:15.613000,0.77745,0.77695,187,307
2018-07-05 15:00:15.944000,0.7773,0.7768,45,307
2018-07-05 15:00:16.170000,0.77705,0.77655,45,450
2018-07-05 15:00:16.421000,0.77721,0.77671,45,60
2018-07-05 15:00:16.783000,0.77711,0.77661,45,60
2018-07-05 15:00:17.164000,0.77705,0.77655,45,450
2018-07-05 15:00:17.492000,0.77725,0.77675,45,307
2018-07-05 15:00:18.086000,0.7773,0.7768,45,60
2018-07-05 15:00:18.480000,0.77765,0.77715,307,60
2018-07-05 15:00:18.815000,0.77755,0.77705,45,637
2018-07-05 15:00:19.147000,0.77776,0.77726,307,187
2018-07-05 15:00:19.479000,0.77775,0.77725,45,307
2018-07-05 15:00:19.812000,0.77776,0.77726,45,187
2018-07-05 15:00:20.143000,0.77785,0.77735,45,307
2018-07-05 15:00:20.568000,0.7779,0.7774,45,60
2018-07-05 15:00:20.886000,0.77801,0.77751,45,60
2018-07-05 15:00:21.212000,0.77811,0.77761,45,60
2018-07-05 15:00:21.566000,0.77805,0.77755,45,307
2018-07-05 15:00:21.886000,0.77831,0.77781,45,60
2018-07-05 15:00:22.216000,0.77825,0.77775,45,307
2018-07-05 15:00:22.537000,0.77841,0.77791,45,60
2018-07-05 15:00:22.852000,0.77855,0.77805,45,307
2018-07-05 15:00:23.201000,0.77861,0.77811,45,60
2018-07-05 15:00:23.530000,0.77871,0.77821,45,60
2018-07-05 15:00:23.859000,0.7787,0.7782,45,60
2018-07-05 15:00:24.195000,0.77915,0.77865,307,60
2018-07-05 15:00:24.514000,0.77911,0.77861,45,60
2018-07-05 15:00:24.946000,0.77911,0.77861,45,307
2018-07-05 15:00:24.997000,0.77921,0.77871,45,60
2018-07-05 15:00:25.100000,0.77906,0.77856,45,307
2018-07-05 15:00:25.155000,0.77899,0.77845,45,307
2018-07-05 15:00:25.323000,0.77911,0.77861,45,60
2018-07-05 15:00:26.047000,0.7791,0.7786,45,60
2018-07-05 15:00:26.451000,0.77915,0.77865,45,307
2018-07-05 15:00:26.817000,0.77906,0.77856,45,60
2018-07-05 15:00:27.236000,0.77901,0.77851,45,60
2018-07-05 15:00:27.586000,0.77897,0.77836,45,60
2018-07-05 15:00:27.917000,0.77891,0.77841,187,60
2018-07-05 15:00:28.249000,0.77871,0.77821,45,60
2018-07-05 15:00:28.552000,0.7787,0.7782,45,60
2018-07-05 15:00:28.889000,0.77865,0.77815,45,307
2018-07-05 15:00:29.216000,0.77855,0.77805,45,307
2018-07-05 15:00:29.702000,0.77861,0.77811,45,60
2018-07-05 15:00:30.084000,0.7782,0.7777,45,60
2018-07-05 15:00:30.396000,0.77831,0.77781,45,307
2018-07-05 15:00:30.587000,0.77831,0.77781,45,60
2018-07-05 15:00:30.696000,0.7783,0.7778,45,60
2018-07-05 15:00:31.415000,0.77825,0.77775,45,307
2018-07-05 15:00:31.756000,0.77821,0.77771,45,307
2018-07-05 15:00:31.912000,0.77831,0.77781,45,60
2018-07-05 15:00:31.974000,0.77821,0.77771,45,307
2018-07-05 15:00:32.026000,0.7781,0.7776,45,60
2018-07-05 15:00:32.349000,0.77815,0.77765,262,60
2018-07-05 15:00:32.401000,0.77825,0.77775,45,307
2018-07-05 15:00:32.452000,0.7783,0.7778,45,60
2018-07-05 15:00:32.858000,0.7784,0.7779,45,187
2018-07-05 15:00:33.245000,0.77835,0.77785,45,307
2018-07-05 15:00:33.573000,0.7784,0.7779,45,60
2018-07-05 15:00:33.683000,0.77865,0.77805,262,262
2018-07-05 15:00:33.733000,0.77841,0.77791,45,307
2018-07-05 15:00:33.793000,0.7783,0.7778,45,60
2018-07-05 15:00:33.844000,0.77825,0.77775,45,307
2018-07-05 15:00:34.188000,0.77841,0.77791,45,60
2018-07-05 15:00:34.608000,0.77825,0.77775,45,307
2018-07-05 15:00:34.946000,0.77779,0.77729,45,60
2018-07-05 15:00:35.293000,0.77855,0.77805,45,307
2018-07-05 15:00:35.641000,0.77861,0.77811,45,60
2018-07-05 15:00:35.983000,0.77876,0.77826,45,307
2018-07-05 15:00:36.038000,0.77865,0.77815,45,307
2018-07-05 15:00:36.136000,0.7787,0.7782,45,60
2018-07-05 15:00:36.521000,0.77855,0.77805,45,307
2018-07-05 15:00:36.888000,0.77871,0.77821,45,375
2018-07-05 15:00:37.227000,0.77855,0.77805,307,375
2018-07-05 15:00:37.585000,0.77861,0.77811,45,375
2018-07-05 15:00:37.991000,0.77855,0.77805,307,60
2018-07-05 15:00:38.296000,0.77866,0.77816,45,60
2018-07-05 15:00:38.626000,0.77865,0.77815,45,307
2018-07-05 15:00:38.934000,0.77845,0.77795,262,60
2018-07-05 15:00:38.985000,0.77835,0.77785,45,307
2018-07-05 15:00:39.401000,0.7784,0.7779,45,60
2018-07-05 15:00:39.777000,0.77835,0.77785,45,307
2018-07-05 15:00:40.129000,0.77826,0.77776,45,307
2018-07-05 15:00:40.194000,0.77815,0.77765,45,307
2018-07-05 15:00:40.341000,0.77836,0.77786,307,60
2018-07-05 15:00:40.687000,0.77826,0.77776,45,60
2018-07-05 15:00:41.001000,0.77841,0.77791,45,60
2018-07-05 15:00:41.325000,0.77825,0.77775,45,307
2018-07-05 15:00:41.650000,0.77831,0.77781,45,60
2018-07-05 15:00:41.985000,0.77841,0.77791,45,60
2018-07-05 15:00:42.330000,0.77861,0.77811,45,307
2018-07-05 15:00:42.432000,0.77841,0.77791,45,60
2018-07-05 15:00:42.876000,0.77835,0.77785,45,307
2018-07-05 15:00:43.311000,0.77841,0.77791,45,60
2018-07-05 15:00:43.665000,0.7786,0.7781,45,60
2018-07-05 15:00:44.014000,0.77866,0.77816,45,60
2018-07-05 15:00:44.342000,0.77871,0.77821,45,60
2018-07-05 15:00:44.652000,0.77866,0.77816,45,60
2018-07-05 15:00:44.989000,0.77871,0.77821,45,60
2018-07-05 15:00:45.312000,0.77875,0.77825,262,60
2018-07-05 15:00:45.400000,0.77891,0.77841,45,60
2018-07-05 15:00:45.450000,0.77885,0.77835,45,307
2018-07-05 15:00:45.917000,0.7789,0.7784,45,60
2018-07-05 15:00:46.284000,0.7788,0.7783,45,60
2018-07-05 15:00:46.639000,0.77875,0.77825,262,60
2018-07-05 15:00:46.727000,0.77874,0.77824,45,60
2018-07-05 15:00:46.863000,0.77881,0.77831,45,60
2018-07-05 15:00:47.200000,0.77885,0.77835,450,60
2018-07-05 15:00:47.517000,0.77866,0.77816,187,60
2018-07-05 15:00:47.937000,0.7787,0.7782,45,60
2018-07-05 15:00:48.287000,0.77906,0.77856,307,60
2018-07-05 15:00:48.715000,0.77896,0.77846,45,60
2018-07-05 15:00:49.440000,0.77891,0.77841,187,60
2018-07-05 15:00:49.941000,0.77901,0.77851,45,60
2018-07-05 15:00:50.276000,0.77915,0.77865,45,307
2018-07-05 15:00:51.421000,0.7792,0.7787,45,60
2018-07-05 15:00:51.774000,0.77904,0.77854,45,307
2018-07-05 15:00:52.132000,0.77921,0.77871,45,60
2018-07-05 15:00:52.451000,0.77911,0.77861,45,60
2018-07-05 15:00:52.910000,0.7791,0.7786,45,60
2018-07-05 15:00:53.332000,0.77915,0.77865,45,307
2018-07-05 15:00:53.664000,0.77915,0.77865,307,60
2018-07-05 15:00:54.363000,0.77906,0.77856,45,60
2018-07-05 15:00:54.699000,0.77885,0.77835,45,307
2018-07-05 15:00:55.331000,0.77874,0.77824,45,307
2018-07-05 15:00:55.685000,0.77871,0.77821,45,60
2018-07-05 15:00:56.024000,0.77885,0.77835,307,60
2018-07-05 15:00:56.348000,0.77865,0.77815,45,307
2018-07-05 15:00:56.668000,0.77871,0.77821,45,60
2018-07-05 15:00:57.015000,0.77855,0.77805,45,307
2018-07-05 15:00:57.327000,0.77846,0.77796,45,307
2018-07-05 15:00:57.378000,0.77835,0.77785,45,307
2018-07-05 15:00:57.429000,0.7784,0.7779,45,60
2018-07-05 15:00:57.788000,0.77866,0.77816,45,307
2018-07-05 15:00:57.848000,0.77874,0.77824,45,307
2018-07-05 15:00:58.319000,0.77881,0.77831,45,60
2018-07-05 15:00:58.654000,0.7788,0.7783,45,60
2018-07-05 15:00:58.992000,0.77885,0.77835,307,60
2018-07-05 15:00:59.456000,0.77891,0.77841,45,60
2018-07-05 15:00:59.946000,0.77876,0.77826,45,60
2018-07-05 15:01:00.295000,0.77875,0.77825,262,60
2018-07-05 15:01:00.475000,0.77855,0.77805,307,60
2018-07-05 15:01:00.596000,0.77855,0.77795,262,262
2018-07-05 15:01:00.647000,0.77865,0.77815,750,307
2018-07-05 15:01:01.063000,0.77871,0.77821,750,60
2018-07-05 15:01:01.390000,0.77875,0.77825,262,60
2018-07-05 15:01:01.441000,0.7788,0.7783,45,60
2018-07-05 15:01:01.572000,0.77896,0.77846,307,60
2018-07-05 15:01:01.909000,0.77874,0.77824,45,60
2018-07-05 15:01:02.227000,0.77881,0.77831,45,307
2018-07-05 15:01:02.333000,0.77891,0.77841,45,60
2018-07-05 15:01:02.386000,0.77874,0.77824,45,307
2018-07-05 15:01:02.755000,0.77885,0.77835,45,307
2018-07-05 15:01:03.230000,0.77891,0.77841,45,307
2018-07-05 15:01:03.280000,0.77895,0.77845,45,307
2018-07-05 15:01:03.345000,0.77896,0.77846,45,60
2018-07-05 15:01:03.713000,0.77881,0.77831,45,60
2018-07-05 15:01:04.114000,0.77865,0.77815,45,307
2018-07-05 15:01:04.826000,0.7787,0.7782,45,60
2018-07-05 15:01:05.175000,0.77855,0.77805,45,307
2018-07-05 15:01:05.654000,0.77865,0.77815,750,307
2018-07-05 15:01:07.951000,0.77885,0.77835,307,60
2018-07-05 15:01:08.271000,0.77885,0.77835,45,307
2018-07-05 15:01:08.972000,0.779,0.7785,45,60
2018-07-05 15:01:09.408000,0.77906,0.77856,45,60
2018-07-05 15:01:09.726000,0.77885,0.77835,187,307
2018-07-05 15:01:09.835000,0.77885,0.77835,187,307
2018-07-05 15:01:09.886000,0.77891,0.77841,187,60
2018-07-05 15:01:10.226000,0.77885,0.77835,45,307
2018-07-05 15:01:10.592000,0.77901,0.77851,45,60
2018-07-05 15:01:11.166000,0.77895,0.77845,45,307
2018-07-05 15:01:12.021000,0.77896,0.77846,45,60
2018-07-05 15:01:12.354000,0.77874,0.77824,45,307
2018-07-05 15:01:12.692000,0.77885,0.77835,45,307
2018-07-05 15:01:13.150000,0.77891,0.77841,45,60
2018-07-05 15:01:13.477000,0.77885,0.77835,307,60
2018-07-05 15:01:13.879000,0.77865,0.77815,45,307
2018-07-05 15:01:14.354000,0.7786,0.7781,45,60
2018-07-05 15:01:14.800000,0.77866,0.77816,307,60
2018-07-05 15:01:15.128000,0.77855,0.77805,307,60
2018-07-05 15:01:15.519000,0.77861,0.77811,45,60
2018-07-05 15:01:15.979000,0.77825,0.77775,262,60
2018-07-05 15:01:16.086000,0.77825,0.77775,262,60
2018-07-05 15:01:16.187000,0.77845,0.77795,262,60
2018-07-05 15:01:16.299000,0.77855,0.77805,45,307
2018-07-05 15:01:16.487000,0.77861,0.77811,45,60
2018-07-05 15:01:16.790000,0.7786,0.7781,45,60
2018-07-05 15:01:17.300000,0.77865,0.77815,45,307
2018-07-05 15:01:17.833000,0.7786,0.7781,45,60
2018-07-05 15:01:18.163000,0.77855,0.77805,45,307
2018-07-05 15:01:18.494000,0.77861,0.77811,45,60
2018-07-05 15:01:18.823000,0.77871,0.77821,45,60
2018-07-05 15:01:19.234000,0.77855,0.77805,45,307
2018-07-05 15:01:19.577000,0.7786,0.7781,45,60
2018-07-05 15:01:20.005000,0.7787,0.7782,45,60
2018-07-05 15:01:20.757000,0.77874,0.77824,45,60
2018-07-05 15:01:21.330000,0.77896,0.77846,307,60
2018-07-05 15:01:21.788000,0.77901,0.77851,45,60
2018-07-05 15:01:22.342000,0.779,0.77845,45,307
2018-07-05 15:01:22.668000,0.77911,0.77861,45,60
2018-07-05 15:01:23.004000,0.779,0.77845,45,307
2018-07-05 15:01:23.340000,0.77895,0.77841,45,307
2018-07-05 15:01:23.391000,0.77891,0.77841,45,60
2018-07-05 15:01:23.531000,0.7789,0.77835,45,307
2018-07-05 15:01:23.899000,0.77891,0.77841,45,60
2018-07-05 15:01:24.334000,0.77895,0.77845,45,307
2018-07-05 15:01:24.654000,0.77895,0.77841,45,307
2018-07-05 15:01:24.706000,0.77891,0.77841,45,60
2018-07-05 15:01:24.870000,0.77874,0.77824,45,307
2018-07-05 15:01:25.228000,0.77891,0.77841,45,60
2018-07-05 15:01:25.574000,0.77885,0.77835,45,307
2018-07-05 15:01:26.192000,0.77891,0.77841,45,60
2018-07-05 15:01:26.623000,0.77881,0.77831,45,60
2018-07-05 15:01:26.977000,0.77885,0.77835,307,60
2018-07-05 15:01:27.563000,0.77881,0.77831,45,60
2018-07-05 15:01:28.095000,0.77865,0.77815,45,307
2018-07-05 15:01:28.553000,0.77881,0.77831,45,60
2018-07-05 15:01:29.387000,0.77885,0.77835,307,60
2018-07-05 15:01:29.705000,0.77865,0.77815,45,307
2018-07-05 15:01:30.965000,0.77871,0.77821,45,60
2018-07-05 15:01:31.338000,0.7787,0.7782,45,60
2018-07-05 15:01:31.805000,0.77865,0.77815,45,307
2018-07-05 15:01:32.137000,0.77855,0.77805,307,60
2018-07-05 15:01:32.556000,0.77851,0.77801,45,60
2018-07-05 15:01:32.868000,0.77861,0.77811,45,60
2018-07-05 15:01:33.387000,0.77855,0.77805,262,60
2018-07-05 15:01:33.438000,0.77871,0.77821,45,60
2018-07-05 15:01:33.636000,0.77855,0.77805,45,307
2018-07-05 15:01:33.979000,0.77871,0.77821,45,60
2018-07-05 15:01:34.421000,0.77865,0.77815,45,307
2018-07-05 15:01:35.218000,0.77874,0.77824,45,60
2018-07-05 15:01:36.025000,0.7788,0.7783,45,60
2018-07-05 15:01:36.625000,0.77885,0.77835,187,307
2018-07-05 15:01:40.828000,0.77906,0.77856,307,60
2018-07-05 15:01:41.476000,0.77891,0.77841,45,60
2018-07-05 15:01:41.854000,0.77885,0.77835,45,307
2018-07-05 15:01:42.180000,0.77885,0.77835,307,60
2018-07-05 15:01:42.528000,0.7787,0.7782,45,60
2018-07-05 15:01:42.911000,0.77865,0.77815,45,307
2018-07-05 15:01:43.267000,0.7787,0.7782,45,60
2018-07-05 15:01:43.643000,0.77865,0.77815,45,307
2018-07-05 15:01:43.996000,0.77855,0.77805,45,307
2018-07-05 15:01:44.490000,0.77846,0.77796,45,307
2018-07-05 15:01:44.596000,0.77835,0.77785,45,307
2018-07-05 15:01:44.697000,0.7784,0.7779,45,60
2018-07-05 15:01:45.031000,0.77855,0.77805,307,60
2018-07-05 15:01:45.380000,0.77851,0.77801,45,60
2018-07-05 15:01:46.039000,0.77846,0.77796,45,60
2018-07-05 15:01:46.365000,0.77841,0.77791,45,60
2018-07-05 15:01:46.678000,0.77825,0.77775,45,307
2018-07-05 15:01:47.027000,0.77831,0.77781,45,60
2018-07-05 15:01:47.349000,0.77825,0.77775,45,307
2018-07-05 15:01:47.692000,0.77805,0.77755,45,307
2018-07-05 15:01:48.070000,0.77811,0.77761,45,60
2018-07-05 15:01:48.569000,0.77795,0.77745,45,307
2018-07-05 15:01:48.963000,0.778,0.7775,45,60
2018-07-05 15:01:49.346000,0.77795,0.77745,45,307
2018-07-05 15:01:50.313000,0.77816,0.77766,307,60
2018-07-05 15:01:50.675000,0.77815,0.77765,45,307
2018-07-05 15:01:50.995000,0.77806,0.77756,45,307
2018-07-05 15:01:51.046000,0.77811,0.77761,45,60
2018-07-05 15:01:51.124000,0.77806,0.77756,45,60
2018-07-05 15:01:51.478000,0.77796,0.77746,45,60
2018-07-05 15:01:54.572000,0.77806,0.77756,307,60
2018-07-05 15:01:54.973000,0.77816,0.77766,307,60
2018-07-05 15:01:55.327000,0.77795,0.77745,45,307
2018-07-05 15:01:55.847000,0.77805,0.77755,45,307
2018-07-05 15:01:56.320000,0.77801,0.77751,45,60
2018-07-05 15:01:56.653000,0.77795,0.77745,45,307
2018-07-05 15:01:56.981000,0.77785,0.77735,45,307
2018-07-05 15:01:58.228000,0.77806,0.77756,307,60
2018-07-05 15:01:58.708000,0.77811,0.77761,45,60
2018-07-05 15:01:59.035000,0.77795,0.77745,45,307
2018-07-05 15:01:59.367000,0.77805,0.77755,45,307
2018-07-05 15:01:59.854000,0.77811,0.77761,45,60
2018-07-05 15:02:00.227000,0.7781,0.7776,45,60
2018-07-05 15:02:00.582000,0.77825,0.77775,45,307
2018-07-05 15:02:00.963000,0.77841,0.77791,45,60
2018-07-05 15:02:01.347000,0.77835,0.77785,45,307
2018-07-05 15:02:01.675000,0.77825,0.77775,45,307
2018-07-05 15:02:01.990000,0.77841,0.77791,45,60
2018-07-05 15:02:02.336000,0.77825,0.77775,45,307
2018-07-05 15:02:02.893000,0.77826,0.77776,45,60
2018-07-05 15:02:03.386000,0.77825,0.7777,307,60
2018-07-05 15:02:03.994000,0.77855,0.77805,307,60
2018-07-05 15:02:06.737000,0.7786,0.7781,45,60
2018-07-05 15:02:07.083000,0.77865,0.77815,187,307
2018-07-05 15:02:07.620000,0.77871,0.77821,187,60
2018-07-05 15:02:08.006000,0.77855,0.77805,187,307
2018-07-05 15:02:08.336000,0.77865,0.77815,45,307
2018-07-05 15:02:09.154000,0.77871,0.77821,45,60
2018-07-05 15:02:09.526000,0.77866,0.77816,45,60
2018-07-05 15:02:10.052000,0.77844,0.77794,45,307
2018-07-05 15:02:10.978000,0.77855,0.77805,45,307
2018-07-05 15:02:12.255000,0.77871,0.77821,45,60
2018-07-05 15:02:12.680000,0.77885,0.77835,45,307
2018-07-05 15:02:13.057000,0.77895,0.77845,45,307
2018-07-05 15:02:13.413000,0.7789,0.7784,187,187
2018-07-05 15:02:13.617000,0.77905,0.77845,262,262
2018-07-05 15:02:13.668000,0.77871,0.77821,187,450
2018-07-05 15:02:13.770000,0.77876,0.77826,187,450
2018-07-05 15:02:14.008000,0.77865,0.77815,187,450
2018-07-05 15:02:14.392000,0.7787,0.7782,45,60
2018-07-05 15:02:14.700000,0.77885,0.77835,307,60
2018-07-05 15:02:15.016000,0.77865,0.77815,45,307
2018-07-05 15:02:16.413000,0.77874,0.77824,45,60
2018-07-05 15:02:17.101000,0.7788,0.7783,45,60
2018-07-05 15:02:17.446000,0.7789,0.7784,45,60
2018-07-05 15:02:17.779000,0.77896,0.77846,45,60
2018-07-05 15:02:18.339000,0.77901,0.77851,45,60
2018-07-05 15:02:18.718000,0.77885,0.77835,45,307
2018-07-05 15:02:19.048000,0.77891,0.77841,45,60
2018-07-05 15:02:19.445000,0.77874,0.77824,45,307
2018-07-05 15:02:19.990000,0.77865,0.77815,45,307
2018-07-05 15:02:20.320000,0.77855,0.77805,45,307
2018-07-05 15:02:20.630000,0.77861,0.77811,45,60
2018-07-05 15:02:21.092000,0.77876,0.77826,307,60
2018-07-05 15:02:21.827000,0.77855,0.77805,45,307
2018-07-05 15:02:21.923000,0.77855,0.77805,307,60
2018-07-05 15:02:22.645000,0.77861,0.77811,45,60
2018-07-05 15:02:23.284000,0.77855,0.77805,307,60
2018-07-05 15:02:24.421000,0.77861,0.77811,45,60
2018-07-05 15:02:25.032000,0.77855,0.77805,307,60
2018-07-05 15:02:25.949000,0.77846,0.77796,45,60
2018-07-05 15:02:26.285000,0.77825,0.77775,307,60
2018-07-05 15:02:26.682000,0.77815,0.77765,45,307
2018-07-05 15:02:27.013000,0.7781,0.7776,45,60
2018-07-05 15:02:27.340000,0.77815,0.77765,45,307
2018-07-05 15:02:28.208000,0.7782,0.7777,45,60
2018-07-05 15:02:28.901000,0.77825,0.77775,45,307
2018-07-05 15:02:29.350000,0.77805,0.77755,45,307
2018-07-05 15:02:29.753000,0.7781,0.7776,45,60
2018-07-05 15:02:30.380000,0.77815,0.77765,45,307
2018-07-05 15:02:31.783000,0.7782,0.7777,45,60
2018-07-05 15:02:32.121000,0.77825,0.77775,45,307
2018-07-05 15:02:33.072000,0.77846,0.77796,307,60
2018-07-05 15:02:34.212000,0.7784,0.7779,45,60
2018-07-05 15:02:34.556000,0.77855,0.77805,307,60
2018-07-05 15:02:35.588000,0.77866,0.77816,307,60
2018-07-05 15:02:36.896000,0.77844,0.77794,45,307
2018-07-05 15:02:37.216000,0.77855,0.77805,45,307
2018-07-05 15:02:38.671000,0.77844,0.77794,45,307
2018-07-05 15:02:38.995000,0.77835,0.77785,45,307
2018-07-05 15:02:39.381000,0.7784,0.7779,45,60
2018-07-05 15:02:39.712000,0.77861,0.77811,45,60
2018-07-05 15:02:40.051000,0.77855,0.77805,307,60
2018-07-05 15:02:40.429000,0.7784,0.7779,45,60
2018-07-05 15:02:40.761000,0.77825,0.77775,45,307
2018-07-05 15:02:41.272000,0.77846,0.77796,307,60
2018-07-05 15:02:42.675000,0.77836,0.77786,45,60
2018-07-05 15:02:43.033000,0.77835,0.77785,45,307
2018-07-05 15:02:43.365000,0.7784,0.7779,45,60
2018-07-05 15:02:44.146000,0.77835,0.77785,45,307
2018-07-05 15:02:44.539000,0.77841,0.77791,45,60
2018-07-05 15:02:44.922000,0.77836,0.77786,45,60
2018-07-05 15:02:45.339000,0.77841,0.77791,45,60
2018-07-05 15:02:45.687000,0.77835,0.77785,45,307
2018-07-05 15:02:46.181000,0.77836,0.77786,45,60
2018-07-05 15:02:46.560000,0.7783,0.7778,45,60
2018-07-05 15:02:46.934000,0.77846,0.77796,307,60
2018-07-05 15:02:47.376000,0.77825,0.77775,45,307
2018-07-05 15:02:48.452000,0.77816,0.77766,45,307
2018-07-05 15:02:48.523000,0.77805,0.77755,45,307
2018-07-05 15:02:48.892000,0.77815,0.77765,45,307
2018-07-05 15:02:49.299000,0.77806,0.77756,45,60
2018-07-05 15:02:49.698000,0.778,0.7775,45,60
2018-07-05 15:02:50.040000,0.77801,0.77751,45,60
2018-07-05 15:02:50.523000,0.77785,0.77735,45,307
2018-07-05 15:02:50.851000,0.7779,0.7774,45,60
2018-07-05 15:02:51.252000,0.77805,0.77755,45,307
2018-07-05 15:02:51.746000,0.77795,0.77745,45,307
2018-07-05 15:02:52.161000,0.77801,0.77751,45,60
2018-07-05 15:02:52.473000,0.77795,0.77745,45,307
2018-07-05 15:02:52.823000,0.778,0.7775,45,60
2018-07-05 15:02:53.165000,0.77805,0.77755,45,307
2018-07-05 15:02:53.642000,0.7781,0.7776,45,60
2018-07-05 15:02:54.084000,0.77825,0.77775,45,307
2018-07-05 15:02:54.703000,0.77835,0.77785,187,307
2018-07-05 15:02:55.406000,0.77831,0.77781,45,307
2018-07-05 15:02:55.484000,0.77841,0.77791,45,60
2018-07-05 15:02:55.583000,0.77835,0.77785,45,307
2018-07-05 15:02:56.514000,0.77841,0.77791,45,60
2018-07-05 15:02:57.478000,0.77825,0.77775,187,307
2018-07-05 15:02:58.204000,0.7783,0.7778,45,60
2018-07-05 15:02:58.532000,0.77846,0.77796,45,60
2018-07-05 15:02:58.928000,0.7784,0.7779,45,60
2018-07-05 15:02:59.270000,0.77846,0.77796,45,60
2018-07-05 15:02:59.674000,0.77851,0.77801,45,60
2018-07-05 15:03:00.109000,0.77851,0.77801,45,307
2018-07-05 15:03:00.160000,0.77855,0.77805,45,307
2018-07-05 15:03:00.347000,0.77861,0.77811,45,60
2018-07-05 15:03:00.815000,0.77855,0.77805,45,307
2018-07-05 15:03:01.545000,0.77861,0.77811,45,60
2018-07-05 15:03:01.982000,0.77855,0.77805,45,307
2018-07-05 15:03:02.340000,0.77865,0.77815,262,60
2018-07-05 15:03:02.390000,0.7788,0.7783,45,60
2018-07-05 15:03:02.576000,0.77885,0.77835,307,60
2018-07-05 15:03:02.971000,0.77876,0.77826,45,60
2018-07-05 15:03:03.432000,0.77871,0.77821,45,60
2018-07-05 15:03:03.787000,0.77866,0.77816,45,60
2018-07-05 15:03:04.114000,0.77861,0.77811,45,60
2018-07-05 15:03:04.434000,0.77855,0.77805,45,307
2018-07-05 15:03:05.144000,0.77871,0.77821,45,60
2018-07-05 15:03:05.490000,0.77865,0.77815,45,307
2018-07-05 15:03:07.097000,0.77871,0.77821,45,60
2018-07-05 15:03:07.630000,0.77865,0.77815,45,307
2018-07-05 15:03:08.472000,0.77866,0.77816,45,60
2018-07-05 15:03:08.777000,0.77871,0.77821,45,60
2018-07-05 15:03:09.391000,0.77855,0.77805,45,307
2018-07-05 15:03:09.737000,0.77845,0.77795,262,60
2018-07-05 15:03:09.788000,0.77855,0.77805,45,307
2018-07-05 15:03:09.889000,0.77876,0.77826,307,60
2018-07-05 15:03:10.643000,0.77874,0.77824,45,60
2018-07-05 15:03:11.272000,0.77865,0.77815,187,307
2018-07-05 15:03:11.865000,0.7787,0.7782,45,60
2018-07-05 15:03:12.630000,0.77865,0.77815,45,307
2018-07-05 15:03:13.807000,0.77871,0.77821,45,60
2018-07-05 15:03:14.180000,0.77865,0.77815,45,307
2018-07-05 15:03:14.510000,0.77855,0.77805,45,307
2018-07-05 15:03:14.838000,0.77865,0.77815,45,307
2018-07-05 15:03:15.676000,0.7787,0.7782,45,60
2018-07-05 15:03:16.161000,0.77885,0.77835,307,60
2018-07-05 15:03:18.607000,0.7787,0.7782,45,60
2018-07-05 15:03:18.943000,0.77874,0.77824,45,60
2018-07-05 15:03:19.287000,0.77865,0.77815,45,307
2018-07-05 15:03:19.597000,0.7787,0.7782,45,60
2018-07-05 15:03:19.951000,0.77861,0.77811,45,307
2018-07-05 15:03:20.008000,0.77861,0.77811,45,307
2018-07-05 15:03:20.070000,0.77855,0.77805,45,307
2018-07-05 15:03:20.170000,0.77855,0.77805,307,60
2018-07-05 15:03:20.390000,0.77866,0.77816,307,60
2018-07-05 15:03:21.775000,0.77844,0.77794,45,307
2018-07-05 15:03:22.131000,0.77846,0.77796,45,60
2018-07-05 15:03:23.231000,0.77844,0.77794,45,60
2018-07-05 15:03:24.300000,0.7785,0.778,45,60
2018-07-05 15:03:24.833000,0.77855,0.77805,45,307
2018-07-05 15:03:25.161000,0.77871,0.77821,45,60
2018-07-05 15:03:25.494000,0.77861,0.77811,45,60
2018-07-05 15:03:25.833000,0.77855,0.77805,45,307
2018-07-05 15:03:26.426000,0.77874,0.77824,45,60
2018-07-05 15:03:28.301000,0.77876,0.77826,45,60
2018-07-05 15:03:28.608000,0.77874,0.77824,45,60
2018-07-05 15:03:28.914000,0.7787,0.7782,45,60
2018-07-05 15:03:29.246000,0.77865,0.77815,45,307
2018-07-05 15:03:29.569000,0.7787,0.7782,45,60
2018-07-05 15:03:30.082000,0.77865,0.77815,45,307
2018-07-05 15:03:30.696000,0.7787,0.7782,45,60
2018-07-05 15:03:31.141000,0.77875,0.77825,262,60
2018-07-05 15:03:31.192000,0.77896,0.77846,45,60
2018-07-05 15:03:31.254000,0.77895,0.77845,45,307
2018-07-05 15:03:31.630000,0.77885,0.77835,45,307
2018-07-05 15:03:31.962000,0.77885,0.77835,307,60
2018-07-05 15:03:32.411000,0.77885,0.77835,45,307
2018-07-05 15:03:34.307000,0.77895,0.77845,45,307
2018-07-05 15:03:34.695000,0.77915,0.77865,307,60
2018-07-05 15:03:35.626000,0.77911,0.77861,45,60
2018-07-05 15:03:36.334000,0.77904,0.77854,45,60
2018-07-05 15:03:37.039000,0.77911,0.77861,45,60
2018-07-05 15:03:37.493000,0.77915,0.77865,307,60
2018-07-05 15:03:38.060000,0.77911,0.77861,45,60
2018-07-05 15:03:38.441000,0.77891,0.77841,45,307
2018-07-05 15:03:38.568000,0.77885,0.77835,307,60
2018-07-05 15:03:39.129000,0.77885,0.77835,45,307
2018-07-05 15:03:39.450000,0.77874,0.77824,45,307
2018-07-05 15:03:40.042000,0.77885,0.77835,45,307
2018-07-05 15:03:40.610000,0.7789,0.7784,45,60
2018-07-05 15:03:40.913000,0.77915,0.77865,307,60
2018-07-05 15:03:41.265000,0.77915,0.77865,45,307
2018-07-05 15:03:41.733000,0.77915,0.77865,307,60
2018-07-05 15:03:42.126000,0.77895,0.77845,45,307
2018-07-05 15:03:43.908000,0.77896,0.77846,45,60
2018-07-05 15:03:44.365000,0.77906,0.77856,307,60
2018-07-05 15:03:46.026000,0.77904,0.77854,45,60
2018-07-05 15:03:48.550000,0.77926,0.77876,307,60
2018-07-05 15:03:49.540000,0.7792,0.7787,45,60
2018-07-05 15:03:50,0.77915,0.77865,45,307
2018-07-05 15:03:50.329000,0.7792,0.7787,45,60
2018-07-05 15:03:50.665000,0.77915,0.77865,45,307
2018-07-05 15:03:51.001000,0.77921,0.77871,187,60
2018-07-05 15:03:51.315000,0.77915,0.77865,45,307
2018-07-05 15:03:51.650000,0.77921,0.77871,45,60
2018-07-05 15:03:52.029000,0.77915,0.77865,450,60
2018-07-05 15:03:52.360000,0.77926,0.77876,307,60
2018-07-05 15:03:52.972000,0.77915,0.77865,307,60
2018-07-05 15:03:54.224000,0.77906,0.77856,45,60
2018-07-05 15:03:54.603000,0.77901,0.77846,45,60
2018-07-05 15:03:55.337000,0.77901,0.77851,45,60
2018-07-05 15:03:55.940000,0.7789,0.77835,45,307
2018-07-05 15:03:56.335000,0.77879,0.77824,45,307
2018-07-05 15:03:56.637000,0.77891,0.77841,45,60
2018-07-05 15:03:56.971000,0.7789,0.77835,307,60
2018-07-05 15:03:57.803000,0.77896,0.77846,307,60
2018-07-05 15:03:58.116000,0.7789,0.77835,307,60
2018-07-05 15:03:59.837000,0.77896,0.77846,307,60
2018-07-05 15:04:00.548000,0.7789,0.7784,45,60
2018-07-05 15:04:01.016000,0.77895,0.77845,45,307
2018-07-05 15:04:01.375000,0.77901,0.77851,45,60
2018-07-05 15:04:03.100000,0.779,0.7785,45,60
2018-07-05 15:04:05.114000,0.77895,0.77845,45,307
2018-07-05 15:04:05.578000,0.779,0.7785,45,60
2018-07-05 15:04:06.379000,0.77895,0.77845,45,307
2018-07-05 15:04:11.016000,0.779,0.7785,45,60
2018-07-05 15:04:11.349000,0.77895,0.77845,45,307
2018-07-05 15:04:15.626000,0.77896,0.77846,45,60
2018-07-05 15:04:16.551000,0.77891,0.77841,45,60
2018-07-05 15:04:16.861000,0.7787,0.7782,45,60
2018-07-05 15:04:17.844000,0.77865,0.77815,45,307
2018-07-05 15:04:18.222000,0.7787,0.7782,45,60
2018-07-05 15:04:18.554000,0.77865,0.77815,45,307
2018-07-05 15:04:18.880000,0.7787,0.7782,45,60
2018-07-05 15:04:19.423000,0.77865,0.77815,45,307
2018-07-05 15:04:20.464000,0.7787,0.7782,45,60
2018-07-05 15:04:21.243000,0.77865,0.77815,45,307
2018-07-05 15:04:21.605000,0.77885,0.77835,307,60
2018-07-05 15:04:25.011000,0.77876,0.77826,45,60
2018-07-05 15:04:28.018000,0.7787,0.7782,45,60
2018-07-05 15:04:28.615000,0.77885,0.77835,307,60
2018-07-05 15:04:29.179000,0.77881,0.77831,45,60
2018-07-05 15:04:29.618000,0.77885,0.77835,307,60
2018-07-05 15:04:35.076000,0.77876,0.77826,45,60
2018-07-05 15:04:36.585000,0.77871,0.77821,45,60
2018-07-05 15:04:36.997000,0.77855,0.77805,45,307
2018-07-05 15:04:37.439000,0.7785,0.778,45,60
2018-07-05 15:04:37.783000,0.77846,0.77796,45,60
2018-07-05 15:04:38.152000,0.77836,0.77786,45,60
2018-07-05 15:04:38.597000,0.77841,0.77791,45,60
2018-07-05 15:04:38.933000,0.77825,0.77775,45,307
2018-07-05 15:04:39.259000,0.77831,0.77781,45,60
2018-07-05 15:04:39.660000,0.77825,0.77775,45,307
2018-07-05 15:04:39.970000,0.77821,0.77771,45,60
2018-07-05 15:04:40.304000,0.77815,0.77765,45,307
2018-07-05 15:04:41.334000,0.7782,0.7777,45,60
2018-07-05 15:04:41.710000,0.77815,0.77765,45,307
2018-07-05 15:04:42.087000,0.77831,0.77781,45,60
2018-07-05 15:04:42.429000,0.77825,0.77775,45,307
2018-07-05 15:04:42.888000,0.77831,0.77781,45,60
2018-07-05 15:04:43.314000,0.77826,0.77776,45,60
2018-07-05 15:04:44.146000,0.77831,0.77781,45,60
2018-07-05 15:04:44.455000,0.77825,0.77775,45,307
2018-07-05 15:04:46.238000,0.77826,0.77776,45,60
2018-07-05 15:04:46.588000,0.77825,0.77775,45,307
2018-07-05 15:04:47.461000,0.7783,0.7778,45,60
2018-07-05 15:04:47.905000,0.77825,0.77775,45,307
2018-07-05 15:04:48.248000,0.77841,0.77791,45,60
2018-07-05 15:04:48.574000,0.77825,0.77775,45,307
2018-07-05 15:04:48.962000,0.7783,0.7778,187,60
2018-07-05 15:04:49.572000,0.77825,0.77775,45,307
2018-07-05 15:04:50.285000,0.7783,0.7778,45,60
2018-07-05 15:04:50.901000,0.77835,0.77785,45,307
2018-07-05 15:04:51.224000,0.77825,0.77775,45,307
2018-07-05 15:04:51.851000,0.77841,0.77791,45,60
2018-07-05 15:04:52.189000,0.77815,0.77765,45,307
2018-07-05 15:04:52.547000,0.77805,0.77755,45,307
2018-07-05 15:04:52.871000,0.77821,0.77771,45,60
2018-07-05 15:04:53.205000,0.77815,0.77765,45,307
2018-07-05 15:04:53.534000,0.77801,0.77751,45,60
2018-07-05 15:04:53.877000,0.77811,0.77761,45,60
2018-07-05 15:04:54.207000,0.77801,0.77751,45,60
2018-07-05 15:04:54.764000,0.77796,0.77746,45,60
2018-07-05 15:04:55.133000,0.7779,0.7774,45,375
2018-07-05 15:04:55.515000,0.77785,0.77735,45,637
2018-07-05 15:04:55.843000,0.77779,0.77729,45,60
2018-07-05 15:04:56.361000,0.77766,0.77716,45,637
2018-07-05 15:04:56.477000,0.77776,0.77726,45,375
2018-07-05 15:04:56.854000,0.77781,0.77731,45,60
2018-07-05 15:04:57.202000,0.77776,0.77726,45,60
2018-07-05 15:04:58.604000,0.77775,0.77715,262,262
2018-07-05 15:04:58.655000,0.77775,0.77725,262,60
2018-07-05 15:04:58.750000,0.77785,0.77735,45,307
2018-07-05 15:04:59.334000,0.77801,0.77751,45,60
2018-07-05 15:04:59.859000,0.77779,0.77729,45,60
2018-07-05 15:05:00.163000,0.77775,0.77725,45,307
2018-07-05 15:05:01.183000,0.7777,0.7772,45,60
2018-07-05 15:05:01.495000,0.77765,0.77715,45,307
2018-07-05 15:05:02.129000,0.77775,0.77725,45,307
2018-07-05 15:05:02.470000,0.77765,0.77715,45,307
2018-07-05 15:05:02.815000,0.77775,0.77725,45,307
2018-07-05 15:05:03.891000,0.77776,0.77726,45,60
2018-07-05 15:05:04.406000,0.77775,0.77725,307,60
2018-07-05 15:05:04.793000,0.77781,0.77731,45,60
2018-07-05 15:05:05.125000,0.77765,0.77715,45,307
2018-07-05 15:05:06.260000,0.77775,0.77725,45,307
2018-07-05 15:05:06.904000,0.77781,0.77731,45,60
2018-07-05 15:05:07.430000,0.77765,0.77715,45,307
2018-07-05 15:05:07.759000,0.77755,0.77705,45,307
2018-07-05 15:05:08.324000,0.77776,0.77726,307,60
2018-07-05 15:05:09.174000,0.7777,0.7772,45,60
2018-07-05 15:05:09.500000,0.77775,0.77725,45,307
2018-07-05 15:05:09.849000,0.77785,0.77735,45,307
2018-07-05 15:05:10.166000,0.7779,0.7774,45,60
2018-07-05 15:05:10.507000,0.77775,0.77725,45,307
2018-07-05 15:05:10.877000,0.7779,0.7774,45,60
2018-07-05 15:05:11.498000,0.77775,0.77725,45,307
2018-07-05 15:05:11.819000,0.77779,0.77729,45,60
2018-07-05 15:05:12.126000,0.77785,0.77735,307,60
2018-07-05 15:05:12.526000,0.77775,0.77725,45,307
2018-07-05 15:05:12.828000,0.77765,0.77715,45,307
2018-07-05 15:05:13.755000,0.77771,0.77721,45,60
2018-07-05 15:05:14.165000,0.77766,0.77716,45,60
2018-07-05 15:05:14.495000,0.77765,0.77715,45,307
2018-07-05 15:05:14.940000,0.77781,0.77731,45,60
2018-07-05 15:05:15.267000,0.77765,0.77715,262,60
2018-07-05 15:05:15.318000,0.7776,0.7771,45,60
2018-07-05 15:05:15.648000,0.77765,0.77715,45,307
2018-07-05 15:05:16.453000,0.77786,0.77736,307,60
2018-07-05 15:05:16.825000,0.77765,0.77715,45,307
2018-07-05 15:05:17.270000,0.77755,0.77705,45,307
2018-07-05 15:05:17.803000,0.77771,0.77721,45,60
2018-07-05 15:05:18.115000,0.77765,0.77715,45,307
2018-07-05 15:05:19.140000,0.77775,0.77715,262,262
2018-07-05 15:05:19.191000,0.77756,0.77706,45,307
2018-07-05 15:05:19.241000,0.77745,0.77695,307,60
2018-07-05 15:05:19.292000,0.77735,0.77685,45,307
2018-07-05 15:05:19.640000,0.77766,0.77716,307,60
2018-07-05 15:05:20.136000,0.77749,0.77699,45,60
2018-07-05 15:05:20.451000,0.77745,0.77695,45,307
2018-07-05 15:05:21.504000,0.77735,0.77685,45,307
2018-07-05 15:05:21.838000,0.77756,0.77706,307,60
2018-07-05 15:05:22.258000,0.77755,0.77705,262,60
2018-07-05 15:05:22.347000,0.77771,0.77721,45,60
2018-07-05 15:05:22.398000,0.77765,0.77715,45,307
2018-07-05 15:05:22.960000,0.77781,0.77731,45,60
2018-07-05 15:05:23.744000,0.77775,0.77725,45,307
2018-07-05 15:05:24.100000,0.77765,0.77715,45,307
2018-07-05 15:05:24.425000,0.77771,0.77721,45,60
2018-07-05 15:05:24.756000,0.77765,0.77715,45,307
2018-07-05 15:05:25.131000,0.77755,0.77705,45,307
2018-07-05 15:05:26.188000,0.77756,0.77706,45,60
2018-07-05 15:05:26.772000,0.77766,0.77716,307,60
2018-07-05 15:05:27.171000,0.77749,0.77699,45,60
2018-07-05 15:05:27.502000,0.77745,0.77695,45,307
2018-07-05 15:05:27.832000,0.77766,0.77716,307,60
2018-07-05 15:05:28.384000,0.77749,0.77699,45,60
2018-07-05 15:05:28.824000,0.77745,0.77695,45,307
2018-07-05 15:05:29.207000,0.77751,0.77701,45,60
2018-07-05 15:05:29.696000,0.7773,0.7768,45,60
2018-07-05 15:05:30.140000,0.77715,0.77665,262,60
2018-07-05 15:05:30.255000,0.77726,0.77676,307,60
2018-07-05 15:05:30.626000,0.77716,0.77666,45,60
2018-07-05 15:05:31.048000,0.77721,0.77671,45,60
2018-07-05 15:05:31.465000,0.77705,0.77655,45,307
2018-07-05 15:05:32.176000,0.77711,0.77661,45,60
2018-07-05 15:05:32.705000,0.77705,0.77655,45,307
2018-07-05 15:05:33.429000,0.77706,0.77656,45,60
2018-07-05 15:05:34.272000,0.77701,0.77651,45,60
2018-07-05 15:05:34.796000,0.77695,0.77645,45,307
2018-07-05 15:05:35.290000,0.77716,0.77666,307,60
2018-07-05 15:05:36.412000,0.77711,0.77661,45,60
2018-07-05 15:05:36.778000,0.77715,0.77665,45,307
2018-07-05 15:05:37.084000,0.77721,0.77671,45,60
2018-07-05 15:05:37.443000,0.77725,0.77675,45,307
2018-07-05 15:05:37.935000,0.77715,0.77665,45,307
2018-07-05 15:05:38.394000,0.77716,0.77666,45,60
2018-07-05 15:05:38.760000,0.77715,0.77665,45,307
2018-07-05 15:05:39.143000,0.77719,0.77669,45,60
2018-07-05 15:05:39.701000,0.77706,0.77656,45,307
2018-07-05 15:05:39.802000,0.77706,0.77656,45,60
2018-07-05 15:05:39.853000,0.77705,0.77655,45,307
2018-07-05 15:05:40.306000,0.77711,0.77661,45,60
2018-07-05 15:05:40.616000,0.77705,0.77655,45,307
2018-07-05 15:05:41.319000,0.77696,0.77646,45,307
2018-07-05 15:05:41.429000,0.77685,0.77635,45,307
2018-07-05 15:05:41.859000,0.77686,0.77636,45,60
2018-07-05 15:05:42.166000,0.77691,0.77641,45,1300
2018-07-05 15:05:42.644000,0.77685,0.77635,45,1600
2018-07-05 15:05:42.936000,0.77695,0.77635,262,262
2018-07-05 15:05:42.986000,0.77695,0.77645,262,1300
2018-07-05 15:05:43.044000,0.77695,0.77645,262,1300
2018-07-05 15:05:43.161000,0.77721,0.77671,45,60
2018-07-05 15:05:43.301000,0.77705,0.77655,45,307
2018-07-05 15:05:46.577000,0.77711,0.77661,45,60
2018-07-05 15:05:47.182000,0.77705,0.77655,45,307
2018-07-05 15:05:47.514000,0.77711,0.77661,45,60
2018-07-05 15:05:48.553000,0.77705,0.77655,45,307
2018-07-05 15:05:50.336000,0.77706,0.77656,45,60
2018-07-05 15:05:50.812000,0.77711,0.77661,45,60
2018-07-05 15:05:51.162000,0.7769,0.7764,45,60
2018-07-05 15:05:51.477000,0.77685,0.77635,45,307
2018-07-05 15:05:53.386000,0.77706,0.77656,307,60
2018-07-05 15:05:54.071000,0.777,0.7765,45,60
2018-07-05 15:05:54.451000,0.77695,0.77645,45,307
2018-07-05 15:05:55.729000,0.77701,0.77651,45,60
2018-07-05 15:05:56.113000,0.77685,0.77635,45,307
2018-07-05 15:05:56.661000,0.77706,0.77656,307,60
2018-07-05 15:05:57.004000,0.77696,0.77646,45,60
2018-07-05 15:05:57.677000,0.77695,0.77635,262,262
2018-07-05 15:05:57.780000,0.7754,0.77499,45,1
2018-07-05 15:05:58.131000,0.77576,0.77526,45,60
2018-07-05 15:05:58.715000,0.77576,0.77526,45,307
2018-07-05 15:05:58.766000,0.77591,0.77541,45,60
2018-07-05 15:05:58.984000,0.77586,0.77536,45,60
2018-07-05 15:05:59.291000,0.7759,0.7754,45,60
2018-07-05 15:06:00.591000,0.77585,0.77535,45,307
2018-07-05 15:06:01.128000,0.77575,0.77525,45,307
2018-07-05 15:06:01.462000,0.77565,0.77515,45,307
2018-07-05 15:06:01.847000,0.7756,0.7751,45,60
2018-07-05 15:06:02.344000,0.77555,0.77505,45,307
2018-07-05 15:06:02.676000,0.77576,0.77526,307,60
2018-07-05 15:06:03.020000,0.7756,0.7751,45,60
2018-07-05 15:06:03.477000,0.77576,0.77526,307,60
2018-07-05 15:06:04.106000,0.77571,0.77521,45,60
2018-07-05 15:06:04.588000,0.77565,0.77515,45,307
2018-07-05 15:06:05.010000,0.77566,0.77516,45,60
2018-07-05 15:06:05.329000,0.77565,0.77515,45,307
2018-07-05 15:06:05.768000,0.77566,0.77516,45,60
2018-07-05 15:06:06.107000,0.77565,0.77515,45,307
2018-07-05 15:06:06.643000,0.7757,0.7752,45,60
2018-07-05 15:06:07.154000,0.77596,0.77546,307,60
2018-07-05 15:06:07.600000,0.77605,0.77555,307,60
2018-07-05 15:06:08.209000,0.77597,0.77535,45,307
2018-07-05 15:06:08.881000,0.77605,0.77555,307,60
2018-07-05 15:06:10.572000,0.77605,0.77555,262,60
2018-07-05 15:06:10.650000,0.77621,0.77571,45,60
2018-07-05 15:06:10.737000,0.77597,0.77535,262,60
2018-07-05 15:06:10.799000,0.77596,0.77546,307,60
2018-07-05 15:06:11.280000,0.77605,0.77555,307,60
2018-07-05 15:06:11.610000,0.77597,0.77535,45,307
2018-07-05 15:06:12.177000,0.77596,0.77546,45,307
2018-07-05 15:06:12.227000,0.77611,0.77561,45,60
2018-07-05 15:06:12.338000,0.77605,0.77555,45,307
2018-07-05 15:06:12.663000,0.77605,0.77555,307,60
2018-07-05 15:06:13.065000,0.77601,0.77551,45,60
2018-07-05 15:06:13.390000,0.77595,0.77525,45,307
2018-07-05 15:06:13.872000,0.77596,0.77546,307,187
2018-07-05 15:06:14.224000,0.77601,0.77551,187,60
2018-07-05 15:06:14.615000,0.77605,0.77555,450,60
2018-07-05 15:06:14.945000,0.77611,0.77561,187,60
2018-07-05 15:06:15.288000,0.7761,0.7756,45,60
2018-07-05 15:06:15.676000,0.77605,0.77555,45,307
2018-07-05 15:06:16.488000,0.77611,0.77561,45,60
2018-07-05 15:06:16.857000,0.77605,0.77555,45,307
2018-07-05 15:06:17.950000,0.77598,0.77544,45,307
2018-07-05 15:06:18.413000,0.77611,0.77561,45,60
2018-07-05 15:06:18.807000,0.77605,0.77555,45,307
2018-07-05 15:06:19.304000,0.77611,0.77561,45,60
2018-07-05 15:06:19.632000,0.77605,0.77555,307,60
2018-07-05 15:06:19.963000,0.77605,0.77555,45,307
2018-07-05 15:06:20.378000,0.77621,0.77571,45,60
2018-07-05 15:06:21.424000,0.77615,0.77565,45,450
2018-07-05 15:06:21.758000,0.77635,0.77585,307,60
2018-07-05 15:06:22.097000,0.77631,0.77581,45,60
2018-07-05 15:06:22.430000,0.77635,0.77585,307,60
2018-07-05 15:06:22.810000,0.7763,0.7758,187,60
2018-07-05 15:06:23.144000,0.77635,0.77585,307,60
2018-07-05 15:06:23.806000,0.77641,0.77591,45,60
2018-07-05 15:06:25.204000,0.77635,0.77585,307,60
2018-07-05 15:06:25.602000,0.77635,0.77585,262,60
2018-07-05 15:06:25.704000,0.77646,0.77596,307,60
2018-07-05 15:06:27.210000,0.77624,0.77574,45,307
2018-07-05 15:06:28.600000,0.77605,0.77555,45,307
2018-07-05 15:06:28.653000,0.77605,0.77555,307,60
2018-07-05 15:06:29.256000,0.77596,0.77546,45,60
2018-07-05 15:06:29.595000,0.77605,0.77555,307,60
2018-07-05 15:06:29.994000,0.77605,0.77555,45,307
2018-07-05 15:06:31.425000,0.77626,0.77576,307,60
2018-07-05 15:06:31.909000,0.77616,0.77566,45,60
2018-07-05 15:06:33.498000,0.77611,0.77561,45,60
2018-07-05 15:06:34.384000,0.7761,0.7756,45,60
2018-07-05 15:06:34.744000,0.77605,0.77555,187,307
2018-07-05 15:06:36.107000,0.77621,0.77571,45,60
2018-07-05 15:06:36.653000,0.77626,0.77576,450,60
2018-07-05 15:06:37.242000,0.77625,0.77575,262,60
2018-07-05 15:06:37.292000,0.7763,0.7758,45,60
2018-07-05 15:06:37.369000,0.77635,0.77585,307,60
2018-07-05 15:06:38.281000,0.77631,0.77581,45,60
2018-07-05 15:06:38.801000,0.77635,0.77585,307,60
2018-07-05 15:06:41.256000,0.7763,0.7758,45,60
2018-07-05 15:06:41.648000,0.77616,0.77566,45,60
2018-07-05 15:06:42.633000,0.77621,0.77571,45,60
2018-07-05 15:06:43.014000,0.77616,0.77566,45,60
2018-07-05 15:06:43.404000,0.77615,0.77565,307,60
2018-07-05 15:06:43.759000,0.77605,0.77555,45,307
2018-07-05 15:06:44.224000,0.7761,0.7756,45,60
2018-07-05 15:06:45.184000,0.7762,0.7757,45,60
2018-07-05 15:06:45.570000,0.77615,0.77565,45,637
2018-07-05 15:06:46.055000,0.7762,0.7757,45,375
2018-07-05 15:06:46.398000,0.77635,0.77585,450,375
2018-07-05 15:06:47.249000,0.77646,0.77596,450,60
2018-07-05 15:06:47.697000,0.7764,0.7759,45,60
2018-07-05 15:06:48.068000,0.77645,0.77595,45,307
2018-07-05 15:06:48.848000,0.77651,0.77601,45,60
2018-07-05 15:06:50.042000,0.77635,0.77585,187,307
2018-07-05 15:06:50.422000,0.77645,0.77595,45,307
2018-07-05 15:06:53.262000,0.77651,0.77601,45,60
2018-07-05 15:06:53.771000,0.77635,0.77585,45,307
2018-07-05 15:06:55.597000,0.77656,0.77606,307,60
2018-07-05 15:06:56.264000,0.77625,0.77575,262,375
2018-07-05 15:06:56.315000,0.7762,0.7757,45,375
2018-07-05 15:06:56.385000,0.77615,0.77565,45,637
2018-07-05 15:06:56.762000,0.77635,0.77585,307,60
2018-07-05 15:06:57.094000,0.7762,0.7757,45,187
2018-07-05 15:06:57.429000,0.77615,0.77565,45,450
2018-07-05 15:06:57.760000,0.77605,0.77555,45,450
2018-07-05 15:06:57.811000,0.77585,0.77535,45,450
2018-07-05 15:06:58.241000,0.77575,0.77525,45,307
2018-07-05 15:06:58.937000,0.77585,0.77535,262,60
2018-07-05 15:06:58.987000,0.7759,0.7754,45,60
2018-07-05 15:06:59.285000,0.77585,0.77535,45,307
2018-07-05 15:06:59.995000,0.77591,0.77541,45,60
2018-07-05 15:07:00.328000,0.7759,0.7754,45,60
2018-07-05 15:07:00.782000,0.77585,0.77535,45,307
2018-07-05 15:07:01.525000,0.77575,0.77525,45,307
2018-07-05 15:07:02.856000,0.77596,0.77546,450,187
2018-07-05 15:07:03.314000,0.77566,0.77516,45,307
2018-07-05 15:07:03.393000,0.77555,0.77505,45,307
2018-07-05 15:07:03.666000,0.77561,0.77511,187,60
2018-07-05 15:07:04.059000,0.77555,0.77505,187,307
2018-07-05 15:07:04.414000,0.77561,0.77511,45,60
2018-07-05 15:07:04.863000,0.77555,0.77505,187,307
2018-07-05 15:07:05.636000,0.7755,0.775,45,60
2018-07-05 15:07:06.164000,0.77555,0.77505,45,307
2018-07-05 15:07:06.886000,0.77561,0.77511,45,60
2018-07-05 15:07:07.482000,0.77555,0.77505,45,307
2018-07-05 15:07:08.264000,0.77561,0.77511,45,60
2018-07-05 15:07:08.929000,0.77555,0.77505,45,307
2018-07-05 15:07:09.438000,0.77556,0.77506,45,60
2018-07-05 15:07:11.301000,0.77551,0.77501,45,60
2018-07-05 15:07:11.771000,0.77545,0.77499,187,1
2018-07-05 15:07:12.248000,0.77566,0.77516,307,60
2018-07-05 15:07:12.605000,0.77561,0.77511,45,60
2018-07-05 15:07:13.081000,0.77555,0.77505,45,637
2018-07-05 15:07:13.435000,0.77556,0.77506,45,375
2018-07-05 15:07:14.020000,0.77551,0.77501,45,60
2018-07-05 15:07:14.395000,0.77545,0.77499,45,1
2018-07-05 15:07:14.731000,0.77551,0.77501,45,60
2018-07-05 15:07:15.243000,0.77545,0.77499,45,1
2018-07-05 15:07:15.573000,0.77551,0.77501,45,60
2018-07-05 15:07:15.887000,0.77561,0.77511,45,60
2018-07-05 15:07:16.379000,0.77555,0.77505,45,307
2018-07-05 15:07:17.763000,0.77565,0.77515,262,60
2018-07-05 15:07:17.884000,0.77575,0.77525,45,307
2018-07-05 15:07:18.071000,0.77594,0.77544,45,60
2018-07-05 15:07:18.394000,0.77585,0.77535,45,307
2018-07-05 15:07:18.877000,0.77605,0.77555,307,60
2018-07-05 15:07:20.189000,0.77605,0.77555,262,60
2018-07-05 15:07:20.302000,0.77615,0.77565,45,307
2018-07-05 15:07:20.413000,0.77616,0.77566,45,60
2018-07-05 15:07:22.369000,0.77596,0.77546,45,450
2018-07-05 15:07:22.490000,0.77585,0.77535,45,450
2018-07-05 15:07:22.811000,0.77586,0.77536,45,60
2018-07-05 15:07:23.698000,0.77576,0.77526,45,60
2018-07-05 15:07:24.684000,0.77586,0.77536,307,60
2018-07-05 15:07:25.104000,0.77581,0.77531,187,60
2018-07-05 15:07:26.038000,0.77566,0.77516,187,60
2018-07-05 15:07:26.416000,0.77575,0.77525,45,307
2018-07-05 15:07:27.101000,0.7758,0.7753,45,60
2018-07-05 15:07:27.457000,0.77586,0.77536,45,60
2018-07-05 15:07:28.098000,0.77591,0.77541,45,60
2018-07-05 15:07:28.631000,0.77585,0.77535,45,307
2018-07-05 15:07:29.340000,0.7759,0.7754,45,60
2018-07-05 15:07:30.104000,0.77585,0.77535,45,307
2018-07-05 15:07:30.522000,0.77601,0.77551,45,60
2018-07-05 15:07:31.854000,0.77605,0.77555,307,60
2018-07-05 15:07:34.624000,0.77616,0.77566,307,375
2018-07-05 15:07:35.561000,0.77596,0.77546,45,307
2018-07-05 15:07:35.691000,0.77585,0.77535,45,307
2018-07-05 15:07:36.605000,0.77575,0.77525,45,307
2018-07-05 15:07:37.904000,0.77565,0.77515,45,307
2018-07-05 15:07:39.069000,0.77575,0.77525,262,60
2018-07-05 15:07:39.183000,0.7757,0.7752,45,60
2018-07-05 15:07:39.286000,0.77576,0.77526,45,60
2018-07-05 15:07:39.592000,0.77585,0.77535,45,307
2018-07-05 15:07:39.922000,0.77581,0.77531,45,375
2018-07-05 15:07:40.364000,0.77575,0.77525,45,307
2018-07-05 15:07:40.863000,0.77581,0.77531,45,60
2018-07-05 15:07:41.513000,0.77575,0.77525,45,307
2018-07-05 15:07:42.963000,0.77596,0.77546,307,60
2018-07-05 15:07:44.629000,0.77595,0.77535,262,262
2018-07-05 15:07:44.679000,0.77545,0.77499,45,1
2018-07-05 15:07:45.222000,0.77555,0.77505,45,307
2018-07-05 15:07:45.550000,0.77565,0.77515,45,307
2018-07-05 15:07:45.875000,0.77575,0.77525,45,307
2018-07-05 15:07:46.207000,0.77565,0.77515,45,307
2018-07-05 15:07:46.685000,0.77555,0.77505,45,307
2018-07-05 15:07:47.185000,0.7756,0.7751,45,60
2018-07-05 15:07:47.645000,0.77575,0.77515,262,262
2018-07-05 15:07:47.695000,0.77556,0.77506,45,307
2018-07-05 15:07:47.746000,0.77556,0.77506,45,60
2018-07-05 15:07:47.797000,0.77561,0.77511,45,60
2018-07-05 15:07:48.098000,0.77545,0.77499,45,1
2018-07-05 15:07:48.517000,0.77555,0.77505,45,307
2018-07-05 15:07:48.847000,0.77545,0.77499,45,1
2018-07-05 15:07:49.263000,0.77566,0.77516,307,60
2018-07-05 15:07:50.377000,0.77561,0.77511,45,60
2018-07-05 15:07:51.033000,0.77555,0.77505,45,307
2018-07-05 15:07:52.098000,0.7756,0.7751,45,60
2018-07-05 15:07:52.604000,0.77565,0.77515,45,307
2018-07-05 15:07:53.307000,0.77581,0.77531,45,60
2018-07-05 15:07:53.855000,0.77565,0.77515,45,307
2018-07-05 15:07:54.610000,0.77571,0.77521,45,60
2018-07-05 15:07:55.338000,0.77555,0.77505,45,307
2018-07-05 15:07:55.671000,0.77525,0.77499,45,1
2018-07-05 15:07:56.184000,0.77501,0.77451,45,451
2018-07-05 15:07:56.235000,0.77501,0.77451,45,187
2018-07-05 15:07:56.301000,0.77495,0.77445,45,451
2018-07-05 15:07:56.623000,0.77435,0.774,262,2
2018-07-05 15:07:56.686000,0.77455,0.77405,45,310
2018-07-05 15:07:56.741000,0.77465,0.77415,262,60
2018-07-05 15:07:56.846000,0.77469,0.77419,45,60
2018-07-05 15:07:56.896000,0.77465,0.77415,45,307
2018-07-05 15:07:57.219000,0.77491,0.77441,45,60
2018-07-05 15:07:57.543000,0.7748,0.7743,45,60
2018-07-05 15:07:57.934000,0.77465,0.77415,45,307
2018-07-05 15:07:58.264000,0.77469,0.77419,187,60
2018-07-05 15:07:58.585000,0.77466,0.77416,45,60
2018-07-05 15:07:59.155000,0.7746,0.7741,45,60
2018-07-05 15:07:59.306000,0.77475,0.77415,262,262
2018-07-05 15:07:59.357000,0.77456,0.77406,45,307
2018-07-05 15:07:59.416000,0.77466,0.77416,45,60
2018-07-05 15:07:59.580000,0.77465,0.77415,45,307
2018-07-05 15:07:59.918000,0.77455,0.77405,45,307
2018-07-05 15:08:00.340000,0.77456,0.77406,45,60
2018-07-05 15:08:00.679000,0.77451,0.77401,45,187
2018-07-05 15:08:01.126000,0.77435,0.774,45,2
2018-07-05 15:08:01.236000,0.77451,0.77401,45,60
2018-07-05 15:08:01.411000,0.77445,0.774,45,2
2018-07-05 15:08:01.765000,0.77435,0.774,45,2
2018-07-05 15:08:01.953000,0.77451,0.77401,45,60
2018-07-05 15:08:02.171000,0.77445,0.774,45,2
2018-07-05 15:08:02.510000,0.77435,0.774,45,2
2018-07-05 15:08:02.863000,0.77425,0.774,45,2
2018-07-05 15:08:04.004000,0.77435,0.774,307,2
2018-07-05 15:08:04.225000,0.7743,0.774,45,2
2018-07-05 15:08:04.613000,0.77425,0.774,45,2
2018-07-05 15:08:04.664000,0.7743,0.774,45,2
2018-07-05 15:08:04.997000,0.77435,0.774,45,2
2018-07-05 15:08:05.527000,0.7743,0.774,45,2
2018-07-05 15:08:05.999000,0.77425,0.774,45,2
2018-07-05 15:08:06.220000,0.77435,0.774,307,2
2018-07-05 15:08:06.328000,0.7743,0.774,45,2
2018-07-05 15:08:06.658000,0.77425,0.774,45,2
2018-07-05 15:08:07.049000,0.77415,0.774,45,2
2018-07-05 15:08:07.706000,0.77425,0.774,307,2
2018-07-05 15:08:07.806000,0.7743,0.774,45,2
2018-07-05 15:08:07.870000,0.77435,0.774,45,2
2018-07-05 15:08:08.341000,0.7743,0.774,45,2
2018-07-05 15:08:08.703000,0.77425,0.774,45,2
2018-07-05 15:08:09.085000,0.77415,0.774,45,2
2018-07-05 15:08:09.186000,0.7742,0.774,45,2
2018-07-05 15:08:09.361000,0.77415,0.774,45,2
2018-07-05 15:08:09.516000,0.77425,0.774,45,2
2018-07-05 15:08:09.585000,0.7742,0.774,187,2
2018-07-05 15:08:09.820000,0.77435,0.774,187,2
2018-07-05 15:08:10.158000,0.77425,0.774,45,2
2018-07-05 15:08:10.775000,0.77456,0.77406,307,60
2018-07-05 15:08:11.200000,0.7745,0.774,45,62
2018-07-05 15:08:11.251000,0.77465,0.774,307,2
2018-07-05 15:08:11.301000,0.77395,0.77345,262,60
2018-07-05 15:08:11.505000,0.77415,0.77365,307,60
2018-07-05 15:08:11.557000,0.77415,0.77365,307,60
2018-07-05 15:08:12.159000,0.77415,0.774,45,2
2018-07-05 15:08:12.214000,0.7742,0.774,45,2
2018-07-05 15:08:12.403000,0.77425,0.774,45,2
2018-07-05 15:08:12.455000,0.77415,0.774,45,2
2018-07-05 15:08:12.805000,0.7741,0.774,187,2
2018-07-05 15:08:13.025000,0.77415,0.774,450,2
2018-07-05 15:08:13.292000,0.7742,0.774,45,2
2018-07-05 15:08:13.358000,0.77425,0.774,45,2
2018-07-05 15:08:13.645000,0.7742,0.774,45,2
2018-07-05 15:08:14.040000,0.77425,0.774,45,2
2018-07-05 15:08:14.387000,0.77435,0.774,307,2
2018-07-05 15:08:14.893000,0.7742,0.774,45,2
2018-07-05 15:08:15.228000,0.77415,0.774,45,2
2018-07-05 15:08:15.617000,0.7742,0.774,45,2
2018-07-05 15:08:15.780000,0.77425,0.774,45,2
2018-07-05 15:08:16.019000,0.7742,0.774,45,2
2018-07-05 15:08:16.435000,0.77415,0.774,45,2
2018-07-05 15:08:16.486000,0.77425,0.774,45,2
2018-07-05 15:08:16.967000,0.77435,0.774,307,1
2018-07-05 15:08:18.091000,0.77415,0.774,45,1
2018-07-05 15:08:18.572000,0.7741,0.774,45,1
2018-07-05 15:08:18.729000,0.77415,0.774,45,1
2018-07-05 15:08:18.906000,0.7741,0.774,45,1
2018-07-05 15:08:19.005000,0.77415,0.774,45,1
2018-07-05 15:08:19.173000,0.7741,0.774,45,1
2018-07-05 15:08:19.544000,0.77404,0.774,45,1
2018-07-05 15:08:19.595000,0.7741,0.774,45,1
2018-07-05 15:08:19.704000,0.77404,0.774,45,1
2018-07-05 15:08:19.970000,0.77415,0.774,262,1
2018-07-05 15:08:20.096000,0.77425,0.774,45,1
2018-07-05 15:08:20.198000,0.77435,0.774,307,1
2018-07-05 15:08:20.574000,0.7743,0.774,45,1
2018-07-05 15:08:20.852000,0.77435,0.774,45,1
2018-07-05 15:08:21.006000,0.77445,0.774,45,1
2018-07-05 15:08:21.347000,0.77461,0.77411,45,60
2018-07-05 15:08:22.386000,0.77455,0.77405,45,307
2018-07-05 15:08:22.767000,0.77461,0.77411,45,60
2018-07-05 15:08:23.169000,0.77456,0.77406,45,60
2018-07-05 15:08:23.519000,0.7743,0.774,45,1
2018-07-05 15:08:24,0.77435,0.774,45,1
2018-07-05 15:08:24.374000,0.7743,0.774,45,1
2018-07-05 15:08:24.475000,0.77435,0.774,45,1
2018-07-05 15:08:24.803000,0.7743,0.774,45,1
2018-07-05 15:08:25.292000,0.77435,0.774,45,1
2018-07-05 15:08:25.417000,0.7743,0.774,45,1
2018-07-05 15:08:25.740000,0.77435,0.774,307,1
2018-07-05 15:08:25.963000,0.7743,0.774,45,1
2018-07-05 15:08:26.382000,0.77425,0.774,45,1
2018-07-05 15:08:26.607000,0.7743,0.774,45,1
2018-07-05 15:08:26.716000,0.77425,0.774,45,1
2018-07-05 15:08:27.077000,0.77415,0.774,45,1
2018-07-05 15:08:27.165000,0.77425,0.774,262,1
2018-07-05 15:08:27.216000,0.7743,0.774,45,1
2018-07-05 15:08:27.363000,0.77425,0.774,262,1
2018-07-05 15:08:27.686000,0.7742,0.774,45,1
2018-07-05 15:08:28.439000,0.77415,0.774,45,1
2018-07-05 15:08:28.774000,0.7741,0.774,45,1
2018-07-05 15:08:28.880000,0.77415,0.774,307,1
2018-07-05 15:08:29.160000,0.7742,0.774,45,1
2018-07-05 15:08:29.260000,0.77425,0.774,45,1
2018-07-05 15:08:29.478000,0.7743,0.774,45,1
2018-07-05 15:08:29.586000,0.77435,0.774,45,1
2018-07-05 15:08:29.750000,0.7742,0.774,45,1
2018-07-05 15:08:30.006000,0.77435,0.774,307,1
2018-07-05 15:08:30.399000,0.7743,0.774,45,1
2018-07-05 15:08:30.697000,0.77435,0.774,45,1
2018-07-05 15:08:31.409000,0.77456,0.77406,307,60
2018-07-05 15:08:32.040000,0.77435,0.774,45,1
2018-07-05 15:08:32.505000,0.77451,0.77401,45,60
2018-07-05 15:08:32.807000,0.77435,0.774,45,1
2018-07-05 15:08:33.249000,0.7742,0.774,45,1
2018-07-05 15:08:33.684000,0.77415,0.774,45,1
2018-07-05 15:08:34.034000,0.77404,0.774,45,1
2018-07-05 15:08:34.242000,0.77401,0.77351,45,308
2018-07-05 15:08:34.342000,0.77401,0.774,45,1
2018-07-05 15:08:34.443000,0.77404,0.774,45,1
2018-07-05 15:08:34.592000,0.7741,0.774,45,1
2018-07-05 15:08:34.676000,0.77415,0.774,45,1
2018-07-05 15:08:35.036000,0.77425,0.774,45,1
2018-07-05 15:08:35.232000,0.7743,0.774,45,1
2018-07-05 15:08:35.290000,0.77435,0.774,45,1
2018-07-05 15:08:35.862000,0.7744,0.774,45,1
2018-07-05 15:08:36.014000,0.77435,0.774,45,1
2018-07-05 15:08:36.080000,0.77451,0.77401,45,60
2018-07-05 15:08:36.199000,0.77435,0.774,45,1
2018-07-05 15:08:36.544000,0.7743,0.774,45,1
2018-07-05 15:08:36.663000,0.7744,0.774,45,1
2018-07-05 15:08:36.777000,0.77445,0.774,45,1
2018-07-05 15:08:37.093000,0.7745,0.774,45,61
2018-07-05 15:08:37.524000,0.77455,0.77405,45,307
2018-07-05 15:08:37.931000,0.77435,0.774,45,1
2018-07-05 15:08:38.234000,0.7743,0.774,45,1
2018-07-05 15:08:38.468000,0.77435,0.774,45,1
2018-07-05 15:08:38.801000,0.7743,0.774,45,1
2018-07-05 15:08:39.141000,0.77435,0.774,45,1
2018-07-05 15:08:39.782000,0.7743,0.774,45,1
2018-07-05 15:08:39.891000,0.77445,0.774,262,1
2018-07-05 15:08:39.974000,0.77456,0.77406,307,60
2018-07-05 15:08:40.334000,0.77461,0.77411,45,60
2018-07-05 15:08:40.836000,0.77445,0.774,45,1
2018-07-05 15:08:41.429000,0.7745,0.774,45,61
2018-07-05 15:08:42.024000,0.77445,0.774,45,1
2018-07-05 15:08:42.558000,0.77461,0.77411,45,60
2018-07-05 15:08:42.967000,0.77455,0.77405,45,307
2018-07-05 15:08:43.511000,0.77471,0.77421,45,60
2018-07-05 15:08:43.839000,0.77475,0.77425,45,307
2018-07-05 15:08:44.170000,0.77469,0.77419,45,60
2018-07-05 15:08:44.551000,0.77491,0.77441,45,60
2018-07-05 15:08:44.869000,0.77469,0.77419,45,60
2018-07-05 15:08:45.613000,0.77475,0.77425,45,307
2018-07-05 15:08:46.207000,0.77469,0.77419,45,60
2018-07-05 15:08:46.519000,0.77485,0.77435,262,60
2018-07-05 15:08:46.629000,0.77485,0.77435,262,60
2018-07-05 15:08:46.747000,0.77495,0.77445,45,307
2018-07-05 15:08:47.236000,0.77499,0.77449,45,60
2018-07-05 15:08:47.706000,0.77505,0.77455,45,307
2018-07-05 15:08:48.222000,0.77521,0.77471,45,60
2018-07-05 15:08:48.552000,0.77505,0.77455,45,307
2018-07-05 15:08:50.047000,0.77526,0.77476,307,60
2018-07-05 15:08:50.380000,0.7751,0.7746,45,60
2018-07-05 15:08:50.814000,0.77495,0.77445,45,307
2018-07-05 15:08:51.160000,0.77501,0.77451,45,60
2018-07-05 15:08:51.617000,0.77499,0.77449,45,60
2018-07-05 15:08:52.229000,0.77495,0.77445,45,307
2018-07-05 15:08:52.594000,0.77499,0.77449,45,60
2018-07-05 15:08:53.881000,0.77516,0.77466,307,60
2018-07-05 15:08:54.403000,0.77536,0.77486,307,60
2018-07-05 15:08:54.712000,0.77521,0.77471,45,60
2018-07-05 15:08:55.465000,0.77516,0.77466,45,60
2018-07-05 15:08:56.313000,0.7751,0.7746,45,60
2018-07-05 15:08:56.885000,0.77515,0.77465,45,307
2018-07-05 15:08:57.469000,0.77521,0.77471,45,60
2018-07-05 15:08:57.919000,0.77515,0.77465,45,307
2018-07-05 15:08:59.230000,0.77521,0.77471,45,60
2018-07-05 15:08:59.967000,0.77515,0.77465,45,307
2018-07-05 15:09:00.458000,0.77516,0.77466,45,60
2018-07-05 15:09:00.976000,0.7751,0.7746,45,60
2018-07-05 15:09:01.310000,0.77535,0.77485,45,307
2018-07-05 15:09:01.915000,0.77536,0.77486,187,60
2018-07-05 15:09:02.260000,0.77535,0.77485,45,307
2018-07-05 15:09:03.141000,0.7754,0.7749,45,60
2018-07-05 15:09:03.465000,0.77525,0.77475,45,307
2018-07-05 15:09:03.903000,0.77529,0.77479,45,60
2018-07-05 15:09:04.251000,0.77525,0.77475,45,307
2018-07-05 15:09:07.586000,0.77529,0.77479,45,187
2018-07-05 15:09:08.033000,0.77525,0.77475,45,450
2018-07-05 15:09:08.516000,0.77529,0.77479,45,187
2018-07-05 15:09:08.900000,0.77525,0.77475,45,450
2018-07-05 15:09:09.816000,0.77531,0.77481,45,187
2018-07-05 15:09:10.121000,0.77525,0.77475,45,307
2018-07-05 15:09:11.403000,0.77529,0.77479,45,60
2018-07-05 15:09:11.908000,0.77525,0.77475,187,307
2018-07-05 15:09:13.426000,0.77546,0.77496,450,60
2018-07-05 15:09:13.893000,0.7754,0.7749,45,60
2018-07-05 15:09:14.250000,0.77535,0.77485,45,307
2018-07-05 15:09:14.583000,0.77529,0.77479,45,60
2018-07-05 15:09:14.941000,0.77551,0.77501,45,60
2018-07-05 15:09:15.259000,0.77535,0.77485,45,307
2018-07-05 15:09:15.590000,0.77545,0.77495,45,307
2018-07-05 15:09:16.170000,0.77551,0.77501,45,60
2018-07-05 15:09:16.965000,0.77545,0.77495,45,307
2018-07-05 15:09:17.569000,0.77551,0.77501,45,60
2018-07-05 15:09:18.118000,0.77545,0.77495,45,307
2018-07-05 15:09:18.560000,0.77555,0.77505,45,307
2018-07-05 15:09:19.732000,0.7756,0.7751,45,60
2018-07-05 15:09:20.340000,0.77555,0.77505,45,307
2018-07-05 15:09:20.825000,0.77576,0.77526,307,60
2018-07-05 15:09:21.229000,0.77555,0.77505,45,307
2018-07-05 15:09:22.082000,0.7755,0.775,45,60
2018-07-05 15:09:22.518000,0.77545,0.77495,45,307
2018-07-05 15:09:22.907000,0.77561,0.77511,45,60
2018-07-05 15:09:23.313000,0.77555,0.77505,45,307
2018-07-05 15:09:23.648000,0.77556,0.77506,45,60
2018-07-05 15:09:23.963000,0.77561,0.77511,45,60
2018-07-05 15:09:24.302000,0.77555,0.77505,187,307
2018-07-05 15:09:24.968000,0.77576,0.77526,307,60
2018-07-05 15:09:25.591000,0.77571,0.77521,187,375
2018-07-05 15:09:25.912000,0.77555,0.77505,187,637
2018-07-05 15:09:26.354000,0.77575,0.77525,45,637
2018-07-05 15:09:27.032000,0.77581,0.77531,45,60
2018-07-05 15:09:28.085000,0.77575,0.77525,187,307
2018-07-05 15:09:28.555000,0.77565,0.77515,187,307
2018-07-05 15:09:28.986000,0.77581,0.77531,45,60
2018-07-05 15:09:29.314000,0.77575,0.77525,187,307
2018-07-05 15:09:29.834000,0.77585,0.77535,262,60
2018-07-05 15:09:29.948000,0.77594,0.77544,187,60
2018-07-05 15:09:30.049000,0.7759,0.7754,187,60
2018-07-05 15:09:30.733000,0.77585,0.77535,45,307
2018-07-05 15:09:31.644000,0.77605,0.77555,307,60
2018-07-05 15:09:32.067000,0.77596,0.77546,45,60
2018-07-05 15:09:36.040000,0.77576,0.77526,45,307
2018-07-05 15:09:36.106000,0.77565,0.77515,45,307
2018-07-05 15:09:36.228000,0.7757,0.7752,45,60
2018-07-05 15:09:36.576000,0.77565,0.77515,45,307
2018-07-05 15:09:37.085000,0.77586,0.77536,307,60
2018-07-05 15:09:37.785000,0.77585,0.77535,45,307
2018-07-05 15:09:38.087000,0.77586,0.77536,45,60
2018-07-05 15:09:38.488000,0.7759,0.7754,45,60
2018-07-05 15:09:38.890000,0.77585,0.77535,45,307
2018-07-05 15:09:39.231000,0.77605,0.77555,307,60
2018-07-05 15:09:39.537000,0.7759,0.7754,45,60
2018-07-05 15:09:39.949000,0.77586,0.77536,45,60
2018-07-05 15:09:40.550000,0.77585,0.77535,187,307
2018-07-05 15:09:40.885000,0.77591,0.77541,187,60
2018-07-05 15:09:41.192000,0.77586,0.77536,187,60
2018-07-05 15:09:41.516000,0.77596,0.77546,450,60
2018-07-05 15:09:43.050000,0.7759,0.7754,45,60
2018-07-05 15:09:43.635000,0.77605,0.77555,450,60
2018-07-05 15:09:44.262000,0.77585,0.77535,187,307
2018-07-05 15:09:44.619000,0.7759,0.7754,187,60
2018-07-05 15:09:45.376000,0.77585,0.77535,187,307
2018-07-05 15:09:45.683000,0.77605,0.77555,450,60
2018-07-05 15:09:45.989000,0.77601,0.77551,187,60
2018-07-05 15:09:46.604000,0.77585,0.77535,187,307
2018-07-05 15:09:47.078000,0.77594,0.77544,187,375
2018-07-05 15:09:47.635000,0.77591,0.77541,45,307
2018-07-05 15:09:47.686000,0.77591,0.77541,45,60
2018-07-05 15:09:47.819000,0.77575,0.77525,262,60
2018-07-05 15:09:47.875000,0.77586,0.77536,307,60
2018-07-05 15:09:48.246000,0.77565,0.77515,45,307
2018-07-05 15:09:48.824000,0.77575,0.77525,45,307
2018-07-05 15:09:49.645000,0.77566,0.77516,45,307
2018-07-05 15:09:49.696000,0.77555,0.77505,45,307
2018-07-05 15:09:50.358000,0.7756,0.7751,45,60
2018-07-05 15:09:50.754000,0.77576,0.77526,45,60
2018-07-05 15:09:51.165000,0.77581,0.77531,45,60
2018-07-05 15:09:51.547000,0.77575,0.77525,45,307
2018-07-05 15:09:52.004000,0.77565,0.77515,45,307
2018-07-05 15:09:53.544000,0.77586,0.77536,307,60
2018-07-05 15:09:55.109000,0.77565,0.77515,45,450
2018-07-05 15:09:55.633000,0.77581,0.77531,45,187
2018-07-05 15:09:55.957000,0.77575,0.77525,187,450
2018-07-05 15:09:56.607000,0.77596,0.77546,307,60
2018-07-05 15:09:56.948000,0.77591,0.77541,45,60
2018-07-05 15:09:57.366000,0.77585,0.77535,45,307
2018-07-05 15:09:57.681000,0.77605,0.77555,307,60
2018-07-05 15:09:58.405000,0.77616,0.77566,450,60
2018-07-05 15:09:59.167000,0.77615,0.77565,45,307
2018-07-05 15:10:01.158000,0.77621,0.77571,187,60
2018-07-05 15:10:01.536000,0.77626,0.77576,450,60
2018-07-05 15:10:02.011000,0.77621,0.77571,187,60
2018-07-05 15:10:02.344000,0.77615,0.77565,45,307
2018-07-05 15:10:03.068000,0.77621,0.77571,187,60
2018-07-05 15:10:03.485000,0.77625,0.77575,262,60
2018-07-05 15:10:03.582000,0.7763,0.7758,187,60
2018-07-05 15:10:03.632000,0.77635,0.77585,307,60
2018-07-05 15:10:03.939000,0.77615,0.77565,45,307
2018-07-05 15:10:04.291000,0.7762,0.7757,45,60
2018-07-05 15:10:04.652000,0.77621,0.77571,45,60
2018-07-05 15:10:05.032000,0.77605,0.77555,45,307
2018-07-05 15:10:05.371000,0.77615,0.77565,45,307
2018-07-05 15:10:05.844000,0.77621,0.77571,45,60
2018-07-05 15:10:06.304000,0.77615,0.77565,45,307
2018-07-05 15:10:06.774000,0.7762,0.7757,45,60
2018-07-05 15:10:07.095000,0.77624,0.77574,45,60
2018-07-05 15:10:07.441000,0.77645,0.77595,307,60
2018-07-05 15:10:07.752000,0.77635,0.77585,45,450
2018-07-05 15:10:08.403000,0.77635,0.77585,307,187
2018-07-05 15:10:08.865000,0.7762,0.7757,45,60
2018-07-05 15:10:09.173000,0.7764,0.7759,45,60
2018-07-05 15:10:09.794000,0.77635,0.77585,45,307
2018-07-05 15:10:09.844000,0.77635,0.77585,307,60
2018-07-05 15:10:10.519000,0.77646,0.77596,307,60
2018-07-05 15:10:10.896000,0.77624,0.77574,45,60
2018-07-05 15:10:11.382000,0.77615,0.77565,262,60
2018-07-05 15:10:11.433000,0.77605,0.77555,45,307
2018-07-05 15:10:11.761000,0.77615,0.77565,262,60
2018-07-05 15:10:11.822000,0.77641,0.77591,45,307
2018-07-05 15:10:11.924000,0.7763,0.7758,45,60
2018-07-05 15:10:12.021000,0.77635,0.77585,307,60
2018-07-05 15:10:12.494000,0.77631,0.77581,45,60
2018-07-05 15:10:12.807000,0.77616,0.77566,45,60
2018-07-05 15:10:13.802000,0.77616,0.77566,45,307
2018-07-05 15:10:13.898000,0.77635,0.77585,307,60
2018-07-05 15:10:14.464000,0.77626,0.77576,45,60
2018-07-05 15:10:14.942000,0.77635,0.77585,307,60
2018-07-05 15:10:17.219000,0.7763,0.7758,45,60
2018-07-05 15:10:17.639000,0.77635,0.77585,45,307
2018-07-05 15:10:17.987000,0.77656,0.77606,307,60
2018-07-05 15:10:18.412000,0.77651,0.77601,45,60
2018-07-05 15:10:18.751000,0.77635,0.77585,45,307
2018-07-05 15:10:19.100000,0.77635,0.77585,307,60
2018-07-05 15:10:21.453000,0.77635,0.77575,262,262
2018-07-05 15:10:21.504000,0.77616,0.77566,45,60
2018-07-05 15:10:21.993000,0.77615,0.77565,45,307
2018-07-05 15:10:22.304000,0.77605,0.77555,45,307
2018-07-05 15:10:22.653000,0.77594,0.77544,45,307
2018-07-05 15:10:23.900000,0.77596,0.77546,45,60
2018-07-05 15:10:25.261000,0.7759,0.7754,45,60
2018-07-05 15:10:25.720000,0.77585,0.77535,45,307
2018-07-05 15:10:26.112000,0.77594,0.77544,45,60
2018-07-05 15:10:26.698000,0.77585,0.77535,45,307
2018-07-05 15:10:27.126000,0.77586,0.77536,45,60
2018-07-05 15:10:27.689000,0.77585,0.77535,45,307
2018-07-05 15:10:28.456000,0.77586,0.77536,45,60
2018-07-05 15:10:28.792000,0.77585,0.77535,262,60
2018-07-05 15:10:28.893000,0.7759,0.7754,45,60
2018-07-05 15:10:29.504000,0.77605,0.77555,307,60
2018-07-05 15:10:30.466000,0.77601,0.77551,45,60
2018-07-05 15:10:30.911000,0.77585,0.77535,45,307
2018-07-05 15:10:31.250000,0.7759,0.7754,45,60
2018-07-05 15:10:31.777000,0.77585,0.77535,45,307
2018-07-05 15:10:34.059000,0.77595,0.77535,262,262
2018-07-05 15:10:34.110000,0.77576,0.77526,45,307
2018-07-05 15:10:34.213000,0.77565,0.77515,45,307
2018-07-05 15:10:34.903000,0.77586,0.77536,450,60
2018-07-05 15:10:37.553000,0.77585,0.77535,262,60
2018-07-05 15:10:37.662000,0.776,0.7755,45,60
2018-07-05 15:10:37.714000,0.77605,0.77555,307,60
2018-07-05 15:10:40.453000,0.77601,0.77551,45,60
2018-07-05 15:10:41.560000,0.77605,0.77555,307,60
2018-07-05 15:10:41.901000,0.77585,0.77535,45,307
2018-07-05 15:10:42.456000,0.7759,0.7754,45,60
2018-07-05 15:10:44.255000,0.77595,0.77545,262,60
2018-07-05 15:10:44.387000,0.77594,0.77544,45,60
2018-07-05 15:10:44.978000,0.77616,0.77566,307,60
2018-07-05 15:10:45.325000,0.77585,0.77535,45,307
2018-07-05 15:10:45.896000,0.77595,0.77545,262,60
2018-07-05 15:10:45.949000,0.77594,0.77544,45,60
2018-07-05 15:10:46.645000,0.776,0.7755,45,60
2018-07-05 15:10:47.310000,0.77605,0.77555,45,307
2018-07-05 15:10:48.594000,0.77611,0.77561,45,60
2018-07-05 15:10:48.958000,0.77605,0.77555,45,307
2018-07-05 15:10:49.300000,0.77611,0.77561,45,60
2018-07-05 15:10:49.704000,0.77605,0.77555,45,307
2018-07-05 15:10:50.006000,0.77611,0.77561,45,60
2018-07-05 15:10:50.480000,0.77605,0.77555,307,60
2018-07-05 15:10:50.855000,0.77605,0.77555,45,307
2018-07-05 15:10:51.218000,0.77594,0.77544,45,307
2018-07-05 15:10:55.298000,0.77596,0.77546,45,60
2018-07-05 15:10:55.991000,0.77591,0.77541,45,60
2018-07-05 15:10:56.512000,0.77586,0.77536,45,60
2018-07-05 15:10:56.890000,0.77591,0.77541,45,60
2018-07-05 15:10:57.270000,0.77585,0.77535,45,307
2018-07-05 15:10:57.945000,0.77591,0.77541,45,60
2018-07-05 15:10:58.283000,0.77586,0.77536,45,60
2018-07-05 15:10:59.007000,0.77596,0.77546,307,60
2018-07-05 15:10:59.711000,0.7759,0.7754,45,60
2018-07-05 15:11:00.352000,0.77585,0.77535,45,307
2018-07-05 15:11:00.684000,0.7759,0.7754,45,60
2018-07-05 15:11:01.218000,0.77585,0.77535,45,307
2018-07-05 15:11:01.630000,0.7759,0.7754,45,60
2018-07-05 15:11:02.063000,0.77585,0.77535,45,307
2018-07-05 15:11:04.355000,0.77591,0.77541,45,60
2018-07-05 15:11:04.915000,0.77575,0.77525,45,637
2018-07-05 15:11:05.240000,0.77576,0.77526,45,375
2018-07-05 15:11:05.631000,0.77555,0.77505,45,307
2018-07-05 15:11:06.111000,0.77561,0.77511,45,60
2018-07-05 15:11:06.449000,0.77545,0.77495,45,307
2018-07-05 15:11:09.249000,0.77546,0.77496,45,60
2018-07-05 15:11:15.362000,0.77536,0.77486,45,60
2018-07-05 15:11:16.923000,0.77546,0.77496,307,60
2018-07-05 15:11:19.771000,0.7754,0.7749,45,60
2018-07-05 15:11:20.083000,0.77535,0.77485,45,307
2018-07-05 15:11:22.292000,0.7754,0.7749,45,60
2018-07-05 15:11:22.634000,0.77525,0.77475,45,450
2018-07-05 15:11:23.075000,0.77529,0.77479,45,187
2018-07-05 15:11:23.413000,0.77535,0.77485,45,450
2018-07-05 15:11:23.815000,0.77556,0.77506,307,60
2018-07-05 15:11:24.141000,0.77551,0.77501,45,60
2018-07-05 15:11:24.630000,0.77535,0.77485,45,307
2018-07-05 15:11:24.952000,0.77551,0.77501,45,60
2018-07-05 15:11:25.298000,0.77535,0.77485,45,307
2018-07-05 15:11:27.048000,0.7754,0.7749,45,187
2018-07-05 15:11:27.683000,0.77535,0.77485,45,450
2018-07-05 15:11:28.131000,0.77529,0.77479,45,187
2018-07-05 15:11:28.854000,0.77535,0.77485,45,450
2018-07-05 15:11:31.838000,0.77521,0.77471,45,307
2018-07-05 15:11:31.889000,0.77505,0.77455,262,60
2018-07-05 15:11:31.964000,0.77495,0.77445,45,307
2018-07-05 15:11:32.049000,0.77499,0.77449,45,60
2018-07-05 15:11:32.535000,0.77521,0.77471,45,60
2018-07-05 15:11:33.079000,0.77516,0.77466,45,60
2018-07-05 15:11:33.401000,0.77521,0.77471,45,60
2018-07-05 15:11:33.766000,0.77515,0.77465,45,307
2018-07-05 15:11:34.336000,0.77531,0.77481,45,60
2018-07-05 15:11:35.313000,0.77525,0.77475,45,307
2018-07-05 15:11:35.636000,0.77531,0.77481,45,60
2018-07-05 15:11:36.078000,0.77525,0.77475,45,307
2018-07-05 15:11:36.407000,0.77515,0.77465,45,307
2018-07-05 15:11:36.740000,0.77531,0.77481,45,60
2018-07-05 15:11:37.834000,0.77515,0.77465,45,307
2018-07-05 15:11:39.308000,0.77531,0.77481,45,60
2018-07-05 15:11:39.668000,0.77521,0.77471,45,60
2018-07-05 15:11:40.764000,0.77515,0.77465,45,307
2018-07-05 15:11:41.780000,0.77536,0.77486,307,60
2018-07-05 15:11:42.742000,0.77535,0.77485,262,60
2018-07-05 15:11:42.910000,0.77561,0.77511,45,60
2018-07-05 15:11:43.185000,0.7756,0.7751,45,60
2018-07-05 15:11:43.669000,0.77545,0.77495,45,307
2018-07-05 15:11:43.999000,0.77555,0.77505,262,60
2018-07-05 15:11:44.077000,0.77565,0.77515,45,307
2018-07-05 15:11:44.169000,0.77571,0.77521,45,60
2018-07-05 15:11:44.494000,0.77566,0.77516,307,60
2018-07-05 15:11:44.989000,0.7756,0.7751,45,60
2018-07-05 15:11:46.031000,0.77576,0.77526,307,60
2018-07-05 15:11:46.590000,0.77571,0.77521,45,60
2018-07-05 15:11:46.979000,0.77565,0.77515,45,307
2018-07-05 15:11:48.173000,0.77586,0.77536,307,60
2018-07-05 15:11:48.551000,0.77576,0.77526,45,60
2018-07-05 15:11:48.877000,0.77591,0.77541,45,60
2018-07-05 15:11:49.616000,0.77585,0.77535,45,307
2018-07-05 15:11:50.007000,0.77591,0.77541,45,60
2018-07-05 15:11:50.337000,0.77565,0.77515,45,450
2018-07-05 15:11:50.647000,0.77586,0.77536,307,60
2018-07-05 15:11:50.996000,0.77591,0.77541,45,60
2018-07-05 15:11:51.328000,0.77575,0.77525,45,307
2018-07-05 15:11:51.657000,0.7759,0.7754,45,60
2018-07-05 15:11:52.032000,0.77585,0.77535,45,307
2018-07-05 15:11:52.361000,0.77605,0.77555,307,375
2018-07-05 15:11:53.650000,0.77616,0.77566,307,60
2018-07-05 15:11:54.018000,0.77621,0.77571,45,60
2018-07-05 15:11:54.331000,0.77605,0.77555,45,637
2018-07-05 15:11:55.531000,0.77594,0.77544,45,637
2018-07-05 15:11:56.060000,0.77611,0.77561,45,60
2018-07-05 15:11:56.389000,0.77605,0.77555,307,60
2018-07-05 15:11:58.339000,0.77616,0.77566,307,60
2018-07-05 15:11:59.946000,0.7761,0.7756,45,60
2018-07-05 15:12:00.478000,0.77605,0.77555,187,307
2018-07-05 15:12:01.561000,0.7761,0.7756,45,60
2018-07-05 15:12:02.191000,0.77615,0.77565,45,307
2018-07-05 15:12:02.518000,0.7761,0.7756,45,60
2018-07-05 15:12:03.133000,0.77605,0.77555,45,307
2018-07-05 15:12:04.650000,0.77594,0.77544,45,307
2018-07-05 15:12:07.747000,0.77596,0.77546,45,60
2018-07-05 15:12:10.019000,0.7759,0.7754,45,60
2018-07-05 15:12:10.409000,0.77585,0.77535,45,307
2018-07-05 15:12:12.518000,0.77594,0.77544,45,60
2018-07-05 15:12:12.919000,0.77601,0.77551,45,60
2018-07-05 15:12:14.318000,0.77585,0.77535,187,307
2018-07-05 15:12:18.306000,0.77586,0.77536,45,60
2018-07-05 15:12:19.696000,0.77585,0.77535,45,307
2018-07-05 15:12:20.649000,0.77586,0.77536,45,60
2018-07-05 15:12:24.319000,0.77591,0.77541,45,60
2018-07-05 15:12:24.838000,0.77575,0.77525,45,307
2018-07-05 15:12:25.361000,0.77565,0.77515,45,307
2018-07-05 15:12:26.111000,0.77586,0.77536,307,60
2018-07-05 15:12:26.889000,0.7758,0.7753,45,60
2018-07-05 15:12:27.354000,0.77585,0.77535,45,307
2018-07-05 15:12:27.739000,0.7758,0.7753,45,60
2018-07-05 15:12:28.091000,0.77575,0.77525,45,307
2018-07-05 15:12:28.421000,0.7758,0.7753,45,60
2018-07-05 15:12:28.824000,0.77585,0.77535,45,307
2018-07-05 15:12:29.154000,0.77605,0.77555,307,60
2018-07-05 15:12:30.575000,0.77585,0.77535,45,307
2018-07-05 15:12:31.134000,0.7759,0.7754,45,60
2018-07-05 15:12:31.893000,0.77585,0.77535,45,307
2018-07-05 15:12:34.994000,0.77594,0.77544,45,60
2018-07-05 15:12:36.170000,0.77596,0.77546,45,60
2018-07-05 15:12:36.578000,0.77601,0.77551,45,60
2018-07-05 15:12:36.926000,0.77605,0.77555,307,60
2018-07-05 15:12:38.407000,0.7759,0.7754,45,60
2018-07-05 15:12:38.950000,0.77605,0.77555,307,60
2018-07-05 15:12:39.280000,0.77615,0.77565,45,307
2018-07-05 15:12:40.222000,0.7762,0.7757,45,60
2018-07-05 15:12:40.600000,0.77615,0.77565,45,307
2018-07-05 15:12:41.180000,0.77621,0.77571,45,187
2018-07-05 15:12:41.594000,0.77615,0.77565,45,450
2018-07-05 15:12:42.572000,0.77616,0.77566,45,60
2018-07-05 15:12:45.438000,0.77611,0.77561,45,60
2018-07-05 15:12:45.969000,0.77605,0.77555,45,307
2018-07-05 15:12:46.409000,0.77626,0.77576,307,60
2018-07-05 15:12:47.051000,0.77624,0.77574,45,60
2018-07-05 15:12:47.898000,0.7763,0.7758,45,60
2018-07-05 15:12:49.480000,0.77635,0.77585,45,307
2018-07-05 15:12:51.791000,0.77635,0.77585,307,60
2018-07-05 15:12:52.303000,0.77646,0.77596,307,60
2018-07-05 15:12:53.232000,0.77641,0.77591,45,60
2018-07-05 15:12:53.720000,0.77635,0.77585,45,307
2018-07-05 15:12:55.214000,0.77641,0.77591,45,60
2018-07-05 15:12:55.717000,0.77635,0.77585,307,60
2018-07-05 15:12:56.048000,0.77635,0.77585,262,60
2018-07-05 15:12:56.101000,0.77646,0.77596,307,60
2018-07-05 15:12:56.340000,0.77641,0.77591,45,60
2018-07-05 15:12:58.984000,0.77635,0.77585,307,60
2018-07-05 15:13:00.193000,0.77631,0.77581,45,60
2018-07-05 15:13:00.568000,0.77635,0.77585,307,60
2018-07-05 15:13:01.004000,0.77631,0.77581,45,60
2018-07-05 15:13:01.343000,0.77635,0.77585,45,307
2018-07-05 15:13:01.721000,0.77635,0.77585,45,307
2018-07-05 15:13:02.370000,0.7764,0.7759,45,60
2018-07-05 15:13:02.915000,0.77645,0.77595,45,307
2018-07-05 15:13:03.225000,0.7765,0.776,45,60
2018-07-05 15:13:03.578000,0.77665,0.77615,307,60
2018-07-05 15:13:03.915000,0.77661,0.77611,45,60
2018-07-05 15:13:04.270000,0.77671,0.77621,45,60
2018-07-05 15:13:04.593000,0.77665,0.77615,45,307
2018-07-05 15:13:04.920000,0.77671,0.77621,45,60
2018-07-05 15:13:05.344000,0.77665,0.77615,307,60
2018-07-05 15:13:05.947000,0.77676,0.77626,307,60
2018-07-05 15:13:06.337000,0.77665,0.77615,307,60
2018-07-05 15:13:06.677000,0.77665,0.77615,45,307
2018-07-05 15:13:06.998000,0.77671,0.77621,45,60
2018-07-05 15:13:07.532000,0.77665,0.77615,45,307
2018-07-05 15:13:08.497000,0.7768,0.7763,45,60
2018-07-05 15:13:08.824000,0.77675,0.77625,45,637
2018-07-05 15:13:09.300000,0.77676,0.77626,45,375
2018-07-05 15:13:09.747000,0.77681,0.77631,45,60
2018-07-05 15:13:10.081000,0.77675,0.77625,45,307
2018-07-05 15:13:10.601000,0.77696,0.77646,307,60
2018-07-05 15:13:11.071000,0.77691,0.77641,45,60
2018-07-05 15:13:11.404000,0.77685,0.77635,45,307
2018-07-05 15:13:11.734000,0.77691,0.77641,45,60
2018-07-05 15:13:12.063000,0.77705,0.77655,45,307
2018-07-05 15:13:12.401000,0.77711,0.77661,45,60
2018-07-05 15:13:12.799000,0.77706,0.77656,45,60
2018-07-05 15:13:14.433000,0.777,0.7765,45,60
2018-07-05 15:13:15.435000,0.77706,0.77656,45,60
2018-07-05 15:13:15.757000,0.77705,0.77655,45,307
2018-07-05 15:13:16.076000,0.77711,0.77661,45,60
2018-07-05 15:13:16.495000,0.77705,0.77655,45,307
2018-07-05 15:13:17.339000,0.77721,0.77671,45,60
2018-07-05 15:13:17.789000,0.77715,0.77665,45,307
2018-07-05 15:13:19.213000,0.77716,0.77666,45,60
2018-07-05 15:13:20.008000,0.77736,0.77686,307,60
2018-07-05 15:13:20.575000,0.7773,0.7768,45,60
2018-07-05 15:13:21.069000,0.77715,0.77665,45,307
2018-07-05 15:13:21.457000,0.77719,0.77669,45,60
2018-07-05 15:13:21.789000,0.77715,0.77665,45,307
2018-07-05 15:13:22.717000,0.77721,0.77671,45,60
2018-07-05 15:13:23.134000,0.77715,0.77665,45,307
2018-07-05 15:13:23.515000,0.77719,0.77669,45,60
2018-07-05 15:13:24.123000,0.77725,0.77675,45,307
2018-07-05 15:13:24.636000,0.77741,0.77691,45,60
2018-07-05 15:13:24.966000,0.77715,0.77665,45,307
2018-07-05 15:13:25.575000,0.77719,0.77669,45,60
2018-07-05 15:13:26.262000,0.77715,0.77665,45,307
2018-07-05 15:13:26.721000,0.77721,0.77671,45,60
2018-07-05 15:13:28.109000,0.77715,0.77665,45,307
2018-07-05 15:13:28.415000,0.77705,0.77655,45,307
2018-07-05 15:13:28.896000,0.77721,0.77671,45,60
2018-07-05 15:13:29.211000,0.77719,0.77669,45,60
2018-07-05 15:13:29.559000,0.77725,0.77675,45,307
2018-07-05 15:13:31.966000,0.7773,0.7768,45,60
2018-07-05 15:13:32.448000,0.77725,0.77675,45,307
2018-07-05 15:13:34.174000,0.77746,0.77696,307,60
2018-07-05 15:13:34.897000,0.7774,0.7769,45,60
2018-07-05 15:13:35.506000,0.77745,0.77695,45,307
2018-07-05 15:13:36.109000,0.77751,0.77701,45,60
2018-07-05 15:13:36.416000,0.77756,0.77706,45,60
2018-07-05 15:13:36.827000,0.77755,0.77705,375,307
2018-07-05 15:13:37.273000,0.7776,0.7771,187,60
2018-07-05 15:13:37.853000,0.77745,0.77695,187,307
2018-07-05 15:13:38.161000,0.77749,0.77699,187,60
2018-07-05 15:13:38.493000,0.77745,0.77695,187,307
2018-07-05 15:13:38.823000,0.77751,0.77701,45,60
2018-07-05 15:13:39.252000,0.77746,0.77696,45,60
2018-07-05 15:13:39.891000,0.7774,0.7769,45,60
2018-07-05 15:13:40.457000,0.77735,0.77685,45,307
2018-07-05 15:13:41.620000,0.77741,0.77691,45,60
2018-07-05 15:13:42.022000,0.77745,0.77695,262,60
2018-07-05 15:13:42.091000,0.77755,0.77705,45,307
2018-07-05 15:13:42.352000,0.77765,0.77705,262,262
2018-07-05 15:13:42.402000,0.77765,0.77715,262,60
2018-07-05 15:13:42.533000,0.77775,0.77725,187,307
2018-07-05 15:13:42.588000,0.77779,0.77729,45,60
2018-07-05 15:13:42.939000,0.77771,0.77721,45,307
2018-07-05 15:13:42.989000,0.77771,0.77721,45,60
2018-07-05 15:13:43.040000,0.77765,0.77715,45,307
2018-07-05 15:13:43.359000,0.7776,0.7771,45,60
2018-07-05 15:13:43.798000,0.77745,0.77695,45,307
2018-07-05 15:13:44.284000,0.77749,0.77699,45,60
2018-07-05 15:13:44.655000,0.77745,0.77695,45,307
2018-07-05 15:13:45.461000,0.77746,0.77696,45,60
2018-07-05 15:13:45.836000,0.77751,0.77701,45,60
2018-07-05 15:13:46.167000,0.77735,0.77685,45,307
2018-07-05 15:13:46.703000,0.77751,0.77701,45,60
2018-07-05 15:13:47.896000,0.77735,0.77685,45,307
2018-07-05 15:13:49.193000,0.77745,0.77695,45,307
2018-07-05 15:13:51.382000,0.77749,0.77699,45,60
2018-07-05 15:13:52.577000,0.77745,0.77695,45,307
2018-07-05 15:13:53.128000,0.77746,0.77696,45,60
2018-07-05 15:13:53.734000,0.77749,0.77699,45,60
2018-07-05 15:13:54.181000,0.77745,0.77695,45,307
2018-07-05 15:13:54.538000,0.77751,0.77701,45,60
2018-07-05 15:13:54.844000,0.77745,0.77695,45,307
2018-07-05 15:13:55.611000,0.77735,0.77685,45,307
2018-07-05 15:13:55.943000,0.77745,0.77695,45,307
2018-07-05 15:13:56.528000,0.77755,0.77705,45,307
2018-07-05 15:13:58.450000,0.77756,0.77706,45,60
2018-07-05 15:13:59.595000,0.77766,0.77716,307,60
2018-07-05 15:14:00.250000,0.77745,0.77695,45,307
2018-07-05 15:14:00.568000,0.77751,0.77701,45,60
2018-07-05 15:14:00.943000,0.77745,0.77695,45,307
2018-07-05 15:14:01.972000,0.77755,0.77705,262,60
2018-07-05 15:14:02.158000,0.77765,0.77715,187,307
2018-07-05 15:14:02.509000,0.77766,0.77716,187,60
2018-07-05 15:14:03.035000,0.77749,0.77699,45,187
2018-07-05 15:14:03.550000,0.77745,0.77695,45,307
2018-07-05 15:14:03.890000,0.7776,0.7771,45,60
2018-07-05 15:14:04.215000,0.77746,0.77696,45,187
2018-07-05 15:14:04.557000,0.77725,0.77675,45,450
2018-07-05 15:14:04.884000,0.7773,0.7768,45,60
2018-07-05 15:14:05.225000,0.77725,0.77675,45,307
2018-07-05 15:14:05.596000,0.7773,0.7768,45,60
2018-07-05 15:14:05.762000,0.77745,0.77685,262,262
2018-07-05 15:14:05.812000,0.77715,0.77665,45,307
2018-07-05 15:14:06.149000,0.7771,0.7766,45,60
2018-07-05 15:14:06.737000,0.77715,0.77665,187,307
2018-07-05 15:14:07.346000,0.77721,0.77671,187,60
2018-07-05 15:14:07.688000,0.77719,0.77669,45,60
2018-07-05 15:14:08.139000,0.77725,0.77675,45,307
2018-07-05 15:14:10.160000,0.7773,0.7768,45,60
2018-07-05 15:14:10.667000,0.77745,0.77695,45,307
2018-07-05 15:14:11.702000,0.77749,0.77699,45,60
2018-07-05 15:14:12.288000,0.77745,0.77695,307,60
2018-07-05 15:14:15.774000,0.77746,0.77696,45,60
2018-07-05 15:14:16.304000,0.77751,0.77701,45,60
2018-07-05 15:14:16.636000,0.77745,0.77695,45,307
2018-07-05 15:14:17.809000,0.77749,0.77699,45,60
2018-07-05 15:14:18.356000,0.77745,0.77695,45,307
2018-07-05 15:14:18.968000,0.77735,0.77685,45,307
2018-07-05 15:14:19.371000,0.77736,0.77686,45,60
2018-07-05 15:14:19.954000,0.77715,0.77665,45,307
2018-07-05 15:14:21.687000,0.77721,0.77671,45,60
2018-07-05 15:14:22.974000,0.77716,0.77666,45,60
2018-07-05 15:14:23.285000,0.7771,0.7766,45,60
2018-07-05 15:14:24.685000,0.77715,0.77665,45,307
2018-07-05 15:14:26.022000,0.77721,0.77671,45,60
2018-07-05 15:14:26.375000,0.77705,0.77655,45,307
2018-07-05 15:14:27.491000,0.77715,0.77655,262,262
2018-07-05 15:14:27.541000,0.77715,0.77665,262,60
2018-07-05 15:14:27.596000,0.77725,0.77675,307,60
2018-07-05 15:14:27.647000,0.77715,0.77665,45,307
2018-07-05 15:14:28.494000,0.77736,0.77686,307,60
2018-07-05 15:14:29.329000,0.77735,0.77685,262,60
2018-07-05 15:14:29.446000,0.7774,0.7769,45,60
2018-07-05 15:14:29.498000,0.77735,0.77685,45,307
2018-07-05 15:14:30.728000,0.7774,0.7769,45,60
2018-07-05 15:14:32.986000,0.77745,0.77695,45,307
2018-07-05 15:14:33.516000,0.77751,0.77701,45,60
2018-07-05 15:14:33.889000,0.77745,0.77695,45,307
2018-07-05 15:14:34.365000,0.77751,0.77701,45,60
2018-07-05 15:14:35.107000,0.77745,0.77695,45,307
2018-07-05 15:14:35.580000,0.77749,0.77699,45,60
2018-07-05 15:14:35.909000,0.77745,0.77695,45,307
2018-07-05 15:14:36.692000,0.77746,0.77696,45,60
2018-07-05 15:14:37.878000,0.77756,0.77706,307,60
2018-07-05 15:14:38.218000,0.77751,0.77701,45,60
2018-07-05 15:14:38.551000,0.77745,0.77695,45,307
2018-07-05 15:14:39.743000,0.77751,0.77701,45,60
2018-07-05 15:14:40.202000,0.77745,0.77695,45,307
2018-07-05 15:14:41.517000,0.77749,0.77699,45,60
2018-07-05 15:14:42.440000,0.77745,0.77695,45,307
2018-07-05 15:14:43.106000,0.77749,0.77699,45,60
2018-07-05 15:14:43.872000,0.77745,0.77695,45,307
2018-07-05 15:14:43.980000,0.77755,0.77695,262,262
2018-07-05 15:14:44.030000,0.77775,0.77715,262,262
2018-07-05 15:14:44.505000,0.7777,0.7772,45,60
2018-07-05 15:14:44.907000,0.77765,0.77715,45,307
2018-07-05 15:14:45.239000,0.77755,0.77705,45,307
2018-07-05 15:14:51.472000,0.77765,0.77715,45,307
2018-07-05 15:14:51.921000,0.77771,0.77721,45,60
2018-07-05 15:14:52.890000,0.77795,0.77745,45,307
2018-07-05 15:14:53.217000,0.778,0.7775,45,60
2018-07-05 15:14:53.599000,0.77801,0.77751,45,60
2018-07-05 15:14:54.074000,0.77816,0.77766,307,60
2018-07-05 15:14:54.500000,0.77811,0.77761,45,60
2018-07-05 15:14:54.820000,0.77805,0.77755,45,307
2018-07-05 15:14:55.146000,0.77811,0.77761,45,60
2018-07-05 15:14:55.479000,0.7781,0.7776,45,60
2018-07-05 15:14:55.812000,0.77805,0.77755,45,307
2018-07-05 15:14:56.146000,0.77795,0.77745,45,307
2018-07-05 15:14:56.462000,0.77801,0.77751,45,60
2018-07-05 15:14:57.198000,0.77795,0.77745,45,307
2018-07-05 15:14:57.514000,0.77801,0.77751,45,60
2018-07-05 15:14:57.816000,0.77785,0.77735,45,307
2018-07-05 15:14:58.391000,0.77786,0.77736,45,60
2018-07-05 15:14:58.823000,0.77796,0.77746,307,60
2018-07-05 15:14:59.285000,0.7779,0.7774,45,60
2018-07-05 15:14:59.615000,0.77795,0.77745,262,60
2018-07-05 15:14:59.668000,0.778,0.7775,45,60
2018-07-05 15:14:59.722000,0.77795,0.77745,45,307
2018-07-05 15:15:01.345000,0.77796,0.77746,45,60
