time,ask,bid,ask_volume,bid_volume
2023-01-19 15:55:00.082000,0.86057,0.86007,43,43
2023-01-19 15:55:00.336000,0.86052,0.86002,43,43
2023-01-19 15:55:00.594000,0.86057,0.86007,68,43
2023-01-19 15:55:01.156000,0.86052,0.86002,43,43
2023-01-19 15:55:01.993000,0.86042,0.85992,43,43
2023-01-19 15:55:02.144000,0.86017,0.85967,43,261
2023-01-19 15:55:02.218000,0.86017,0.85967,43,43
2023-01-19 15:55:02.535000,0.86012,0.85962,43,43
2023-01-19 15:55:03.474000,0.85997,0.85947,43,36
2023-01-19 15:55:03.535000,0.85997,0.85947,43,43
2023-01-19 15:55:03.588000,0.86007,0.85957,43,43
2023-01-19 15:55:03.811000,0.86012,0.85962,43,43
2023-01-19 15:55:04.096000,0.86007,0.85957,43,43
2023-01-19 15:55:04.262000,0.85997,0.85947,43,43
2023-01-19 15:55:04.450000,0.85992,0.85942,43,43
2023-01-19 15:55:04.620000,0.85997,0.85947,68,43
2023-01-19 15:55:05.087000,0.85992,0.85942,43,43
2023-01-19 15:55:06.444000,0.85979,0.85929,43,425
2023-01-19 15:55:06.564000,0.85992,0.85942,400,43
2023-01-19 15:55:06.685000,0.85992,0.85942,43,43
2023-01-19 15:55:07.162000,0.86012,0.85962,400,43
2023-01-19 15:55:07.296000,0.86012,0.85962,43,43
2023-01-19 15:55:07.625000,0.86017,0.85967,43,43
2023-01-19 15:55:08.231000,0.86007,0.85957,43,43
2023-01-19 15:55:09.231000,0.86017,0.85967,43,43
2023-01-19 15:55:09.443000,0.86002,0.85952,43,6
2023-01-19 15:55:09.656000,0.85992,0.85942,43,43
2023-01-19 15:55:10.835000,0.85972,0.85922,43,261
2023-01-19 15:55:11.031000,0.85977,0.85927,43,36
2023-01-19 15:55:11.130000,0.85977,0.85927,43,43
2023-01-19 15:55:11.373000,0.85967,0.85917,43,43
2023-01-19 15:55:11.636000,0.85972,0.85922,43,43
2023-01-19 15:55:11.884000,0.85977,0.85927,43,43
2023-01-19 15:55:11.987000,0.85987,0.85937,43,43
2023-01-19 15:55:12.124000,0.85982,0.85932,43,43
2023-01-19 15:55:12.429000,0.85977,0.85927,43,43
2023-01-19 15:55:13.368000,0.85972,0.85922,43,43
2023-01-19 15:55:14.634000,0.85967,0.85917,43,43
2023-01-19 15:55:15.318000,0.85962,0.85912,43,43
2023-01-19 15:55:15.443000,0.85958,0.85908,264,43
2023-01-19 15:55:15.515000,0.85952,0.85902,43,43
2023-01-19 15:55:16.427000,0.85957,0.85907,43,43
2023-01-19 15:55:16.589000,0.85952,0.85902,43,43
2023-01-19 15:55:17.434000,0.85937,0.85887,43,36
2023-01-19 15:55:17.505000,0.85937,0.85887,43,43
2023-01-19 15:55:17.555000,0.85927,0.85877,68,43
2023-01-19 15:55:17.834000,0.85932,0.85882,43,43
2023-01-19 15:55:18.328000,0.85942,0.85892,400,43
2023-01-19 15:55:18.459000,0.85937,0.85887,43,43
2023-01-19 15:55:18.690000,0.85947,0.85897,68,43
2023-01-19 15:55:20.548000,0.85942,0.85892,43,43
2023-01-19 15:55:21.329000,0.85929,0.85879,43,425
2023-01-19 15:55:23.136000,0.85927,0.85877,43,43
2023-01-19 15:55:23.574000,0.85932,0.85882,43,43
2023-01-19 15:55:24.862000,0.85937,0.85887,43,43
2023-01-19 15:55:24.965000,0.85932,0.85882,43,43
2023-01-19 15:55:25.432000,0.85922,0.85872,43,43
2023-01-19 15:55:25.857000,0.85927,0.85877,43,43
2023-01-19 15:55:26.296000,0.85932,0.85882,43,43
2023-01-19 15:55:26.646000,0.85937,0.85887,68,43
2023-01-19 15:55:26.920000,0.85932,0.85882,43,43
2023-01-19 15:55:27.563000,0.85937,0.85887,43,43
2023-01-19 15:55:28.921000,0.85932,0.85882,43,43
2023-01-19 15:55:29.481000,0.85927,0.85877,43,43
2023-01-19 15:55:30.161000,0.85932,0.85882,43,43
2023-01-19 15:55:30.327000,0.85927,0.85877,43,43
2023-01-19 15:55:30.713000,0.85932,0.85882,43,43
2023-01-19 15:55:30.925000,0.85927,0.85877,43,43
2023-01-19 15:55:31.845000,0.85937,0.85887,43,67
2023-01-19 15:55:31.971000,0.85942,0.85892,43,43
2023-01-19 15:55:34.089000,0.85937,0.85887,43,43
2023-01-19 15:55:35.935000,0.85942,0.85892,43,43
2023-01-19 15:55:36.214000,0.85952,0.85902,400,43
2023-01-19 15:55:36.344000,0.85958,0.85908,264,43
2023-01-19 15:55:36.444000,0.85977,0.85927,43,43
2023-01-19 15:55:36.495000,0.85972,0.85922,43,43
2023-01-19 15:55:36.852000,0.85977,0.85927,43,43
2023-01-19 15:55:37.054000,0.85967,0.85917,43,43
2023-01-19 15:55:37.194000,0.85977,0.85927,43,43
2023-01-19 15:55:37.623000,0.85967,0.85917,43,43
2023-01-19 15:55:38.044000,0.85972,0.85922,43,43
2023-01-19 15:55:39.439000,0.85967,0.85917,43,43
2023-01-19 15:55:40.303000,0.85972,0.85922,43,43
2023-01-19 15:55:41.167000,0.85967,0.85917,43,43
2023-01-19 15:55:41.735000,0.85972,0.85922,43,276
2023-01-19 15:55:41.785000,0.85987,0.85937,43,43
2023-01-19 15:55:42.008000,0.85992,0.85942,43,43
2023-01-19 15:55:42.124000,0.85987,0.85937,43,43
2023-01-19 15:55:43.328000,0.85982,0.85932,43,43
2023-01-19 15:55:43.507000,0.85987,0.85937,43,43
2023-01-19 15:55:44.318000,0.85997,0.85947,43,43
2023-01-19 15:55:44.430000,0.86007,0.85957,400,43
2023-01-19 15:55:44.498000,0.86007,0.85957,43,43
2023-01-19 15:55:44.578000,0.86012,0.85962,43,43
2023-01-19 15:55:45.309000,0.86007,0.85957,43,43
2023-01-19 15:55:46.436000,0.86017,0.85967,43,43
2023-01-19 15:55:46.721000,0.86027,0.85977,43,43
2023-01-19 15:55:47.339000,0.86022,0.85972,43,43
2023-01-19 15:55:47.973000,0.86017,0.85967,43,43
2023-01-19 15:55:52.125000,0.86008,0.85958,264,43
2023-01-19 15:55:52.258000,0.86012,0.85962,400,43
2023-01-19 15:55:52.537000,0.86012,0.85962,43,43
2023-01-19 15:55:52.667000,0.86017,0.85967,43,43
2023-01-19 15:55:53.304000,0.86012,0.85962,43,43
2023-01-19 15:55:53.868000,0.86007,0.85957,43,43
2023-01-19 15:55:54.003000,0.86002,0.85952,43,43
2023-01-19 15:55:54.138000,0.86007,0.85957,43,43
2023-01-19 15:55:55.728000,0.85997,0.85947,43,68
2023-01-19 15:55:56.661000,0.86002,0.85952,43,43
2023-01-19 15:55:57.114000,0.86007,0.85957,43,43
2023-01-19 15:55:58.126000,0.86017,0.85967,43,43
2023-01-19 15:56:00.228000,0.86012,0.85962,43,43
2023-01-19 15:56:00.400000,0.86007,0.85957,43,43
2023-01-19 15:56:00.682000,0.85997,0.85947,43,43
2023-01-19 15:56:00.898000,0.86002,0.85952,43,43
2023-01-19 15:56:01.502000,0.86007,0.85957,68,43
2023-01-19 15:56:01.649000,0.85997,0.85947,43,43
2023-01-19 15:56:01.833000,0.86002,0.85952,43,43
2023-01-19 15:56:02.234000,0.85997,0.85947,43,43
2023-01-19 15:56:02.336000,0.86002,0.85952,43,43
2023-01-19 15:56:02.672000,0.85997,0.85947,43,43
2023-01-19 15:56:03.344000,0.86002,0.85952,43,43
2023-01-19 15:56:04.330000,0.86007,0.85957,43,43
2023-01-19 15:56:04.898000,0.86012,0.85962,43,43
2023-01-19 15:56:05.522000,0.86007,0.85957,43,43
2023-01-19 15:56:06.129000,0.86012,0.85962,43,43
2023-01-19 15:56:06.370000,0.86007,0.85957,43,43
2023-01-19 15:56:06.682000,0.86012,0.85962,43,43
2023-01-19 15:56:08.335000,0.86022,0.85972,400,43
2023-01-19 15:56:08.436000,0.86022,0.85972,43,43
2023-01-19 15:56:08.539000,0.86027,0.85977,43,43
2023-01-19 15:56:08.713000,0.86032,0.85982,43,43
2023-01-19 15:56:09.094000,0.86037,0.85987,43,43
2023-01-19 15:56:09.210000,0.86042,0.85992,43,43
2023-01-19 15:56:09.811000,0.86037,0.85987,43,43
2023-01-19 15:56:11.081000,0.86032,0.85982,43,43
2023-01-19 15:56:11.405000,0.86027,0.85977,43,43
2023-01-19 15:56:11.813000,0.86032,0.85982,43,43
2023-01-19 15:56:12.264000,0.86042,0.85992,43,43
2023-01-19 15:56:12.521000,0.86047,0.85997,43,43
2023-01-19 15:56:14.188000,0.86057,0.86007,43,43
2023-01-19 15:56:15.218000,0.86067,0.86017,43,43
2023-01-19 15:56:15.498000,0.86072,0.86022,43,43
2023-01-19 15:56:16.234000,0.86077,0.86027,43,43
2023-01-19 15:56:18.821000,0.86082,0.86032,43,43
2023-01-19 15:56:18.925000,0.86087,0.86037,43,43
2023-01-19 15:56:19.342000,0.86077,0.86027,43,43
2023-01-19 15:56:19.655000,0.86082,0.86032,68,43
2023-01-19 15:56:19.827000,0.86077,0.86027,43,43
2023-01-19 15:56:20.535000,0.86072,0.86022,68,43
2023-01-19 15:56:20.723000,0.86067,0.86017,43,43
2023-01-19 15:56:21.375000,0.86072,0.86022,43,43
2023-01-19 15:56:21.476000,0.86082,0.86032,400,43
2023-01-19 15:56:21.598000,0.86082,0.86032,43,43
2023-01-19 15:56:22.029000,0.86087,0.86037,43,43
2023-01-19 15:56:22.569000,0.86082,0.86032,43,43
2023-01-19 15:56:23.637000,0.86069,0.86019,43,425
2023-01-19 15:56:24.764000,0.86092,0.86042,400,43
2023-01-19 15:56:24.883000,0.86097,0.86047,43,67
2023-01-19 15:56:24.934000,0.86092,0.86042,43,43
2023-01-19 15:56:25.085000,0.86087,0.86037,43,67
2023-01-19 15:56:26.277000,0.86092,0.86042,43,43
2023-01-19 15:56:26.379000,0.86087,0.86037,43,67
2023-01-19 15:56:27.800000,0.86097,0.86047,43,43
2023-01-19 15:56:28.039000,0.86087,0.86037,43,67
2023-01-19 15:56:28.898000,0.86077,0.86027,43,68
2023-01-19 15:56:29.938000,0.86082,0.86032,43,43
2023-01-19 15:56:30.316000,0.86092,0.86042,43,43
2023-01-19 15:56:30.795000,0.86097,0.86047,43,43
2023-01-19 15:56:33.191000,0.86102,0.86052,43,43
2023-01-19 15:56:33.448000,0.86097,0.86047,43,43
2023-01-19 15:56:33.599000,0.86102,0.86052,43,43
2023-01-19 15:56:33.726000,0.86097,0.86047,43,43
2023-01-19 15:56:39.135000,0.86102,0.86052,43,43
2023-01-19 15:56:39.236000,0.86097,0.86047,43,43
2023-01-19 15:56:39.808000,0.86102,0.86052,43,43
2023-01-19 15:56:40.158000,0.86097,0.86047,43,43
2023-01-19 15:56:40.455000,0.86102,0.86052,43,43
2023-01-19 15:56:40.679000,0.86107,0.86057,43,43
2023-01-19 15:56:41.445000,0.86077,0.86027,43,67
2023-01-19 15:56:41.596000,0.86072,0.86022,43,43
2023-01-19 15:56:41.712000,0.86067,0.86017,43,43
2023-01-19 15:56:42.147000,0.86057,0.86007,43,135
2023-01-19 15:56:42.406000,0.86062,0.86012,43,43
2023-01-19 15:56:43.041000,0.86067,0.86017,43,43
2023-01-19 15:56:44.672000,0.86062,0.86012,43,43
2023-01-19 15:56:46.229000,0.86057,0.86007,43,67
2023-01-19 15:56:46.502000,0.86052,0.86002,43,43
2023-01-19 15:56:46.676000,0.86047,0.85997,43,43
2023-01-19 15:56:46.803000,0.86042,0.85992,43,43
2023-01-19 15:56:46.945000,0.86037,0.85987,43,43
2023-01-19 15:56:47.192000,0.86042,0.85992,43,43
2023-01-19 15:56:48.229000,0.86047,0.85997,43,43
2023-01-19 15:56:48.381000,0.86052,0.86002,43,43
2023-01-19 15:56:48.515000,0.86057,0.86007,68,43
2023-01-19 15:56:48.731000,0.86052,0.86002,43,43
2023-01-19 15:56:49.273000,0.86037,0.85987,43,36
2023-01-19 15:56:49.374000,0.86037,0.85987,43,43
2023-01-19 15:56:49.646000,0.86047,0.85997,43,43
2023-01-19 15:56:50.396000,0.86042,0.85992,43,43
2023-01-19 15:56:50.687000,0.86037,0.85987,43,43
2023-01-19 15:56:51.347000,0.86027,0.85977,43,43
2023-01-19 15:56:52.571000,0.86022,0.85972,43,43
2023-01-19 15:56:52.736000,0.86007,0.85957,43,43
2023-01-19 15:56:53.082000,0.86012,0.85962,43,43
2023-01-19 15:56:53.465000,0.86007,0.85957,43,43
2023-01-19 15:56:55.755000,0.86017,0.85967,43,43
2023-01-19 15:56:57.426000,0.86012,0.85962,43,43
2023-01-19 15:56:58.341000,0.85992,0.85942,68,281
2023-01-19 15:56:58.464000,0.85977,0.85927,43,261
2023-01-19 15:56:58.514000,0.85982,0.85932,43,276
2023-01-19 15:56:58.615000,0.85972,0.85922,43,261
2023-01-19 15:56:58.666000,0.85972,0.85922,43,43
2023-01-19 15:56:58.823000,0.85977,0.85927,43,43
2023-01-19 15:56:59.136000,0.85972,0.85922,43,43
2023-01-19 15:56:59.391000,0.85967,0.85917,43,43
2023-01-19 15:56:59.533000,0.85957,0.85907,43,43
2023-01-19 15:57:00.309000,0.85962,0.85912,43,43
2023-01-19 15:57:00.592000,0.85982,0.85932,400,43
2023-01-19 15:57:00.737000,0.85982,0.85932,43,43
2023-01-19 15:57:00.832000,0.85977,0.85927,43,43
2023-01-19 15:57:01.127000,0.85982,0.85932,43,43
2023-01-19 15:57:01.251000,0.85987,0.85937,43,43
2023-01-19 15:57:03.149000,0.85982,0.85932,43,43
2023-01-19 15:57:03.363000,0.85977,0.85927,68,43
2023-01-19 15:57:03.672000,0.85972,0.85922,43,43
2023-01-19 15:57:04.166000,0.85968,0.85918,264,43
2023-01-19 15:57:04.272000,0.85962,0.85912,43,43
2023-01-19 15:57:04.768000,0.85972,0.85922,400,43
2023-01-19 15:57:04.882000,0.85972,0.85922,43,425
2023-01-19 15:57:05.006000,0.85987,0.85937,43,43
2023-01-19 15:57:05.451000,0.85982,0.85932,43,43
2023-01-19 15:57:05.874000,0.85977,0.85927,43,43
2023-01-19 15:57:06.543000,0.85967,0.85917,43,43
2023-01-19 15:57:06.793000,0.85977,0.85927,43,43
2023-01-19 15:57:07.245000,0.85982,0.85932,43,43
2023-01-19 15:57:07.379000,0.85987,0.85937,43,43
2023-01-19 15:57:08.368000,0.85982,0.85932,43,43
2023-01-19 15:57:08.519000,0.85977,0.85927,43,43
2023-01-19 15:57:09.688000,0.85982,0.85932,43,43
2023-01-19 15:57:10.336000,0.85992,0.85942,43,43
2023-01-19 15:57:10.496000,0.85987,0.85937,43,43
2023-01-19 15:57:11.216000,0.85992,0.85942,43,43
2023-01-19 15:57:11.504000,0.86007,0.85957,43,43
2023-01-19 15:57:12.355000,0.86002,0.85952,43,43
2023-01-19 15:57:12.808000,0.85997,0.85947,43,43
2023-01-19 15:57:12.973000,0.86002,0.85952,43,43
2023-01-19 15:57:13.284000,0.86012,0.85962,43,43
2023-01-19 15:57:13.997000,0.86017,0.85967,68,43
2023-01-19 15:57:14.148000,0.86007,0.85957,43,43
2023-01-19 15:57:14.252000,0.86017,0.85967,68,43
2023-01-19 15:57:14.660000,0.86012,0.85962,43,43
2023-01-19 15:57:15.458000,0.86007,0.85957,43,43
2023-01-19 15:57:15.570000,0.86012,0.85962,43,43
2023-01-19 15:57:15.778000,0.86007,0.85957,43,43
2023-01-19 15:57:16.180000,0.86012,0.85962,43,43
2023-01-19 15:57:16.926000,0.86017,0.85967,43,43
2023-01-19 15:57:17.508000,0.86012,0.85962,43,43
2023-01-19 15:57:17.796000,0.86007,0.85957,43,43
2023-01-19 15:57:20.195000,0.86012,0.85962,43,43
2023-01-19 15:57:20.522000,0.86032,0.85982,43,43
2023-01-19 15:57:20.640000,0.86037,0.85987,43,43
2023-01-19 15:57:20.809000,0.86057,0.86007,43,43
2023-01-19 15:57:20.978000,0.86062,0.86012,43,43
2023-01-19 15:57:21.391000,0.86057,0.86007,43,43
2023-01-19 15:57:22.203000,0.86062,0.86012,43,43
2023-01-19 15:57:24.230000,0.86057,0.86007,43,43
2023-01-19 15:57:24.950000,0.86067,0.86017,43,43
2023-01-19 15:57:26.139000,0.86082,0.86032,43,43
2023-01-19 15:57:26.495000,0.86077,0.86027,43,43
2023-01-19 15:57:26.776000,0.86072,0.86022,43,43
2023-01-19 15:57:27.221000,0.86067,0.86017,43,43
2023-01-19 15:57:28.195000,0.86057,0.86007,43,43
2023-01-19 15:57:29.344000,0.86062,0.86012,43,43
2023-01-19 15:57:30.191000,0.86057,0.86007,43,43
2023-01-19 15:57:30.538000,0.86062,0.86012,43,43
2023-01-19 15:57:30.707000,0.86067,0.86017,43,43
2023-01-19 15:57:31.302000,0.86077,0.86027,43,43
2023-01-19 15:57:32.028000,0.86067,0.86017,43,43
2023-01-19 15:57:32.368000,0.86062,0.86012,43,43
2023-01-19 15:57:32.946000,0.86072,0.86022,400,43
2023-01-19 15:57:33.224000,0.86072,0.86022,43,43
2023-01-19 15:57:38.272000,0.86077,0.86027,43,43
2023-01-19 15:57:39.633000,0.86072,0.86022,43,43
2023-01-19 15:57:40.205000,0.86077,0.86027,43,43
2023-01-19 15:57:40.372000,0.86072,0.86022,43,43
2023-01-19 15:57:42.515000,0.86082,0.86032,400,43
2023-01-19 15:57:42.796000,0.86082,0.86032,43,43
2023-01-19 15:57:44.166000,0.86097,0.86047,43,43
2023-01-19 15:57:44.314000,0.86102,0.86052,43,43
2023-01-19 15:57:44.936000,0.86087,0.86037,43,36
2023-01-19 15:57:45.044000,0.86087,0.86037,43,43
2023-01-19 15:57:45.292000,0.86082,0.86032,43,43
2023-01-19 15:57:45.424000,0.86077,0.86027,43,43
2023-01-19 15:57:47.717000,0.86082,0.86032,43,43
2023-01-19 15:57:47.971000,0.86069,0.86019,43,425
2023-01-19 15:57:50.329000,0.86077,0.86027,43,43
2023-01-19 15:57:51.434000,0.86087,0.86037,43,43
2023-01-19 15:57:51.954000,0.86077,0.86027,43,43
2023-01-19 15:57:52.461000,0.86087,0.86037,43,43
2023-01-19 15:57:53.272000,0.86082,0.86032,43,43
2023-01-19 15:57:53.431000,0.86077,0.86027,43,43
2023-01-19 15:57:54.735000,0.86072,0.86022,43,43
2023-01-19 15:57:55.225000,0.86077,0.86027,43,43
2023-01-19 15:57:55.391000,0.86082,0.86032,43,43
2023-01-19 15:57:55.569000,0.86087,0.86037,43,43
2023-01-19 15:57:56.727000,0.86092,0.86042,43,43
2023-01-19 15:57:57.932000,0.86087,0.86037,43,43
2023-01-19 15:57:58.176000,0.86082,0.86032,43,43
2023-01-19 15:57:59.403000,0.86072,0.86022,43,43
2023-01-19 15:58:01.333000,0.86057,0.86007,43,43
2023-01-19 15:58:01.879000,0.86077,0.86027,400,43
2023-01-19 15:58:02.007000,0.86077,0.86027,43,43
2023-01-19 15:58:02.058000,0.86082,0.86032,43,43
2023-01-19 15:58:02.653000,0.86077,0.86027,43,43
2023-01-19 15:58:02.983000,0.86082,0.86032,43,43
2023-01-19 15:58:05.385000,0.86087,0.86037,43,43
2023-01-19 15:58:05.508000,0.86082,0.86032,43,43
2023-01-19 15:58:05.742000,0.86077,0.86027,43,43
2023-01-19 15:58:06.155000,0.86072,0.86022,43,43
2023-01-19 15:58:07.386000,0.86067,0.86017,43,43
2023-01-19 15:58:09.308000,0.86072,0.86022,43,43
2023-01-19 15:58:10.435000,0.86067,0.86017,43,43
2023-01-19 15:58:10.713000,0.86062,0.86012,43,43
2023-01-19 15:58:10.905000,0.86047,0.85997,43,43
2023-01-19 15:58:11.071000,0.86057,0.86007,43,43
2023-01-19 15:58:11.174000,0.86052,0.86002,43,43
2023-01-19 15:58:11.336000,0.86047,0.85997,43,43
2023-01-19 15:58:11.676000,0.86037,0.85987,43,43
2023-01-19 15:58:13.050000,0.86042,0.85992,43,43
2023-01-19 15:58:13.159000,0.86047,0.85997,43,43
2023-01-19 15:58:13.260000,0.86067,0.86017,400,43
2023-01-19 15:58:13.340000,0.86067,0.86017,43,43
2023-01-19 15:58:14.537000,0.86097,0.86047,400,43
2023-01-19 15:58:14.931000,0.86088,0.86038,264,43
2023-01-19 15:58:15.100000,0.86087,0.86037,43,43
2023-01-19 15:58:17.360000,0.86082,0.86032,43,43
2023-01-19 15:58:17.953000,0.86087,0.86037,43,43
2023-01-19 15:58:18.265000,0.86097,0.86047,43,43
2023-01-19 15:58:19.030000,0.86102,0.86052,43,43
2023-01-19 15:58:19.181000,0.86107,0.86057,43,43
2023-01-19 15:58:19.817000,0.86102,0.86052,43,43
2023-01-19 15:58:19.969000,0.86097,0.86047,43,43
2023-01-19 15:58:20.087000,0.86102,0.86052,43,43
2023-01-19 15:58:20.385000,0.86112,0.86062,43,43
2023-01-19 15:58:20.600000,0.86107,0.86057,43,43
2023-01-19 15:58:21.468000,0.86097,0.86047,43,43
2023-01-19 15:58:23.829000,0.86102,0.86052,43,43
2023-01-19 15:58:23.960000,0.86107,0.86057,43,43
2023-01-19 15:58:26.142000,0.86102,0.86052,43,43
2023-01-19 15:58:26.268000,0.86097,0.86047,43,43
2023-01-19 15:58:26.424000,0.86092,0.86042,43,43
2023-01-19 15:58:26.750000,0.86112,0.86062,400,43
2023-01-19 15:58:26.984000,0.86112,0.86062,43,43
2023-01-19 15:58:28.747000,0.86117,0.86067,68,43
2023-01-19 15:58:29.598000,0.86112,0.86062,43,43
2023-01-19 15:58:29.927000,0.86107,0.86057,43,43
2023-01-19 15:58:32.317000,0.86102,0.86052,43,43
2023-01-19 15:58:33.428000,0.86087,0.86037,43,43
2023-01-19 15:58:33.623000,0.86097,0.86047,68,43
2023-01-19 15:58:34.632000,0.86087,0.86037,43,43
2023-01-19 15:58:35.514000,0.86097,0.86047,43,43
2023-01-19 15:58:36.010000,0.86092,0.86042,43,43
2023-01-19 15:58:36.111000,0.86087,0.86037,43,43
2023-01-19 15:58:36.252000,0.86082,0.86032,43,43
2023-01-19 15:58:39.338000,0.86087,0.86037,43,43
2023-01-19 15:58:39.454000,0.86092,0.86042,43,43
2023-01-19 15:58:39.705000,0.86097,0.86047,43,43
2023-01-19 15:58:39.854000,0.86087,0.86037,43,43
2023-01-19 15:58:40.495000,0.86082,0.86032,43,43
2023-01-19 15:58:41.192000,0.86087,0.86037,43,43
2023-01-19 15:58:41.828000,0.86092,0.86042,43,43
2023-01-19 15:58:42.461000,0.86087,0.86037,43,43
2023-01-19 15:58:43.932000,0.86082,0.86032,43,43
2023-01-19 15:58:46.357000,0.86092,0.86042,43,43
2023-01-19 15:58:47.578000,0.86079,0.86029,43,425
2023-01-19 15:58:48.447000,0.86069,0.86019,43,425
2023-01-19 15:58:48.598000,0.86062,0.86012,43,43
2023-01-19 15:58:49.351000,0.86057,0.86007,43,43
2023-01-19 15:58:49.696000,0.86062,0.86012,43,43
2023-01-19 15:58:49.805000,0.86057,0.86007,43,43
2023-01-19 15:58:49.962000,0.86062,0.86012,43,43
2023-01-19 15:58:51.084000,0.86057,0.86007,43,43
2023-01-19 15:58:53.238000,0.86052,0.86002,43,43
2023-01-19 15:58:55.163000,0.86057,0.86007,43,43
2023-01-19 15:58:56.714000,0.86052,0.86002,43,43
2023-01-19 15:58:57.872000,0.86057,0.86007,68,43
2023-01-19 15:58:58.139000,0.86052,0.86002,43,43
2023-01-19 15:58:59.117000,0.86057,0.86007,43,43
2023-01-19 15:58:59.831000,0.86047,0.85997,43,43
2023-01-19 15:59:00.542000,0.86052,0.86002,43,43
2023-01-19 15:59:01.203000,0.86072,0.86022,400,43
2023-01-19 15:59:01.311000,0.86082,0.86032,400,43
2023-01-19 15:59:01.361000,0.86057,0.86007,43,43
2023-01-19 15:59:01.412000,0.86072,0.86022,43,6
2023-01-19 15:59:01.524000,0.86052,0.86002,43,261
2023-01-19 15:59:01.574000,0.86052,0.86002,43,43
2023-01-19 15:59:01.956000,0.86057,0.86007,43,43
2023-01-19 15:59:02.352000,0.86047,0.85997,43,43
2023-01-19 15:59:02.634000,0.86052,0.86002,43,43
2023-01-19 15:59:03.255000,0.86047,0.85997,43,43
2023-01-19 15:59:03.595000,0.86057,0.86007,43,43
2023-01-19 15:59:03.961000,0.86052,0.86002,43,43
2023-01-19 15:59:05.196000,0.86057,0.86007,43,43
2023-01-19 15:59:05.334000,0.86067,0.86017,43,43
2023-01-19 15:59:06.140000,0.86062,0.86012,43,43
2023-01-19 15:59:06.397000,0.86067,0.86017,43,43
2023-01-19 15:59:06.725000,0.86072,0.86022,43,43
2023-01-19 15:59:07.045000,0.86059,0.86009,43,425
2023-01-19 15:59:07.150000,0.86047,0.85997,43,261
2023-01-19 15:59:07.226000,0.86047,0.85997,43,43
2023-01-19 15:59:07.511000,0.86042,0.85992,43,43
2023-01-19 15:59:07.700000,0.86047,0.85997,43,43
2023-01-19 15:59:07.835000,0.86037,0.85987,43,43
2023-01-19 15:59:07.948000,0.86047,0.85997,43,43
2023-01-19 15:59:08.919000,0.86052,0.86002,43,43
2023-01-19 15:59:09.070000,0.86047,0.85997,43,43
2023-01-19 15:59:09.797000,0.86057,0.86007,43,43
2023-01-19 15:59:10.601000,0.86047,0.85997,43,43
2023-01-19 15:59:13.462000,0.86042,0.85992,43,43
2023-01-19 15:59:14.851000,0.86037,0.85987,43,43
2023-01-19 15:59:15.622000,0.86027,0.85977,43,43
2023-01-19 15:59:17.078000,0.86032,0.85982,43,43
2023-01-19 15:59:17.179000,0.86037,0.85987,43,43
2023-01-19 15:59:19.811000,0.86027,0.85977,43,43
2023-01-19 15:59:22.375000,0.86018,0.85968,264,43
2023-01-19 15:59:22.656000,0.86012,0.85962,43,43
2023-01-19 15:59:23.361000,0.86007,0.85957,43,43
2023-01-19 15:59:24.027000,0.86012,0.85962,43,43
2023-01-19 15:59:24.358000,0.86007,0.85957,43,43
2023-01-19 15:59:24.469000,0.86012,0.85962,43,43
2023-01-19 15:59:24.697000,0.86017,0.85967,43,43
2023-01-19 15:59:24.864000,0.86022,0.85972,43,43
2023-01-19 15:59:25.140000,0.86017,0.85967,43,43
2023-01-19 15:59:25.705000,0.86027,0.85977,43,43
2023-01-19 15:59:27.420000,0.86032,0.85982,43,43
2023-01-19 15:59:27.930000,0.86027,0.85977,43,43
2023-01-19 15:59:31.468000,0.86032,0.85982,43,43
2023-01-19 15:59:31.699000,0.86037,0.85987,43,43
2023-01-19 15:59:32.548000,0.86028,0.85978,264,43
2023-01-19 15:59:32.663000,0.86022,0.85972,43,43
2023-01-19 15:59:33.447000,0.86018,0.85968,264,43
2023-01-19 15:59:33.545000,0.86012,0.85962,43,43
2023-01-19 15:59:34.767000,0.86007,0.85957,43,67
2023-01-19 15:59:34.909000,0.86012,0.85962,43,43
2023-01-19 15:59:36.758000,0.86007,0.85957,43,43
2023-01-19 15:59:38.400000,0.86002,0.85952,43,43
2023-01-19 15:59:39.289000,0.85997,0.85947,43,68
2023-01-19 15:59:39.562000,0.85992,0.85942,43,43
2023-01-19 15:59:41.529000,0.86002,0.85952,400,43
2023-01-19 15:59:41.701000,0.86002,0.85952,43,43
2023-01-19 15:59:42.074000,0.86007,0.85957,43,43
2023-01-19 15:59:43.437000,0.86002,0.85952,43,43
2023-01-19 15:59:44.564000,0.86012,0.85962,400,43
2023-01-19 15:59:44.676000,0.86012,0.85962,43,43
2023-01-19 15:59:46.131000,0.86017,0.85967,43,43
2023-01-19 15:59:46.906000,0.86012,0.85962,43,43
2023-01-19 15:59:48.329000,0.86007,0.85957,68,43
2023-01-19 15:59:48.801000,0.86002,0.85952,43,43
2023-01-19 15:59:49.399000,0.85997,0.85947,43,43
2023-01-19 15:59:50.143000,0.86002,0.85952,43,43
2023-01-19 15:59:50.557000,0.86012,0.85962,400,43
2023-01-19 15:59:50.658000,0.86012,0.85962,43,43
2023-01-19 15:59:51.364000,0.86007,0.85957,43,43
2023-01-19 15:59:52.176000,0.85997,0.85947,43,43
2023-01-19 15:59:52.386000,0.86002,0.85952,43,43
2023-01-19 15:59:52.935000,0.85987,0.85937,43,36
2023-01-19 15:59:53.001000,0.85987,0.85937,43,43
2023-01-19 15:59:53.058000,0.85982,0.85932,43,43
2023-01-19 15:59:53.220000,0.85977,0.85927,43,43
2023-01-19 15:59:53.398000,0.85987,0.85937,43,43
2023-01-19 15:59:53.983000,0.85982,0.85932,43,43
2023-01-19 15:59:55.479000,0.85992,0.85942,400,43
2023-01-19 15:59:55.841000,0.85992,0.85942,43,43
2023-01-19 15:59:57.143000,0.86007,0.85957,43,43
2023-01-19 16:00:00.183000,0.86002,0.85952,43,43
2023-01-19 16:00:00.616000,0.86007,0.85957,43,43
2023-01-19 16:00:01.084000,0.86012,0.85962,43,43
2023-01-19 16:00:04.594000,0.86027,0.85977,400,43
2023-01-19 16:00:04.702000,0.86037,0.85987,427,43
2023-01-19 16:00:04.803000,0.86037,0.85987,68,43
2023-01-19 16:00:04.853000,0.86062,0.86012,400,43
2023-01-19 16:00:04.933000,0.86057,0.86007,400,43
2023-01-19 16:00:05.083000,0.86057,0.86007,43,43
2023-01-19 16:00:05.328000,0.86062,0.86012,43,43
2023-01-19 16:00:05.463000,0.86057,0.86007,43,43
2023-01-19 16:00:05.844000,0.86052,0.86002,43,43
2023-01-19 16:00:05.992000,0.86057,0.86007,43,43
2023-01-19 16:00:06.143000,0.86052,0.86002,43,43
2023-01-19 16:00:06.534000,0.86057,0.86007,43,43
2023-01-19 16:00:06.758000,0.86067,0.86017,43,43
2023-01-19 16:00:07.273000,0.86072,0.86022,43,43
2023-01-19 16:00:07.464000,0.86067,0.86017,43,43
2023-01-19 16:00:09.094000,0.86062,0.86012,43,43
2023-01-19 16:00:09.230000,0.86052,0.86002,43,43
2023-01-19 16:00:09.449000,0.86047,0.85997,43,43
2023-01-19 16:00:10.151000,0.86052,0.86002,43,43
2023-01-19 16:00:10.276000,0.86047,0.85997,43,43
2023-01-19 16:00:10.603000,0.86057,0.86007,43,43
2023-01-19 16:00:11.169000,0.86052,0.86002,43,43
2023-01-19 16:00:11.436000,0.86047,0.85997,43,43
2023-01-19 16:00:12.823000,0.86057,0.86007,43,43
2023-01-19 16:00:13.714000,0.86067,0.86017,43,43
2023-01-19 16:00:13.816000,0.86072,0.86022,43,43
2023-01-19 16:00:13.917000,0.86078,0.86028,264,43
2023-01-19 16:00:14.045000,0.86082,0.86032,400,43
2023-01-19 16:00:14.163000,0.86087,0.86037,43,43
2023-01-19 16:00:15.037000,0.86082,0.86032,43,43
2023-01-19 16:00:15.270000,0.86092,0.86042,43,43
2023-01-19 16:00:18.006000,0.86097,0.86047,43,43
2023-01-19 16:00:18.150000,0.86107,0.86057,43,43
2023-01-19 16:00:18.676000,0.86102,0.86052,43,43
2023-01-19 16:00:18.808000,0.86112,0.86062,400,43
2023-01-19 16:00:18.946000,0.86112,0.86062,43,43
2023-01-19 16:00:19.095000,0.86107,0.86057,43,43
2023-01-19 16:00:21.138000,0.86102,0.86052,43,43
2023-01-19 16:00:21.872000,0.86107,0.86057,43,43
2023-01-19 16:00:22.565000,0.86112,0.86062,43,43
2023-01-19 16:00:22.666000,0.86117,0.86067,43,43
2023-01-19 16:00:22.767000,0.86137,0.86087,400,43
2023-01-19 16:00:22.902000,0.86122,0.86072,43,43
2023-01-19 16:00:23.002000,0.86127,0.86077,43,43
2023-01-19 16:00:23.151000,0.86122,0.86072,43,43
2023-01-19 16:00:23.311000,0.86117,0.86067,43,43
2023-01-19 16:00:23.836000,0.86122,0.86072,43,43
2023-01-19 16:00:23.959000,0.86117,0.86067,43,43
2023-01-19 16:00:24.553000,0.86122,0.86072,43,43
2023-01-19 16:00:26.101000,0.86117,0.86067,43,43
2023-01-19 16:00:27.769000,0.86112,0.86062,43,43
2023-01-19 16:00:27.906000,0.86117,0.86067,43,43
2023-01-19 16:00:28.185000,0.86112,0.86062,43,43
2023-01-19 16:00:28.710000,0.86117,0.86067,43,43
2023-01-19 16:00:30.101000,0.86122,0.86072,43,43
2023-01-19 16:00:31.044000,0.86127,0.86077,43,43
2023-01-19 16:00:31.908000,0.86122,0.86072,43,43
2023-01-19 16:00:32.145000,0.86108,0.86058,264,43
2023-01-19 16:00:32.195000,0.86102,0.86052,43,43
2023-01-19 16:00:32.306000,0.86087,0.86037,43,36
2023-01-19 16:00:32.357000,0.86087,0.86037,43,43
2023-01-19 16:00:32.636000,0.86092,0.86042,43,43
2023-01-19 16:00:32.974000,0.86087,0.86037,43,43
2023-01-19 16:00:33.278000,0.86097,0.86047,43,43
2023-01-19 16:00:33.589000,0.86092,0.86042,43,43
2023-01-19 16:00:34.126000,0.86087,0.86037,43,43
2023-01-19 16:00:34.531000,0.86077,0.86027,43,43
2023-01-19 16:00:35.084000,0.86082,0.86032,43,43
2023-01-19 16:00:35.185000,0.86102,0.86052,400,43
2023-01-19 16:00:35.330000,0.86107,0.86057,43,43
2023-01-19 16:00:35.548000,0.86112,0.86062,43,43
2023-01-19 16:00:35.708000,0.86107,0.86057,43,43
2023-01-19 16:00:36.875000,0.86099,0.86049,43,425
2023-01-19 16:00:37.518000,0.86107,0.86057,43,43
2023-01-19 16:00:37.997000,0.86112,0.86062,43,43
2023-01-19 16:00:38.151000,0.86107,0.86057,43,43
2023-01-19 16:00:38.316000,0.86117,0.86067,43,43
2023-01-19 16:00:38.653000,0.86122,0.86072,43,43
2023-01-19 16:00:38.804000,0.86127,0.86077,43,43
2023-01-19 16:00:39.671000,0.86122,0.86072,43,43
2023-01-19 16:00:40.137000,0.86117,0.86067,43,43
2023-01-19 16:00:40.948000,0.86122,0.86072,43,43
2023-01-19 16:00:41.212000,0.86117,0.86067,43,43
2023-01-19 16:00:41.698000,0.86112,0.86062,43,43
2023-01-19 16:00:42.108000,0.86107,0.86057,43,43
2023-01-19 16:00:42.604000,0.86117,0.86067,43,43
2023-01-19 16:00:42.834000,0.86127,0.86077,43,43
2023-01-19 16:00:43.680000,0.86117,0.86067,43,68
2023-01-19 16:00:43.884000,0.86107,0.86057,43,43
2023-01-19 16:00:44.409000,0.86117,0.86067,43,43
2023-01-19 16:00:44.510000,0.86107,0.86057,43,43
2023-01-19 16:00:44.970000,0.86122,0.86072,43,43
2023-01-19 16:00:45.071000,0.86127,0.86077,43,43
2023-01-19 16:00:46.465000,0.86132,0.86082,43,43
2023-01-19 16:00:46.722000,0.86137,0.86087,43,43
2023-01-19 16:00:47.052000,0.86127,0.86077,43,43
2023-01-19 16:00:47.463000,0.86122,0.86072,43,43
2023-01-19 16:00:47.819000,0.86117,0.86067,43,67
2023-01-19 16:00:50.151000,0.86122,0.86072,43,43
2023-01-19 16:00:51.164000,0.86117,0.86067,43,68
2023-01-19 16:00:51.617000,0.86122,0.86072,43,43
2023-01-19 16:00:52.147000,0.86117,0.86067,43,67
2023-01-19 16:00:52.485000,0.86122,0.86072,43,43
2023-01-19 16:00:52.704000,0.86137,0.86087,43,43
2023-01-19 16:00:55.344000,0.86142,0.86092,43,43
2023-01-19 16:00:55.556000,0.86137,0.86087,43,43
2023-01-19 16:00:56.070000,0.86132,0.86082,43,43
2023-01-19 16:00:56.186000,0.86137,0.86087,43,43
2023-01-19 16:00:58.002000,0.86132,0.86082,43,43
2023-01-19 16:00:58.111000,0.86137,0.86087,43,43
2023-01-19 16:01:00.051000,0.86142,0.86092,43,43
2023-01-19 16:01:00.205000,0.86137,0.86087,43,43
2023-01-19 16:01:00.356000,0.86142,0.86092,43,43
2023-01-19 16:01:00.701000,0.86147,0.86097,43,43
2023-01-19 16:01:03.498000,0.86152,0.86102,43,43
2023-01-19 16:01:04.005000,0.86162,0.86112,400,43
2023-01-19 16:01:04.148000,0.86177,0.86127,400,43
2023-01-19 16:01:04.199000,0.86177,0.86127,43,43
2023-01-19 16:01:04.263000,0.86182,0.86132,43,43
2023-01-19 16:01:04.487000,0.86187,0.86137,43,43
2023-01-19 16:01:05.368000,0.86182,0.86132,43,43
2023-01-19 16:01:05.961000,0.86187,0.86137,43,43
2023-01-19 16:01:08.039000,0.86192,0.86142,43,43
2023-01-19 16:01:09.159000,0.86187,0.86137,43,43
2023-01-19 16:01:09.593000,0.86192,0.86142,43,43
2023-01-19 16:01:09.937000,0.86202,0.86152,43,43
2023-01-19 16:01:10.190000,0.86197,0.86147,43,43
2023-01-19 16:01:10.561000,0.86202,0.86152,43,43
2023-01-19 16:01:10.691000,0.86207,0.86157,43,43
2023-01-19 16:01:10.850000,0.86202,0.86152,43,43
2023-01-19 16:01:11.180000,0.86197,0.86147,43,43
2023-01-19 16:01:11.841000,0.86202,0.86152,43,43
2023-01-19 16:01:12.362000,0.86187,0.86137,43,36
2023-01-19 16:01:12.412000,0.86187,0.86137,43,43
2023-01-19 16:01:14.611000,0.86192,0.86142,43,43
2023-01-19 16:01:15.705000,0.86207,0.86157,400,67
2023-01-19 16:01:15.816000,0.86207,0.86157,43,67
2023-01-19 16:01:15.948000,0.86197,0.86147,43,43
2023-01-19 16:01:16.271000,0.86192,0.86142,43,43
2023-01-19 16:01:16.852000,0.86188,0.86138,264,43
2023-01-19 16:01:17.004000,0.86187,0.86137,43,67
2023-01-19 16:01:17.641000,0.86192,0.86142,43,43
2023-01-19 16:01:17.993000,0.86197,0.86147,43,43
2023-01-19 16:01:21.212000,0.86202,0.86152,43,43
2023-01-19 16:01:21.356000,0.86207,0.86157,43,43
2023-01-19 16:01:22.323000,0.86212,0.86162,43,43
2023-01-19 16:01:22.821000,0.86207,0.86157,43,43
2023-01-19 16:01:23.131000,0.86212,0.86162,43,43
2023-01-19 16:01:23.924000,0.86217,0.86167,43,43
2023-01-19 16:01:24.046000,0.86212,0.86162,43,43
2023-01-19 16:01:25.165000,0.86217,0.86167,43,43
2023-01-19 16:01:25.315000,0.86212,0.86162,43,43
2023-01-19 16:01:25.431000,0.86197,0.86147,43,36
2023-01-19 16:01:25.526000,0.86197,0.86147,43,43
2023-01-19 16:01:25.576000,0.86192,0.86142,43,43
2023-01-19 16:01:25.955000,0.86179,0.86129,43,457
2023-01-19 16:01:26.945000,0.86187,0.86137,43,67
2023-01-19 16:01:27.513000,0.86192,0.86142,43,43
2023-01-19 16:01:28.678000,0.86197,0.86147,43,43
2023-01-19 16:01:28.872000,0.86192,0.86142,43,43
2023-01-19 16:01:29.338000,0.86179,0.86129,43,425
2023-01-19 16:01:29.439000,0.86167,0.86117,43,43
2023-01-19 16:01:29.709000,0.86172,0.86122,43,43
2023-01-19 16:01:29.823000,0.86187,0.86137,427,43
2023-01-19 16:01:29.877000,0.86187,0.86137,68,43
2023-01-19 16:01:30.025000,0.86182,0.86132,43,43
2023-01-19 16:01:30.475000,0.86187,0.86137,43,43
2023-01-19 16:01:30.724000,0.86182,0.86132,43,43
2023-01-19 16:01:31.145000,0.86177,0.86127,43,43
2023-01-19 16:01:31.649000,0.86187,0.86137,43,43
2023-01-19 16:01:32.124000,0.86182,0.86132,43,43
2023-01-19 16:01:32.841000,0.86187,0.86137,43,43
2023-01-19 16:01:33.552000,0.86192,0.86142,43,43
2023-01-19 16:01:33.703000,0.86197,0.86147,43,67
2023-01-19 16:01:33.816000,0.86202,0.86152,43,43
2023-01-19 16:01:34.860000,0.86189,0.86139,43,425
2023-01-19 16:01:35.020000,0.86197,0.86147,43,43
2023-01-19 16:01:35.131000,0.86192,0.86142,43,43
2023-01-19 16:01:35.317000,0.86162,0.86112,43,261
2023-01-19 16:01:35.416000,0.86162,0.86112,43,43
2023-01-19 16:01:35.467000,0.86167,0.86117,43,43
2023-01-19 16:01:40.068000,0.86177,0.86127,43,43
2023-01-19 16:01:43.728000,0.86172,0.86122,43,43
2023-01-19 16:01:44.484000,0.86177,0.86127,68,43
2023-01-19 16:01:44.887000,0.86172,0.86122,43,43
2023-01-19 16:01:45.606000,0.86168,0.86118,264,43
2023-01-19 16:01:45.754000,0.86162,0.86112,43,43
2023-01-19 16:01:46.607000,0.86149,0.86099,43,425
2023-01-19 16:01:46.722000,0.86147,0.86097,43,43
2023-01-19 16:01:46.880000,0.86152,0.86102,43,43
2023-01-19 16:01:47.218000,0.86147,0.86097,43,43
2023-01-19 16:01:47.685000,0.86152,0.86102,43,43
2023-01-19 16:01:48.848000,0.86142,0.86092,43,43
2023-01-19 16:01:49.610000,0.86147,0.86097,43,43
2023-01-19 16:01:50.029000,0.86152,0.86102,43,43
2023-01-19 16:01:53.288000,0.86147,0.86097,43,43
2023-01-19 16:01:53.471000,0.86142,0.86092,43,43
2023-01-19 16:01:53.829000,0.86137,0.86087,43,43
2023-01-19 16:01:54.792000,0.86132,0.86082,43,43
2023-01-19 16:01:55.892000,0.86127,0.86077,68,43
2023-01-19 16:01:56.142000,0.86132,0.86082,43,43
2023-01-19 16:01:56.342000,0.86137,0.86087,43,43
2023-01-19 16:01:56.570000,0.86142,0.86092,43,43
2023-01-19 16:01:56.719000,0.86147,0.86097,43,43
2023-01-19 16:01:59.155000,0.86152,0.86102,43,43
2023-01-19 16:02:00.189000,0.86139,0.86089,43,425
2023-01-19 16:02:00.299000,0.86147,0.86097,43,43
2023-01-19 16:02:01.739000,0.86137,0.86087,43,43
2023-01-19 16:02:02.057000,0.86147,0.86097,43,43
2023-01-19 16:02:02.384000,0.86152,0.86102,43,43
2023-01-19 16:02:03.965000,0.86147,0.86097,43,43
2023-01-19 16:02:04.163000,0.86152,0.86102,43,43
2023-01-19 16:02:05.364000,0.86157,0.86107,43,43
2023-01-19 16:02:06.156000,0.86152,0.86102,43,43
2023-01-19 16:02:07.259000,0.86162,0.86112,400,43
2023-01-19 16:02:07.360000,0.86162,0.86112,43,43
2023-01-19 16:02:08.609000,0.86157,0.86107,43,43
2023-01-19 16:02:08.727000,0.86162,0.86112,43,43
2023-01-19 16:02:08.994000,0.86167,0.86117,43,43
2023-01-19 16:02:09.498000,0.86172,0.86122,43,43
2023-01-19 16:02:09.765000,0.86177,0.86127,43,43
2023-01-19 16:02:09.889000,0.86172,0.86122,43,43
2023-01-19 16:02:11.194000,0.86167,0.86117,43,67
2023-01-19 16:02:12.045000,0.86172,0.86122,43,43
2023-01-19 16:02:13.138000,0.86167,0.86117,43,68
2023-01-19 16:02:13.481000,0.86177,0.86127,43,43
2023-01-19 16:02:18.438000,0.86182,0.86132,43,43
2023-01-19 16:02:18.627000,0.86197,0.86147,400,43
2023-01-19 16:02:18.891000,0.86197,0.86147,43,43
2023-01-19 16:02:20.423000,0.86192,0.86142,43,43
2023-01-19 16:02:20.778000,0.86187,0.86137,43,43
2023-01-19 16:02:22.190000,0.86192,0.86142,43,43
2023-01-19 16:02:23.107000,0.86179,0.86129,43,425
2023-01-19 16:02:23.247000,0.86177,0.86127,43,43
2023-01-19 16:02:23.359000,0.86172,0.86122,43,43
2023-01-19 16:02:23.511000,0.86168,0.86118,264,43
2023-01-19 16:02:23.562000,0.86162,0.86112,43,43
2023-01-19 16:02:24.226000,0.86167,0.86117,43,43
2023-01-19 16:02:24.935000,0.86172,0.86122,43,43
2023-01-19 16:02:25.162000,0.86177,0.86127,43,43
2023-01-19 16:02:26.154000,0.86172,0.86122,43,43
2023-01-19 16:02:26.362000,0.86167,0.86117,43,43
2023-01-19 16:02:28.343000,0.86162,0.86112,43,43
2023-01-19 16:02:29.362000,0.86167,0.86117,43,43
2023-01-19 16:02:30.371000,0.86146,0.86096,43,6
2023-01-19 16:02:30.422000,0.86146,0.86092,43,6
2023-01-19 16:02:30.568000,0.86102,0.86052,43,425
2023-01-19 16:02:30.669000,0.86127,0.86077,43,43
2023-01-19 16:02:31.028000,0.86122,0.86072,43,43
2023-01-19 16:02:31.141000,0.86127,0.86077,43,43
2023-01-19 16:02:31.564000,0.86132,0.86082,43,43
2023-01-19 16:02:32.094000,0.86137,0.86087,68,43
2023-01-19 16:02:32.240000,0.86142,0.86092,43,43
2023-01-19 16:02:32.424000,0.86137,0.86087,43,43
2023-01-19 16:02:32.771000,0.86142,0.86092,43,43
2023-01-19 16:02:33.090000,0.86137,0.86087,43,43
2023-01-19 16:02:33.828000,0.86132,0.86082,43,43
2023-01-19 16:02:34.915000,0.86137,0.86087,68,43
2023-01-19 16:02:35.143000,0.86152,0.86102,43,43
2023-01-19 16:02:35.325000,0.86157,0.86107,68,43
2023-01-19 16:02:35.571000,0.86152,0.86102,43,43
2023-01-19 16:02:35.840000,0.86139,0.86089,43,425
2023-01-19 16:02:37.772000,0.86152,0.86102,43,43
2023-01-19 16:02:38.242000,0.86157,0.86107,43,43
2023-01-19 16:02:41.565000,0.86152,0.86102,43,43
2023-01-19 16:02:41.666000,0.86157,0.86107,43,43
2023-01-19 16:02:43.446000,0.86167,0.86117,68,43
2023-01-19 16:02:44.084000,0.86162,0.86112,43,43
2023-01-19 16:02:44.305000,0.86158,0.86108,264,43
2023-01-19 16:02:45.085000,0.86152,0.86102,43,43
2023-01-19 16:02:45.382000,0.86162,0.86112,43,43
2023-01-19 16:02:45.661000,0.86157,0.86107,68,43
2023-01-19 16:02:46.148000,0.86162,0.86112,43,43
2023-01-19 16:02:46.299000,0.86157,0.86107,43,43
2023-01-19 16:02:46.806000,0.86168,0.86092,352,368
2023-01-19 16:02:46.856000,0.86146,0.86092,43,6
2023-01-19 16:02:46.957000,0.86168,0.86092,352,6
2023-01-19 16:02:47.078000,0.86098,0.86048,264,43
2023-01-19 16:02:47.144000,0.86097,0.86047,43,43
2023-01-19 16:02:47.325000,0.86112,0.86062,400,43
2023-01-19 16:02:47.555000,0.86112,0.86062,43,43
2023-01-19 16:02:47.810000,0.86107,0.86057,68,43
2023-01-19 16:02:48.380000,0.86112,0.86062,43,43
2023-01-19 16:02:48.493000,0.86107,0.86057,68,43
2023-01-19 16:02:48.655000,0.86102,0.86052,43,43
2023-01-19 16:02:48.853000,0.86092,0.86042,43,43
2023-01-19 16:02:48.954000,0.86072,0.86022,43,425
2023-01-19 16:02:50.453000,0.86077,0.86027,43,43
2023-01-19 16:02:50.610000,0.86072,0.86022,43,43
2023-01-19 16:02:50.871000,0.86077,0.86027,43,43
2023-01-19 16:02:50.982000,0.86072,0.86022,43,43
2023-01-19 16:02:51.566000,0.86077,0.86027,43,43
2023-01-19 16:02:51.876000,0.86072,0.86022,43,43
2023-01-19 16:02:52.635000,0.86077,0.86027,43,43
2023-01-19 16:02:52.960000,0.86072,0.86022,43,43
2023-01-19 16:02:53.086000,0.86067,0.86017,43,43
2023-01-19 16:02:53.237000,0.86057,0.86007,43,43
2023-01-19 16:02:53.547000,0.86062,0.86012,43,43
2023-01-19 16:02:53.877000,0.86057,0.86007,43,43
2023-01-19 16:02:54.107000,0.86047,0.85997,43,43
2023-01-19 16:02:54.696000,0.86012,0.85962,43,261
2023-01-19 16:02:54.748000,0.86012,0.85962,43,43
2023-01-19 16:02:55.047000,0.86017,0.85967,43,43
2023-01-19 16:02:55.705000,0.86022,0.85972,43,276
2023-01-19 16:02:55.756000,0.86037,0.85987,68,43
2023-01-19 16:02:55.806000,0.86047,0.85997,43,43
2023-01-19 16:02:56.602000,0.86057,0.86007,68,43
2023-01-19 16:02:57.181000,0.86047,0.85997,43,43
2023-01-19 16:02:57.511000,0.86057,0.86007,43,43
2023-01-19 16:02:59.994000,0.86052,0.86002,43,43
2023-01-19 16:03:00.198000,0.86039,0.85989,43,425
2023-01-19 16:03:00.522000,0.86052,0.86002,400,43
2023-01-19 16:03:00.643000,0.86047,0.85997,43,43
2023-01-19 16:03:01.056000,0.86057,0.86007,43,43
2023-01-19 16:03:01.191000,0.86052,0.86002,43,43
2023-01-19 16:03:01.806000,0.86057,0.86007,68,43
2023-01-19 16:03:03.620000,0.86077,0.86027,400,43
2023-01-19 16:03:03.671000,0.86077,0.86027,43,43
2023-01-19 16:03:04.498000,0.86059,0.86009,43,425
2023-01-19 16:03:04.895000,0.86067,0.86017,43,43
2023-01-19 16:03:06.264000,0.86077,0.86027,43,43
2023-01-19 16:03:07.262000,0.86087,0.86037,43,43
2023-01-19 16:03:09.146000,0.86107,0.86057,43,43
2023-01-19 16:03:09.395000,0.86089,0.86039,43,425
2023-01-19 16:03:09.496000,0.86097,0.86047,68,43
2023-01-19 16:03:09.911000,0.86108,0.86032,352,368
2023-01-19 16:03:09.962000,0.86086,0.86032,43,6
2023-01-19 16:03:10.049000,0.86108,0.86032,352,6
2023-01-19 16:03:10.189000,0.86042,0.85992,43,43
2023-01-19 16:03:10.336000,0.86022,0.85972,43,261
2023-01-19 16:03:10.387000,0.86022,0.85972,43,425
2023-01-19 16:03:10.437000,0.86032,0.85982,43,43
2023-01-19 16:03:10.836000,0.86028,0.85978,264,43
2023-01-19 16:03:11.046000,0.86032,0.85982,43,43
2023-01-19 16:03:11.327000,0.86037,0.85987,43,43
2023-01-19 16:03:11.431000,0.86042,0.85992,43,43
2023-01-19 16:03:12.124000,0.86047,0.85997,43,43
2023-01-19 16:03:14.144000,0.86052,0.86002,43,43
2023-01-19 16:03:14.250000,0.86062,0.86012,400,43
2023-01-19 16:03:14.363000,0.86062,0.86012,43,425
2023-01-19 16:03:14.718000,0.86072,0.86022,43,43
2023-01-19 16:03:14.924000,0.86068,0.86018,264,43
2023-01-19 16:03:15.025000,0.86057,0.86007,43,43
2023-01-19 16:03:15.749000,0.86067,0.86017,43,43
2023-01-19 16:03:17.111000,0.86057,0.86007,43,43
2023-01-19 16:03:18.726000,0.86052,0.86002,43,43
2023-01-19 16:03:18.984000,0.86047,0.85997,43,43
2023-01-19 16:03:19.780000,0.86057,0.86007,43,43
2023-01-19 16:03:20.021000,0.86052,0.86002,43,43
2023-01-19 16:03:20.337000,0.86057,0.86007,43,43
2023-01-19 16:03:21.208000,0.86052,0.86002,43,43
2023-01-19 16:03:21.510000,0.86057,0.86007,43,43
2023-01-19 16:03:24.049000,0.86052,0.86002,43,43
2023-01-19 16:03:24.252000,0.86057,0.86007,43,43
2023-01-19 16:03:24.387000,0.86052,0.86002,43,43
2023-01-19 16:03:27.584000,0.86057,0.86007,43,43
2023-01-19 16:03:27.885000,0.86052,0.86002,43,43
2023-01-19 16:03:28.479000,0.86057,0.86007,43,43
2023-01-19 16:03:28.609000,0.86052,0.86002,43,43
2023-01-19 16:03:29.652000,0.86057,0.86007,43,43
2023-01-19 16:03:29.864000,0.86039,0.85989,43,425
2023-01-19 16:03:30.352000,0.86047,0.85997,43,43
2023-01-19 16:03:32.037000,0.86037,0.85987,43,43
2023-01-19 16:03:32.522000,0.86027,0.85977,43,43
2023-01-19 16:03:34.600000,0.86022,0.85972,43,43
2023-01-19 16:03:36.136000,0.86027,0.85977,43,43
2023-01-19 16:03:36.576000,0.86022,0.85972,43,43
2023-01-19 16:03:37.210000,0.86027,0.85977,43,43
2023-01-19 16:03:38.310000,0.86047,0.85997,400,43
2023-01-19 16:03:38.446000,0.86047,0.85997,43,43
2023-01-19 16:03:38.497000,0.86042,0.85992,43,43
2023-01-19 16:03:39.112000,0.86032,0.85982,43,43
2023-01-19 16:03:39.237000,0.86037,0.85987,43,43
2023-01-19 16:03:40.511000,0.86047,0.85997,43,43
2023-01-19 16:03:42.409000,0.86057,0.86007,43,43
2023-01-19 16:03:43.223000,0.86052,0.86002,43,43
2023-01-19 16:03:43.483000,0.86062,0.86012,43,43
2023-01-19 16:03:45.505000,0.86049,0.85999,43,425
2023-01-19 16:03:46.315000,0.86062,0.86012,43,43
2023-01-19 16:03:46.907000,0.86057,0.86007,43,43
2023-01-19 16:03:47.362000,0.86052,0.86002,43,43
2023-01-19 16:03:48.162000,0.86042,0.85992,43,43
2023-01-19 16:03:48.287000,0.86047,0.85997,43,43
2023-01-19 16:03:48.687000,0.86057,0.86007,68,43
2023-01-19 16:03:49.137000,0.86047,0.85997,43,43
2023-01-19 16:03:49.838000,0.86037,0.85987,43,43
2023-01-19 16:03:51.491000,0.86042,0.85992,43,276
2023-01-19 16:03:51.582000,0.86052,0.86002,43,43
2023-01-19 16:03:51.803000,0.86067,0.86017,43,43
2023-01-19 16:03:52.504000,0.86057,0.86007,43,43
2023-01-19 16:03:52.762000,0.86067,0.86017,43,43
2023-01-19 16:03:53.481000,0.86062,0.86012,43,43
2023-01-19 16:03:53.633000,0.86067,0.86017,43,43
2023-01-19 16:03:53.963000,0.86062,0.86012,43,43
2023-01-19 16:03:54.390000,0.86057,0.86007,43,43
2023-01-19 16:03:55.223000,0.86062,0.86012,43,43
2023-01-19 16:03:55.381000,0.86057,0.86007,43,43
2023-01-19 16:03:55.550000,0.86062,0.86012,43,43
2023-01-19 16:03:56.606000,0.86067,0.86017,43,43
2023-01-19 16:03:57.148000,0.86078,0.86002,352,6
2023-01-19 16:03:57.432000,0.85967,0.85917,43,43
2023-01-19 16:03:57.561000,0.85959,0.85909,43,425
2023-01-19 16:03:57.662000,0.85967,0.85917,68,43
2023-01-19 16:03:57.779000,0.85962,0.85912,43,43
2023-01-19 16:03:57.977000,0.85957,0.85907,43,43
2023-01-19 16:03:58.091000,0.85952,0.85902,43,43
2023-01-19 16:03:58.257000,0.85962,0.85912,400,43
2023-01-19 16:03:58.387000,0.85977,0.85927,427,43
2023-01-19 16:03:58.438000,0.85977,0.85927,68,43
2023-01-19 16:03:58.599000,0.85967,0.85917,43,43
2023-01-19 16:03:58.761000,0.85982,0.85932,400,43
2023-01-19 16:03:58.866000,0.85982,0.85932,43,43
2023-01-19 16:03:58.967000,0.85977,0.85927,43,43
2023-01-19 16:03:59.110000,0.85982,0.85932,43,43
2023-01-19 16:04:01.163000,0.85977,0.85927,43,43
2023-01-19 16:04:01.673000,0.85982,0.85932,43,276
2023-01-19 16:04:01.724000,0.85992,0.85942,43,43
2023-01-19 16:04:02.277000,0.85997,0.85947,68,43
2023-01-19 16:04:02.400000,0.85982,0.85932,43,43
2023-01-19 16:04:02.547000,0.85987,0.85937,43,43
2023-01-19 16:04:03.274000,0.86002,0.85952,400,43
2023-01-19 16:04:03.487000,0.86002,0.85952,43,43
2023-01-19 16:04:04.252000,0.85997,0.85947,43,43
2023-01-19 16:04:04.386000,0.85992,0.85942,43,43
2023-01-19 16:04:05.304000,0.85997,0.85947,43,43
2023-01-19 16:04:05.517000,0.85992,0.85942,43,43
2023-01-19 16:04:05.631000,0.85997,0.85947,68,43
2023-01-19 16:04:05.928000,0.85992,0.85942,43,43
2023-01-19 16:04:06.103000,0.85987,0.85937,43,43
2023-01-19 16:04:06.608000,0.85992,0.85942,43,43
2023-01-19 16:04:07.656000,0.86002,0.85952,400,43
2023-01-19 16:04:07.797000,0.85997,0.85947,43,43
2023-01-19 16:04:07.965000,0.86007,0.85957,43,43
2023-01-19 16:04:08.257000,0.86002,0.85952,43,43
2023-01-19 16:04:08.490000,0.85997,0.85947,43,43
2023-01-19 16:04:08.985000,0.86002,0.85952,43,43
2023-01-19 16:04:09.293000,0.86007,0.85957,43,43
2023-01-19 16:04:09.532000,0.85989,0.85939,43,425
2023-01-19 16:04:10.258000,0.86002,0.85952,43,43
2023-01-19 16:04:10.390000,0.85997,0.85947,43,43
2023-01-19 16:04:10.705000,0.86007,0.85957,43,43
2023-01-19 16:04:11.030000,0.86002,0.85952,43,43
2023-01-19 16:04:11.621000,0.86007,0.85957,43,43
2023-01-19 16:04:12.154000,0.86002,0.85952,43,43
2023-01-19 16:04:12.294000,0.86007,0.85957,43,43
2023-01-19 16:04:13.668000,0.86017,0.85967,43,43
2023-01-19 16:04:14.354000,0.86022,0.85972,43,43
2023-01-19 16:04:14.498000,0.86027,0.85977,43,43
2023-01-19 16:04:15.642000,0.86032,0.85982,43,43
2023-01-19 16:04:15.793000,0.86037,0.85987,43,43
2023-01-19 16:04:16.743000,0.86032,0.85982,43,43
2023-01-19 16:04:16.895000,0.86037,0.85987,43,43
2023-01-19 16:04:17.001000,0.86032,0.85982,43,43
2023-01-19 16:04:18.458000,0.86037,0.85987,43,43
2023-01-19 16:04:19.382000,0.86032,0.85982,43,43
2023-01-19 16:04:20.043000,0.86037,0.85987,43,43
2023-01-19 16:04:20.301000,0.86047,0.85997,43,43
2023-01-19 16:04:21.052000,0.86042,0.85992,43,43
2023-01-19 16:04:22.786000,0.86047,0.85997,43,43
2023-01-19 16:04:23.023000,0.86042,0.85992,43,43
2023-01-19 16:04:23.471000,0.86047,0.85997,43,43
2023-01-19 16:04:24.177000,0.86062,0.86012,400,43
2023-01-19 16:04:24.283000,0.86062,0.86012,43,43
2023-01-19 16:04:24.385000,0.86052,0.86002,43,43
2023-01-19 16:04:25.324000,0.86057,0.86007,68,43
2023-01-19 16:04:26.528000,0.86052,0.86002,43,43
2023-01-19 16:04:28.489000,0.86057,0.86007,43,43
2023-01-19 16:04:29.383000,0.86062,0.86012,43,43
2023-01-19 16:04:29.493000,0.86067,0.86017,43,43
2023-01-19 16:04:31.057000,0.86062,0.86012,43,43
2023-01-19 16:04:31.596000,0.86077,0.86027,427,43
2023-01-19 16:04:31.646000,0.86077,0.86027,68,43
2023-01-19 16:04:32.270000,0.86082,0.86032,43,43
2023-01-19 16:04:32.401000,0.86077,0.86027,43,43
2023-01-19 16:04:32.931000,0.86082,0.86032,43,43
2023-01-19 16:04:34.252000,0.86069,0.86019,43,425
2023-01-19 16:04:34.364000,0.86067,0.86017,43,43
2023-01-19 16:04:34.567000,0.86062,0.86012,43,43
2023-01-19 16:04:34.691000,0.86067,0.86017,43,43
2023-01-19 16:04:34.835000,0.86047,0.85997,43,43
2023-01-19 16:04:34.986000,0.86042,0.85992,43,43
2023-01-19 16:04:35.962000,0.86037,0.85987,43,43
2023-01-19 16:04:36.087000,0.86042,0.85992,43,43
2023-01-19 16:04:36.319000,0.86038,0.85988,264,43
2023-01-19 16:04:36.370000,0.86027,0.85977,43,43
2023-01-19 16:04:36.610000,0.86022,0.85972,43,43
2023-01-19 16:04:37.869000,0.86027,0.85977,43,43
2023-01-19 16:04:39.261000,0.86032,0.85982,43,43
2023-01-19 16:04:39.386000,0.86027,0.85977,43,43
2023-01-19 16:04:40.387000,0.86022,0.85972,43,43
2023-01-19 16:04:41.080000,0.86017,0.85967,43,43
2023-01-19 16:04:42.254000,0.86012,0.85962,43,43
2023-01-19 16:04:43.966000,0.86007,0.85957,43,43
2023-01-19 16:04:44.087000,0.85997,0.85947,43,36
2023-01-19 16:04:44.188000,0.85997,0.85947,43,43
2023-01-19 16:04:44.258000,0.85992,0.85942,43,43
2023-01-19 16:04:44.392000,0.85979,0.85929,43,425
2023-01-19 16:04:45.346000,0.85987,0.85937,68,43
2023-01-19 16:04:45.447000,0.85997,0.85947,43,43
2023-01-19 16:04:46.483000,0.86007,0.85957,68,43
2023-01-19 16:04:50.184000,0.86012,0.85962,43,43
2023-01-19 16:04:50.412000,0.85997,0.85947,43,43
2023-01-19 16:04:51.754000,0.86007,0.85957,68,43
2023-01-19 16:04:51.869000,0.86002,0.85952,68,43
2023-01-19 16:04:51.996000,0.86007,0.85957,68,43
2023-01-19 16:04:52.604000,0.85997,0.85947,43,43
2023-01-19 16:04:53.126000,0.86002,0.85952,68,43
2023-01-19 16:04:53.535000,0.85997,0.85947,43,43
2023-01-19 16:04:53.976000,0.85992,0.85942,43,43
2023-01-19 16:04:55.070000,0.85988,0.85938,264,43
2023-01-19 16:04:57.774000,0.85982,0.85932,43,43
2023-01-19 16:04:58.712000,0.85992,0.85942,400,43
2023-01-19 16:04:58.762000,0.85969,0.85919,43,425
2023-01-19 16:04:59.003000,0.85977,0.85927,43,43
2023-01-19 16:04:59.539000,0.85982,0.85932,43,43
2023-01-19 16:04:59.841000,0.85992,0.85942,43,43
2023-01-19 16:05:00.797000,0.85956,0.85906,43,6
2023-01-19 16:05:00.847000,0.85998,0.85932,352,6
2023-01-19 16:05:01.103000,0.85917,0.85867,43,43
2023-01-19 16:05:01.254000,0.85927,0.85877,43,43
2023-01-19 16:05:01.394000,0.85929,0.85879,43,425
2023-01-19 16:05:01.496000,0.85927,0.85877,43,43
2023-01-19 16:05:01.829000,0.85932,0.85882,43,43
2023-01-19 16:05:02.241000,0.85942,0.85892,43,43
2023-01-19 16:05:02.592000,0.85937,0.85887,43,43
2023-01-19 16:05:02.722000,0.85932,0.85882,43,43
2023-01-19 16:05:02.826000,0.85919,0.85869,43,425
2023-01-19 16:05:03.218000,0.85918,0.85868,264,43
2023-01-19 16:05:03.319000,0.85912,0.85862,43,43
2023-01-19 16:05:03.438000,0.85902,0.85852,43,43
2023-01-19 16:05:03.579000,0.85897,0.85847,43,43
2023-01-19 16:05:04.138000,0.85902,0.85852,43,43
2023-01-19 16:05:04.696000,0.85907,0.85857,43,43
2023-01-19 16:05:05.478000,0.85902,0.85852,43,43
2023-01-19 16:05:05.663000,0.85907,0.85857,43,43
2023-01-19 16:05:05.982000,0.85917,0.85867,43,43
2023-01-19 16:05:07.244000,0.85927,0.85877,43,43
2023-01-19 16:05:08.565000,0.85922,0.85872,43,43
2023-01-19 16:05:10.631000,0.85918,0.85868,264,43
2023-01-19 16:05:10.991000,0.85917,0.85867,68,43
2023-01-19 16:05:11.135000,0.85922,0.85872,43,43
2023-01-19 16:05:11.260000,0.85927,0.85877,43,43
2023-01-19 16:05:11.537000,0.85922,0.85872,43,43
2023-01-19 16:05:13.064000,0.85927,0.85877,43,43
2023-01-19 16:05:13.523000,0.85937,0.85887,68,43
2023-01-19 16:05:15.528000,0.85928,0.85878,264,43
2023-01-19 16:05:15.697000,0.85942,0.85892,43,43
2023-01-19 16:05:17.086000,0.85952,0.85902,43,43
2023-01-19 16:05:20.385000,0.85972,0.85922,400,43
2023-01-19 16:05:20.486000,0.85972,0.85922,43,43
2023-01-19 16:05:23.498000,0.85977,0.85927,68,43
2023-01-19 16:05:24.572000,0.85982,0.85932,43,43
2023-01-19 16:05:26.177000,0.85967,0.85917,43,36
2023-01-19 16:05:26.262000,0.85967,0.85917,43,43
2023-01-19 16:05:27.713000,0.85962,0.85912,43,43
2023-01-19 16:05:27.855000,0.85957,0.85907,43,43
2023-01-19 16:05:29.256000,0.85962,0.85912,68,43
2023-01-19 16:05:29.946000,0.85967,0.85917,43,43
2023-01-19 16:05:35.541000,0.85977,0.85927,68,43
2023-01-19 16:05:37.146000,0.85982,0.85932,68,43
2023-01-19 16:05:37.297000,0.85977,0.85927,43,43
2023-01-19 16:05:37.422000,0.85987,0.85937,43,43
2023-01-19 16:05:37.575000,0.85982,0.85932,43,43
2023-01-19 16:05:37.750000,0.85987,0.85937,43,43
2023-01-19 16:05:38.083000,0.85977,0.85927,43,43
2023-01-19 16:05:39.315000,0.85987,0.85937,43,43
2023-01-19 16:05:39.457000,0.85992,0.85942,43,43
2023-01-19 16:05:39.595000,0.85997,0.85947,68,43
2023-01-19 16:05:39.925000,0.86002,0.85952,43,43
2023-01-19 16:05:40.169000,0.85997,0.85947,43,43
2023-01-19 16:05:40.502000,0.86007,0.85957,43,43
2023-01-19 16:05:41.413000,0.86017,0.85967,68,43
2023-01-19 16:05:41.961000,0.86022,0.85972,43,43
2023-01-19 16:05:42.565000,0.86032,0.85982,400,43
2023-01-19 16:05:42.671000,0.86037,0.85987,43,43
2023-01-19 16:05:42.894000,0.86042,0.85992,43,43
2023-01-19 16:05:43.088000,0.86057,0.86007,400,43
2023-01-19 16:05:43.138000,0.86057,0.86007,43,43
2023-01-19 16:05:43.490000,0.86052,0.86002,43,43
2023-01-19 16:05:44.936000,0.86057,0.86007,43,43
2023-01-19 16:05:45.037000,0.86067,0.86017,68,43
2023-01-19 16:05:46.250000,0.86072,0.86022,43,43
2023-01-19 16:05:46.400000,0.86077,0.86027,43,43
2023-01-19 16:05:46.513000,0.86072,0.86022,43,43
2023-01-19 16:05:47.188000,0.86067,0.86017,43,43
2023-01-19 16:05:47.339000,0.86057,0.86007,43,43
2023-01-19 16:05:47.467000,0.86062,0.86012,43,276
2023-01-19 16:05:47.522000,0.86057,0.86007,43,43
2023-01-19 16:05:50.705000,0.86067,0.86017,43,43
2023-01-19 16:05:50.947000,0.86072,0.86022,43,43
2023-01-19 16:05:54.537000,0.86077,0.86027,43,43
2023-01-19 16:05:55.440000,0.86072,0.86022,43,43
2023-01-19 16:05:57.262000,0.86077,0.86027,43,43
2023-01-19 16:06:00.204000,0.86082,0.86032,43,43
2023-01-19 16:06:01.051000,0.86078,0.86028,264,43
2023-01-19 16:06:01.119000,0.86072,0.86022,43,43
2023-01-19 16:06:01.432000,0.86077,0.86027,43,43
2023-01-19 16:06:01.660000,0.86082,0.86032,43,43
2023-01-19 16:06:01.897000,0.86077,0.86027,43,43
2023-01-19 16:06:02.119000,0.86087,0.86037,43,43
2023-01-19 16:06:02.268000,0.86097,0.86047,43,43
2023-01-19 16:06:02.556000,0.86087,0.86037,43,43
2023-01-19 16:06:03.363000,0.86097,0.86047,43,43
2023-01-19 16:06:08.137000,0.86088,0.86038,264,43
2023-01-19 16:06:08.315000,0.86097,0.86047,43,43
2023-01-19 16:06:08.366000,0.86087,0.86037,43,43
2023-01-19 16:06:10.346000,0.86092,0.86042,43,43
2023-01-19 16:06:13.189000,0.86087,0.86037,43,43
2023-01-19 16:06:13.931000,0.86092,0.86042,43,43
2023-01-19 16:06:14.975000,0.86107,0.86057,43,43
2023-01-19 16:06:15.707000,0.86102,0.86052,43,43
2023-01-19 16:06:15.959000,0.86097,0.86047,43,43
2023-01-19 16:06:16.435000,0.86092,0.86042,43,43
2023-01-19 16:06:18.951000,0.86097,0.86047,43,43
2023-01-19 16:06:19.683000,0.86092,0.86042,43,43
2023-01-19 16:06:20.203000,0.86097,0.86047,43,43
2023-01-19 16:06:21.525000,0.86102,0.86052,43,43
2023-01-19 16:06:21.862000,0.86107,0.86057,43,43
2023-01-19 16:06:22.036000,0.86097,0.86047,43,43
2023-01-19 16:06:22.972000,0.86102,0.86052,43,43
2023-01-19 16:06:25.292000,0.86097,0.86047,43,43
2023-01-19 16:06:25.813000,0.86092,0.86042,43,43
2023-01-19 16:06:26.142000,0.86097,0.86047,43,43
2023-01-19 16:06:26.802000,0.86092,0.86042,43,43
2023-01-19 16:06:27.724000,0.86087,0.86037,43,43
2023-01-19 16:06:29.664000,0.86082,0.86032,43,43
2023-01-19 16:06:29.976000,0.86097,0.86047,400,43
2023-01-19 16:06:30.027000,0.86097,0.86047,43,43
2023-01-19 16:06:30.128000,0.86102,0.86052,43,43
2023-01-19 16:06:30.434000,0.86107,0.86057,43,43
2023-01-19 16:06:30.577000,0.86117,0.86067,68,43
2023-01-19 16:06:31.039000,0.86112,0.86062,43,43
2023-01-19 16:06:31.665000,0.86117,0.86067,43,43
2023-01-19 16:06:32.174000,0.86112,0.86062,43,43
2023-01-19 16:06:34.726000,0.86117,0.86067,43,43
2023-01-19 16:06:35.993000,0.86112,0.86062,43,43
2023-01-19 16:06:37.114000,0.86117,0.86067,43,43
2023-01-19 16:06:37.513000,0.86122,0.86072,43,43
2023-01-19 16:06:37.815000,0.86117,0.86067,43,43
2023-01-19 16:06:38.248000,0.86112,0.86062,43,43
2023-01-19 16:06:38.357000,0.86127,0.86077,43,43
2023-01-19 16:06:41.068000,0.86132,0.86082,43,43
2023-01-19 16:06:41.240000,0.86137,0.86087,68,43
2023-01-19 16:06:41.400000,0.86132,0.86082,43,43
2023-01-19 16:06:41.542000,0.86147,0.86097,400,43
2023-01-19 16:06:41.597000,0.86147,0.86097,43,43
2023-01-19 16:06:41.824000,0.86152,0.86102,43,43
2023-01-19 16:06:42.015000,0.86147,0.86097,43,43
2023-01-19 16:06:43.310000,0.86152,0.86102,43,43
2023-01-19 16:06:43.429000,0.86147,0.86097,43,43
2023-01-19 16:06:43.901000,0.86142,0.86092,43,43
2023-01-19 16:06:44.481000,0.86137,0.86087,43,68
2023-01-19 16:06:44.730000,0.86142,0.86092,43,43
2023-01-19 16:06:45.479000,0.86147,0.86097,43,43
2023-01-19 16:06:46.088000,0.86142,0.86092,43,43
2023-01-19 16:06:46.939000,0.86147,0.86097,43,43
2023-01-19 16:06:47.046000,0.86129,0.86079,43,457
2023-01-19 16:06:47.157000,0.86142,0.86092,400,43
2023-01-19 16:06:47.270000,0.86142,0.86092,43,43
2023-01-19 16:06:47.550000,0.86137,0.86087,43,67
2023-01-19 16:06:47.754000,0.86142,0.86092,43,43
2023-01-19 16:06:48.549000,0.86137,0.86087,43,67
2023-01-19 16:06:50.359000,0.86154,0.86104,264,43
2023-01-19 16:06:50.456000,0.86138,0.86072,264,368
2023-01-19 16:06:50.506000,0.86189,0.86102,43,368
2023-01-19 16:06:50.608000,0.86197,0.86147,43,43
2023-01-19 16:06:50.816000,0.86207,0.86157,43,43
2023-01-19 16:06:50.962000,0.86202,0.86152,43,43
2023-01-19 16:06:51.064000,0.86207,0.86157,43,43
2023-01-19 16:06:51.373000,0.86222,0.86172,43,43
2023-01-19 16:06:51.482000,0.86227,0.86177,43,43
2023-01-19 16:06:51.711000,0.86222,0.86172,43,43
2023-01-19 16:06:51.845000,0.86247,0.86197,43,43
2023-01-19 16:06:52.261000,0.86242,0.86192,43,43
2023-01-19 16:06:52.483000,0.86237,0.86187,43,43
2023-01-19 16:06:53.034000,0.86242,0.86192,43,43
2023-01-19 16:06:53.210000,0.86247,0.86197,43,43
2023-01-19 16:06:53.870000,0.86252,0.86202,43,43
2023-01-19 16:06:54.030000,0.86257,0.86207,43,43
2023-01-19 16:06:55.521000,0.86262,0.86212,43,43
2023-01-19 16:06:55.714000,0.86267,0.86217,43,43
2023-01-19 16:06:55.851000,0.86262,0.86212,43,43
2023-01-19 16:06:55.977000,0.86267,0.86217,43,43
2023-01-19 16:06:56.087000,0.86257,0.86207,43,43
2023-01-19 16:06:56.716000,0.86252,0.86202,43,43
2023-01-19 16:06:57.103000,0.86247,0.86197,43,43
2023-01-19 16:06:57.502000,0.86242,0.86192,43,43
2023-01-19 16:06:58.630000,0.86252,0.86202,400,43
2023-01-19 16:06:58.771000,0.86252,0.86202,43,43
2023-01-19 16:06:59.013000,0.86257,0.86207,43,43
2023-01-19 16:07:00.688000,0.86267,0.86217,68,43
2023-01-19 16:07:00.839000,0.86262,0.86212,43,43
2023-01-19 16:07:01.076000,0.86257,0.86207,43,43
2023-01-19 16:07:01.819000,0.86252,0.86202,43,43
2023-01-19 16:07:02.123000,0.86257,0.86207,68,43
2023-01-19 16:07:02.224000,0.86252,0.86202,43,43
2023-01-19 16:07:02.784000,0.86247,0.86197,43,43
2023-01-19 16:07:03.163000,0.86242,0.86192,43,43
2023-01-19 16:07:03.269000,0.86247,0.86197,43,43
2023-01-19 16:07:03.774000,0.86252,0.86202,43,43
2023-01-19 16:07:03.889000,0.86247,0.86197,43,43
2023-01-19 16:07:04.219000,0.86242,0.86192,43,43
2023-01-19 16:07:04.969000,0.86247,0.86197,43,43
2023-01-19 16:07:06.974000,0.86237,0.86187,43,68
2023-01-19 16:07:07.315000,0.86242,0.86192,43,43
2023-01-19 16:07:08.650000,0.86267,0.86217,427,43
2023-01-19 16:07:08.768000,0.86267,0.86217,68,43
2023-01-19 16:07:08.961000,0.86272,0.86222,43,43
2023-01-19 16:07:09.384000,0.86259,0.86209,43,425
2023-01-19 16:07:09.562000,0.86267,0.86217,43,43
2023-01-19 16:07:09.820000,0.86262,0.86212,43,43
2023-01-19 16:07:10.066000,0.86257,0.86207,43,43
2023-01-19 16:07:11.559000,0.86267,0.86217,43,43
2023-01-19 16:07:11.933000,0.86272,0.86222,43,43
2023-01-19 16:07:14.911000,0.86267,0.86217,43,43
2023-01-19 16:07:15.028000,0.86272,0.86222,43,43
2023-01-19 16:07:18.968000,0.86268,0.86218,264,43
2023-01-19 16:07:19.068000,0.86257,0.86207,43,43
2023-01-19 16:07:19.222000,0.86252,0.86202,43,43
2023-01-19 16:07:19.378000,0.86247,0.86197,43,43
2023-01-19 16:07:19.819000,0.86252,0.86202,43,43
2023-01-19 16:07:20.153000,0.86262,0.86212,43,43
2023-01-19 16:07:20.945000,0.86257,0.86207,43,43
2023-01-19 16:07:21.074000,0.86262,0.86212,43,43
2023-01-19 16:07:25.900000,0.86272,0.86222,400,43
2023-01-19 16:07:26.107000,0.86272,0.86222,43,43
2023-01-19 16:07:26.264000,0.86278,0.86212,352,368
2023-01-19 16:07:26.314000,0.86284,0.86234,264,43
2023-01-19 16:07:26.366000,0.86278,0.86212,264,368
2023-01-19 16:07:26.449000,0.86342,0.86292,43,43
2023-01-19 16:07:26.550000,0.86337,0.86287,43,43
2023-01-19 16:07:26.784000,0.86342,0.86292,43,43
2023-01-19 16:07:26.885000,0.86337,0.86287,43,43
2023-01-19 16:07:27.160000,0.86342,0.86292,43,43
2023-01-19 16:07:28.331000,0.86329,0.86279,43,425
2023-01-19 16:07:28.477000,0.86342,0.86292,43,43
2023-01-19 16:07:29.525000,0.86317,0.86267,43,261
2023-01-19 16:07:29.615000,0.86348,0.86282,352,6
2023-01-19 16:07:29.920000,0.86292,0.86242,43,43
2023-01-19 16:07:30.326000,0.86287,0.86237,43,43
2023-01-19 16:07:31.109000,0.86297,0.86247,43,43
2023-01-19 16:07:31.215000,0.86292,0.86242,43,43
2023-01-19 16:07:31.504000,0.86307,0.86257,43,43
2023-01-19 16:07:32.370000,0.86312,0.86262,43,43
2023-01-19 16:07:32.652000,0.86317,0.86267,68,43
2023-01-19 16:07:33.099000,0.86308,0.86258,264,43
2023-01-19 16:07:33.149000,0.86302,0.86252,43,43
2023-01-19 16:07:33.214000,0.86312,0.86262,400,43
2023-01-19 16:07:33.434000,0.86312,0.86262,43,43
2023-01-19 16:07:33.651000,0.86307,0.86257,43,43
2023-01-19 16:07:34.475000,0.86312,0.86262,43,43
2023-01-19 16:07:34.805000,0.86317,0.86267,68,43
2023-01-19 16:07:35.224000,0.86312,0.86262,43,43
2023-01-19 16:07:36.052000,0.86317,0.86267,68,43
2023-01-19 16:07:36.203000,0.86322,0.86272,43,43
2023-01-19 16:07:36.307000,0.86318,0.86268,264,43
2023-01-19 16:07:36.358000,0.86312,0.86262,43,43
2023-01-19 16:07:36.856000,0.86317,0.86267,68,43
2023-01-19 16:07:37.117000,0.86322,0.86272,43,43
2023-01-19 16:07:37.620000,0.86309,0.86259,43,425
2023-01-19 16:07:38.115000,0.86317,0.86267,43,43
2023-01-19 16:07:38.508000,0.86312,0.86262,43,43
2023-01-19 16:07:39.758000,0.86317,0.86267,68,43
2023-01-19 16:07:39.876000,0.86312,0.86262,43,43
2023-01-19 16:07:40.189000,0.86317,0.86267,68,43
2023-01-19 16:07:40.948000,0.86322,0.86272,43,43
2023-01-19 16:07:41.811000,0.86317,0.86267,43,43
2023-01-19 16:07:42.070000,0.86312,0.86262,43,43
2023-01-19 16:07:43.296000,0.86317,0.86267,68,43
2023-01-19 16:07:43.415000,0.86337,0.86287,43,43
2023-01-19 16:07:44.156000,0.86332,0.86282,43,43
2023-01-19 16:07:44.298000,0.86337,0.86287,43,43
2023-01-19 16:07:44.503000,0.86332,0.86282,43,43
2023-01-19 16:07:45.770000,0.86337,0.86287,43,43
2023-01-19 16:07:46.030000,0.86332,0.86282,43,43
2023-01-19 16:07:46.156000,0.86327,0.86277,43,43
2023-01-19 16:07:47.430000,0.86322,0.86272,43,43
2023-01-19 16:07:48.252000,0.86327,0.86277,43,43
2023-01-19 16:07:49.331000,0.86322,0.86272,43,43
2023-01-19 16:07:49.991000,0.86327,0.86277,43,43
2023-01-19 16:07:50.322000,0.86322,0.86272,43,43
2023-01-19 16:07:50.530000,0.86332,0.86282,400,43
2023-01-19 16:07:50.631000,0.86332,0.86282,43,43
2023-01-19 16:07:50.732000,0.86327,0.86277,43,43
2023-01-19 16:07:50.897000,0.86322,0.86272,43,43
2023-01-19 16:07:51.327000,0.86332,0.86282,43,43
2023-01-19 16:07:51.696000,0.86342,0.86292,43,43
2023-01-19 16:07:53.798000,0.86337,0.86287,43,68
2023-01-19 16:07:53.952000,0.86342,0.86292,43,43
2023-01-19 16:07:54.608000,0.86347,0.86297,43,43
2023-01-19 16:07:54.846000,0.86342,0.86292,43,43
2023-01-19 16:07:56.134000,0.86347,0.86297,43,43
2023-01-19 16:07:57.912000,0.86342,0.86292,43,43
2023-01-19 16:07:58.055000,0.86347,0.86297,43,43
2023-01-19 16:07:58.487000,0.86337,0.86287,43,68
2023-01-19 16:07:58.638000,0.86332,0.86282,43,67
2023-01-19 16:07:58.953000,0.86327,0.86277,43,43
2023-01-19 16:07:59.107000,0.86337,0.86287,43,43
2023-01-19 16:08:00.223000,0.86342,0.86292,43,43
2023-01-19 16:08:00.553000,0.86347,0.86297,43,43
2023-01-19 16:08:00.703000,0.86352,0.86302,43,43
2023-01-19 16:08:01.213000,0.86357,0.86307,43,43
2023-01-19 16:08:01.314000,0.86349,0.86299,43,425
2023-01-19 16:08:01.542000,0.86347,0.86297,43,43
2023-01-19 16:08:01.643000,0.86342,0.86292,43,43
2023-01-19 16:08:01.826000,0.86337,0.86287,43,43
2023-01-19 16:08:02.411000,0.86342,0.86292,43,43
2023-01-19 16:08:02.533000,0.86352,0.86302,43,43
2023-01-19 16:08:02.669000,0.86347,0.86297,43,43
2023-01-19 16:08:03.080000,0.86352,0.86302,43,43
2023-01-19 16:08:03.267000,0.86357,0.86307,43,43
2023-01-19 16:08:03.699000,0.86352,0.86302,43,43
2023-01-19 16:08:04.115000,0.86357,0.86307,43,43
2023-01-19 16:08:04.216000,0.86362,0.86312,400,43
2023-01-19 16:08:04.317000,0.86349,0.86299,43,425
2023-01-19 16:08:05.226000,0.86362,0.86312,43,43
2023-01-19 16:08:05.714000,0.86357,0.86307,43,43
2023-01-19 16:08:05.926000,0.86352,0.86302,43,43
2023-01-19 16:08:06.042000,0.86362,0.86312,400,43
2023-01-19 16:08:06.166000,0.86362,0.86312,43,43
2023-01-19 16:08:06.864000,0.86357,0.86307,43,43
2023-01-19 16:08:07.110000,0.86347,0.86297,43,43
2023-01-19 16:08:08.145000,0.86342,0.86292,43,43
2023-01-19 16:08:09.293000,0.86332,0.86282,43,43
2023-01-19 16:08:09.661000,0.86337,0.86287,43,43
2023-01-19 16:08:10.074000,0.86347,0.86297,43,43
2023-01-19 16:08:10.398000,0.86352,0.86302,43,43
2023-01-19 16:08:10.946000,0.86357,0.86307,43,43
2023-01-19 16:08:11.115000,0.86367,0.86317,43,43
2023-01-19 16:08:11.627000,0.86362,0.86312,43,43
2023-01-19 16:08:12.001000,0.86357,0.86307,43,43
2023-01-19 16:08:12.133000,0.86349,0.86299,43,425
2023-01-19 16:08:12.786000,0.86347,0.86297,43,43
2023-01-19 16:08:13.613000,0.86342,0.86292,43,43
2023-01-19 16:08:13.829000,0.86347,0.86297,43,43
2023-01-19 16:08:14.583000,0.86342,0.86292,43,43
2023-01-19 16:08:14.746000,0.86347,0.86297,43,43
2023-01-19 16:08:16.281000,0.86352,0.86302,43,43
2023-01-19 16:08:16.438000,0.86357,0.86307,43,43
2023-01-19 16:08:17.638000,0.86352,0.86302,43,43
2023-01-19 16:08:21.017000,0.86347,0.86297,43,67
2023-01-19 16:08:21.720000,0.86352,0.86302,43,43
2023-01-19 16:08:23.131000,0.86339,0.86289,43,425
2023-01-19 16:08:24.089000,0.86337,0.86287,43,43
2023-01-19 16:08:24.315000,0.86342,0.86292,43,43
2023-01-19 16:08:25.524000,0.86347,0.86297,43,43
2023-01-19 16:08:25.793000,0.86352,0.86302,43,43
2023-01-19 16:08:25.963000,0.86347,0.86297,43,43
2023-01-19 16:08:26.297000,0.86352,0.86302,43,43
2023-01-19 16:08:26.515000,0.86347,0.86297,43,43
2023-01-19 16:08:29.651000,0.86352,0.86302,43,43
2023-01-19 16:08:29.975000,0.86357,0.86307,43,43
2023-01-19 16:08:30.744000,0.86339,0.86289,43,425
2023-01-19 16:08:30.845000,0.86332,0.86282,43,6
2023-01-19 16:08:30.980000,0.86312,0.86262,43,43
2023-01-19 16:08:31.163000,0.86307,0.86257,43,43
2023-01-19 16:08:33.729000,0.86312,0.86262,43,43
2023-01-19 16:08:33.890000,0.86322,0.86272,43,43
2023-01-19 16:08:34.251000,0.86327,0.86277,43,43
2023-01-19 16:08:34.881000,0.86338,0.86288,264,43
2023-01-19 16:08:35.044000,0.86348,0.86298,264,43
2023-01-19 16:08:35.118000,0.86337,0.86287,43,43
2023-01-19 16:08:36.258000,0.86332,0.86282,43,43
2023-01-19 16:08:36.387000,0.86337,0.86287,43,43
2023-01-19 16:08:37.353000,0.86332,0.86282,43,43
2023-01-19 16:08:37.522000,0.86337,0.86287,43,43
2023-01-19 16:08:38.197000,0.86327,0.86277,43,43
2023-01-19 16:08:38.352000,0.86337,0.86287,43,43
2023-01-19 16:08:43.799000,0.86342,0.86292,43,43
2023-01-19 16:08:44.125000,0.86347,0.86297,43,43
2023-01-19 16:08:44.321000,0.86342,0.86292,43,43
2023-01-19 16:08:44.472000,0.86347,0.86297,43,43
2023-01-19 16:08:45.310000,0.86342,0.86292,43,43
2023-01-19 16:08:46.603000,0.86347,0.86297,43,43
2023-01-19 16:08:47.095000,0.86352,0.86302,43,43
2023-01-19 16:08:47.754000,0.86357,0.86307,43,43
2023-01-19 16:08:49.139000,0.86362,0.86312,43,43
2023-01-19 16:08:49.405000,0.86357,0.86307,43,43
2023-01-19 16:08:53.133000,0.86352,0.86302,43,43
2023-01-19 16:08:53.601000,0.86357,0.86307,43,43
2023-01-19 16:08:54.924000,0.86362,0.86312,43,43
2023-01-19 16:08:55.676000,0.86367,0.86317,43,43
2023-01-19 16:08:55.933000,0.86362,0.86312,43,43
2023-01-19 16:08:56.449000,0.86367,0.86317,43,43
2023-01-19 16:08:57.480000,0.86372,0.86322,43,43
2023-01-19 16:08:59.703000,0.86367,0.86317,43,43
2023-01-19 16:09:00.297000,0.86362,0.86312,43,43
2023-01-19 16:09:00.724000,0.86387,0.86337,427,43
2023-01-19 16:09:00.774000,0.86387,0.86337,68,43
2023-01-19 16:09:00.853000,0.86377,0.86327,43,43
2023-01-19 16:09:01.007000,0.86372,0.86322,43,43
2023-01-19 16:09:01.287000,0.86377,0.86327,43,43
2023-01-19 16:09:02.064000,0.86382,0.86332,43,43
2023-01-19 16:09:02.181000,0.86367,0.86317,43,43
2023-01-19 16:09:02.349000,0.86372,0.86322,43,43
2023-01-19 16:09:02.474000,0.86367,0.86317,43,43
2023-01-19 16:09:02.710000,0.86377,0.86327,43,43
2023-01-19 16:09:03.493000,0.86382,0.86332,43,43
2023-01-19 16:09:03.718000,0.86387,0.86337,43,43
2023-01-19 16:09:03.833000,0.86382,0.86332,43,43
2023-01-19 16:09:03.946000,0.86387,0.86337,43,43
2023-01-19 16:09:04.514000,0.86382,0.86332,43,43
2023-01-19 16:09:04.713000,0.86387,0.86337,43,43
2023-01-19 16:09:05.107000,0.86382,0.86332,43,43
2023-01-19 16:09:05.663000,0.86377,0.86327,43,43
2023-01-19 16:09:05.966000,0.86372,0.86322,43,43
2023-01-19 16:09:08.313000,0.86377,0.86327,43,43
2023-01-19 16:09:08.873000,0.86367,0.86317,43,43
2023-01-19 16:09:12.629000,0.86377,0.86327,43,43
2023-01-19 16:09:12.956000,0.86367,0.86317,43,68
2023-01-19 16:09:13.606000,0.86357,0.86307,43,43
2023-01-19 16:09:14.559000,0.86352,0.86302,43,43
2023-01-19 16:09:15.663000,0.86357,0.86307,43,43
2023-01-19 16:09:16.181000,0.86367,0.86317,43,43
2023-01-19 16:09:16.479000,0.86362,0.86312,43,43
2023-01-19 16:09:16.595000,0.86367,0.86317,43,43
2023-01-19 16:09:17.656000,0.86362,0.86312,43,43
2023-01-19 16:09:17.807000,0.86367,0.86317,43,43
2023-01-19 16:09:18.563000,0.86372,0.86322,43,43
2023-01-19 16:09:18.782000,0.86367,0.86317,43,43
2023-01-19 16:09:19.203000,0.86357,0.86307,43,43
2023-01-19 16:09:20.595000,0.86362,0.86312,43,43
2023-01-19 16:09:25.599000,0.86342,0.86292,43,261
2023-01-19 16:09:25.715000,0.86342,0.86292,43,43
2023-01-19 16:09:26.038000,0.86337,0.86287,43,43
2023-01-19 16:09:26.899000,0.86357,0.86307,400,43
2023-01-19 16:09:27.035000,0.86362,0.86312,400,43
2023-01-19 16:09:27.086000,0.86362,0.86312,43,43
2023-01-19 16:09:30.186000,0.86372,0.86322,400,43
2023-01-19 16:09:30.336000,0.86372,0.86322,43,43
2023-01-19 16:09:30.615000,0.86377,0.86327,43,43
2023-01-19 16:09:31.434000,0.86382,0.86332,43,43
2023-01-19 16:09:32.391000,0.86392,0.86342,43,43
2023-01-19 16:09:32.729000,0.86388,0.86338,264,43
2023-01-19 16:09:32.830000,0.86382,0.86332,43,43
2023-01-19 16:09:38.971000,0.86387,0.86337,43,43
2023-01-19 16:09:39.453000,0.86392,0.86342,43,43
2023-01-19 16:09:39.839000,0.86402,0.86352,43,43
2023-01-19 16:09:39.990000,0.86397,0.86347,43,43
2023-01-19 16:09:40.151000,0.86392,0.86342,43,43
2023-01-19 16:09:41.109000,0.86397,0.86347,43,43
2023-01-19 16:09:41.638000,0.86402,0.86352,43,43
2023-01-19 16:09:43.646000,0.86412,0.86362,400,43
2023-01-19 16:09:43.774000,0.86412,0.86362,43,43
2023-01-19 16:09:48.389000,0.86407,0.86357,43,43
2023-01-19 16:09:48.540000,0.86412,0.86362,43,43
2023-01-19 16:09:49.828000,0.86399,0.86349,43,425
2023-01-19 16:09:49.931000,0.86407,0.86357,43,43
2023-01-19 16:09:53.934000,0.86412,0.86362,43,43
2023-01-19 16:09:56.236000,0.86432,0.86382,400,43
2023-01-19 16:09:56.287000,0.86432,0.86382,43,43
2023-01-19 16:09:56.357000,0.86442,0.86392,43,43
2023-01-19 16:09:56.920000,0.86457,0.86407,400,43
2023-01-19 16:09:56.988000,0.86457,0.86407,43,43
2023-01-19 16:09:57.039000,0.86462,0.86412,43,43
2023-01-19 16:09:57.581000,0.86457,0.86407,43,43
2023-01-19 16:09:57.803000,0.86462,0.86412,43,43
2023-01-19 16:09:59.598000,0.86457,0.86407,43,43
2023-01-19 16:09:59.930000,0.86452,0.86402,43,43
2023-01-19 16:10:00.095000,0.86457,0.86407,43,43
2023-01-19 16:10:00.314000,0.86462,0.86412,43,43
2023-01-19 16:10:00.557000,0.86467,0.86417,43,43
2023-01-19 16:10:00.708000,0.86472,0.86422,43,43
2023-01-19 16:10:00.989000,0.86467,0.86417,43,43
2023-01-19 16:10:01.091000,0.86462,0.86412,43,43
2023-01-19 16:10:01.275000,0.86467,0.86417,43,43
2023-01-19 16:10:01.696000,0.86462,0.86412,43,43
2023-01-19 16:10:02.611000,0.86457,0.86407,43,43
2023-01-19 16:10:03.835000,0.86452,0.86402,43,43
2023-01-19 16:10:04.542000,0.86457,0.86407,68,43
2023-01-19 16:10:06.181000,0.86462,0.86412,43,43
2023-01-19 16:10:06.513000,0.86472,0.86422,400,43
2023-01-19 16:10:06.700000,0.86467,0.86417,43,43
2023-01-19 16:10:06.814000,0.86472,0.86422,43,43
2023-01-19 16:10:06.930000,0.86462,0.86412,43,43
2023-01-19 16:10:07.074000,0.86457,0.86407,43,43
2023-01-19 16:10:07.783000,0.86467,0.86417,43,43
2023-01-19 16:10:08.859000,0.86457,0.86407,43,43
2023-01-19 16:10:10.312000,0.86467,0.86417,43,43
2023-01-19 16:10:12.258000,0.86462,0.86412,43,43
2023-01-19 16:10:12.432000,0.86457,0.86407,43,43
2023-01-19 16:10:12.563000,0.86447,0.86397,43,43
2023-01-19 16:10:12.675000,0.86442,0.86392,43,43
2023-01-19 16:10:12.822000,0.86437,0.86387,43,43
2023-01-19 16:10:13.249000,0.86427,0.86377,43,43
2023-01-19 16:10:13.512000,0.86432,0.86382,43,43
2023-01-19 16:10:13.984000,0.86427,0.86377,43,43
2023-01-19 16:10:14.668000,0.86432,0.86382,43,43
2023-01-19 16:10:14.901000,0.86442,0.86392,400,43
2023-01-19 16:10:15.088000,0.86442,0.86392,43,43
2023-01-19 16:10:15.214000,0.86437,0.86387,43,43
2023-01-19 16:10:16.484000,0.86432,0.86382,43,43
2023-01-19 16:10:17.042000,0.86437,0.86387,43,43
2023-01-19 16:10:17.414000,0.86442,0.86392,43,43
2023-01-19 16:10:18.328000,0.86437,0.86387,43,43
2023-01-19 16:10:18.549000,0.86452,0.86402,400,43
2023-01-19 16:10:18.689000,0.86457,0.86407,43,43
2023-01-19 16:10:20.417000,0.86452,0.86402,43,43
2023-01-19 16:10:20.688000,0.86462,0.86412,43,43
2023-01-19 16:10:20.892000,0.86472,0.86422,43,43
2023-01-19 16:10:22.621000,0.86507,0.86457,400,43
2023-01-19 16:10:22.728000,0.86478,0.86412,264,368
2023-01-19 16:10:22.829000,0.86517,0.86467,43,43
2023-01-19 16:10:23.105000,0.86512,0.86462,43,43
2023-01-19 16:10:23.319000,0.86507,0.86457,43,43
2023-01-19 16:10:23.613000,0.86502,0.86452,43,43
2023-01-19 16:10:23.815000,0.86497,0.86447,43,43
2023-01-19 16:10:23.922000,0.86502,0.86452,43,43
2023-01-19 16:10:24.617000,0.86507,0.86457,43,43
2023-01-19 16:10:24.955000,0.86497,0.86447,43,43
2023-01-19 16:10:25.650000,0.86492,0.86442,43,43
2023-01-19 16:10:25.792000,0.86477,0.86427,43,43
2023-01-19 16:10:25.991000,0.86457,0.86407,43,43
2023-01-19 16:10:26.248000,0.86452,0.86402,43,43
2023-01-19 16:10:26.565000,0.86462,0.86412,43,43
2023-01-19 16:10:28.196000,0.86457,0.86407,43,43
2023-01-19 16:10:28.474000,0.86448,0.86398,264,43
2023-01-19 16:10:28.557000,0.86447,0.86397,43,43
2023-01-19 16:10:29.249000,0.86437,0.86387,43,43
2023-01-19 16:10:29.885000,0.86432,0.86382,43,43
2023-01-19 16:10:30.036000,0.86437,0.86387,68,43
2023-01-19 16:10:30.437000,0.86447,0.86397,68,43
2023-01-19 16:10:31.128000,0.86467,0.86417,43,43
2023-01-19 16:10:31.637000,0.86457,0.86407,43,36
2023-01-19 16:10:31.739000,0.86457,0.86407,43,43
2023-01-19 16:10:32.454000,0.86462,0.86412,43,43
2023-01-19 16:10:32.947000,0.86458,0.86408,264,43
2023-01-19 16:10:33.060000,0.86452,0.86402,43,43
2023-01-19 16:10:33.947000,0.86447,0.86397,43,43
2023-01-19 16:10:34.161000,0.86442,0.86392,43,43
2023-01-19 16:10:34.380000,0.86447,0.86397,43,43
2023-01-19 16:10:34.528000,0.86452,0.86402,43,43
2023-01-19 16:10:35.428000,0.86457,0.86407,43,43
2023-01-19 16:10:35.576000,0.86467,0.86417,43,43
2023-01-19 16:10:36.045000,0.86462,0.86412,43,43
2023-01-19 16:10:38.191000,0.86467,0.86417,43,43
2023-01-19 16:10:39.891000,0.86472,0.86422,43,43
2023-01-19 16:10:40.028000,0.86477,0.86427,43,43
2023-01-19 16:10:40.164000,0.86482,0.86432,43,43
2023-01-19 16:10:40.557000,0.86487,0.86437,43,43
2023-01-19 16:10:40.886000,0.86482,0.86432,43,43
2023-01-19 16:10:41.736000,0.86467,0.86417,43,36
2023-01-19 16:10:41.865000,0.86467,0.86417,43,43
2023-01-19 16:10:42.167000,0.86452,0.86402,43,43
2023-01-19 16:10:42.455000,0.86457,0.86407,43,43
2023-01-19 16:10:42.713000,0.86437,0.86387,43,36
2023-01-19 16:10:42.780000,0.86437,0.86387,43,43
2023-01-19 16:10:45.932000,0.86419,0.86369,43,425
2023-01-19 16:10:46.592000,0.86427,0.86377,43,43
2023-01-19 16:10:46.922000,0.86432,0.86382,43,43
2023-01-19 16:10:47.033000,0.86442,0.86392,400,43
2023-01-19 16:10:47.201000,0.86442,0.86392,43,43
2023-01-19 16:10:47.341000,0.86432,0.86382,43,43
2023-01-19 16:10:47.452000,0.86437,0.86387,43,43
2023-01-19 16:10:48.402000,0.86432,0.86382,43,43
2023-01-19 16:10:48.798000,0.86437,0.86387,43,43
2023-01-19 16:10:49.135000,0.86432,0.86382,43,43
2023-01-19 16:10:49.293000,0.86437,0.86387,43,43
2023-01-19 16:10:49.626000,0.86442,0.86392,43,43
2023-01-19 16:10:50.753000,0.86447,0.86397,43,43
2023-01-19 16:10:51.275000,0.86442,0.86392,43,43
2023-01-19 16:10:51.486000,0.86447,0.86397,43,43
2023-01-19 16:10:51.953000,0.86442,0.86392,43,43
2023-01-19 16:10:52.065000,0.86437,0.86387,43,43
2023-01-19 16:10:52.280000,0.86442,0.86392,43,43
2023-01-19 16:10:54.774000,0.86452,0.86402,400,43
2023-01-19 16:10:55.042000,0.86452,0.86402,43,43
2023-01-19 16:10:56.204000,0.86457,0.86407,43,43
2023-01-19 16:10:56.841000,0.86452,0.86402,43,43
2023-01-19 16:10:57.737000,0.86439,0.86389,43,425
2023-01-19 16:10:59.396000,0.86438,0.86388,264,43
2023-01-19 16:10:59.498000,0.86432,0.86382,43,43
2023-01-19 16:11:00.403000,0.86428,0.86378,264,43
2023-01-19 16:11:00.616000,0.86422,0.86372,43,43
2023-01-19 16:11:00.952000,0.86427,0.86377,68,43
2023-01-19 16:11:01.460000,0.86432,0.86382,43,43
2023-01-19 16:11:03.142000,0.86419,0.86369,43,425
2023-01-19 16:11:03.339000,0.86432,0.86382,43,43
2023-01-19 16:11:03.857000,0.86428,0.86378,264,43
2023-01-19 16:11:03.910000,0.86422,0.86372,43,43
2023-01-19 16:11:04.717000,0.86427,0.86377,43,43
2023-01-19 16:11:05.142000,0.86432,0.86382,43,43
2023-01-19 16:11:07.155000,0.86419,0.86369,43,425
2023-01-19 16:11:07.933000,0.86418,0.86368,264,43
2023-01-19 16:11:08.006000,0.86407,0.86357,43,43
2023-01-19 16:11:08.343000,0.86412,0.86362,43,43
2023-01-19 16:11:10.264000,0.86417,0.86367,43,43
2023-01-19 16:11:10.562000,0.86412,0.86362,43,43
2023-01-19 16:11:11.825000,0.86417,0.86367,43,43
2023-01-19 16:11:12.215000,0.86412,0.86362,43,43
2023-01-19 16:11:12.367000,0.86417,0.86367,43,43
2023-01-19 16:11:12.495000,0.86422,0.86372,43,43
2023-01-19 16:11:12.640000,0.86432,0.86382,400,43
2023-01-19 16:11:12.977000,0.86432,0.86382,43,43
2023-01-19 16:11:14.836000,0.86427,0.86377,43,43
2023-01-19 16:11:15.218000,0.86432,0.86382,43,43
2023-01-19 16:11:15.789000,0.86447,0.86397,400,43
2023-01-19 16:11:15.883000,0.86447,0.86397,43,43
2023-01-19 16:11:15.999000,0.86452,0.86402,43,43
2023-01-19 16:11:16.228000,0.86457,0.86407,43,43
2023-01-19 16:11:16.788000,0.86462,0.86412,43,43
2023-01-19 16:11:17.320000,0.86457,0.86407,43,43
2023-01-19 16:11:17.650000,0.86452,0.86402,43,43
2023-01-19 16:11:17.987000,0.86457,0.86407,68,43
2023-01-19 16:11:18.169000,0.86452,0.86402,43,43
2023-01-19 16:11:18.496000,0.86457,0.86407,68,43
2023-01-19 16:11:18.647000,0.86467,0.86417,43,43
2023-01-19 16:11:18.890000,0.86457,0.86407,43,43
2023-01-19 16:11:19.307000,0.86452,0.86402,43,43
2023-01-19 16:11:20.054000,0.86457,0.86407,43,43
2023-01-19 16:11:20.188000,0.86452,0.86402,43,43
2023-01-19 16:11:21.149000,0.86457,0.86407,43,43
2023-01-19 16:11:21.943000,0.86452,0.86402,43,43
2023-01-19 16:11:24.369000,0.86447,0.86397,43,43
2023-01-19 16:11:24.530000,0.86442,0.86392,43,43
2023-01-19 16:11:24.846000,0.86447,0.86397,43,43
2023-01-19 16:11:26.232000,0.86442,0.86392,43,43
2023-01-19 16:11:27.713000,0.86447,0.86397,43,43
2023-01-19 16:11:27.984000,0.86452,0.86402,43,43
2023-01-19 16:11:29.442000,0.86447,0.86397,68,43
2023-01-19 16:11:30.791000,0.86452,0.86402,43,43
2023-01-19 16:11:31.031000,0.86457,0.86407,43,43
2023-01-19 16:11:31.440000,0.86452,0.86402,43,43
2023-01-19 16:11:32.197000,0.86457,0.86407,68,43
2023-01-19 16:11:33.033000,0.86452,0.86402,43,43
2023-01-19 16:11:33.357000,0.86457,0.86407,43,43
2023-01-19 16:11:34.072000,0.86452,0.86402,43,43
2023-01-19 16:11:34.175000,0.86457,0.86407,43,43
2023-01-19 16:11:36.212000,0.86467,0.86417,43,43
2023-01-19 16:11:36.324000,0.86472,0.86422,43,43
2023-01-19 16:11:36.514000,0.86482,0.86432,400,43
2023-01-19 16:11:36.744000,0.86482,0.86432,43,43
2023-01-19 16:11:36.932000,0.86477,0.86427,43,43
2023-01-19 16:11:37.075000,0.86447,0.86397,43,261
2023-01-19 16:11:37.125000,0.86447,0.86397,43,43
2023-01-19 16:11:37.176000,0.86457,0.86407,43,43
2023-01-19 16:11:38.317000,0.86462,0.86412,43,43
2023-01-19 16:11:38.575000,0.86467,0.86417,43,43
2023-01-19 16:11:39.258000,0.86457,0.86407,43,43
2023-01-19 16:11:40.180000,0.86462,0.86412,43,43
2023-01-19 16:11:40.610000,0.86467,0.86417,43,43
2023-01-19 16:11:43.518000,0.86472,0.86422,43,43
2023-01-19 16:11:45.456000,0.86467,0.86417,43,43
2023-01-19 16:11:45.606000,0.86472,0.86422,43,43
2023-01-19 16:11:50.670000,0.86482,0.86432,43,43
2023-01-19 16:11:51.757000,0.86469,0.86419,43,425
2023-01-19 16:11:52.259000,0.86477,0.86427,43,43
2023-01-19 16:11:53.425000,0.86482,0.86432,43,43
2023-01-19 16:11:53.538000,0.86477,0.86427,43,43
2023-01-19 16:11:54.088000,0.86482,0.86432,43,43
2023-01-19 16:11:55.612000,0.86477,0.86427,43,43
2023-01-19 16:11:55.718000,0.86482,0.86432,43,43
2023-01-19 16:12:02.101000,0.86477,0.86427,43,43
2023-01-19 16:12:02.252000,0.86482,0.86432,43,43
2023-01-19 16:12:02.558000,0.86487,0.86437,43,43
2023-01-19 16:12:02.688000,0.86482,0.86432,43,43
2023-01-19 16:12:02.885000,0.86487,0.86437,43,43
2023-01-19 16:12:03.591000,0.86482,0.86432,43,43
2023-01-19 16:12:03.891000,0.86487,0.86437,43,43
2023-01-19 16:12:04.322000,0.86492,0.86442,43,43
2023-01-19 16:12:04.854000,0.86487,0.86437,43,43
2023-01-19 16:12:05.001000,0.86477,0.86427,43,43
2023-01-19 16:12:05.131000,0.86482,0.86432,43,43
2023-01-19 16:12:08.710000,0.86487,0.86437,43,43
2023-01-19 16:12:08.969000,0.86482,0.86432,43,43
2023-01-19 16:12:09.535000,0.86467,0.86417,43,36
2023-01-19 16:12:09.586000,0.86467,0.86417,43,43
2023-01-19 16:12:09.705000,0.86462,0.86412,43,43
2023-01-19 16:12:09.903000,0.86458,0.86408,264,43
2023-01-19 16:12:10.029000,0.86447,0.86397,43,43
2023-01-19 16:12:10.935000,0.86452,0.86402,43,43
2023-01-19 16:12:11.668000,0.86457,0.86407,43,43
2023-01-19 16:12:12.885000,0.86462,0.86412,43,43
2023-01-19 16:12:14.757000,0.86467,0.86417,43,43
2023-01-19 16:12:15.828000,0.86472,0.86422,43,43
2023-01-19 16:12:16.228000,0.86477,0.86427,43,43
2023-01-19 16:12:19.221000,0.86472,0.86422,43,43
2023-01-19 16:12:19.474000,0.86477,0.86427,43,43
2023-01-19 16:12:20.163000,0.86482,0.86432,43,43
2023-01-19 16:12:20.519000,0.86477,0.86427,43,43
2023-01-19 16:12:20.698000,0.86472,0.86422,43,43
2023-01-19 16:12:20.827000,0.86477,0.86427,43,43
2023-01-19 16:12:21.408000,0.86482,0.86432,43,43
2023-01-19 16:12:23.801000,0.86478,0.86428,264,43
2023-01-19 16:12:23.999000,0.86477,0.86427,43,43
2023-01-19 16:12:24.113000,0.86482,0.86432,43,43
2023-01-19 16:12:26.001000,0.86492,0.86442,400,43
2023-01-19 16:12:26.210000,0.86497,0.86447,68,43
2023-01-19 16:12:26.553000,0.86507,0.86457,68,43
2023-01-19 16:12:26.710000,0.86502,0.86452,43,43
2023-01-19 16:12:27.009000,0.86497,0.86447,43,43
2023-01-19 16:12:27.390000,0.86502,0.86452,43,43
2023-01-19 16:12:27.505000,0.86497,0.86447,43,43
2023-01-19 16:12:28.010000,0.86492,0.86442,43,43
2023-01-19 16:12:28.358000,0.86497,0.86447,43,43
2023-01-19 16:12:28.951000,0.86492,0.86442,43,43
2023-01-19 16:12:29.377000,0.86487,0.86437,43,43
2023-01-19 16:12:31.030000,0.86482,0.86432,43,43
2023-01-19 16:12:31.384000,0.86487,0.86437,43,43
2023-01-19 16:12:32.036000,0.86482,0.86432,43,43
2023-01-19 16:12:33.517000,0.86492,0.86442,400,43
2023-01-19 16:12:33.660000,0.86487,0.86437,43,43
2023-01-19 16:12:34.178000,0.86482,0.86432,43,43
2023-01-19 16:12:35.554000,0.86497,0.86447,400,43
2023-01-19 16:12:35.767000,0.86497,0.86447,43,43
2023-01-19 16:12:36.276000,0.86492,0.86442,43,43
2023-01-19 16:12:37.203000,0.86497,0.86447,43,43
2023-01-19 16:12:37.323000,0.86492,0.86442,43,43
2023-01-19 16:12:39.164000,0.86502,0.86452,43,43
2023-01-19 16:12:39.357000,0.86507,0.86457,68,43
2023-01-19 16:12:39.487000,0.86502,0.86452,43,43
2023-01-19 16:12:42.569000,0.86512,0.86462,400,43
2023-01-19 16:12:42.802000,0.86512,0.86462,43,43
2023-01-19 16:12:43.511000,0.86517,0.86467,43,43
2023-01-19 16:12:45.271000,0.86499,0.86449,43,425
2023-01-19 16:12:47.325000,0.86507,0.86457,43,43
2023-01-19 16:12:47.803000,0.86512,0.86462,43,43
2023-01-19 16:12:48.134000,0.86507,0.86457,43,43
2023-01-19 16:12:48.607000,0.86512,0.86462,43,43
2023-01-19 16:12:49.259000,0.86507,0.86457,43,43
2023-01-19 16:12:49.863000,0.86512,0.86462,43,43
2023-01-19 16:12:56.155000,0.86507,0.86457,43,43
2023-01-19 16:12:56.389000,0.86512,0.86462,43,43
2023-01-19 16:12:56.539000,0.86507,0.86457,43,43
2023-01-19 16:12:57.213000,0.86502,0.86452,43,43
2023-01-19 16:12:57.363000,0.86507,0.86457,43,43
2023-01-19 16:12:58.293000,0.86512,0.86462,43,43
2023-01-19 16:13:00.715000,0.86499,0.86449,43,425
2023-01-19 16:13:00.985000,0.86489,0.86439,43,425
2023-01-19 16:13:01.170000,0.86497,0.86447,43,43
2023-01-19 16:13:01.321000,0.86502,0.86452,43,43
2023-01-19 16:13:01.732000,0.86497,0.86447,43,43
2023-01-19 16:13:02.017000,0.86492,0.86442,43,43
2023-01-19 16:13:02.233000,0.86497,0.86447,43,43
2023-01-19 16:13:02.359000,0.86492,0.86442,43,43
2023-01-19 16:13:03.112000,0.86497,0.86447,43,43
2023-01-19 16:13:03.220000,0.86492,0.86442,43,43
2023-01-19 16:13:03.503000,0.86497,0.86447,43,43
2023-01-19 16:13:04.074000,0.86502,0.86452,43,43
2023-01-19 16:13:04.189000,0.86512,0.86462,43,43
2023-01-19 16:13:05.153000,0.86522,0.86472,400,43
2023-01-19 16:13:05.578000,0.86522,0.86472,43,43
2023-01-19 16:13:06.565000,0.86518,0.86468,264,43
2023-01-19 16:13:06.734000,0.86522,0.86472,43,43
2023-01-19 16:13:14.751000,0.86518,0.86468,264,43
2023-01-19 16:13:14.962000,0.86512,0.86462,43,43
2023-01-19 16:13:16.851000,0.86517,0.86467,43,43
2023-01-19 16:13:17.285000,0.86522,0.86472,43,43
2023-01-19 16:13:17.784000,0.86509,0.86459,43,425
2023-01-19 16:13:18.639000,0.86507,0.86457,43,43
2023-01-19 16:13:18.832000,0.86502,0.86452,43,43
2023-01-19 16:13:18.933000,0.86507,0.86457,43,43
2023-01-19 16:13:19.177000,0.86502,0.86452,43,43
2023-01-19 16:13:19.439000,0.86507,0.86457,43,43
2023-01-19 16:13:19.990000,0.86502,0.86452,43,43
2023-01-19 16:13:20.160000,0.86489,0.86439,43,425
2023-01-19 16:13:21.144000,0.86477,0.86427,43,36
2023-01-19 16:13:21.221000,0.86477,0.86427,43,43
2023-01-19 16:13:21.370000,0.86472,0.86422,43,43
2023-01-19 16:13:21.485000,0.86477,0.86427,43,43
2023-01-19 16:13:21.778000,0.86472,0.86422,43,43
2023-01-19 16:13:21.895000,0.86467,0.86417,43,43
2023-01-19 16:13:22.205000,0.86472,0.86422,43,43
2023-01-19 16:13:22.357000,0.86477,0.86427,43,43
2023-01-19 16:13:23.378000,0.86472,0.86422,43,43
2023-01-19 16:13:24.283000,0.86487,0.86437,43,43
2023-01-19 16:13:25.181000,0.86497,0.86447,68,43
2023-01-19 16:13:25.478000,0.86492,0.86442,43,43
2023-01-19 16:13:25.787000,0.86487,0.86437,43,43
2023-01-19 16:13:26.526000,0.86482,0.86432,43,43
2023-01-19 16:13:26.978000,0.86492,0.86442,43,43
2023-01-19 16:13:27.131000,0.86487,0.86437,43,43
2023-01-19 16:13:27.836000,0.86497,0.86447,43,43
2023-01-19 16:13:28.190000,0.86502,0.86452,43,43
2023-01-19 16:13:29.093000,0.86497,0.86447,43,43
2023-01-19 16:13:29.725000,0.86492,0.86442,43,43
2023-01-19 16:13:30.816000,0.86497,0.86447,43,67
2023-01-19 16:13:31.203000,0.86507,0.86457,43,43
2023-01-19 16:13:31.569000,0.86512,0.86462,43,43
2023-01-19 16:13:33.041000,0.86517,0.86467,43,43
2023-01-19 16:13:34.218000,0.86512,0.86462,43,43
2023-01-19 16:13:42.191000,0.86507,0.86457,43,67
2023-01-19 16:13:42.418000,0.86502,0.86452,43,67
2023-01-19 16:13:42.521000,0.86512,0.86462,43,43
2023-01-19 16:13:44.902000,0.86517,0.86467,43,43
2023-01-19 16:13:45.191000,0.86522,0.86472,43,43
2023-01-19 16:13:46.586000,0.86517,0.86467,43,68
2023-01-19 16:13:46.726000,0.86522,0.86472,43,43
2023-01-19 16:13:47.933000,0.86517,0.86467,43,43
2023-01-19 16:13:48.549000,0.86512,0.86462,43,43
2023-01-19 16:13:48.874000,0.86507,0.86457,43,43
2023-01-19 16:13:48.980000,0.86512,0.86462,43,43
2023-01-19 16:13:49.232000,0.86508,0.86458,264,43
2023-01-19 16:13:49.282000,0.86502,0.86452,43,43
2023-01-19 16:13:49.681000,0.86497,0.86447,43,43
2023-01-19 16:13:50.038000,0.86502,0.86452,43,43
2023-01-19 16:13:51.879000,0.86489,0.86439,68,425
2023-01-19 16:13:52.103000,0.86497,0.86447,43,43
2023-01-19 16:13:52.204000,0.86502,0.86452,43,43
2023-01-19 16:13:53.024000,0.86512,0.86462,43,43
2023-01-19 16:13:57.790000,0.86507,0.86457,43,43
2023-01-19 16:13:57.918000,0.86502,0.86452,43,43
2023-01-19 16:13:58.830000,0.86507,0.86457,43,43
2023-01-19 16:14:00.217000,0.86512,0.86462,43,43
2023-01-19 16:14:00.329000,0.86517,0.86467,43,43
2023-01-19 16:14:00.959000,0.86507,0.86457,43,43
2023-01-19 16:14:02.171000,0.86502,0.86452,43,43
2023-01-19 16:14:02.758000,0.86497,0.86447,43,43
2023-01-19 16:14:02.901000,0.86502,0.86452,43,43
2023-01-19 16:14:03.314000,0.86507,0.86457,43,43
2023-01-19 16:14:06.371000,0.86502,0.86452,43,43
2023-01-19 16:14:07.281000,0.86512,0.86462,43,43
2023-01-19 16:14:07.438000,0.86507,0.86457,43,43
2023-01-19 16:14:08.352000,0.86502,0.86452,43,43
2023-01-19 16:14:08.815000,0.86497,0.86447,43,43
2023-01-19 16:14:10.207000,0.86502,0.86452,43,43
2023-01-19 16:14:10.818000,0.86497,0.86447,43,43
2023-01-19 16:14:10.966000,0.86502,0.86452,43,43
2023-01-19 16:14:11.328000,0.86507,0.86457,43,43
2023-01-19 16:14:12.169000,0.86512,0.86462,43,43
2023-01-19 16:14:13.983000,0.86522,0.86472,400,43
2023-01-19 16:14:14.246000,0.86522,0.86472,43,43
2023-01-19 16:14:17.077000,0.86547,0.86497,400,43
2023-01-19 16:14:17.213000,0.86562,0.86512,43,6
2023-01-19 16:14:17.363000,0.86572,0.86522,43,43
2023-01-19 16:14:18.375000,0.86567,0.86517,43,43
2023-01-19 16:14:18.534000,0.86557,0.86507,43,43
2023-01-19 16:14:19.643000,0.86562,0.86512,43,43
2023-01-19 16:14:19.756000,0.86567,0.86517,43,43
2023-01-19 16:14:20.516000,0.86572,0.86522,43,43
2023-01-19 16:14:22.288000,0.86592,0.86542,400,43
2023-01-19 16:14:22.399000,0.86592,0.86542,43,425
2023-01-19 16:14:22.449000,0.86607,0.86557,43,43
2023-01-19 16:14:22.676000,0.86612,0.86562,43,276
2023-01-19 16:14:22.825000,0.86602,0.86552,43,261
2023-01-19 16:14:22.875000,0.86602,0.86552,43,43
2023-01-19 16:14:22.971000,0.86607,0.86557,43,43
2023-01-19 16:14:23.142000,0.86602,0.86552,43,43
2023-01-19 16:14:23.651000,0.86607,0.86557,43,43
2023-01-19 16:14:24.198000,0.86602,0.86552,43,43
2023-01-19 16:14:25.239000,0.86607,0.86557,43,43
2023-01-19 16:14:25.849000,0.86602,0.86552,43,43
2023-01-19 16:14:26.082000,0.86607,0.86557,43,43
2023-01-19 16:14:26.592000,0.86602,0.86552,43,43
2023-01-19 16:14:26.726000,0.86579,0.86529,43,425
2023-01-19 16:14:26.839000,0.86572,0.86522,43,261
2023-01-19 16:14:26.890000,0.86572,0.86522,43,43
2023-01-19 16:14:26.967000,0.86567,0.86517,43,43
2023-01-19 16:14:27.239000,0.86562,0.86512,43,43
2023-01-19 16:14:27.341000,0.86549,0.86499,43,425
2023-01-19 16:14:27.641000,0.86557,0.86507,43,43
2023-01-19 16:14:27.831000,0.86552,0.86502,43,43
2023-01-19 16:14:28.183000,0.86557,0.86507,68,43
2023-01-19 16:14:28.425000,0.86552,0.86502,43,43
2023-01-19 16:14:28.694000,0.86557,0.86507,68,43
2023-01-19 16:14:28.970000,0.86547,0.86497,43,43
2023-01-19 16:14:29.117000,0.86542,0.86492,43,43
2023-01-19 16:14:29.430000,0.86547,0.86497,43,43
2023-01-19 16:14:29.868000,0.86538,0.86488,264,43
2023-01-19 16:14:29.954000,0.86532,0.86482,43,43
2023-01-19 16:14:30.204000,0.86528,0.86478,264,43
2023-01-19 16:14:30.421000,0.86522,0.86472,43,43
2023-01-19 16:14:30.728000,0.86532,0.86482,43,43
2023-01-19 16:14:32.248000,0.86519,0.86469,43,425
2023-01-19 16:14:32.398000,0.86557,0.86507,400,43
2023-01-19 16:14:32.499000,0.86538,0.86488,264,43
2023-01-19 16:14:32.626000,0.86557,0.86507,43,43
2023-01-19 16:14:32.797000,0.86548,0.86498,264,43
2023-01-19 16:14:32.847000,0.86542,0.86492,43,43
2023-01-19 16:14:33.178000,0.86538,0.86488,264,43
2023-01-19 16:14:33.248000,0.86537,0.86487,43,43
2023-01-19 16:14:33.548000,0.86532,0.86482,43,43
2023-01-19 16:14:34.528000,0.86537,0.86487,43,43
2023-01-19 16:14:35.424000,0.86542,0.86492,43,43
2023-01-19 16:14:35.753000,0.86538,0.86488,264,43
2023-01-19 16:14:35.804000,0.86527,0.86477,43,43
2023-01-19 16:14:35.925000,0.86522,0.86472,43,43
2023-01-19 16:14:36.134000,0.86527,0.86477,43,43
2023-01-19 16:14:36.414000,0.86532,0.86482,43,43
2023-01-19 16:14:36.570000,0.86537,0.86487,43,43
2023-01-19 16:14:36.743000,0.86532,0.86482,43,43
2023-01-19 16:14:37.171000,0.86537,0.86487,43,43
2023-01-19 16:14:39.065000,0.86532,0.86482,43,43
2023-01-19 16:14:39.268000,0.86537,0.86487,43,43
2023-01-19 16:14:40.234000,0.86542,0.86492,43,43
2023-01-19 16:14:41.199000,0.86547,0.86497,43,43
2023-01-19 16:14:41.445000,0.86552,0.86502,43,43
2023-01-19 16:14:41.696000,0.86547,0.86497,43,43
2023-01-19 16:14:41.931000,0.86557,0.86507,43,43
2023-01-19 16:14:42.039000,0.86562,0.86512,400,43
2023-01-19 16:14:42.168000,0.86557,0.86507,43,43
2023-01-19 16:14:42.574000,0.86562,0.86512,43,43
2023-01-19 16:14:43.254000,0.86549,0.86499,43,425
2023-01-19 16:14:43.397000,0.86547,0.86497,43,43
2023-01-19 16:14:43.856000,0.86552,0.86502,43,43
2023-01-19 16:14:44.007000,0.86547,0.86497,43,43
2023-01-19 16:14:44.667000,0.86527,0.86477,43,36
2023-01-19 16:14:44.718000,0.86527,0.86477,43,43
2023-01-19 16:14:45.086000,0.86532,0.86482,43,43
2023-01-19 16:14:47.438000,0.86537,0.86487,68,43
2023-01-19 16:14:47.767000,0.86502,0.86452,43,261
2023-01-19 16:14:47.868000,0.86517,0.86467,43,36
2023-01-19 16:14:47.969000,0.86517,0.86467,43,43
2023-01-19 16:14:48.161000,0.86512,0.86462,43,43
2023-01-19 16:14:48.298000,0.86497,0.86447,43,43
2023-01-19 16:14:48.727000,0.86502,0.86452,43,276
2023-01-19 16:14:48.778000,0.86512,0.86462,43,43
2023-01-19 16:14:50.281000,0.86517,0.86467,43,43
2023-01-19 16:14:51.178000,0.86527,0.86477,43,43
2023-01-19 16:14:52.313000,0.86532,0.86482,43,43
2023-01-19 16:14:53.464000,0.86527,0.86477,43,43
2023-01-19 16:14:53.583000,0.86522,0.86472,43,43
2023-01-19 16:14:54.255000,0.86527,0.86477,43,43
2023-01-19 16:14:54.978000,0.86542,0.86492,400,43
2023-01-19 16:14:55.079000,0.86522,0.86472,43,261
2023-01-19 16:14:55.159000,0.86522,0.86472,43,43
2023-01-19 16:14:55.209000,0.86527,0.86477,43,43
2023-01-19 16:14:56.034000,0.86532,0.86482,43,43
2023-01-19 16:14:56.341000,0.86517,0.86467,43,43
2023-01-19 16:14:56.497000,0.86512,0.86462,43,43
2023-01-19 16:14:56.625000,0.86517,0.86467,43,43
2023-01-19 16:14:56.815000,0.86512,0.86462,43,43
2023-01-19 16:14:58.535000,0.86517,0.86467,43,43
2023-01-19 16:14:59.346000,0.86522,0.86472,43,43
2023-01-19 16:14:59.582000,0.86527,0.86477,43,43
2023-01-19 16:14:59.942000,0.86522,0.86472,43,43
2023-01-19 16:15:00.058000,0.86517,0.86467,43,43
