time,ask,bid,ask_volume,bid_volume
2019-07-17 14:25:06.757000,0.65016,0.64966,412,45
2019-07-17 14:25:12.288000,0.65021,0.64971,2,337
2019-07-17 14:25:12.448000,0.65015,0.64965,2,337
2019-07-17 14:25:17.462000,0.65025,0.64975,2,337
2019-07-17 14:25:23.069000,0.65046,0.64996,450,45
2019-07-17 14:25:33.504000,0.65045,0.64995,2,307
2019-07-17 14:25:39.842000,0.65035,0.64985,2,307
2019-07-17 14:25:42.521000,0.65025,0.64975,2,412
2019-07-17 14:25:51.396000,0.65026,0.64976,2,225
2019-07-17 14:25:51.499000,0.65025,0.64975,2,307
2019-07-17 14:25:57.568000,0.65026,0.64976,2,75
2019-07-17 14:25:58.105000,0.65005,0.64955,2,412
2019-07-17 14:26:04.051000,0.65006,0.64956,2,150
2019-07-17 14:26:06.199000,0.65001,0.64951,2,150
2019-07-17 14:26:06.418000,0.65006,0.64956,412,45
2019-07-17 14:26:07.442000,0.64996,0.64946,2,75
2019-07-17 14:26:12.598000,0.64986,0.64936,2,45
2019-07-17 14:26:12.737000,0.64985,0.64935,2,262
2019-07-17 14:26:12.829000,0.64976,0.64926,2,150
2019-07-17 14:26:12.880000,0.64975,0.64925,2,307
2019-07-17 14:26:13.099000,0.6498,0.6493,2,150
2019-07-17 14:26:13.354000,0.64976,0.64926,2,75
2019-07-17 14:26:13.656000,0.6498,0.6493,2,150
2019-07-17 14:26:15.739000,0.64965,0.64915,2,337
2019-07-17 14:26:24.490000,0.64966,0.64916,2,150
2019-07-17 14:26:24.656000,0.64971,0.64921,2,150
2019-07-17 14:26:24.929000,0.64965,0.64915,2,45
2019-07-17 14:26:37.033000,0.64971,0.64921,2,150
2019-07-17 14:26:37.177000,0.64965,0.64915,2,307
2019-07-17 14:26:42.733000,0.64971,0.64921,2,150
2019-07-17 14:26:43.821000,0.64965,0.64915,2,307
2019-07-17 14:26:57.497000,0.64975,0.64925,2,337
2019-07-17 14:27:04.296000,0.64975,0.64925,2,262
2019-07-17 14:27:04.384000,0.64971,0.64921,2,75
2019-07-17 14:27:04.434000,0.64965,0.64915,2,307
2019-07-17 14:27:05.628000,0.64971,0.64921,2,150
2019-07-17 14:27:06.174000,0.64965,0.64915,2,45
2019-07-17 14:27:06.642000,0.64971,0.64921,2,150
2019-07-17 14:27:12.771000,0.64965,0.64915,2,45
2019-07-17 14:27:17.997000,0.64966,0.64916,2,281
2019-07-17 14:27:35.304000,0.64976,0.64926,712,45
2019-07-17 14:27:35.405000,0.64966,0.64916,2,225
2019-07-17 14:27:41.295000,0.64956,0.64906,2,75
2019-07-17 14:27:41.446000,0.64966,0.64916,412,45
2019-07-17 14:27:41.613000,0.64961,0.64911,2,150
2019-07-17 14:27:41.814000,0.64945,0.64895,2,412
2019-07-17 14:27:46.006000,0.64951,0.64901,2,150
2019-07-17 14:27:46.337000,0.64945,0.64895,2,45
2019-07-17 14:27:49.722000,0.64955,0.64905,2,307
2019-07-17 14:27:49.873000,0.64945,0.64895,2,337
2019-07-17 14:27:50.442000,0.64946,0.64896,2,150
2019-07-17 14:27:50.689000,0.64945,0.64895,2,307
2019-07-17 14:27:54.118000,0.64946,0.64896,2,150
2019-07-17 14:27:59.044000,0.6493,0.6488,2,281
2019-07-17 14:27:59.427000,0.64925,0.64875,2,544
2019-07-17 14:27:59.825000,0.64935,0.64885,336,45
2019-07-17 14:27:59.926000,0.64956,0.64906,2,45
2019-07-17 14:27:59.976000,0.64955,0.64905,2,45
2019-07-17 14:28:00.241000,0.64951,0.64901,2,150
2019-07-17 14:28:03.004000,0.64945,0.64895,2,75
2019-07-17 14:28:04.066000,0.64951,0.64901,2,150
2019-07-17 14:28:04.571000,0.64935,0.64885,2,412
2019-07-17 14:28:05.034000,0.64956,0.64906,410,45
2019-07-17 14:28:05.804000,0.6495,0.649,2,45
2019-07-17 14:28:06.122000,0.64945,0.64895,2,307
2019-07-17 14:28:09.821000,0.64946,0.64896,2,150
2019-07-17 14:28:10.923000,0.64941,0.64891,2,75
2019-07-17 14:28:11.037000,0.64936,0.64886,2,75
2019-07-17 14:28:11.684000,0.64946,0.64896,450,45
2019-07-17 14:28:11.951000,0.64941,0.64891,2,75
2019-07-17 14:28:12.256000,0.64925,0.64875,2,337
2019-07-17 14:28:12.968000,0.6493,0.6488,2,75
2019-07-17 14:28:14.253000,0.64925,0.64875,2,307
2019-07-17 14:28:14.369000,0.64926,0.64876,2,75
2019-07-17 14:28:16.568000,0.64915,0.64865,410,45
2019-07-17 14:28:22.993000,0.64915,0.64865,2,487
2019-07-17 14:28:28.897000,0.64915,0.64865,2,337
2019-07-17 14:28:29.318000,0.64921,0.64871,2,150
2019-07-17 14:28:29.499000,0.64915,0.64865,2,150
2019-07-17 14:28:29.647000,0.64926,0.64876,412,45
2019-07-17 14:28:29.767000,0.64915,0.64865,410,150
2019-07-17 14:28:31.029000,0.6491,0.6486,3,150
2019-07-17 14:28:31.868000,0.64915,0.64865,3,150
2019-07-17 14:28:34.769000,0.64911,0.64861,3,75
2019-07-17 14:28:35.313000,0.64915,0.64865,337,45
2019-07-17 14:28:37.714000,0.64926,0.64876,412,45
2019-07-17 14:28:43.543000,0.64915,0.64865,410,225
2019-07-17 14:28:44.406000,0.64915,0.64865,3,307
2019-07-17 14:28:46.044000,0.64915,0.64865,3,487
2019-07-17 14:28:49.407000,0.64911,0.64861,3,45
2019-07-17 14:28:49.904000,0.64895,0.64845,3,307
2019-07-17 14:28:52.228000,0.649,0.6485,3,75
2019-07-17 14:28:52.351000,0.64915,0.64865,337,225
2019-07-17 14:28:58.158000,0.64921,0.64871,3,75
2019-07-17 14:28:58.271000,0.64915,0.64865,410,75
2019-07-17 14:28:59.865000,0.64921,0.64871,3,75
2019-07-17 14:29:00.111000,0.64915,0.64865,3,45
2019-07-17 14:29:03.528000,0.64921,0.64871,3,75
2019-07-17 14:29:04.197000,0.64915,0.64865,3,45
2019-07-17 14:29:04.966000,0.64921,0.64871,3,45
2019-07-17 14:29:05.230000,0.64915,0.64865,410,45
2019-07-17 14:29:05.605000,0.64905,0.64855,3,262
2019-07-17 14:29:05.716000,0.64885,0.64835,3,75
2019-07-17 14:29:05.816000,0.64906,0.64856,410,75
2019-07-17 14:29:05.928000,0.64901,0.64851,4,45
2019-07-17 14:29:06.291000,0.64896,0.64846,4,45
2019-07-17 14:29:06.569000,0.64901,0.64851,4,45
2019-07-17 14:29:06.680000,0.64896,0.64846,4,45
2019-07-17 14:29:06.830000,0.64885,0.64835,410,45
2019-07-17 14:29:07.802000,0.64881,0.64831,4,75
2019-07-17 14:29:07.936000,0.64876,0.64826,4,45
2019-07-17 14:29:08.470000,0.64881,0.64831,4,45
2019-07-17 14:29:08.587000,0.64885,0.64835,410,45
2019-07-17 14:29:09.107000,0.64881,0.64831,4,45
2019-07-17 14:29:09.319000,0.64885,0.64835,410,45
2019-07-17 14:29:10.392000,0.64885,0.64835,4,412
2019-07-17 14:29:17.658000,0.64906,0.64856,450,225
2019-07-17 14:29:17.762000,0.64911,0.64861,4,45
2019-07-17 14:29:17.989000,0.64901,0.64851,4,225
2019-07-17 14:29:18.092000,0.64895,0.64845,4,45
2019-07-17 14:29:19.075000,0.64901,0.64851,4,150
2019-07-17 14:29:20.117000,0.64896,0.64846,5,45
2019-07-17 14:29:20.250000,0.6489,0.6484,5,45
2019-07-17 14:29:20.628000,0.64895,0.64845,5,307
2019-07-17 14:29:20.929000,0.64901,0.64851,5,75
2019-07-17 14:29:21.034000,0.649,0.6485,5,45
2019-07-17 14:29:21.146000,0.64906,0.64856,5,75
2019-07-17 14:29:21.430000,0.64901,0.64851,5,45
2019-07-17 14:29:22.047000,0.64885,0.64835,5,307
2019-07-17 14:29:22.236000,0.64891,0.64841,5,45
2019-07-17 14:29:22.366000,0.64885,0.64835,5,307
2019-07-17 14:29:23.314000,0.6489,0.6484,5,45
2019-07-17 14:29:23.420000,0.64885,0.64835,5,307
2019-07-17 14:29:23.913000,0.64885,0.64835,5,307
2019-07-17 14:29:24.343000,0.6488,0.6483,5,45
2019-07-17 14:29:24.662000,0.64885,0.64835,5,45
2019-07-17 14:29:25.065000,0.64876,0.64826,5,45
2019-07-17 14:29:25.492000,0.64891,0.64841,5,45
2019-07-17 14:29:26.148000,0.64886,0.64836,5,75
2019-07-17 14:29:26.664000,0.64876,0.64826,5,45
2019-07-17 14:29:26.851000,0.64875,0.64825,336,45
2019-07-17 14:29:27.022000,0.64891,0.64841,5,45
2019-07-17 14:29:27.538000,0.64885,0.64835,410,45
2019-07-17 14:29:27.756000,0.64881,0.64831,5,45
2019-07-17 14:29:28.801000,0.64871,0.64821,5,45
2019-07-17 14:29:29.084000,0.64855,0.64805,5,307
2019-07-17 14:29:29.237000,0.64871,0.64821,5,45
2019-07-17 14:29:29.417000,0.64866,0.64816,5,45
2019-07-17 14:29:29.817000,0.64861,0.64811,5,45
2019-07-17 14:29:29.953000,0.64866,0.64816,5,45
2019-07-17 14:29:30.104000,0.64861,0.64811,5,45
2019-07-17 14:29:30.427000,0.64855,0.64805,5,45
2019-07-17 14:29:30.706000,0.64861,0.64811,5,45
2019-07-17 14:29:31.978000,0.64866,0.64816,5,75
2019-07-17 14:29:32.549000,0.64852,0.64798,5,75
2019-07-17 14:29:32.921000,0.64871,0.64821,5,45
2019-07-17 14:29:33.117000,0.64856,0.64806,5,45
2019-07-17 14:29:33.768000,0.6486,0.6481,5,45
2019-07-17 14:29:34.257000,0.64855,0.64805,5,307
2019-07-17 14:29:34.404000,0.64861,0.64811,5,45
2019-07-17 14:29:34.791000,0.64855,0.64805,5,45
2019-07-17 14:29:34.937000,0.6485,0.648,5,45
2019-07-17 14:29:35.663000,0.64855,0.64805,5,45
2019-07-17 14:29:36.398000,0.6486,0.6481,5,45
2019-07-17 14:29:39.949000,0.64865,0.64815,5,45
2019-07-17 14:29:42.162000,0.6487,0.6482,5,45
2019-07-17 14:29:43.105000,0.64885,0.64835,410,45
2019-07-17 14:29:46.439000,0.64865,0.64815,5,307
2019-07-17 14:29:49.114000,0.64874,0.64824,5,45
2019-07-17 14:29:49.318000,0.64881,0.64831,5,45
2019-07-17 14:29:49.819000,0.64885,0.64835,410,45
2019-07-17 14:29:50.835000,0.64896,0.64846,410,45
2019-07-17 14:29:50.941000,0.64891,0.64841,5,45
2019-07-17 14:29:51.906000,0.64885,0.64835,5,45
2019-07-17 14:29:53.135000,0.64865,0.64815,5,307
2019-07-17 14:29:53.334000,0.64874,0.64824,5,45
2019-07-17 14:29:55.477000,0.64896,0.64846,5,45
2019-07-17 14:29:56.519000,0.64885,0.64835,5,45
2019-07-17 14:29:57.570000,0.6488,0.6483,5,45
2019-07-17 14:29:58.366000,0.64885,0.64835,5,45
2019-07-17 14:29:58.827000,0.64891,0.64841,5,45
2019-07-17 14:29:59.511000,0.64872,0.64822,5,262
2019-07-17 14:29:59.634000,0.64872,0.64808,5,45
2019-07-17 14:29:59.956000,0.64872,0.64818,5,45
2019-07-17 14:30:00.096000,0.64872,0.64808,5,45
2019-07-17 14:30:00.210000,0.64872,0.64818,5,45
2019-07-17 14:30:00.426000,0.64895,0.64795,262,262
2019-07-17 14:30:00.858000,0.64895,0.64775,262,262
2019-07-17 14:30:01.066000,0.64825,0.64735,350,262
2019-07-17 14:30:01.230000,0.64755,0.64705,5,262
2019-07-17 14:30:01.380000,0.64745,0.64695,5,262
2019-07-17 14:30:01.491000,0.64735,0.64685,5,262
2019-07-17 14:30:01.639000,0.64735,0.64685,5,262
2019-07-17 14:30:01.705000,0.64726,0.64676,5,150
2019-07-17 14:30:01.956000,0.64716,0.64666,4,45
2019-07-17 14:30:02.130000,0.64695,0.64645,342,45
2019-07-17 14:30:02.180000,0.6471,0.6466,4,45
2019-07-17 14:30:02.431000,0.64716,0.64666,4,45
2019-07-17 14:30:02.535000,0.64725,0.64675,342,45
2019-07-17 14:30:02.586000,0.64736,0.64686,410,45
2019-07-17 14:30:02.912000,0.6473,0.6468,4,45
2019-07-17 14:30:03.049000,0.64705,0.64655,342,45
2019-07-17 14:30:03.156000,0.64705,0.64655,342,45
2019-07-17 14:30:03.207000,0.64725,0.64675,342,45
2019-07-17 14:30:03.267000,0.64715,0.64665,4,45
2019-07-17 14:30:03.437000,0.64711,0.64661,4,45
2019-07-17 14:30:03.560000,0.64721,0.64671,4,45
2019-07-17 14:30:03.734000,0.64726,0.64676,4,45
2019-07-17 14:30:03.902000,0.6473,0.6468,4,45
2019-07-17 14:30:04.025000,0.64735,0.64685,4,262
2019-07-17 14:30:04.150000,0.64735,0.64685,4,262
2019-07-17 14:30:04.200000,0.64715,0.64665,4,45
2019-07-17 14:30:04.409000,0.64719,0.64669,9,75
2019-07-17 14:30:04.488000,0.64725,0.64665,350,262
2019-07-17 14:30:04.551000,0.64735,0.64685,344,45
2019-07-17 14:30:04.696000,0.64771,0.64721,9,45
2019-07-17 14:30:04.786000,0.6477,0.6472,9,45
2019-07-17 14:30:04.920000,0.64775,0.64725,9,307
2019-07-17 14:30:05.028000,0.64785,0.64735,344,45
2019-07-17 14:30:05.078000,0.64795,0.64745,9,45
2019-07-17 14:30:05.128000,0.6479,0.6474,9,45
2019-07-17 14:30:05.229000,0.6479,0.6474,9,45
2019-07-17 14:30:05.533000,0.64785,0.64735,9,262
2019-07-17 14:30:05.583000,0.64781,0.64731,9,45
2019-07-17 14:30:05.703000,0.64776,0.64726,9,45
2019-07-17 14:30:05.804000,0.64786,0.64736,410,45
2019-07-17 14:30:05.905000,0.6479,0.6474,9,45
2019-07-17 14:30:06.054000,0.64796,0.64746,9,45
2019-07-17 14:30:06.299000,0.64785,0.64735,9,262
2019-07-17 14:30:06.350000,0.64795,0.64735,350,262
2019-07-17 14:30:06.400000,0.64736,0.64686,9,45
2019-07-17 14:30:06.559000,0.64741,0.64691,9,45
2019-07-17 14:30:06.727000,0.64749,0.64699,9,45
2019-07-17 14:30:06.996000,0.64745,0.64695,9,307
2019-07-17 14:30:07.097000,0.64765,0.64715,9,262
2019-07-17 14:30:07.147000,0.64781,0.64731,9,45
2019-07-17 14:30:07.205000,0.64779,0.64729,9,45
2019-07-17 14:30:07.615000,0.64771,0.64721,9,45
2019-07-17 14:30:07.810000,0.64775,0.64725,9,45
2019-07-17 14:30:08.327000,0.64779,0.64729,9,45
2019-07-17 14:30:08.469000,0.64785,0.64735,9,307
2019-07-17 14:30:08.573000,0.64795,0.64745,344,45
2019-07-17 14:30:08.623000,0.64811,0.64761,9,45
2019-07-17 14:30:08.827000,0.64801,0.64751,9,45
2019-07-17 14:30:08.932000,0.64778,0.64728,9,45
2019-07-17 14:30:08.988000,0.64776,0.64726,9,45
2019-07-17 14:30:09.159000,0.64775,0.64725,9,45
2019-07-17 14:30:09.314000,0.64779,0.64729,9,45
2019-07-17 14:30:09.456000,0.64775,0.64725,9,307
2019-07-17 14:30:09.974000,0.64785,0.64735,9,45
2019-07-17 14:30:10.216000,0.6479,0.6474,9,45
2019-07-17 14:30:10.394000,0.64795,0.64745,9,45
2019-07-17 14:30:10.517000,0.64801,0.64751,9,75
2019-07-17 14:30:10.851000,0.64795,0.64745,9,307
2019-07-17 14:30:11.218000,0.64786,0.64736,9,45
2019-07-17 14:30:11.319000,0.6477,0.6472,9,45
2019-07-17 14:30:11.697000,0.64765,0.64715,9,307
2019-07-17 14:30:11.831000,0.64766,0.64716,9,45
2019-07-17 14:30:11.952000,0.64771,0.64721,9,45
2019-07-17 14:30:12.181000,0.64756,0.64706,9,75
2019-07-17 14:30:12.306000,0.64751,0.64701,9,45
2019-07-17 14:30:12.467000,0.64745,0.64695,9,45
2019-07-17 14:30:12.696000,0.64766,0.64716,410,45
2019-07-17 14:30:12.965000,0.64756,0.64706,9,45
2019-07-17 14:30:13.267000,0.6476,0.6471,9,45
2019-07-17 14:30:13.488000,0.64746,0.64696,9,45
2019-07-17 14:30:14.285000,0.64751,0.64701,9,45
2019-07-17 14:30:14.444000,0.64755,0.64705,344,45
2019-07-17 14:30:14.505000,0.64771,0.64721,9,45
2019-07-17 14:30:14.674000,0.64766,0.64716,9,45
2019-07-17 14:30:14.844000,0.64771,0.64721,9,45
2019-07-17 14:30:15.093000,0.6476,0.6471,9,45
2019-07-17 14:30:15.241000,0.64755,0.64705,9,307
2019-07-17 14:30:15.411000,0.64771,0.64721,9,45
2019-07-17 14:30:15.548000,0.64755,0.64705,9,307
2019-07-17 14:30:16.011000,0.6476,0.6471,9,45
2019-07-17 14:30:16.112000,0.64745,0.64695,9,262
2019-07-17 14:30:16.195000,0.64745,0.64695,9,262
2019-07-17 14:30:16.383000,0.64745,0.64695,344,45
2019-07-17 14:30:16.519000,0.64745,0.64695,344,45
2019-07-17 14:30:16.572000,0.6476,0.6471,9,45
2019-07-17 14:30:16.622000,0.64756,0.64706,9,45
2019-07-17 14:30:16.760000,0.6476,0.6471,9,45
2019-07-17 14:30:16.901000,0.64765,0.64715,9,45
2019-07-17 14:30:17.045000,0.6476,0.6471,9,45
2019-07-17 14:30:17.150000,0.64751,0.64701,9,45
2019-07-17 14:30:17.379000,0.64741,0.64691,9,45
2019-07-17 14:30:17.523000,0.64736,0.64686,9,45
2019-07-17 14:30:17.795000,0.6473,0.6468,9,45
2019-07-17 14:30:17.916000,0.64725,0.64675,9,307
2019-07-17 14:30:18.159000,0.64715,0.64665,9,307
2019-07-17 14:30:18.262000,0.64719,0.64669,9,45
2019-07-17 14:30:18.378000,0.64736,0.64686,410,45
2019-07-17 14:30:18.648000,0.64715,0.64665,9,262
2019-07-17 14:30:18.730000,0.64715,0.64665,9,262
2019-07-17 14:30:18.781000,0.64685,0.64635,9,307
2019-07-17 14:30:19.015000,0.64675,0.64625,9,45
2019-07-17 14:30:19.236000,0.6468,0.6463,7,45
2019-07-17 14:30:19.381000,0.64685,0.64635,7,45
2019-07-17 14:30:19.839000,0.64681,0.64631,8,45
2019-07-17 14:30:20.027000,0.64676,0.64626,8,45
2019-07-17 14:30:20.225000,0.64681,0.64631,8,45
2019-07-17 14:30:20.370000,0.64691,0.64641,9,45
2019-07-17 14:30:20.630000,0.64685,0.64635,9,45
2019-07-17 14:30:20.886000,0.64701,0.64651,9,45
2019-07-17 14:30:21.074000,0.64685,0.64635,9,307
2019-07-17 14:30:21.216000,0.6469,0.6464,9,45
2019-07-17 14:30:21.363000,0.64696,0.64646,9,45
2019-07-17 14:30:21.474000,0.64701,0.64651,9,45
2019-07-17 14:30:21.591000,0.64695,0.64645,9,45
2019-07-17 14:30:21.751000,0.64711,0.64661,9,45
2019-07-17 14:30:22.408000,0.64705,0.64655,9,45
2019-07-17 14:30:23.132000,0.64705,0.64655,9,262
2019-07-17 14:30:23.233000,0.64705,0.64655,9,262
2019-07-17 14:30:23.284000,0.64696,0.64646,9,45
2019-07-17 14:30:23.334000,0.64701,0.64651,9,45
2019-07-17 14:30:23.469000,0.64685,0.64635,9,307
2019-07-17 14:30:23.667000,0.64691,0.64641,9,45
2019-07-17 14:30:23.808000,0.64685,0.64635,9,45
2019-07-17 14:30:24.039000,0.64706,0.64656,410,45
2019-07-17 14:30:24.243000,0.64695,0.64645,9,262
2019-07-17 14:30:24.294000,0.6468,0.6463,9,45
2019-07-17 14:30:24.566000,0.64675,0.64625,9,262
2019-07-17 14:30:24.655000,0.64665,0.64615,9,45
2019-07-17 14:30:24.705000,0.64665,0.64615,12,45
2019-07-17 14:30:24.855000,0.6468,0.6463,12,45
2019-07-17 14:30:24.992000,0.64675,0.64625,12,262
2019-07-17 14:30:25.192000,0.64645,0.64595,12,307
2019-07-17 14:30:25.244000,0.64654,0.64604,12,45
2019-07-17 14:30:25.761000,0.64661,0.64611,12,75
2019-07-17 14:30:26.287000,0.64665,0.64615,450,45
2019-07-17 14:30:26.439000,0.64661,0.64611,12,75
2019-07-17 14:30:26.905000,0.64665,0.64615,410,45
2019-07-17 14:30:27.940000,0.64655,0.64605,14,262
2019-07-17 14:30:28.041000,0.64646,0.64596,14,45
2019-07-17 14:30:28.371000,0.64641,0.64591,14,150
2019-07-17 14:30:28.482000,0.6464,0.6459,14,45
2019-07-17 14:30:28.649000,0.64641,0.64591,14,150
2019-07-17 14:30:29.154000,0.64635,0.64585,14,45
2019-07-17 14:30:29.305000,0.64636,0.64586,14,45
2019-07-17 14:30:29.419000,0.64641,0.64591,15,45
2019-07-17 14:30:29.586000,0.64646,0.64596,15,45
2019-07-17 14:30:29.756000,0.64641,0.64591,15,45
2019-07-17 14:30:29.877000,0.64631,0.64581,15,45
2019-07-17 14:30:29.992000,0.6464,0.6459,15,45
2019-07-17 14:30:30.093000,0.64655,0.64605,15,262
2019-07-17 14:30:30.245000,0.6464,0.6459,15,45
2019-07-17 14:30:30.673000,0.64641,0.64591,15,45
2019-07-17 14:30:30.818000,0.64635,0.64585,16,45
2019-07-17 14:30:30.968000,0.64635,0.64585,16,262
2019-07-17 14:30:31.059000,0.64615,0.64565,16,307
2019-07-17 14:30:32.472000,0.64621,0.64571,16,45
2019-07-17 14:30:32.750000,0.64615,0.64565,16,307
2019-07-17 14:30:32.952000,0.64616,0.64566,16,75
2019-07-17 14:30:33.216000,0.64615,0.64565,16,45
2019-07-17 14:30:34.060000,0.64624,0.64574,16,75
2019-07-17 14:30:35.111000,0.64635,0.64585,344,45
2019-07-17 14:30:35.229000,0.64635,0.64585,344,45
2019-07-17 14:30:35.279000,0.64671,0.64621,16,45
2019-07-17 14:30:35.384000,0.64665,0.64615,22,45
2019-07-17 14:30:35.929000,0.64675,0.64625,22,45
2019-07-17 14:30:36.088000,0.6467,0.6462,22,75
2019-07-17 14:30:36.388000,0.64675,0.64625,22,307
2019-07-17 14:30:36.554000,0.64685,0.64635,22,307
2019-07-17 14:30:36.698000,0.64701,0.64651,22,75
2019-07-17 14:30:36.834000,0.64695,0.64645,22,45
2019-07-17 14:30:37.068000,0.64705,0.64655,344,45
2019-07-17 14:30:37.214000,0.64715,0.64665,22,307
2019-07-17 14:30:37.466000,0.64716,0.64666,22,45
2019-07-17 14:30:37.684000,0.6471,0.6466,22,45
2019-07-17 14:30:37.876000,0.64715,0.64665,22,45
2019-07-17 14:30:38.045000,0.64719,0.64669,22,45
2019-07-17 14:30:38.378000,0.6473,0.6468,22,45
2019-07-17 14:30:38.947000,0.64735,0.64685,22,45
2019-07-17 14:30:39.388000,0.64741,0.64691,22,45
2019-07-17 14:30:39.578000,0.64736,0.64686,22,45
2019-07-17 14:30:39.704000,0.64741,0.64691,22,45
2019-07-17 14:30:39.860000,0.64735,0.64685,22,307
2019-07-17 14:30:40.238000,0.6473,0.6468,22,45
2019-07-17 14:30:40.605000,0.64756,0.64706,410,45
2019-07-17 14:30:41.433000,0.6476,0.6471,22,45
2019-07-17 14:30:41.585000,0.64766,0.64716,22,45
2019-07-17 14:30:41.686000,0.6476,0.6471,22,75
2019-07-17 14:30:41.886000,0.64771,0.64721,22,45
2019-07-17 14:30:41.987000,0.64755,0.64705,22,307
2019-07-17 14:30:42.357000,0.64765,0.64715,22,45
2019-07-17 14:30:42.511000,0.64771,0.64721,22,45
2019-07-17 14:30:42.622000,0.64765,0.64715,22,307
2019-07-17 14:30:42.783000,0.64766,0.64716,22,45
2019-07-17 14:30:42.940000,0.64765,0.64715,22,262
2019-07-17 14:30:42.991000,0.6476,0.6471,22,45
2019-07-17 14:30:43.041000,0.6476,0.6471,22,45
2019-07-17 14:30:43.242000,0.64765,0.64715,22,45
2019-07-17 14:30:44.028000,0.64771,0.64721,22,45
2019-07-17 14:30:44.176000,0.64765,0.64715,22,307
2019-07-17 14:30:44.334000,0.6477,0.6472,22,45
2019-07-17 14:30:44.444000,0.64786,0.64736,22,45
2019-07-17 14:30:44.595000,0.64781,0.64731,22,45
2019-07-17 14:30:44.828000,0.64775,0.64725,22,337
2019-07-17 14:30:45.126000,0.64779,0.64729,22,75
2019-07-17 14:30:45.277000,0.64786,0.64736,22,75
2019-07-17 14:30:45.475000,0.64785,0.64735,22,307
2019-07-17 14:30:45.635000,0.64795,0.64745,344,45
2019-07-17 14:30:45.792000,0.64811,0.64761,22,45
2019-07-17 14:30:46.194000,0.64805,0.64755,22,307
2019-07-17 14:30:46.303000,0.64821,0.64771,22,45
2019-07-17 14:30:46.719000,0.64805,0.64755,22,307
2019-07-17 14:30:46.857000,0.64805,0.64755,22,262
2019-07-17 14:30:46.908000,0.64786,0.64736,22,75
2019-07-17 14:30:46.972000,0.64785,0.64735,17,262
2019-07-17 14:30:47.075000,0.64755,0.64705,17,307
2019-07-17 14:30:47.164000,0.64756,0.64706,17,75
2019-07-17 14:30:47.265000,0.64766,0.64716,410,45
2019-07-17 14:30:47.734000,0.64756,0.64706,15,45
2019-07-17 14:30:47.885000,0.64766,0.64716,410,45
2019-07-17 14:30:48.192000,0.64755,0.64705,15,262
2019-07-17 14:30:48.407000,0.64755,0.64705,15,262
2019-07-17 14:30:48.517000,0.64736,0.64686,15,45
2019-07-17 14:30:48.568000,0.64741,0.64691,15,45
2019-07-17 14:30:48.716000,0.64725,0.64675,15,45
2019-07-17 14:30:48.856000,0.6473,0.6468,15,45
2019-07-17 14:30:49.448000,0.64725,0.64675,15,45
2019-07-17 14:30:49.621000,0.6473,0.6468,15,45
2019-07-17 14:30:49.943000,0.6473,0.6468,15,45
2019-07-17 14:30:50.219000,0.6473,0.6468,15,45
2019-07-17 14:30:50.321000,0.64736,0.64686,15,45
2019-07-17 14:30:50.480000,0.64725,0.64675,15,262
2019-07-17 14:30:50.604000,0.64716,0.64666,15,45
2019-07-17 14:30:50.655000,0.64736,0.64686,410,45
2019-07-17 14:30:50.818000,0.6473,0.6468,15,45
2019-07-17 14:30:51.373000,0.64725,0.64675,15,307
2019-07-17 14:30:51.507000,0.64735,0.64685,15,307
2019-07-17 14:30:51.669000,0.64735,0.64685,15,262
2019-07-17 14:30:51.720000,0.64715,0.64665,15,307
2019-07-17 14:30:51.925000,0.6471,0.6466,15,45
2019-07-17 14:30:52.113000,0.64719,0.64669,15,45
2019-07-17 14:30:52.254000,0.64721,0.64671,15,45
2019-07-17 14:30:52.422000,0.64715,0.64665,15,45
2019-07-17 14:30:52.704000,0.64721,0.64671,15,45
2019-07-17 14:30:52.856000,0.64715,0.64665,15,45
2019-07-17 14:30:53.074000,0.64725,0.64675,344,45
2019-07-17 14:30:53.157000,0.64746,0.64696,410,45
2019-07-17 14:30:53.208000,0.6473,0.6468,15,45
2019-07-17 14:30:53.378000,0.64726,0.64676,15,75
2019-07-17 14:30:53.481000,0.6473,0.6468,15,75
2019-07-17 14:30:53.589000,0.64721,0.64671,15,75
2019-07-17 14:30:53.717000,0.64711,0.64661,15,75
2019-07-17 14:30:53.887000,0.64695,0.64645,15,262
2019-07-17 14:30:53.993000,0.64701,0.64651,15,75
2019-07-17 14:30:54.146000,0.64706,0.64656,410,45
2019-07-17 14:30:54.391000,0.64715,0.64665,344,45
2019-07-17 14:30:54.511000,0.6473,0.6468,15,45
2019-07-17 14:30:54.562000,0.64725,0.64675,15,307
2019-07-17 14:30:54.760000,0.6473,0.6468,15,75
2019-07-17 14:30:54.991000,0.64715,0.64665,15,337
2019-07-17 14:30:55.107000,0.64719,0.64669,15,75
2019-07-17 14:30:55.277000,0.64746,0.64696,410,45
2019-07-17 14:30:55.701000,0.6474,0.6469,15,75
2019-07-17 14:30:56.192000,0.64735,0.64685,14,45
2019-07-17 14:30:56.315000,0.64751,0.64701,14,75
2019-07-17 14:30:56.449000,0.64745,0.64695,14,45
2019-07-17 14:30:56.701000,0.64755,0.64705,14,307
2019-07-17 14:30:56.811000,0.6476,0.6471,14,45
2019-07-17 14:30:57.092000,0.64755,0.64705,14,307
2019-07-17 14:30:57.261000,0.6476,0.6471,14,75
2019-07-17 14:30:57.460000,0.64755,0.64705,14,307
2019-07-17 14:30:57.721000,0.64765,0.64715,14,45
2019-07-17 14:30:58.001000,0.64755,0.64705,14,307
2019-07-17 14:30:58.149000,0.64765,0.64715,344,45
2019-07-17 14:30:58.200000,0.64775,0.64725,14,307
2019-07-17 14:30:58.331000,0.64781,0.64731,14,150
2019-07-17 14:30:58.618000,0.64776,0.64726,14,75
2019-07-17 14:30:59.044000,0.64781,0.64731,14,75
2019-07-17 14:30:59.189000,0.64775,0.64725,14,45
2019-07-17 14:30:59.519000,0.64781,0.64731,14,45
2019-07-17 14:30:59.620000,0.64775,0.64725,14,45
2019-07-17 14:30:59.764000,0.64776,0.64726,14,45
2019-07-17 14:30:59.932000,0.64771,0.64721,14,75
2019-07-17 14:31:00.209000,0.6476,0.6471,14,150
2019-07-17 14:31:00.488000,0.64755,0.64705,14,307
2019-07-17 14:31:00.736000,0.64781,0.64731,14,75
2019-07-17 14:31:02.187000,0.64765,0.64715,14,337
2019-07-17 14:31:02.335000,0.64775,0.64725,344,45
2019-07-17 14:31:02.499000,0.64795,0.64745,14,45
2019-07-17 14:31:02.550000,0.64801,0.64751,14,75
2019-07-17 14:31:02.817000,0.64796,0.64746,14,45
2019-07-17 14:31:02.936000,0.6479,0.6474,14,45
2019-07-17 14:31:03.064000,0.64786,0.64736,14,45
2019-07-17 14:31:03.543000,0.64781,0.64731,14,75
2019-07-17 14:31:03.872000,0.64776,0.64726,14,45
2019-07-17 14:31:03.974000,0.64786,0.64736,450,45
2019-07-17 14:31:04.303000,0.64765,0.64715,14,307
2019-07-17 14:31:04.445000,0.64766,0.64716,14,45
2019-07-17 14:31:04.546000,0.64776,0.64726,450,45
2019-07-17 14:31:04.715000,0.6476,0.6471,14,45
2019-07-17 14:31:04.898000,0.64765,0.64715,14,45
2019-07-17 14:31:05.051000,0.64796,0.64746,410,45
2019-07-17 14:31:05.296000,0.6479,0.6474,14,75
2019-07-17 14:31:05.424000,0.64806,0.64756,410,45
2019-07-17 14:31:05.939000,0.64801,0.64751,14,75
2019-07-17 14:31:06.156000,0.64806,0.64756,14,45
2019-07-17 14:31:06.882000,0.64796,0.64746,14,45
2019-07-17 14:31:07.260000,0.6479,0.6474,14,75
2019-07-17 14:31:07.478000,0.64785,0.64735,14,307
2019-07-17 14:31:07.628000,0.64775,0.64725,14,307
2019-07-17 14:31:07.902000,0.64779,0.64729,14,75
2019-07-17 14:31:08.067000,0.64785,0.64735,14,45
2019-07-17 14:31:08.226000,0.64806,0.64756,410,45
2019-07-17 14:31:08.824000,0.64805,0.64755,14,45
2019-07-17 14:31:08.993000,0.64805,0.64755,14,262
2019-07-17 14:31:09.102000,0.64785,0.64735,14,307
2019-07-17 14:31:09.243000,0.64786,0.64736,14,45
2019-07-17 14:31:09.487000,0.64766,0.64716,14,75
2019-07-17 14:31:09.717000,0.64765,0.64715,14,307
2019-07-17 14:31:10.741000,0.64786,0.64736,410,45
2019-07-17 14:31:10.988000,0.64779,0.64729,14,45
2019-07-17 14:31:11.103000,0.64796,0.64746,410,45
2019-07-17 14:31:11.453000,0.6479,0.6474,14,75
2019-07-17 14:31:11.574000,0.64795,0.64745,14,307
2019-07-17 14:31:11.698000,0.64811,0.64761,14,75
2019-07-17 14:31:11.857000,0.6481,0.6476,14,45
2019-07-17 14:31:11.985000,0.64805,0.64755,14,307
2019-07-17 14:31:12.137000,0.6481,0.6476,14,45
2019-07-17 14:31:12.289000,0.64831,0.64781,14,75
2019-07-17 14:31:12.390000,0.64826,0.64776,14,45
2019-07-17 14:31:12.948000,0.64816,0.64766,14,45
2019-07-17 14:31:13.098000,0.64795,0.64745,14,337
2019-07-17 14:31:13.281000,0.64795,0.64745,14,262
2019-07-17 14:31:13.331000,0.64775,0.64725,14,307
2019-07-17 14:31:13.466000,0.6477,0.6472,14,45
2019-07-17 14:31:13.735000,0.64776,0.64726,14,45
2019-07-17 14:31:13.836000,0.64781,0.64731,14,45
2019-07-17 14:31:13.980000,0.64765,0.64715,14,307
2019-07-17 14:31:14.342000,0.64781,0.64731,14,75
2019-07-17 14:31:15.155000,0.64775,0.64725,14,307
2019-07-17 14:31:15.350000,0.64781,0.64731,14,75
2019-07-17 14:31:15.453000,0.64765,0.64715,14,307
2019-07-17 14:31:15.828000,0.64775,0.64725,14,307
2019-07-17 14:31:16.117000,0.64781,0.64731,14,75
2019-07-17 14:31:16.224000,0.64775,0.64725,14,45
2019-07-17 14:31:17.714000,0.64776,0.64726,14,45
2019-07-17 14:31:18.384000,0.64766,0.64716,14,75
2019-07-17 14:31:18.521000,0.64756,0.64706,14,45
2019-07-17 14:31:19.140000,0.6476,0.6471,14,75
2019-07-17 14:31:19.336000,0.64755,0.64705,14,45
2019-07-17 14:31:19.461000,0.6476,0.6471,14,75
2019-07-17 14:31:20.347000,0.6476,0.6471,14,75
2019-07-17 14:31:20.903000,0.64765,0.64715,14,307
2019-07-17 14:31:21.211000,0.64766,0.64716,14,45
2019-07-17 14:31:21.550000,0.6476,0.6471,14,75
2019-07-17 14:31:22.152000,0.64776,0.64726,14,45
2019-07-17 14:31:22.502000,0.6477,0.6472,14,75
2019-07-17 14:31:22.961000,0.64775,0.64725,14,307
2019-07-17 14:31:23.209000,0.64785,0.64735,14,307
2019-07-17 14:31:23.915000,0.64785,0.64735,14,262
2019-07-17 14:31:24.149000,0.64765,0.64715,14,307
2019-07-17 14:31:24.440000,0.64781,0.64731,14,75
2019-07-17 14:31:24.666000,0.64775,0.64725,14,307
2019-07-17 14:31:25.341000,0.64781,0.64731,14,150
2019-07-17 14:31:25.466000,0.64775,0.64725,14,45
2019-07-17 14:31:25.943000,0.64796,0.64746,410,45
2019-07-17 14:31:26.078000,0.6479,0.6474,14,45
2019-07-17 14:31:26.246000,0.64775,0.64725,14,337
2019-07-17 14:31:26.637000,0.64796,0.64746,410,45
2019-07-17 14:31:27.669000,0.6479,0.6474,11,45
2019-07-17 14:31:28.178000,0.64796,0.64746,11,45
2019-07-17 14:31:28.411000,0.6479,0.6474,11,75
2019-07-17 14:31:28.562000,0.648,0.6475,11,75
2019-07-17 14:31:28.705000,0.64805,0.64755,11,262
2019-07-17 14:31:28.859000,0.64806,0.64756,11,45
2019-07-17 14:31:29.549000,0.64801,0.64751,11,150
2019-07-17 14:31:29.728000,0.64795,0.64745,11,307
2019-07-17 14:31:29.912000,0.64801,0.64751,11,150
2019-07-17 14:31:30.029000,0.64795,0.64745,11,307
2019-07-17 14:31:30.290000,0.64801,0.64751,11,75
2019-07-17 14:31:30.489000,0.64796,0.64746,11,45
2019-07-17 14:31:30.884000,0.64786,0.64736,11,45
2019-07-17 14:31:31.001000,0.64785,0.64735,11,262
2019-07-17 14:31:31.114000,0.64765,0.64715,344,75
2019-07-17 14:31:31.178000,0.64756,0.64706,11,45
2019-07-17 14:31:31.811000,0.64749,0.64699,11,75
2019-07-17 14:31:31.998000,0.6476,0.6471,11,150
2019-07-17 14:31:32.324000,0.64765,0.64715,11,45
2019-07-17 14:31:32.485000,0.64771,0.64721,11,75
2019-07-17 14:31:32.599000,0.64765,0.64715,11,307
2019-07-17 14:31:32.724000,0.64771,0.64721,11,75
2019-07-17 14:31:32.825000,0.64766,0.64716,11,45
2019-07-17 14:31:33.046000,0.6476,0.6471,11,75
2019-07-17 14:31:33.444000,0.64755,0.64705,11,45
2019-07-17 14:31:33.544000,0.64765,0.64715,344,45
2019-07-17 14:31:33.654000,0.64765,0.64705,344,262
2019-07-17 14:31:33.825000,0.64805,0.64755,11,562
2019-07-17 14:31:33.990000,0.648,0.6475,11,45
2019-07-17 14:31:34.099000,0.64801,0.64751,11,75
2019-07-17 14:31:34.447000,0.64796,0.64746,11,45
2019-07-17 14:31:34.569000,0.6479,0.6474,11,75
2019-07-17 14:31:34.733000,0.64785,0.64735,11,307
2019-07-17 14:31:35.273000,0.64795,0.64745,344,45
2019-07-17 14:31:35.364000,0.64805,0.64755,11,307
2019-07-17 14:31:35.529000,0.64815,0.64765,344,45
2019-07-17 14:31:35.580000,0.6482,0.6477,11,45
2019-07-17 14:31:35.666000,0.64815,0.64765,11,307
2019-07-17 14:31:35.910000,0.6482,0.6477,11,45
2019-07-17 14:31:36.086000,0.64836,0.64786,450,45
2019-07-17 14:31:36.209000,0.64846,0.64796,410,45
2019-07-17 14:31:36.366000,0.64825,0.64775,11,307
2019-07-17 14:31:36.593000,0.64841,0.64791,11,75
2019-07-17 14:31:36.738000,0.64825,0.64775,11,307
2019-07-17 14:31:36.882000,0.64835,0.64785,11,307
2019-07-17 14:31:37.027000,0.6484,0.6479,11,75
2019-07-17 14:31:37.177000,0.64846,0.64796,11,45
2019-07-17 14:31:37.313000,0.64841,0.64791,11,75
2019-07-17 14:31:37.518000,0.64835,0.64785,11,75
2019-07-17 14:31:37.657000,0.64836,0.64786,11,45
2019-07-17 14:31:37.939000,0.64826,0.64776,11,75
2019-07-17 14:31:38.107000,0.64825,0.64775,11,307
2019-07-17 14:31:38.268000,0.64826,0.64776,11,75
2019-07-17 14:31:38.433000,0.64821,0.64771,11,75
2019-07-17 14:31:38.762000,0.64816,0.64766,11,75
2019-07-17 14:31:38.874000,0.64815,0.64765,11,45
2019-07-17 14:31:39.608000,0.64831,0.64781,11,75
2019-07-17 14:31:40.025000,0.64846,0.64796,450,45
2019-07-17 14:31:40.974000,0.64836,0.64786,11,45
2019-07-17 14:31:41.259000,0.64835,0.64785,11,45
2019-07-17 14:31:42.490000,0.64844,0.64794,11,75
2019-07-17 14:31:43.032000,0.6485,0.648,11,75
2019-07-17 14:31:43.194000,0.64855,0.64805,11,45
2019-07-17 14:31:43.552000,0.6484,0.6479,11,45
2019-07-17 14:31:43.951000,0.64835,0.64785,11,307
2019-07-17 14:31:44.361000,0.64855,0.64805,410,45
2019-07-17 14:31:44.516000,0.6485,0.648,11,75
2019-07-17 14:31:44.685000,0.64855,0.64805,11,307
2019-07-17 14:31:44.855000,0.64861,0.64811,11,150
2019-07-17 14:31:44.973000,0.64855,0.64805,410,45
2019-07-17 14:31:45.140000,0.64861,0.64811,11,75
2019-07-17 14:31:45.274000,0.64855,0.64805,11,45
2019-07-17 14:31:45.425000,0.6485,0.648,11,45
2019-07-17 14:31:45.528000,0.64855,0.64805,410,45
2019-07-17 14:31:46.291000,0.64846,0.64796,11,75
2019-07-17 14:31:47.049000,0.64841,0.64791,10,75
2019-07-17 14:31:47.169000,0.64835,0.64785,10,307
2019-07-17 14:31:47.336000,0.64851,0.64801,10,75
2019-07-17 14:31:47.639000,0.64846,0.64796,10,45
2019-07-17 14:31:47.740000,0.64836,0.64786,10,45
2019-07-17 14:31:48.057000,0.64815,0.64765,10,337
2019-07-17 14:31:48.193000,0.64816,0.64766,10,45
2019-07-17 14:31:48.438000,0.64811,0.64761,10,75
2019-07-17 14:31:48.591000,0.6481,0.6476,10,75
2019-07-17 14:31:48.710000,0.64826,0.64776,450,45
2019-07-17 14:31:48.877000,0.64821,0.64771,10,150
2019-07-17 14:31:49.048000,0.64816,0.64766,10,75
2019-07-17 14:31:49.217000,0.6481,0.6476,10,75
2019-07-17 14:31:49.328000,0.64826,0.64776,450,45
2019-07-17 14:31:49.532000,0.64816,0.64766,10,75
2019-07-17 14:31:49.649000,0.64826,0.64776,450,45
2019-07-17 14:31:50.162000,0.64805,0.64755,10,307
2019-07-17 14:31:50.647000,0.64811,0.64761,10,75
2019-07-17 14:31:50.948000,0.64805,0.64755,10,45
2019-07-17 14:31:52.498000,0.64815,0.64765,10,45
2019-07-17 14:31:54.061000,0.64836,0.64786,450,45
2019-07-17 14:31:55.517000,0.64815,0.64765,10,307
2019-07-17 14:31:55.681000,0.6482,0.6477,10,75
2019-07-17 14:31:56.060000,0.64825,0.64775,10,307
2019-07-17 14:31:56.176000,0.64831,0.64781,10,75
2019-07-17 14:31:57.329000,0.64836,0.64786,487,45
2019-07-17 14:31:57.682000,0.64815,0.64765,10,337
2019-07-17 14:31:58.055000,0.6482,0.6477,10,75
2019-07-17 14:31:58.635000,0.64825,0.64775,10,45
2019-07-17 14:32:00.571000,0.64835,0.64785,10,307
2019-07-17 14:32:00.912000,0.64845,0.64795,344,45
2019-07-17 14:32:01.028000,0.64855,0.64805,10,307
2019-07-17 14:32:01.263000,0.64876,0.64826,450,45
2019-07-17 14:32:01.523000,0.64866,0.64816,10,75
2019-07-17 14:32:01.674000,0.64876,0.64826,450,45
2019-07-17 14:32:01.988000,0.64855,0.64805,10,337
2019-07-17 14:32:02.212000,0.64855,0.64805,10,262
2019-07-17 14:32:02.262000,0.64851,0.64801,10,75
2019-07-17 14:32:02.313000,0.64855,0.64805,10,75
2019-07-17 14:32:02.444000,0.64861,0.64811,10,150
2019-07-17 14:32:02.605000,0.64865,0.64815,344,45
2019-07-17 14:32:02.656000,0.64865,0.64815,10,337
2019-07-17 14:32:02.718000,0.64874,0.64824,10,45
2019-07-17 14:32:03.316000,0.64881,0.64831,10,150
2019-07-17 14:32:03.423000,0.64885,0.64835,10,75
2019-07-17 14:32:03.650000,0.6488,0.6483,10,75
2019-07-17 14:32:03.769000,0.64885,0.64835,10,45
2019-07-17 14:32:03.938000,0.64891,0.64841,10,75
2019-07-17 14:32:04.197000,0.64885,0.64835,410,45
2019-07-17 14:32:04.348000,0.64885,0.64835,10,337
2019-07-17 14:32:04.484000,0.64901,0.64851,10,75
2019-07-17 14:32:04.667000,0.64895,0.64845,10,307
2019-07-17 14:32:04.788000,0.64885,0.64835,10,337
2019-07-17 14:32:05.203000,0.64906,0.64856,412,45
2019-07-17 14:32:05.364000,0.64901,0.64851,10,225
2019-07-17 14:32:05.960000,0.64895,0.64845,10,45
2019-07-17 14:32:06.412000,0.649,0.6485,10,75
2019-07-17 14:32:06.553000,0.64904,0.64854,10,45
2019-07-17 14:32:06.985000,0.64906,0.64856,10,45
2019-07-17 14:32:07.497000,0.64901,0.64851,10,150
2019-07-17 14:32:08.012000,0.649,0.6485,10,75
2019-07-17 14:32:08.118000,0.64906,0.64856,10,75
2019-07-17 14:32:08.251000,0.6489,0.6484,10,150
2019-07-17 14:32:08.352000,0.64906,0.64856,410,45
2019-07-17 14:32:08.642000,0.64901,0.64851,10,150
2019-07-17 14:32:09.300000,0.64895,0.64845,10,307
2019-07-17 14:32:09.402000,0.64901,0.64851,10,150
2019-07-17 14:32:09.899000,0.64895,0.64845,10,45
2019-07-17 14:32:10.025000,0.64901,0.64851,10,150
2019-07-17 14:32:10.150000,0.64895,0.64845,10,45
2019-07-17 14:32:10.434000,0.64901,0.64851,10,75
2019-07-17 14:32:10.691000,0.64885,0.64835,10,337
2019-07-17 14:32:11.339000,0.64885,0.64835,344,150
2019-07-17 14:32:11.389000,0.64901,0.64851,10,150
2019-07-17 14:32:13.066000,0.64885,0.64835,10,412
2019-07-17 14:32:13.209000,0.64901,0.64851,10,150
2019-07-17 14:32:13.312000,0.64895,0.64845,10,150
2019-07-17 14:32:13.824000,0.64901,0.64851,10,150
2019-07-17 14:32:14.192000,0.64895,0.64845,10,45
2019-07-17 14:32:14.417000,0.64896,0.64846,10,150
2019-07-17 14:32:14.545000,0.64895,0.64845,10,307
2019-07-17 14:32:14.685000,0.64901,0.64851,10,225
2019-07-17 14:32:14.868000,0.64895,0.64845,10,45
2019-07-17 14:32:15.965000,0.649,0.6485,9,75
2019-07-17 14:32:16.292000,0.64915,0.64865,412,45
2019-07-17 14:32:17.087000,0.64921,0.64871,9,75
2019-07-17 14:32:17.791000,0.64915,0.64865,410,75
2019-07-17 14:32:18.076000,0.64915,0.64865,9,307
2019-07-17 14:32:18.180000,0.64936,0.64886,412,45
2019-07-17 14:32:18.778000,0.64941,0.64891,9,150
2019-07-17 14:32:19.148000,0.64935,0.64885,9,45
2019-07-17 14:32:19.265000,0.64936,0.64886,9,75
2019-07-17 14:32:19.412000,0.64925,0.64875,9,262
2019-07-17 14:32:19.575000,0.64926,0.64876,9,45
2019-07-17 14:32:19.676000,0.6492,0.6487,9,150
2019-07-17 14:32:19.780000,0.64925,0.64875,9,45
2019-07-17 14:32:20.018000,0.64946,0.64896,412,45
2019-07-17 14:32:20.165000,0.64941,0.64891,9,150
2019-07-17 14:32:20.429000,0.64935,0.64885,9,45
2019-07-17 14:32:20.788000,0.6494,0.6489,9,150
2019-07-17 14:32:21.009000,0.64946,0.64896,9,75
2019-07-17 14:32:21.159000,0.64945,0.64895,9,75
2019-07-17 14:32:21.288000,0.64951,0.64901,9,150
2019-07-17 14:32:21.548000,0.64945,0.64895,9,45
2019-07-17 14:32:21.657000,0.64945,0.64895,9,262
2019-07-17 14:32:21.799000,0.64936,0.64886,9,75
2019-07-17 14:32:21.910000,0.64931,0.64881,9,150
2019-07-17 14:32:22.106000,0.64921,0.64871,9,150
2019-07-17 14:32:22.307000,0.6492,0.6487,9,150
2019-07-17 14:32:22.533000,0.64915,0.64865,9,307
2019-07-17 14:32:22.649000,0.64921,0.64871,9,150
2019-07-17 14:32:22.788000,0.64915,0.64865,9,307
2019-07-17 14:32:23.122000,0.64915,0.64865,9,45
2019-07-17 14:32:23.736000,0.64905,0.64855,9,262
2019-07-17 14:32:23.786000,0.64901,0.64851,7,75
2019-07-17 14:32:23.881000,0.64891,0.64841,7,562
2019-07-17 14:32:23.991000,0.64881,0.64831,7,75
2019-07-17 14:32:24.192000,0.64865,0.64815,7,337
2019-07-17 14:32:24.414000,0.64885,0.64835,412,45
2019-07-17 14:32:24.561000,0.64881,0.64831,7,75
2019-07-17 14:32:24.664000,0.64871,0.64821,7,75
2019-07-17 14:32:24.779000,0.64866,0.64816,7,75
2019-07-17 14:32:24.918000,0.64865,0.64815,7,337
2019-07-17 14:32:25.214000,0.64881,0.64831,7,75
2019-07-17 14:32:25.765000,0.64865,0.64815,7,412
2019-07-17 14:32:25.892000,0.6488,0.6483,7,75
2019-07-17 14:32:26.159000,0.64885,0.64835,410,75
2019-07-17 14:32:26.313000,0.64896,0.64846,450,75
2019-07-17 14:32:27.042000,0.64906,0.64856,450,45
2019-07-17 14:32:27.144000,0.649,0.6485,7,75
2019-07-17 14:32:27.253000,0.64895,0.64845,7,337
2019-07-17 14:32:27.389000,0.64901,0.64851,7,75
2019-07-17 14:32:27.709000,0.64895,0.64845,7,337
2019-07-17 14:32:27.951000,0.649,0.6485,7,75
2019-07-17 14:32:28.195000,0.64895,0.64845,7,337
2019-07-17 14:32:28.315000,0.64885,0.64835,7,337
2019-07-17 14:32:28.480000,0.64901,0.64851,7,75
2019-07-17 14:32:28.622000,0.64891,0.64841,7,150
2019-07-17 14:32:28.743000,0.64885,0.64835,7,45
2019-07-17 14:32:28.879000,0.64891,0.64841,7,150
2019-07-17 14:32:29.123000,0.64885,0.64835,7,45
2019-07-17 14:32:29.265000,0.64891,0.64841,7,150
2019-07-17 14:32:29.576000,0.64906,0.64856,410,45
2019-07-17 14:32:30.032000,0.64915,0.64865,7,307
2019-07-17 14:32:30.455000,0.64936,0.64886,450,45
2019-07-17 14:32:30.757000,0.64931,0.64881,7,75
2019-07-17 14:32:30.862000,0.64925,0.64875,7,75
2019-07-17 14:32:31.093000,0.6493,0.6488,7,75
2019-07-17 14:32:31.783000,0.64931,0.64881,7,75
2019-07-17 14:32:31.913000,0.64925,0.64875,7,45
2019-07-17 14:32:32.324000,0.64935,0.64885,7,307
2019-07-17 14:32:33.176000,0.64935,0.64885,7,262
2019-07-17 14:32:33.287000,0.64915,0.64865,7,75
2019-07-17 14:32:34.044000,0.64921,0.64871,7,75
2019-07-17 14:32:34.150000,0.64915,0.64865,7,45
2019-07-17 14:32:34.823000,0.64911,0.64861,7,45
2019-07-17 14:32:35.045000,0.64895,0.64845,7,307
2019-07-17 14:32:35.194000,0.649,0.6485,7,75
2019-07-17 14:32:35.315000,0.649,0.64845,7,307
2019-07-17 14:32:36.089000,0.64911,0.64861,5,45
2019-07-17 14:32:36.367000,0.64915,0.64865,450,45
2019-07-17 14:32:36.518000,0.64921,0.64871,5,150
2019-07-17 14:32:36.707000,0.6492,0.64865,5,45
2019-07-17 14:32:36.924000,0.64921,0.64871,5,150
2019-07-17 14:32:37.561000,0.64916,0.64861,5,150
2019-07-17 14:32:37.712000,0.64916,0.64865,450,45
2019-07-17 14:32:38.375000,0.64915,0.64861,414,150
2019-07-17 14:32:38.512000,0.64915,0.64865,450,45
2019-07-17 14:32:38.779000,0.64906,0.64856,5,45
2019-07-17 14:32:39.568000,0.64896,0.64846,5,150
2019-07-17 14:32:39.770000,0.64901,0.64851,5,150
2019-07-17 14:32:39.874000,0.64895,0.64845,5,45
2019-07-17 14:32:39.989000,0.64901,0.64851,5,225
2019-07-17 14:32:40.150000,0.649,0.64845,5,307
2019-07-17 14:32:40.341000,0.64911,0.64861,5,75
2019-07-17 14:32:40.706000,0.64915,0.64865,337,60
2019-07-17 14:32:40.862000,0.64915,0.64861,412,150
2019-07-17 14:32:40.990000,0.64915,0.64865,337,75
2019-07-17 14:32:41.140000,0.64915,0.64861,337,150
2019-07-17 14:32:41.241000,0.64915,0.64865,337,60
2019-07-17 14:32:41.565000,0.64921,0.64871,562,150
2019-07-17 14:32:41.915000,0.6492,0.64865,307,150
2019-07-17 14:32:42.016000,0.64921,0.64871,562,225
2019-07-17 14:32:42.195000,0.6492,0.64865,337,150
2019-07-17 14:32:42.416000,0.64915,0.6486,824,225
2019-07-17 14:32:42.742000,0.64915,0.64865,450,337
2019-07-17 14:32:43.347000,0.64925,0.64875,262,75
2019-07-17 14:32:43.473000,0.64925,0.64875,262,225
2019-07-17 14:32:43.588000,0.64935,0.64885,150,307
2019-07-17 14:32:43.986000,0.64956,0.64906,487,60
2019-07-17 14:32:44.316000,0.64951,0.64901,225,225
2019-07-17 14:32:44.612000,0.64946,0.64896,45,75
2019-07-17 14:32:44.763000,0.64951,0.64901,150,225
2019-07-17 14:32:44.896000,0.64945,0.64895,75,307
2019-07-17 14:32:45.743000,0.64966,0.64916,337,60
2019-07-17 14:32:46.434000,0.64961,0.64911,150,150
2019-07-17 14:32:46.585000,0.64955,0.64905,150,307
2019-07-17 14:32:46.734000,0.64946,0.64896,45,337
2019-07-17 14:32:46.790000,0.64951,0.64901,150,412
2019-07-17 14:32:46.876000,0.64951,0.64901,150,150
2019-07-17 14:32:47.151000,0.64945,0.64895,150,307
2019-07-17 14:32:47.252000,0.64936,0.64886,45,150
2019-07-17 14:32:47.389000,0.64941,0.64891,75,150
2019-07-17 14:32:47.496000,0.64936,0.64886,45,75
2019-07-17 14:32:47.597000,0.64946,0.64896,337,60
2019-07-17 14:32:48.352000,0.64941,0.64891,150,150
2019-07-17 14:32:48.810000,0.64925,0.64875,45,337
2019-07-17 14:32:48.926000,0.64931,0.64881,150,150
2019-07-17 14:32:49.213000,0.64925,0.64875,75,307
2019-07-17 14:32:49.494000,0.64946,0.64896,307,75
2019-07-17 14:32:50.026000,0.64941,0.64891,150,225
2019-07-17 14:32:50.127000,0.64935,0.64885,45,150
2019-07-17 14:32:51.239000,0.64951,0.64901,281,150
2019-07-17 14:32:51.381000,0.64935,0.64885,45,412
2019-07-17 14:32:52.530000,0.64951,0.64901,281,150
2019-07-17 14:32:53.017000,0.64945,0.64895,150,150
2019-07-17 14:32:53.407000,0.64951,0.64901,281,150
2019-07-17 14:32:53.664000,0.64935,0.64885,45,412
2019-07-17 14:32:53.941000,0.64956,0.64906,487,60
2019-07-17 14:32:54.401000,0.64951,0.64901,281,150
2019-07-17 14:32:54.727000,0.64945,0.64895,225,307
2019-07-17 14:32:54.863000,0.64935,0.64885,45,307
2019-07-17 14:32:55.567000,0.64941,0.64891,150,150
2019-07-17 14:32:55.900000,0.64926,0.64876,45,281
2019-07-17 14:32:56.028000,0.64935,0.64885,75,60
2019-07-17 14:32:56.159000,0.64925,0.64875,262,60
2019-07-17 14:32:56.329000,0.64945,0.64895,225,307
2019-07-17 14:32:57.246000,0.64935,0.64885,150,307
2019-07-17 14:32:57.399000,0.64941,0.64891,150,150
2019-07-17 14:32:57.539000,0.6494,0.6489,281,75
2019-07-17 14:32:57.943000,0.64946,0.64896,45,75
2019-07-17 14:32:58.247000,0.6494,0.6489,281,75
2019-07-17 14:32:58.648000,0.64945,0.64895,281,307
2019-07-17 14:33:00.469000,0.64966,0.64916,307,150
2019-07-17 14:33:00.616000,0.64955,0.64905,262,75
2019-07-17 14:33:00.666000,0.64965,0.64915,375,337
2019-07-17 14:33:00.767000,0.64986,0.64936,337,75
2019-07-17 14:33:00.925000,0.64976,0.64926,45,75
2019-07-17 14:33:01.114000,0.64969,0.64919,225,150
2019-07-17 14:33:01.226000,0.64975,0.64925,150,307
2019-07-17 14:33:01.442000,0.64975,0.64925,262,60
2019-07-17 14:33:01.550000,0.64985,0.64935,225,337
2019-07-17 14:33:01.919000,0.64995,0.64945,150,307
2019-07-17 14:33:02.201000,0.64999,0.64949,150,150
2019-07-17 14:33:02.897000,0.65005,0.64955,75,60
2019-07-17 14:33:03.578000,0.6501,0.6496,150,150
2019-07-17 14:33:04.128000,0.65016,0.64966,45,150
2019-07-17 14:33:04.452000,0.65021,0.64971,150,150
2019-07-17 14:33:04.797000,0.6501,0.6496,150,150
2019-07-17 14:33:05.246000,0.65006,0.64956,45,150
2019-07-17 14:33:05.489000,0.65016,0.64966,337,60
2019-07-17 14:33:05.828000,0.65006,0.64956,75,75
2019-07-17 14:33:06.634000,0.64996,0.64946,45,60
2019-07-17 14:33:07.035000,0.64991,0.64941,45,150
2019-07-17 14:33:07.138000,0.64985,0.64935,45,75
2019-07-17 14:33:07.551000,0.6499,0.6494,75,225
2019-07-17 14:33:07.780000,0.64995,0.64945,45,337
2019-07-17 14:33:08.434000,0.65016,0.64966,307,75
2019-07-17 14:33:08.613000,0.65006,0.64956,45,75
2019-07-17 14:33:08.764000,0.65001,0.64951,150,225
2019-07-17 14:33:09.015000,0.64996,0.64946,45,60
2019-07-17 14:33:09.535000,0.65006,0.64956,412,60
2019-07-17 14:33:09.764000,0.64996,0.64946,45,150
2019-07-17 14:33:10.229000,0.64995,0.64945,150,307
2019-07-17 14:33:10.380000,0.64996,0.64946,45,150
2019-07-17 14:33:10.874000,0.64976,0.64926,45,307
2019-07-17 14:33:10.925000,0.64976,0.64926,45,60
2019-07-17 14:33:11.050000,0.64966,0.64916,75,307
2019-07-17 14:33:11.102000,0.64955,0.64905,75,307
2019-07-17 14:33:11.823000,0.64976,0.64926,412,60
2019-07-17 14:33:11.938000,0.64971,0.64921,150,150
2019-07-17 14:33:12.090000,0.64965,0.64915,45,60
2019-07-17 14:33:12.831000,0.64971,0.64921,150,150
2019-07-17 14:33:12.972000,0.64955,0.64905,45,307
2019-07-17 14:33:13.202000,0.64961,0.64911,150,225
2019-07-17 14:33:13.504000,0.64945,0.64895,150,307
2019-07-17 14:33:13.774000,0.64946,0.64896,45,75
2019-07-17 14:33:14.026000,0.64956,0.64906,337,60
2019-07-17 14:33:14.337000,0.64955,0.64905,75,307
2019-07-17 14:33:14.450000,0.64971,0.64921,150,75
2019-07-17 14:33:14.670000,0.64955,0.64905,45,337
2019-07-17 14:33:15.022000,0.64956,0.64906,75,75
2019-07-17 14:33:15.464000,0.64935,0.64885,45,412
2019-07-17 14:33:15.819000,0.64941,0.64891,150,75
2019-07-17 14:33:15.942000,0.64936,0.64886,45,75
2019-07-17 14:33:16.093000,0.64931,0.64881,150,150
2019-07-17 14:33:16.235000,0.64925,0.64875,75,60
2019-07-17 14:33:16.536000,0.6493,0.6488,150,150
2019-07-17 14:33:16.934000,0.64925,0.64875,45,307
2019-07-17 14:33:17.200000,0.64931,0.64881,150,75
2019-07-17 14:33:18.375000,0.64925,0.64875,150,60
2019-07-17 14:33:18.554000,0.64931,0.64881,150,150
2019-07-17 14:33:18.906000,0.64915,0.64865,45,337
2019-07-17 14:33:19.418000,0.6492,0.6487,150,60
2019-07-17 14:33:19.605000,0.64915,0.64865,45,337
2019-07-17 14:33:20.113000,0.64936,0.64886,307,60
2019-07-17 14:33:20.524000,0.64926,0.64876,45,60
2019-07-17 14:33:21.233000,0.64931,0.64881,150,150
2019-07-17 14:33:21.524000,0.64915,0.64865,45,337
2019-07-17 14:33:21.786000,0.6492,0.6487,150,75
2019-07-17 14:33:22.024000,0.64915,0.64865,45,337
2019-07-17 14:33:22.282000,0.64931,0.64881,150,150
2019-07-17 14:33:22.460000,0.6493,0.6488,75,150
2019-07-17 14:33:22.799000,0.64935,0.64885,75,307
2019-07-17 14:33:23.271000,0.64941,0.64891,150,150
2019-07-17 14:33:23.600000,0.64925,0.64875,45,337
2019-07-17 14:33:25.197000,0.64941,0.64891,150,150
2019-07-17 14:33:25.298000,0.64935,0.64885,45,337
2019-07-17 14:33:25.659000,0.6494,0.6489,150,150
2019-07-17 14:33:26.058000,0.64941,0.64891,150,150
2019-07-17 14:33:26.574000,0.64935,0.64885,150,60
2019-07-17 14:33:26.693000,0.64936,0.64886,75,75
2019-07-17 14:33:26.828000,0.64931,0.64881,150,150
2019-07-17 14:33:27.278000,0.64925,0.64875,75,60
2019-07-17 14:33:28.302000,0.64941,0.64891,150,150
2019-07-17 14:33:28.554000,0.64925,0.64875,45,337
2019-07-17 14:33:28.674000,0.64931,0.64881,150,150
2019-07-17 14:33:28.900000,0.64925,0.64875,150,307
2019-07-17 14:33:29.737000,0.64931,0.64881,150,150
2019-07-17 14:33:29.910000,0.64911,0.64861,75,544
2019-07-17 14:33:29.960000,0.64915,0.64865,45,337
2019-07-17 14:33:30.024000,0.64915,0.64865,307,75
2019-07-17 14:33:30.114000,0.64911,0.64861,150,225
2019-07-17 14:33:30.265000,0.64906,0.64856,45,225
2019-07-17 14:33:30.399000,0.64901,0.64851,75,150
2019-07-17 14:33:30.516000,0.64895,0.64845,45,60
2019-07-17 14:33:30.643000,0.64896,0.64846,45,150
2019-07-17 14:33:30.888000,0.64891,0.64841,75,150
2019-07-17 14:33:31.035000,0.64885,0.64835,45,307
2019-07-17 14:33:31.218000,0.6489,0.6484,225,75
2019-07-17 14:33:31.353000,0.64895,0.64845,45,60
2019-07-17 14:33:31.459000,0.64901,0.64851,150,75
2019-07-17 14:33:31.615000,0.64896,0.64846,75,60
2019-07-17 14:33:31.746000,0.64901,0.64851,150,75
2019-07-17 14:33:31.861000,0.64896,0.64846,45,60
2019-07-17 14:33:32.152000,0.6489,0.6484,150,75
2019-07-17 14:33:32.276000,0.64896,0.64846,45,75
2019-07-17 14:33:32.682000,0.64891,0.64841,75,150
2019-07-17 14:33:33.151000,0.64885,0.64835,45,75
2019-07-17 14:33:33.302000,0.64876,0.64826,45,75
2019-07-17 14:33:33.427000,0.64885,0.64835,337,60
2019-07-17 14:33:33.562000,0.64885,0.64835,150,307
2019-07-17 14:33:33.738000,0.64891,0.64841,150,150
2019-07-17 14:33:33.891000,0.64885,0.64835,75,60
2019-07-17 14:33:34.536000,0.64895,0.64845,45,75
2019-07-17 14:33:34.745000,0.649,0.6485,150,75
2019-07-17 14:33:34.881000,0.64915,0.64865,337,60
2019-07-17 14:33:35.408000,0.64911,0.64861,150,75
2019-07-17 14:33:36.102000,0.64895,0.64845,45,337
2019-07-17 14:33:36.244000,0.64911,0.64861,75,150
2019-07-17 14:33:36.498000,0.64895,0.64845,45,337
2019-07-17 14:33:36.963000,0.64911,0.64861,150,150
2019-07-17 14:33:37.111000,0.64915,0.64865,307,60
2019-07-17 14:33:37.995000,0.64926,0.64876,337,60
2019-07-17 14:33:38.664000,0.6492,0.6487,150,150
2019-07-17 14:33:38.782000,0.64915,0.64865,45,307
2019-07-17 14:33:38.935000,0.64925,0.64875,262,60
2019-07-17 14:33:39.072000,0.64925,0.64875,262,75
2019-07-17 14:33:39.136000,0.64961,0.64911,75,75
2019-07-17 14:33:39.225000,0.64955,0.64905,75,307
2019-07-17 14:33:39.376000,0.64955,0.64905,262,60
2019-07-17 14:33:39.458000,0.64966,0.64916,307,75
2019-07-17 14:33:39.575000,0.6496,0.6491,150,75
2019-07-17 14:33:39.739000,0.64965,0.64915,45,60
2019-07-17 14:33:40.487000,0.64955,0.64905,45,337
2019-07-17 14:33:42.288000,0.64961,0.64911,150,150
2019-07-17 14:33:42.496000,0.64945,0.64895,45,337
2019-07-17 14:33:42.666000,0.64955,0.64905,75,60
2019-07-17 14:33:42.806000,0.64961,0.64911,75,150
2019-07-17 14:33:42.907000,0.64941,0.64891,150,600
2019-07-17 14:33:42.994000,0.64941,0.64891,150,337
2019-07-17 14:33:43.046000,0.64936,0.64886,45,60
2019-07-17 14:33:43.165000,0.6492,0.6487,150,150
2019-07-17 14:33:43.607000,0.64925,0.64875,75,307
2019-07-17 14:33:43.768000,0.6492,0.6487,150,150
2019-07-17 14:33:44.154000,0.64915,0.64865,45,307
2019-07-17 14:33:44.513000,0.64915,0.64865,150,337
2019-07-17 14:33:46.388000,0.64926,0.64876,307,75
2019-07-17 14:33:46.741000,0.64921,0.64871,150,150
2019-07-17 14:33:46.959000,0.64915,0.64865,45,337
2019-07-17 14:33:47.937000,0.6492,0.6487,150,150
2019-07-17 14:33:48.059000,0.64925,0.64875,75,60
2019-07-17 14:33:48.280000,0.64926,0.64876,45,60
2019-07-17 14:33:49.405000,0.64941,0.64891,150,75
2019-07-17 14:33:50.458000,0.64936,0.64886,45,150
2019-07-17 14:33:52.252000,0.64941,0.64891,150,150
2019-07-17 14:33:53.021000,0.64951,0.64901,225,150
2019-07-17 14:33:53.487000,0.64935,0.64885,45,337
2019-07-17 14:33:53.638000,0.6494,0.6489,281,150
2019-07-17 14:33:55.072000,0.64945,0.64895,150,60
2019-07-17 14:33:55.657000,0.6495,0.649,150,150
2019-07-17 14:33:55.833000,0.64955,0.64905,150,60
2019-07-17 14:33:56.712000,0.64956,0.64906,45,75
2019-07-17 14:33:57.562000,0.64951,0.64901,150,150
2019-07-17 14:33:57.752000,0.64941,0.64891,150,150
2019-07-17 14:33:57.892000,0.6494,0.6489,150,75
2019-07-17 14:33:58.823000,0.64956,0.64906,307,75
2019-07-17 14:33:59.027000,0.64955,0.64905,262,75
2019-07-17 14:33:59.108000,0.6498,0.6493,225,75
2019-07-17 14:33:59.219000,0.64976,0.64926,45,75
2019-07-17 14:33:59.548000,0.6498,0.6493,150,75
2019-07-17 14:34:00.221000,0.64986,0.64936,45,150
2019-07-17 14:34:00.384000,0.6498,0.6493,150,150
2019-07-17 14:34:00.485000,0.64985,0.64935,45,150
2019-07-17 14:34:00.817000,0.64975,0.64925,75,307
2019-07-17 14:34:02.048000,0.6498,0.6493,150,225
2019-07-17 14:34:02.259000,0.64975,0.64925,75,60
2019-07-17 14:34:02.416000,0.64976,0.64926,45,150
2019-07-17 14:34:03.274000,0.6498,0.6493,150,150
2019-07-17 14:34:03.375000,0.64975,0.64925,75,337
2019-07-17 14:34:05.240000,0.64996,0.64946,307,60
2019-07-17 14:34:06.286000,0.64975,0.64925,45,337
2019-07-17 14:34:06.450000,0.64985,0.64935,75,60
2019-07-17 14:34:07.665000,0.64991,0.64941,75,150
2019-07-17 14:34:07.770000,0.64985,0.64935,45,712
2019-07-17 14:34:07.911000,0.64995,0.64945,262,60
2019-07-17 14:34:08.012000,0.65005,0.64955,75,307
2019-07-17 14:34:08.882000,0.6501,0.6496,75,281
2019-07-17 14:34:09.441000,0.65005,0.64955,75,375
2019-07-17 14:34:09.751000,0.64995,0.64945,75,307
2019-07-17 14:34:10.403000,0.64999,0.64949,45,75
2019-07-17 14:34:10.543000,0.65016,0.64966,307,60
2019-07-17 14:34:10.885000,0.64995,0.64945,45,412
2019-07-17 14:34:11.048000,0.6501,0.6496,75,150
2019-07-17 14:34:11.245000,0.64995,0.64945,45,412
2019-07-17 14:34:11.552000,0.64985,0.64935,45,412
2019-07-17 14:34:12.663000,0.64975,0.64925,45,412
2019-07-17 14:34:12.889000,0.64985,0.64935,75,307
2019-07-17 14:34:13.277000,0.65001,0.64951,150,225
2019-07-17 14:34:13.380000,0.64995,0.64945,75,307
2019-07-17 14:34:14.210000,0.6501,0.6496,75,225
2019-07-17 14:34:15.381000,0.65006,0.64956,45,75
2019-07-17 14:34:15.588000,0.65016,0.64966,307,150
2019-07-17 14:34:16.671000,0.6501,0.6496,75,225
2019-07-17 14:34:18.102000,0.64995,0.64945,45,337
2019-07-17 14:34:19.055000,0.64985,0.64935,45,412
2019-07-17 14:34:20.549000,0.64975,0.64925,45,337
2019-07-17 14:34:21.678000,0.6498,0.6493,75,225
2019-07-17 14:34:21.842000,0.64975,0.64925,45,307
2019-07-17 14:34:22.066000,0.6498,0.6493,150,225
2019-07-17 14:34:22.268000,0.64975,0.64925,75,307
2019-07-17 14:34:22.369000,0.65016,0.64966,337,60
2019-07-17 14:34:22.567000,0.64995,0.64945,45,337
2019-07-17 14:34:23.081000,0.65016,0.64966,412,60
2019-07-17 14:34:23.548000,0.64995,0.64945,45,487
2019-07-17 14:34:23.691000,0.64999,0.64949,150,225
2019-07-17 14:34:24.262000,0.65005,0.64955,45,337
2019-07-17 14:34:24.679000,0.65026,0.64976,337,75
2019-07-17 14:34:25.824000,0.65021,0.64971,75,150
2019-07-17 14:34:26.299000,0.65005,0.64955,45,307
2019-07-17 14:34:26.536000,0.65015,0.64965,75,307
2019-07-17 14:34:27.773000,0.65021,0.64971,150,150
2019-07-17 14:34:28.306000,0.65005,0.64955,45,337
2019-07-17 14:34:29.421000,0.6501,0.6496,225,150
2019-07-17 14:34:29.556000,0.65016,0.64966,45,75
2019-07-17 14:34:30.533000,0.65015,0.64965,150,307
2019-07-17 14:34:30.672000,0.65021,0.64971,150,225
2019-07-17 14:34:31.954000,0.65015,0.64965,150,307
2019-07-17 14:34:32.063000,0.65021,0.64971,150,150
2019-07-17 14:34:32.220000,0.65005,0.64955,45,337
2019-07-17 14:34:33.534000,0.6501,0.6496,150,150
2019-07-17 14:34:33.696000,0.65005,0.64955,45,337
2019-07-17 14:34:34.781000,0.6501,0.6496,150,225
2019-07-17 14:34:35.550000,0.65005,0.64955,75,337
2019-07-17 14:34:36.222000,0.6501,0.6496,150,281
2019-07-17 14:34:36.899000,0.65016,0.64966,45,150
2019-07-17 14:34:37.432000,0.65015,0.64965,150,337
2019-07-17 14:34:37.810000,0.6501,0.6496,150,487
2019-07-17 14:34:37.943000,0.6501,0.6496,150,225
2019-07-17 14:34:38.093000,0.65005,0.64955,150,60
2019-07-17 14:34:39.310000,0.6501,0.6496,75,225
2019-07-17 14:34:39.515000,0.65005,0.64955,45,337
2019-07-17 14:34:40.166000,0.6501,0.6496,75,225
2019-07-17 14:34:40.948000,0.65005,0.64955,75,60
2019-07-17 14:34:41.072000,0.6501,0.6496,75,225
2019-07-17 14:34:41.258000,0.65005,0.64955,75,60
2019-07-17 14:34:41.804000,0.6501,0.6496,150,225
2019-07-17 14:34:44.236000,0.65015,0.64965,150,307
2019-07-17 14:34:44.489000,0.65021,0.64971,150,225
2019-07-17 14:34:44.862000,0.65015,0.64965,150,60
2019-07-17 14:34:45.030000,0.65021,0.64971,150,225
2019-07-17 14:34:45.380000,0.65015,0.64965,150,307
2019-07-17 14:34:46.162000,0.65021,0.64971,150,225
2019-07-17 14:34:46.314000,0.65005,0.64955,45,412
2019-07-17 14:34:47.511000,0.65026,0.64976,307,150
2019-07-17 14:34:47.562000,0.65015,0.64955,262,262
2019-07-17 14:34:47.612000,0.65025,0.64975,262,60
2019-07-17 14:34:47.801000,0.65055,0.65005,150,307
2019-07-17 14:34:48.009000,0.6506,0.6501,150,150
2019-07-17 14:34:48.974000,0.65055,0.65005,75,337
2019-07-17 14:34:49.111000,0.6506,0.6501,150,150
2019-07-17 14:34:49.219000,0.65065,0.65015,150,60
2019-07-17 14:34:49.384000,0.65071,0.65021,150,225
2019-07-17 14:34:49.609000,0.65065,0.65015,150,60
2019-07-17 14:34:49.718000,0.65071,0.65021,150,150
2019-07-17 14:34:49.949000,0.65065,0.65015,75,307
2019-07-17 14:34:50.599000,0.6507,0.6502,150,75
2019-07-17 14:34:50.798000,0.65065,0.65015,75,337
2019-07-17 14:34:51.274000,0.65071,0.65021,150,150
2019-07-17 14:34:51.692000,0.65065,0.65015,150,307
2019-07-17 14:34:52.365000,0.6507,0.6502,150,75
2019-07-17 14:34:52.592000,0.65076,0.65026,45,75
2019-07-17 14:34:54.719000,0.65081,0.65031,150,281
2019-07-17 14:34:54.995000,0.65075,0.65025,150,307
2019-07-17 14:34:55.767000,0.6508,0.6503,75,150
2019-07-17 14:34:56.236000,0.65086,0.65036,45,150
2019-07-17 14:34:56.797000,0.65065,0.65015,75,307
2019-07-17 14:34:56.913000,0.6507,0.6502,225,75
2019-07-17 14:34:57.230000,0.65075,0.65025,75,60
2019-07-17 14:34:57.370000,0.65076,0.65026,150,60
2019-07-17 14:34:57.627000,0.6507,0.6502,150,60
2019-07-17 14:34:58.001000,0.65075,0.65025,75,307
2019-07-17 14:34:58.587000,0.65091,0.65041,150,150
2019-07-17 14:34:58.763000,0.65075,0.65025,75,412
2019-07-17 14:34:59.605000,0.65091,0.65041,150,150
2019-07-17 14:34:59.718000,0.65086,0.65036,45,150
2019-07-17 14:34:59.869000,0.65096,0.65046,412,60
2019-07-17 14:35:00.189000,0.65091,0.65041,150,150
2019-07-17 14:35:00.338000,0.65075,0.65025,45,412
2019-07-17 14:35:00.468000,0.6508,0.6503,150,225
2019-07-17 14:35:00.754000,0.65085,0.65035,75,307
2019-07-17 14:35:01.068000,0.65101,0.65051,337,75
2019-07-17 14:35:02.201000,0.65085,0.65035,45,412
2019-07-17 14:35:03.306000,0.65101,0.65051,281,150
2019-07-17 14:35:03.647000,0.65105,0.65055,487,60
2019-07-17 14:35:03.987000,0.65111,0.65061,281,225
2019-07-17 14:35:04.095000,0.65105,0.65055,45,150
2019-07-17 14:35:04.225000,0.65111,0.65061,281,225
2019-07-17 14:35:04.611000,0.65105,0.65055,307,225
2019-07-17 14:35:04.756000,0.65111,0.65061,281,150
2019-07-17 14:35:05.282000,0.65105,0.65055,150,60
2019-07-17 14:35:05.431000,0.651,0.6505,225,150
2019-07-17 14:35:05.581000,0.65105,0.65055,45,75
2019-07-17 14:35:06.152000,0.65111,0.65061,150,281
2019-07-17 14:35:06.603000,0.65105,0.65055,75,307
2019-07-17 14:35:07.263000,0.65115,0.65065,375,307
2019-07-17 14:35:07.853000,0.65121,0.65071,337,375
2019-07-17 14:35:08.021000,0.65126,0.65076,600,60
2019-07-17 14:35:08.172000,0.65121,0.65071,337,375
2019-07-17 14:35:08.323000,0.65115,0.65065,337,60
2019-07-17 14:35:09.633000,0.65121,0.65071,225,225
2019-07-17 14:35:09.972000,0.65105,0.65055,45,412
2019-07-17 14:35:10.370000,0.65121,0.65071,225,150
2019-07-17 14:35:10.514000,0.65105,0.65055,75,412
2019-07-17 14:35:11.326000,0.65111,0.65061,75,337
2019-07-17 14:35:11.502000,0.65105,0.65055,150,60
2019-07-17 14:35:11.936000,0.65121,0.65071,225,281
2019-07-17 14:35:12.686000,0.65115,0.65065,75,60
2019-07-17 14:35:13.903000,0.65124,0.65074,75,60
2019-07-17 14:35:14.439000,0.65146,0.65096,712,60
2019-07-17 14:35:14.553000,0.65135,0.65085,45,412
2019-07-17 14:35:14.690000,0.6513,0.6508,562,225
2019-07-17 14:35:15.027000,0.65135,0.65085,75,75
2019-07-17 14:35:15.769000,0.65135,0.65085,450,307
2019-07-17 14:35:16.227000,0.65141,0.65091,450,281
2019-07-17 14:35:16.379000,0.65135,0.65085,412,75
2019-07-17 14:35:17.221000,0.65141,0.65091,225,225
2019-07-17 14:35:17.596000,0.65135,0.65085,307,150
2019-07-17 14:35:18.548000,0.6513,0.6508,375,150
2019-07-17 14:35:18.669000,0.65135,0.65085,45,150
2019-07-17 14:35:19.269000,0.65141,0.65091,281,225
2019-07-17 14:35:19.463000,0.65135,0.65085,150,75
2019-07-17 14:35:21.986000,0.65146,0.65096,487,75
2019-07-17 14:35:22.101000,0.6514,0.6509,281,225
2019-07-17 14:35:22.270000,0.65145,0.65095,281,60
2019-07-17 14:35:22.441000,0.65146,0.65096,45,60
2019-07-17 14:35:23.219000,0.65135,0.65085,307,150
2019-07-17 14:35:24.367000,0.65146,0.65096,337,75
2019-07-17 14:35:26.738000,0.65156,0.65106,337,225
2019-07-17 14:35:27.695000,0.65161,0.65111,225,150
2019-07-17 14:35:28.049000,0.65165,0.65115,412,60
2019-07-17 14:35:28.824000,0.65171,0.65121,150,150
2019-07-17 14:35:29.050000,0.65165,0.65115,150,60
2019-07-17 14:35:29.273000,0.65165,0.65115,45,337
2019-07-17 14:35:29.522000,0.6516,0.6511,150,150
2019-07-17 14:35:29.944000,0.65165,0.65115,45,412
2019-07-17 14:35:30.237000,0.6517,0.6512,225,150
2019-07-17 14:35:30.429000,0.65165,0.65115,45,337
2019-07-17 14:35:30.540000,0.65175,0.65125,75,337
2019-07-17 14:35:31.327000,0.65165,0.65115,45,544
2019-07-17 14:35:31.480000,0.65165,0.65115,337,225
2019-07-17 14:35:31.677000,0.6516,0.6511,281,75
2019-07-17 14:35:31.833000,0.65165,0.65115,337,60
2019-07-17 14:35:31.965000,0.65165,0.65115,281,307
2019-07-17 14:35:32.135000,0.65165,0.65115,337,60
2019-07-17 14:35:32.726000,0.65156,0.65106,75,150
2019-07-17 14:35:34.398000,0.65161,0.65111,225,150
2019-07-17 14:35:34.571000,0.65145,0.65095,45,412
2019-07-17 14:35:35.221000,0.65161,0.65111,150,150
2019-07-17 14:35:35.466000,0.65165,0.65115,412,60
2019-07-17 14:35:35.616000,0.65156,0.65106,75,75
2019-07-17 14:35:35.905000,0.65146,0.65096,75,75
2019-07-17 14:35:36.336000,0.65145,0.65095,150,307
2019-07-17 14:35:37.111000,0.65151,0.65101,150,150
2019-07-17 14:35:37.245000,0.65146,0.65096,75,75
2019-07-17 14:35:37.993000,0.65135,0.65085,45,412
2019-07-17 14:35:38.267000,0.65126,0.65076,45,337
2019-07-17 14:35:38.400000,0.65126,0.65076,45,75
2019-07-17 14:35:39.252000,0.6512,0.6507,150,150
2019-07-17 14:35:39.386000,0.65126,0.65076,45,75
2019-07-17 14:35:40.364000,0.65135,0.65085,307,75
2019-07-17 14:35:41.569000,0.65121,0.65071,75,412
2019-07-17 14:35:41.644000,0.65121,0.65071,75,150
2019-07-17 14:35:41.759000,0.65115,0.65065,75,307
2019-07-17 14:35:42.617000,0.6512,0.6507,150,150
2019-07-17 14:35:42.870000,0.6513,0.6508,150,60
2019-07-17 14:35:42.985000,0.65126,0.65076,45,150
2019-07-17 14:35:44.700000,0.65115,0.65065,262,150
2019-07-17 14:35:44.750000,0.65131,0.65081,150,150
2019-07-17 14:35:44.890000,0.65126,0.65076,45,150
2019-07-17 14:35:46.061000,0.65121,0.65071,150,150
2019-07-17 14:35:46.220000,0.65105,0.65055,45,307
2019-07-17 14:35:46.624000,0.65121,0.65071,150,150
2019-07-17 14:35:46.841000,0.65115,0.65065,75,75
2019-07-17 14:35:48.779000,0.65124,0.65074,45,75
2019-07-17 14:35:49.255000,0.6513,0.6508,150,150
2019-07-17 14:35:49.449000,0.65135,0.65085,45,75
2019-07-17 14:35:49.550000,0.65141,0.65091,150,75
2019-07-17 14:35:50.197000,0.65135,0.65085,45,150
2019-07-17 14:35:51.345000,0.65131,0.65081,150,150
2019-07-17 14:35:51.699000,0.65115,0.65065,225,307
2019-07-17 14:35:51.844000,0.65116,0.65066,150,150
2019-07-17 14:35:53.129000,0.65115,0.65065,150,412
2019-07-17 14:35:54.585000,0.65121,0.65071,281,225
2019-07-17 14:35:55.441000,0.65115,0.65065,225,307
2019-07-17 14:35:55.776000,0.65116,0.65066,45,75
2019-07-17 14:35:55.909000,0.6511,0.6506,281,225
2019-07-17 14:35:56.326000,0.65115,0.65065,225,60
2019-07-17 14:35:56.476000,0.65121,0.65071,225,225
2019-07-17 14:35:57.869000,0.65115,0.65065,150,337
2019-07-17 14:35:59.953000,0.65121,0.65071,281,225
2019-07-17 14:36:00.152000,0.65115,0.65065,150,307
2019-07-17 14:36:00.332000,0.65121,0.65071,225,225
2019-07-17 14:36:00.457000,0.65115,0.65065,75,337
2019-07-17 14:36:00.994000,0.65121,0.65071,150,225
2019-07-17 14:36:01.600000,0.65115,0.65065,150,307
2019-07-17 14:36:01.765000,0.65121,0.65071,150,225
2019-07-17 14:36:01.881000,0.65115,0.65065,150,307
2019-07-17 14:36:02.056000,0.65121,0.65071,150,225
2019-07-17 14:36:02.320000,0.65115,0.65065,150,307
2019-07-17 14:36:02.525000,0.6511,0.6506,150,225
2019-07-17 14:36:02.712000,0.65115,0.65065,75,337
2019-07-17 14:36:03.844000,0.65121,0.65071,225,225
2019-07-17 14:36:04.250000,0.65115,0.65065,75,307
2019-07-17 14:36:04.858000,0.65121,0.65071,225,150
2019-07-17 14:36:04.989000,0.65116,0.65066,45,150
2019-07-17 14:36:05.117000,0.65121,0.65071,225,225
2019-07-17 14:36:05.468000,0.65105,0.65055,75,412
2019-07-17 14:36:11.929000,0.65101,0.65051,150,150
2019-07-17 14:36:12.294000,0.65105,0.65055,412,60
2019-07-17 14:36:12.470000,0.65086,0.65036,45,150
2019-07-17 14:36:12.604000,0.65091,0.65041,750,281
2019-07-17 14:36:12.810000,0.65086,0.65036,75,281
2019-07-17 14:36:13.134000,0.65065,0.65015,45,487
2019-07-17 14:36:13.298000,0.65081,0.65031,150,281
2019-07-17 14:36:14.674000,0.65075,0.65025,75,337
2019-07-17 14:36:15.340000,0.65081,0.65031,150,281
2019-07-17 14:36:15.442000,0.65065,0.65015,75,412
2019-07-17 14:36:16.242000,0.65066,0.65016,45,150
2019-07-17 14:36:17.771000,0.65045,0.64995,45,487
2019-07-17 14:36:17.905000,0.65055,0.65005,150,307
2019-07-17 14:36:18.200000,0.65061,0.65011,150,281
2019-07-17 14:36:18.476000,0.65055,0.65005,75,60
2019-07-17 14:36:19.511000,0.65061,0.65011,150,281
2019-07-17 14:36:19.629000,0.65056,0.65006,75,150
2019-07-17 14:36:20.409000,0.65035,0.64985,45,412
2019-07-17 14:36:21.095000,0.65036,0.64986,45,150
2019-07-17 14:36:21.332000,0.65026,0.64976,45,150
2019-07-17 14:36:21.531000,0.65031,0.64981,150,225
2019-07-17 14:36:21.681000,0.65026,0.64976,45,225
2019-07-17 14:36:21.782000,0.65031,0.64981,150,225
2019-07-17 14:36:21.978000,0.65036,0.64986,45,75
2019-07-17 14:36:22.086000,0.6504,0.6499,150,150
2019-07-17 14:36:22.726000,0.65036,0.64986,45,150
2019-07-17 14:36:22.875000,0.65029,0.64979,150,225
2019-07-17 14:36:23.059000,0.65036,0.64986,45,150
2019-07-17 14:36:23.302000,0.6504,0.6499,225,225
2019-07-17 14:36:23.427000,0.65035,0.64985,45,150
2019-07-17 14:36:25.175000,0.65045,0.64995,262,75
2019-07-17 14:36:25.225000,0.65061,0.65011,150,75
2019-07-17 14:36:25.310000,0.65055,0.65005,75,60
2019-07-17 14:36:25.461000,0.6505,0.65,150,225
2019-07-17 14:36:25.626000,0.65055,0.65005,75,337
2019-07-17 14:36:25.898000,0.65061,0.65011,150,225
2019-07-17 14:36:26.218000,0.65076,0.65026,412,60
2019-07-17 14:36:26.507000,0.65071,0.65021,150,225
2019-07-17 14:36:26.955000,0.65065,0.65015,150,60
2019-07-17 14:36:27.106000,0.65066,0.65016,45,75
2019-07-17 14:36:27.460000,0.65056,0.65006,45,225
2019-07-17 14:36:27.735000,0.6505,0.65,150,225
2019-07-17 14:36:28.231000,0.65055,0.65005,150,307
2019-07-17 14:36:28.702000,0.65061,0.65011,150,225
2019-07-17 14:36:28.850000,0.65055,0.65005,150,60
2019-07-17 14:36:29.001000,0.65056,0.65006,45,150
2019-07-17 14:36:31.023000,0.65035,0.64985,45,412
2019-07-17 14:36:31.964000,0.65036,0.64986,45,75
2019-07-17 14:36:32.343000,0.65031,0.64981,150,281
2019-07-17 14:36:32.966000,0.65025,0.64975,150,337
2019-07-17 14:36:33.121000,0.65031,0.64981,150,281
2019-07-17 14:36:34.229000,0.65025,0.64975,75,337
2019-07-17 14:36:37.423000,0.65026,0.64976,45,225
2019-07-17 14:36:38.537000,0.65025,0.64975,262,150
2019-07-17 14:36:38.682000,0.65036,0.64986,307,150
2019-07-17 14:36:39.367000,0.65029,0.64979,150,225
2019-07-17 14:36:39.929000,0.65036,0.64986,45,75
2019-07-17 14:36:40.182000,0.65031,0.64981,150,281
2019-07-17 14:36:40.387000,0.65026,0.64976,45,281
2019-07-17 14:36:40.494000,0.6502,0.6497,150,281
2019-07-17 14:36:40.956000,0.65025,0.64975,150,60
2019-07-17 14:36:41.067000,0.65029,0.64979,150,150
2019-07-17 14:36:42.002000,0.65025,0.64975,45,412
2019-07-17 14:36:42.197000,0.6504,0.6499,150,150
2019-07-17 14:36:42.700000,0.65035,0.64985,150,307
2019-07-17 14:36:43.051000,0.6504,0.6499,150,150
2019-07-17 14:36:43.374000,0.65036,0.64986,45,75
2019-07-17 14:36:44.622000,0.65029,0.64979,150,150
2019-07-17 14:36:44.850000,0.65025,0.64975,150,307
2019-07-17 14:36:45.452000,0.65031,0.64981,281,281
2019-07-17 14:36:45.812000,0.65026,0.64976,45,225
2019-07-17 14:36:46.491000,0.65021,0.64971,225,225
2019-07-17 14:36:46.655000,0.65005,0.64955,45,487
2019-07-17 14:36:47.211000,0.65006,0.64956,45,281
2019-07-17 14:36:47.312000,0.65016,0.64966,412,60
2019-07-17 14:36:47.554000,0.6501,0.6496,150,281
2019-07-17 14:36:47.810000,0.65006,0.64956,45,225
2019-07-17 14:36:48.590000,0.64996,0.64946,45,75
2019-07-17 14:36:49.481000,0.64975,0.64925,45,487
2019-07-17 14:36:49.693000,0.64996,0.64946,337,75
2019-07-17 14:36:50.037000,0.64995,0.64945,75,307
2019-07-17 14:36:50.453000,0.65001,0.64951,150,281
2019-07-17 14:36:50.835000,0.64991,0.64941,150,281
2019-07-17 14:36:52.068000,0.64985,0.64935,150,307
2019-07-17 14:36:52.564000,0.64991,0.64941,150,281
2019-07-17 14:36:52.665000,0.64986,0.64936,75,150
2019-07-17 14:36:52.868000,0.6498,0.6493,150,281
2019-07-17 14:36:53.351000,0.64985,0.64935,150,307
2019-07-17 14:36:54.562000,0.64995,0.64945,150,307
2019-07-17 14:36:54.975000,0.65001,0.64951,150,225
2019-07-17 14:36:55.192000,0.64985,0.64935,45,487
2019-07-17 14:36:55.542000,0.65001,0.64951,150,281
2019-07-17 14:36:56.496000,0.64995,0.64945,150,307
2019-07-17 14:36:56.923000,0.65001,0.64951,150,281
2019-07-17 14:36:57.320000,0.64995,0.64945,150,307
2019-07-17 14:37:01.466000,0.65005,0.64955,150,307
2019-07-17 14:37:01.604000,0.6501,0.6496,75,225
2019-07-17 14:37:01.705000,0.65005,0.64955,75,60
2019-07-17 14:37:01.806000,0.6501,0.6496,150,225
2019-07-17 14:37:02.050000,0.65005,0.64955,45,412
2019-07-17 14:37:02.670000,0.65015,0.64965,225,60
2019-07-17 14:37:02.863000,0.65005,0.64955,45,412
2019-07-17 14:37:03.145000,0.65021,0.64971,225,150
2019-07-17 14:37:03.251000,0.65005,0.64955,45,412
2019-07-17 14:37:04.240000,0.6501,0.6496,150,225
2019-07-17 14:37:04.979000,0.65005,0.64955,75,307
2019-07-17 14:37:05.947000,0.6501,0.6496,150,225
2019-07-17 14:37:07.112000,0.64995,0.64945,45,412
2019-07-17 14:37:08.429000,0.65016,0.64966,337,60
2019-07-17 14:37:09.835000,0.64999,0.64949,150,150
2019-07-17 14:37:09.970000,0.64995,0.64945,45,487
2019-07-17 14:37:10.299000,0.6501,0.6496,150,225
2019-07-17 14:37:10.922000,0.65005,0.64955,150,307
2019-07-17 14:37:11.692000,0.6501,0.6496,225,150
2019-07-17 14:37:13.365000,0.65005,0.64955,75,307
2019-07-17 14:37:14.320000,0.65015,0.64965,225,307
2019-07-17 14:37:17.570000,0.65005,0.64955,45,487
2019-07-17 14:37:19.031000,0.65021,0.64971,225,225
2019-07-17 14:37:19.172000,0.65016,0.64966,45,150
2019-07-17 14:37:19.789000,0.65015,0.64965,75,307
2019-07-17 14:37:24.063000,0.65021,0.64971,150,281
2019-07-17 14:37:24.603000,0.65015,0.64965,150,307
2019-07-17 14:37:26.633000,0.65021,0.64971,225,281
2019-07-17 14:37:26.883000,0.65016,0.64966,150,225
2019-07-17 14:37:27.855000,0.65006,0.64956,75,225
2019-07-17 14:37:28.067000,0.65016,0.64966,487,75
2019-07-17 14:37:31.616000,0.6501,0.6496,150,225
2019-07-17 14:37:32.003000,0.64995,0.64945,45,412
2019-07-17 14:37:32.950000,0.64996,0.64946,45,450
2019-07-17 14:37:36.053000,0.6498,0.6493,150,281
2019-07-17 14:37:36.673000,0.64965,0.64915,75,412
2019-07-17 14:37:37.201000,0.64986,0.64936,412,60
2019-07-17 14:37:37.399000,0.64965,0.64915,45,412
2019-07-17 14:37:37.701000,0.64955,0.64905,75,487
2019-07-17 14:37:38.499000,0.64945,0.64895,45,412
2019-07-17 14:37:38.807000,0.64935,0.64885,45,412
2019-07-17 14:37:38.936000,0.6494,0.6489,150,225
2019-07-17 14:37:39.342000,0.64935,0.64885,45,337
2019-07-17 14:37:39.596000,0.64951,0.64901,225,150
2019-07-17 14:37:39.960000,0.64935,0.64885,45,412
2019-07-17 14:37:40.252000,0.64941,0.64891,150,150
2019-07-17 14:37:40.367000,0.64925,0.64875,45,337
2019-07-17 14:37:40.917000,0.64941,0.64891,150,150
2019-07-17 14:37:41.136000,0.64935,0.64885,150,307
2019-07-17 14:37:41.264000,0.64941,0.64891,150,150
2019-07-17 14:37:41.389000,0.64931,0.64881,150,225
2019-07-17 14:37:41.490000,0.64926,0.64876,45,150
2019-07-17 14:37:42.102000,0.64921,0.64871,225,150
2019-07-17 14:37:42.252000,0.64915,0.64865,307,60
2019-07-17 14:37:43.220000,0.64911,0.64861,150,225
2019-07-17 14:37:43.385000,0.64895,0.64845,45,337
2019-07-17 14:37:43.593000,0.64896,0.64846,45,150
2019-07-17 14:37:43.696000,0.64876,0.64826,45,544
2019-07-17 14:37:43.747000,0.64896,0.64846,225,60
2019-07-17 14:37:43.954000,0.64885,0.64835,307,225
2019-07-17 14:37:44.105000,0.64885,0.64835,75,307
2019-07-17 14:37:44.241000,0.64885,0.64835,307,225
2019-07-17 14:37:44.420000,0.64885,0.64835,75,60
2019-07-17 14:37:44.585000,0.64891,0.64841,150,225
2019-07-17 14:37:44.706000,0.64885,0.64835,307,150
2019-07-17 14:37:44.874000,0.64865,0.64815,75,337
2019-07-17 14:37:45.136000,0.64866,0.64816,45,281
2019-07-17 14:37:46.185000,0.64855,0.64805,75,337
2019-07-17 14:37:46.314000,0.64855,0.64805,262,75
2019-07-17 14:37:46.415000,0.64876,0.64826,412,75
2019-07-17 14:37:46.465000,0.64865,0.64815,262,60
2019-07-17 14:37:46.586000,0.64896,0.64846,307,60
2019-07-17 14:37:47.162000,0.64906,0.64856,412,60
2019-07-17 14:37:47.280000,0.64896,0.64846,45,225
2019-07-17 14:37:47.602000,0.64891,0.64841,150,225
2019-07-17 14:37:47.849000,0.64896,0.64846,412,60
2019-07-17 14:37:48.177000,0.64891,0.64841,150,150
2019-07-17 14:37:48.392000,0.64906,0.64856,307,150
2019-07-17 14:37:48.826000,0.64896,0.64846,45,75
2019-07-17 14:37:48.969000,0.64906,0.64856,412,60
2019-07-17 14:37:49.176000,0.64901,0.64851,150,150
2019-07-17 14:37:49.309000,0.64895,0.64845,150,307
2019-07-17 14:37:49.746000,0.649,0.6485,150,150
2019-07-17 14:37:50.378000,0.64915,0.64865,307,150
2019-07-17 14:37:50.499000,0.64911,0.64861,75,150
2019-07-17 14:37:50.692000,0.64915,0.64865,412,60
2019-07-17 14:37:50.860000,0.64895,0.64845,45,337
2019-07-17 14:37:50.979000,0.649,0.6485,150,150
2019-07-17 14:37:51.120000,0.64895,0.64845,150,307
2019-07-17 14:37:51.283000,0.64885,0.64835,45,337
2019-07-17 14:37:51.384000,0.64885,0.64835,307,75
2019-07-17 14:37:51.434000,0.64896,0.64846,337,60
2019-07-17 14:37:51.671000,0.64906,0.64856,412,60
2019-07-17 14:37:51.883000,0.64885,0.64835,45,412
2019-07-17 14:37:52.836000,0.64885,0.64835,75,337
2019-07-17 14:37:52.959000,0.6488,0.6483,150,150
2019-07-17 14:37:53.260000,0.64885,0.64835,75,307
2019-07-17 14:37:53.922000,0.64895,0.64845,45,337
2019-07-17 14:37:54.030000,0.64901,0.64851,225,150
2019-07-17 14:37:54.208000,0.64896,0.64846,45,75
2019-07-17 14:37:55.071000,0.64885,0.64835,45,75
2019-07-17 14:37:58.656000,0.64865,0.64815,45,412
2019-07-17 14:37:58.855000,0.64896,0.64846,412,60
2019-07-17 14:38:00.735000,0.64895,0.64845,262,150
2019-07-17 14:38:00.809000,0.64911,0.64861,150,150
2019-07-17 14:38:00.893000,0.64915,0.64865,412,60
2019-07-17 14:38:01.019000,0.6491,0.6486,150,150
2019-07-17 14:38:01.334000,0.64915,0.64865,75,412
2019-07-17 14:38:02.299000,0.64925,0.64875,75,307
2019-07-17 14:38:02.437000,0.64946,0.64896,337,60
2019-07-17 14:38:02.817000,0.64936,0.64886,45,150
2019-07-17 14:38:03.002000,0.64915,0.64865,45,544
2019-07-17 14:38:03.444000,0.64925,0.64875,45,75
2019-07-17 14:38:03.545000,0.6493,0.6488,150,150
2019-07-17 14:38:03.723000,0.64936,0.64886,45,75
2019-07-17 14:38:03.860000,0.64926,0.64876,150,412
2019-07-17 14:38:03.911000,0.64926,0.64876,150,150
2019-07-17 14:38:04.597000,0.64925,0.64875,45,412
2019-07-17 14:38:05.227000,0.64935,0.64885,150,307
2019-07-17 14:38:05.405000,0.64936,0.64886,225,60
2019-07-17 14:38:06.823000,0.6493,0.6488,225,150
2019-07-17 14:38:07.024000,0.64935,0.64885,150,307
2019-07-17 14:38:07.155000,0.64915,0.64865,45,337
2019-07-17 14:38:07.205000,0.64915,0.64865,45,337
2019-07-17 14:38:08.195000,0.64926,0.64876,307,150
2019-07-17 14:38:09.335000,0.64915,0.64865,307,150
2019-07-17 14:38:09.574000,0.6491,0.6486,225,150
2019-07-17 14:38:10.181000,0.64915,0.64865,307,75
2019-07-17 14:38:11.554000,0.64906,0.64856,45,75
2019-07-17 14:38:11.874000,0.649,0.6485,150,150
2019-07-17 14:38:12.026000,0.64896,0.64846,45,150
2019-07-17 14:38:12.519000,0.64901,0.64851,225,150
2019-07-17 14:38:12.759000,0.64896,0.64846,150,60
2019-07-17 14:38:15.093000,0.64885,0.64835,45,487
2019-07-17 14:38:15.655000,0.64885,0.64835,150,307
2019-07-17 14:38:16.295000,0.64881,0.64831,150,150
2019-07-17 14:38:16.396000,0.64876,0.64826,45,75
2019-07-17 14:38:16.501000,0.64871,0.64821,150,225
2019-07-17 14:38:16.676000,0.64865,0.64815,150,307
2019-07-17 14:38:17.667000,0.64885,0.64835,412,60
2019-07-17 14:38:17.814000,0.64881,0.64831,150,150
2019-07-17 14:38:19.698000,0.6488,0.6483,150,225
2019-07-17 14:38:19.901000,0.64885,0.64835,45,75
2019-07-17 14:38:20.673000,0.64895,0.64845,150,307
2019-07-17 14:38:20.839000,0.64911,0.64861,150,225
2019-07-17 14:38:21.193000,0.64915,0.64865,412,60
2019-07-17 14:38:23.210000,0.6492,0.6487,150,150
2019-07-17 14:38:23.523000,0.64925,0.64875,45,60
2019-07-17 14:38:23.697000,0.6493,0.6488,225,150
2019-07-17 14:38:23.946000,0.64936,0.64886,150,60
2019-07-17 14:38:24.660000,0.64941,0.64891,150,150
2019-07-17 14:38:24.846000,0.64936,0.64886,45,75
2019-07-17 14:38:24.997000,0.6493,0.6488,75,150
2019-07-17 14:38:25.169000,0.64936,0.64886,45,75
2019-07-17 14:38:26.117000,0.64926,0.64876,45,150
2019-07-17 14:38:26.277000,0.64936,0.64886,412,60
2019-07-17 14:38:27.648000,0.64941,0.64891,150,150
2019-07-17 14:38:28.198000,0.64936,0.64886,45,75
2019-07-17 14:38:28.587000,0.64926,0.64876,45,150
2019-07-17 14:38:28.893000,0.64931,0.64881,225,75
2019-07-17 14:38:28.998000,0.64925,0.64875,150,307
2019-07-17 14:38:29.230000,0.64935,0.64885,75,75
2019-07-17 14:38:29.336000,0.64926,0.64876,75,307
2019-07-17 14:38:29.495000,0.64906,0.64856,45,412
2019-07-17 14:38:29.546000,0.64895,0.64845,45,412
2019-07-17 14:38:29.890000,0.64915,0.64865,337,60
2019-07-17 14:38:30.999000,0.64906,0.64856,45,75
2019-07-17 14:38:33.077000,0.64896,0.64846,75,75
2019-07-17 14:38:33.355000,0.64875,0.64825,262,60
2019-07-17 14:38:33.405000,0.64865,0.64815,75,600
2019-07-17 14:38:33.467000,0.64871,0.64821,150,150
2019-07-17 14:38:33.735000,0.64865,0.64815,225,60
2019-07-17 14:38:34.031000,0.64871,0.64821,225,150
2019-07-17 14:38:34.450000,0.64855,0.64805,45,412
2019-07-17 14:38:34.997000,0.6486,0.6481,225,150
2019-07-17 14:38:35.110000,0.64861,0.64811,750,75
2019-07-17 14:38:35.811000,0.64855,0.64805,562,150
2019-07-17 14:38:37.075000,0.64876,0.64826,412,60
2019-07-17 14:38:37.290000,0.64871,0.64821,150,225
2019-07-17 14:38:37.394000,0.64865,0.64815,150,307
2019-07-17 14:38:38.237000,0.64885,0.64835,150,60
2019-07-17 14:38:38.357000,0.64891,0.64841,150,225
2019-07-17 14:38:38.517000,0.64885,0.64835,307,150
2019-07-17 14:38:39.054000,0.64891,0.64841,75,225
2019-07-17 14:38:39.689000,0.64885,0.64835,75,337
2019-07-17 14:38:40.369000,0.64891,0.64841,150,225
2019-07-17 14:38:40.767000,0.64876,0.64826,75,75
2019-07-17 14:38:41.923000,0.64871,0.64821,150,150
2019-07-17 14:38:42.045000,0.64865,0.64815,150,307
2019-07-17 14:38:43.604000,0.64871,0.64821,150,75
2019-07-17 14:38:43.743000,0.64865,0.64815,150,307
2019-07-17 14:38:46.334000,0.64871,0.64821,150,150
2019-07-17 14:38:47.007000,0.64866,0.64816,45,75
2019-07-17 14:38:47.588000,0.64876,0.64826,412,75
2019-07-17 14:38:47.690000,0.64866,0.64816,45,150
2019-07-17 14:38:48.526000,0.6486,0.6481,150,150
2019-07-17 14:38:48.745000,0.64865,0.64815,150,307
2019-07-17 14:38:48.857000,0.64866,0.64816,45,150
2019-07-17 14:38:49.571000,0.64855,0.64805,150,307
2019-07-17 14:38:50.218000,0.64851,0.64801,225,75
2019-07-17 14:38:50.436000,0.64846,0.64796,75,75
2019-07-17 14:38:50.537000,0.6484,0.6479,225,150
2019-07-17 14:38:51.827000,0.64846,0.64796,45,150
2019-07-17 14:38:53.792000,0.64841,0.64791,225,281
2019-07-17 14:38:54.213000,0.64835,0.64785,150,60
2019-07-17 14:38:54.363000,0.64841,0.64791,225,337
2019-07-17 14:38:54.464000,0.64825,0.64775,150,487
2019-07-17 14:38:54.952000,0.64831,0.64781,225,150
2019-07-17 14:38:55.158000,0.64825,0.64775,150,60
2019-07-17 14:38:55.571000,0.64831,0.64781,75,225
2019-07-17 14:38:55.694000,0.64825,0.64775,45,337
2019-07-17 14:38:56.776000,0.64831,0.64781,150,225
2019-07-17 14:38:56.937000,0.64815,0.64765,75,337
2019-07-17 14:38:57.466000,0.64816,0.64766,45,375
2019-07-17 14:38:57.567000,0.64831,0.64781,75,150
2019-07-17 14:38:57.797000,0.64825,0.64775,75,307
2019-07-17 14:38:59.429000,0.64835,0.64785,150,307
2019-07-17 14:38:59.701000,0.64836,0.64786,45,60
2019-07-17 14:39:00.292000,0.64831,0.64781,150,150
2019-07-17 14:39:00.673000,0.64815,0.64765,45,337
2019-07-17 14:39:01.228000,0.64831,0.64781,150,150
2019-07-17 14:39:01.353000,0.64825,0.64775,150,60
2019-07-17 14:39:05.034000,0.64846,0.64796,337,75
2019-07-17 14:39:05.864000,0.64836,0.64786,45,75
2019-07-17 14:39:06.342000,0.64835,0.64785,150,307
2019-07-17 14:39:07.231000,0.6484,0.6479,225,75
2019-07-17 14:39:07.594000,0.64826,0.64776,75,637
2019-07-17 14:39:07.702000,0.64836,0.64786,75,60
2019-07-17 14:39:08.666000,0.64831,0.64781,150,150
2019-07-17 14:39:08.787000,0.64825,0.64775,75,307
2019-07-17 14:39:09.020000,0.64831,0.64781,150,150
2019-07-17 14:39:09.177000,0.64825,0.64775,150,60
2019-07-17 14:39:09.292000,0.64826,0.64776,45,150
2019-07-17 14:39:10.768000,0.64816,0.64766,45,337
2019-07-17 14:39:10.895000,0.64815,0.64765,150,307
2019-07-17 14:39:12.237000,0.64836,0.64786,412,60
2019-07-17 14:39:13.072000,0.64826,0.64776,45,75
2019-07-17 14:39:14.465000,0.64816,0.64766,150,281
2019-07-17 14:39:15.108000,0.64806,0.64756,75,150
2019-07-17 14:39:15.221000,0.64811,0.64761,150,75
2019-07-17 14:39:15.470000,0.64806,0.64756,150,75
2019-07-17 14:39:15.703000,0.64785,0.64735,75,544
2019-07-17 14:39:15.968000,0.64781,0.64731,150,544
2019-07-17 14:39:16.018000,0.64781,0.64731,150,281
2019-07-17 14:39:16.088000,0.64775,0.64725,150,75
2019-07-17 14:39:16.476000,0.64796,0.64746,337,75
2019-07-17 14:39:16.818000,0.64795,0.64745,225,60
2019-07-17 14:39:17.178000,0.64801,0.64751,150,150
2019-07-17 14:39:17.353000,0.64796,0.64746,45,75
2019-07-17 14:39:17.503000,0.6479,0.6474,225,150
2019-07-17 14:39:17.830000,0.64785,0.64735,45,337
2019-07-17 14:39:18.294000,0.64801,0.64751,225,75
2019-07-17 14:39:18.437000,0.64796,0.64746,45,75
2019-07-17 14:39:19.069000,0.64786,0.64736,75,75
2019-07-17 14:39:19.186000,0.64781,0.64731,225,281
2019-07-17 14:39:19.993000,0.64775,0.64725,150,307
2019-07-17 14:39:20.364000,0.64781,0.64731,225,281
2019-07-17 14:39:20.801000,0.64775,0.64725,150,307
2019-07-17 14:39:21.651000,0.64765,0.64715,75,544
2019-07-17 14:39:22.170000,0.64786,0.64736,412,60
2019-07-17 14:39:22.831000,0.6479,0.6474,225,150
2019-07-17 14:39:22.957000,0.64796,0.64746,45,75
2019-07-17 14:39:23.373000,0.64801,0.64751,225,150
2019-07-17 14:39:24.482000,0.64795,0.64745,150,60
2019-07-17 14:39:24.737000,0.64801,0.64751,225,150
2019-07-17 14:39:24.931000,0.64811,0.64761,150,150
2019-07-17 14:39:25.090000,0.64806,0.64756,45,75
2019-07-17 14:39:25.401000,0.64785,0.64735,75,307
2019-07-17 14:39:25.742000,0.64779,0.64729,150,150
2019-07-17 14:39:26.717000,0.64785,0.64735,75,337
2019-07-17 14:39:27.196000,0.64801,0.64751,150,225
2019-07-17 14:39:27.440000,0.64795,0.64745,150,307
2019-07-17 14:39:27.957000,0.64816,0.64766,337,150
2019-07-17 14:39:29.377000,0.64821,0.64771,281,225
2019-07-17 14:39:29.705000,0.64805,0.64755,45,412
2019-07-17 14:39:31.056000,0.64806,0.64756,75,75
2019-07-17 14:39:31.780000,0.64805,0.64755,150,307
2019-07-17 14:39:33.140000,0.64811,0.64761,281,225
2019-07-17 14:39:33.514000,0.64806,0.64756,75,150
2019-07-17 14:39:34.362000,0.64801,0.64751,150,150
2019-07-17 14:39:34.525000,0.64795,0.64745,75,337
2019-07-17 14:39:35.306000,0.64796,0.64746,75,150
2019-07-17 14:39:35.462000,0.64786,0.64736,45,75
2019-07-17 14:39:36.773000,0.64781,0.64731,150,281
2019-07-17 14:39:37.274000,0.64786,0.64736,150,150
2019-07-17 14:39:38.172000,0.64796,0.64746,412,60
2019-07-17 14:39:38.861000,0.64775,0.64725,150,307
2019-07-17 14:39:41.632000,0.64776,0.64726,75,337
2019-07-17 14:39:44.494000,0.64775,0.64725,262,60
2019-07-17 14:39:44.623000,0.64785,0.64735,150,307
2019-07-17 14:39:44.673000,0.6479,0.6474,150,225
2019-07-17 14:39:45.067000,0.64795,0.64745,75,75
2019-07-17 14:39:46.794000,0.64805,0.64755,150,337
2019-07-17 14:39:47.531000,0.64795,0.64745,45,412
2019-07-17 14:39:47.958000,0.64811,0.64761,150,150
2019-07-17 14:39:48.606000,0.64795,0.64745,75,337
2019-07-17 14:39:49.037000,0.64811,0.64761,150,150
2019-07-17 14:39:49.172000,0.64795,0.64745,45,337
2019-07-17 14:39:50.869000,0.64805,0.64755,262,60
2019-07-17 14:39:50.932000,0.64815,0.64765,150,307
2019-07-17 14:39:51.018000,0.64821,0.64771,150,225
2019-07-17 14:39:51.877000,0.64815,0.64765,150,75
2019-07-17 14:39:55.165000,0.64825,0.64775,150,337
2019-07-17 14:39:55.292000,0.64815,0.64765,45,337
2019-07-17 14:39:56.334000,0.64805,0.64755,75,487
2019-07-17 14:39:56.735000,0.64821,0.64771,150,225
2019-07-17 14:39:58.766000,0.64811,0.64761,150,150
2019-07-17 14:39:58.912000,0.64806,0.64756,45,75
2019-07-17 14:39:59.095000,0.648,0.6475,150,150
2019-07-17 14:39:59.630000,0.64795,0.64745,75,337
2019-07-17 14:39:59.894000,0.64801,0.64751,150,150
2019-07-17 14:40:00.154000,0.64795,0.64745,75,75
2019-07-17 14:40:00.368000,0.64801,0.64751,150,225
2019-07-17 14:40:00.875000,0.64796,0.64746,75,75
2019-07-17 14:40:01.069000,0.6479,0.6474,150,225
2019-07-17 14:40:02.608000,0.64785,0.64735,150,307
2019-07-17 14:40:03.785000,0.6479,0.6474,150,225
2019-07-17 14:40:04.039000,0.64785,0.64735,150,60
2019-07-17 14:40:04.187000,0.6479,0.6474,150,225
2019-07-17 14:40:05.121000,0.64785,0.64735,75,307
2019-07-17 14:40:05.510000,0.6479,0.6474,150,225
2019-07-17 14:40:05.711000,0.64776,0.64726,45,337
2019-07-17 14:40:05.988000,0.64775,0.64725,75,75
2019-07-17 14:40:06.405000,0.64781,0.64731,150,281
2019-07-17 14:40:06.546000,0.64775,0.64725,150,60
2019-07-17 14:40:07.724000,0.64765,0.64715,45,544
2019-07-17 14:40:07.912000,0.64766,0.64716,45,337
2019-07-17 14:40:07.962000,0.64755,0.64705,45,412
2019-07-17 14:40:08.957000,0.64756,0.64706,45,60
2019-07-17 14:40:09.158000,0.64751,0.64701,45,281
2019-07-17 14:40:09.314000,0.64749,0.64699,150,150
2019-07-17 14:40:09.526000,0.64756,0.64706,45,150
2019-07-17 14:40:10.644000,0.64749,0.64699,150,75
2019-07-17 14:40:11.660000,0.64755,0.64705,75,60
2019-07-17 14:40:12.285000,0.64765,0.64715,150,337
2019-07-17 14:40:12.615000,0.64781,0.64731,225,150
2019-07-17 14:40:12.755000,0.64775,0.64725,75,307
2019-07-17 14:40:13.230000,0.64781,0.64731,150,225
2019-07-17 14:40:14.057000,0.64775,0.64725,150,60
2019-07-17 14:40:14.548000,0.64781,0.64731,150,281
2019-07-17 14:40:14.727000,0.64775,0.64725,150,60
2019-07-17 14:40:15.006000,0.64766,0.64716,45,412
2019-07-17 14:40:15.137000,0.64771,0.64721,225,412
2019-07-17 14:40:15.238000,0.64766,0.64716,45,75
2019-07-17 14:40:16.656000,0.64776,0.64726,307,60
2019-07-17 14:40:19.059000,0.64766,0.64716,225,60
2019-07-17 14:40:19.952000,0.64751,0.64701,225,281
2019-07-17 14:40:20.239000,0.64745,0.64695,75,337
2019-07-17 14:40:21.223000,0.64751,0.64701,225,281
2019-07-17 14:40:21.412000,0.64745,0.64695,225,307
2019-07-17 14:40:21.556000,0.64751,0.64701,150,281
2019-07-17 14:40:21.675000,0.64745,0.64695,150,60
2019-07-17 14:40:23.769000,0.64755,0.64705,150,307
2019-07-17 14:40:29.735000,0.64745,0.64695,150,337
2019-07-17 14:40:30.843000,0.64749,0.64699,150,150
2019-07-17 14:40:31.523000,0.64745,0.64695,150,337
2019-07-17 14:40:32.075000,0.64746,0.64696,75,150
2019-07-17 14:40:32.979000,0.6474,0.6469,281,281
2019-07-17 14:40:33.357000,0.64746,0.64696,75,150
2019-07-17 14:40:36.059000,0.64756,0.64706,412,75
2019-07-17 14:40:37.266000,0.64755,0.64705,150,337
2019-07-17 14:40:45.021000,0.6476,0.6471,150,75
2019-07-17 14:40:45.163000,0.64736,0.64686,45,712
2019-07-17 14:40:45.213000,0.64746,0.64696,150,307
2019-07-17 14:40:45.264000,0.64735,0.64685,150,307
2019-07-17 14:40:45.594000,0.64741,0.64691,225,375
2019-07-17 14:40:45.722000,0.64725,0.64675,75,600
2019-07-17 14:40:46.896000,0.64726,0.64676,45,75
2019-07-17 14:40:47.607000,0.64721,0.64671,225,225
2019-07-17 14:40:47.967000,0.64705,0.64655,75,412
2019-07-17 14:40:48.249000,0.64726,0.64676,487,60
2019-07-17 14:40:48.414000,0.64705,0.64655,75,412
2019-07-17 14:40:50.226000,0.647,0.6465,150,225
2019-07-17 14:40:50.366000,0.64706,0.64656,45,150
2019-07-17 14:40:51.380000,0.647,0.6465,150,150
2019-07-17 14:40:51.549000,0.64706,0.64656,75,75
2019-07-17 14:40:51.931000,0.64716,0.64666,412,60
2019-07-17 14:40:52.388000,0.64736,0.64686,487,60
2019-07-17 14:40:52.637000,0.64726,0.64676,75,75
2019-07-17 14:40:52.920000,0.6473,0.6468,150,225
2019-07-17 14:40:53.259000,0.64726,0.64676,45,225
2019-07-17 14:40:53.362000,0.64719,0.64669,150,150
2019-07-17 14:40:53.479000,0.64715,0.64665,45,412
2019-07-17 14:40:53.759000,0.6473,0.6468,150,225
2019-07-17 14:40:53.863000,0.64725,0.64675,150,60
2019-07-17 14:40:53.993000,0.6473,0.6468,150,225
2019-07-17 14:40:54.437000,0.64725,0.64675,150,60
2019-07-17 14:40:55.124000,0.64741,0.64686,150,150
2019-07-17 14:40:55.285000,0.64725,0.64675,150,307
2019-07-17 14:40:56.170000,0.64741,0.64686,150,225
2019-07-17 14:40:56.277000,0.64735,0.64685,150,60
2019-07-17 14:40:56.402000,0.64741,0.64686,150,225
2019-07-17 14:40:56.710000,0.64746,0.64691,412,45
2019-07-17 14:40:57.404000,0.64745,0.64691,412,225
2019-07-17 14:40:57.604000,0.64746,0.64691,412,45
2019-07-17 14:40:58.926000,0.64751,0.64696,95,150
2019-07-17 14:40:59.128000,0.64746,0.64696,60,150
2019-07-17 14:40:59.311000,0.64741,0.64691,96,225
2019-07-17 14:40:59.419000,0.64735,0.64685,96,307
2019-07-17 14:40:59.722000,0.64736,0.64685,60,487
2019-07-17 14:40:59.875000,0.64741,0.64686,96,225
2019-07-17 14:41:00.112000,0.64736,0.64686,60,75
2019-07-17 14:41:00.513000,0.64715,0.64665,60,412
2019-07-17 14:41:01.218000,0.64725,0.64675,96,337
2019-07-17 14:41:02.355000,0.6473,0.6468,96,75
2019-07-17 14:41:02.530000,0.64725,0.64675,60,337
2019-07-17 14:41:03.887000,0.64735,0.64685,97,307
2019-07-17 14:41:04.435000,0.6473,0.6468,97,150
2019-07-17 14:41:05.074000,0.64735,0.64685,97,307
2019-07-17 14:41:05.238000,0.64741,0.64691,97,150
2019-07-17 14:41:05.641000,0.64735,0.64685,60,75
2019-07-17 14:41:05.969000,0.64745,0.64695,97,45
2019-07-17 14:41:06.264000,0.64749,0.64699,97,150
2019-07-17 14:41:06.369000,0.64745,0.64695,97,337
2019-07-17 14:41:07.247000,0.64751,0.64701,97,150
2019-07-17 14:41:08.059000,0.64745,0.64695,97,337
2019-07-17 14:41:08.622000,0.64751,0.64701,97,75
2019-07-17 14:41:09.092000,0.64746,0.64696,97,75
2019-07-17 14:41:09.243000,0.64741,0.64691,97,150
2019-07-17 14:41:09.468000,0.64725,0.64675,97,412
2019-07-17 14:41:10.806000,0.64715,0.64665,60,487
2019-07-17 14:41:12.051000,0.64736,0.64686,550,45
2019-07-17 14:41:12.653000,0.64715,0.64665,97,307
2019-07-17 14:41:13.148000,0.64705,0.64655,97,337
2019-07-17 14:41:13.685000,0.64695,0.64645,97,307
2019-07-17 14:41:13.827000,0.64701,0.64651,97,225
2019-07-17 14:41:15.206000,0.64695,0.64645,97,307
2019-07-17 14:41:15.803000,0.64701,0.64651,97,225
2019-07-17 14:41:16.066000,0.64695,0.64645,97,337
2019-07-17 14:41:17.204000,0.64711,0.64661,97,150
2019-07-17 14:41:17.535000,0.64701,0.64651,97,225
2019-07-17 14:41:17.681000,0.64695,0.64645,97,45
2019-07-17 14:41:18.317000,0.64701,0.64651,97,281
2019-07-17 14:41:18.976000,0.64695,0.64645,60,337
2019-07-17 14:41:19.078000,0.647,0.6465,97,225
2019-07-17 14:41:19.190000,0.64705,0.64655,97,307
2019-07-17 14:41:19.597000,0.64711,0.64661,97,150
2019-07-17 14:41:20.099000,0.64705,0.64655,97,45
2019-07-17 14:41:20.208000,0.64711,0.64661,97,225
2019-07-17 14:41:20.471000,0.64721,0.64671,97,281
2019-07-17 14:41:20.606000,0.64715,0.64665,97,307
2019-07-17 14:41:23.263000,0.64716,0.64666,60,150
2019-07-17 14:41:23.645000,0.64721,0.64671,97,150
2019-07-17 14:41:23.833000,0.64705,0.64655,60,337
2019-07-17 14:41:24.766000,0.64711,0.64661,97,150
2019-07-17 14:41:25.626000,0.64695,0.64645,60,412
2019-07-17 14:41:28.126000,0.647,0.6465,115,150
2019-07-17 14:41:28.414000,0.64705,0.64655,115,45
2019-07-17 14:41:28.756000,0.64711,0.64661,115,281
2019-07-17 14:41:28.964000,0.64705,0.64655,115,75
2019-07-17 14:41:29.921000,0.64721,0.64671,115,225
2019-07-17 14:41:30.059000,0.64715,0.64665,115,45
2019-07-17 14:41:30.386000,0.64721,0.64671,115,225
2019-07-17 14:41:30.903000,0.64715,0.64665,115,307
2019-07-17 14:41:31.112000,0.64721,0.64671,115,225
2019-07-17 14:41:32.185000,0.64716,0.64666,60,75
2019-07-17 14:41:34.784000,0.64715,0.64665,115,307
2019-07-17 14:41:35.846000,0.6473,0.6468,115,225
2019-07-17 14:41:36.163000,0.64725,0.64675,115,307
2019-07-17 14:41:36.284000,0.64715,0.64665,100,337
2019-07-17 14:41:37.133000,0.6473,0.6468,115,75
2019-07-17 14:41:37.411000,0.64715,0.64665,100,337
2019-07-17 14:41:38.064000,0.64725,0.64675,350,45
2019-07-17 14:41:38.125000,0.64715,0.64665,115,412
2019-07-17 14:41:38.175000,0.64735,0.64685,115,262
2019-07-17 14:41:38.338000,0.64715,0.64665,115,337
2019-07-17 14:41:42.021000,0.64721,0.64671,115,225
2019-07-17 14:41:43.301000,0.64726,0.64676,487,45
2019-07-17 14:41:46.411000,0.64705,0.64655,60,412
2019-07-17 14:41:47.107000,0.64695,0.64645,100,412
2019-07-17 14:41:47.978000,0.64705,0.64655,115,307
2019-07-17 14:41:48.724000,0.64695,0.64645,60,412
2019-07-17 14:41:49.350000,0.64705,0.64655,100,75
2019-07-17 14:41:49.774000,0.6471,0.6466,115,225
2019-07-17 14:41:50.142000,0.64705,0.64655,60,487
2019-07-17 14:41:50.308000,0.64721,0.64671,115,225
2019-07-17 14:41:50.975000,0.64715,0.64665,100,307
2019-07-17 14:41:55.231000,0.64719,0.64669,114,75
2019-07-17 14:41:55.405000,0.64726,0.64676,100,75
2019-07-17 14:42:00.238000,0.64716,0.64666,60,75
2019-07-17 14:42:00.384000,0.64721,0.64671,114,150
2019-07-17 14:42:00.575000,0.64715,0.64665,114,307
2019-07-17 14:42:04.710000,0.64716,0.64666,100,150
2019-07-17 14:42:04.861000,0.64711,0.64661,114,150
2019-07-17 14:42:04.962000,0.64706,0.64656,100,150
2019-07-17 14:42:05.152000,0.64696,0.64646,60,75
2019-07-17 14:42:05.277000,0.64706,0.64656,550,45
2019-07-17 14:42:05.808000,0.64711,0.64661,114,75
2019-07-17 14:42:05.916000,0.64705,0.64655,114,150
2019-07-17 14:42:06.368000,0.64721,0.64671,113,150
2019-07-17 14:42:06.943000,0.64705,0.64655,60,412
2019-07-17 14:42:07.175000,0.64721,0.64671,113,150
2019-07-17 14:42:07.342000,0.64715,0.64665,113,45
2019-07-17 14:42:09.933000,0.64716,0.64666,113,75
2019-07-17 14:42:13.574000,0.64726,0.64676,550,45
2019-07-17 14:42:14.395000,0.6473,0.6468,113,150
2019-07-17 14:42:14.648000,0.64726,0.64676,60,150
2019-07-17 14:42:15.620000,0.64719,0.64669,113,225
2019-07-17 14:42:15.858000,0.64725,0.64675,113,45
2019-07-17 14:42:16.021000,0.6473,0.6468,113,225
2019-07-17 14:42:16.122000,0.64736,0.64686,550,45
2019-07-17 14:42:16.254000,0.6473,0.6468,113,225
2019-07-17 14:42:16.425000,0.64715,0.64665,60,487
2019-07-17 14:42:16.526000,0.64719,0.64669,113,281
2019-07-17 14:42:17.215000,0.64725,0.64675,100,307
2019-07-17 14:42:17.398000,0.64715,0.64665,100,544
2019-07-17 14:42:21.116000,0.64716,0.64666,60,225
2019-07-17 14:42:21.318000,0.64726,0.64676,487,45
2019-07-17 14:42:21.780000,0.64705,0.64655,103,412
2019-07-17 14:42:28.214000,0.64706,0.64656,103,45
2019-07-17 14:42:28.347000,0.64696,0.64646,100,75
2019-07-17 14:42:28.919000,0.64701,0.64651,103,281
2019-07-17 14:42:29.132000,0.64695,0.64645,103,45
2019-07-17 14:42:29.518000,0.64705,0.64655,100,307
2019-07-17 14:42:32.661000,0.6471,0.6466,103,150
2019-07-17 14:42:32.762000,0.64715,0.64665,100,45
2019-07-17 14:42:35.307000,0.64721,0.64671,103,150
2019-07-17 14:42:35.451000,0.64716,0.64666,100,75
2019-07-17 14:42:37.103000,0.64706,0.64656,100,281
2019-07-17 14:42:37.225000,0.64696,0.64646,103,45
2019-07-17 14:42:37.454000,0.64686,0.64636,100,281
2019-07-17 14:42:37.826000,0.64685,0.64635,103,45
2019-07-17 14:42:38.263000,0.64675,0.64625,60,600
2019-07-17 14:42:39.816000,0.64696,0.64646,410,75
2019-07-17 14:42:40.127000,0.64701,0.64651,103,150
2019-07-17 14:42:40.423000,0.64685,0.64635,60,412
2019-07-17 14:42:41.773000,0.64691,0.64641,103,375
2019-07-17 14:42:41.915000,0.6469,0.6464,103,150
2019-07-17 14:42:42.033000,0.64695,0.64645,103,45
2019-07-17 14:42:43.190000,0.64716,0.64666,450,450
2019-07-17 14:42:43.299000,0.64726,0.64676,550,45
2019-07-17 14:42:43.500000,0.64721,0.64671,103,562
2019-07-17 14:42:43.663000,0.64715,0.64665,103,45
2019-07-17 14:42:44.100000,0.64705,0.64655,103,712
2019-07-17 14:42:47.218000,0.64715,0.64665,103,45
2019-07-17 14:42:51.752000,0.64705,0.64655,103,712
2019-07-17 14:42:51.921000,0.64695,0.64645,103,337
2019-07-17 14:42:53.422000,0.64685,0.64635,103,307
2019-07-17 14:42:54.565000,0.64701,0.64651,103,75
2019-07-17 14:42:54.807000,0.64685,0.64635,60,337
2019-07-17 14:42:57.196000,0.64686,0.64636,60,375
2019-07-17 14:42:58.835000,0.64676,0.64626,103,450
2019-07-17 14:42:59.501000,0.64675,0.64625,103,307
2019-07-17 14:42:59.929000,0.64676,0.64626,60,450
2019-07-17 14:43:03.602000,0.64665,0.64615,450,75
2019-07-17 14:43:08.083000,0.64671,0.64621,103,150
2019-07-17 14:43:08.291000,0.64665,0.64615,487,45
2019-07-17 14:43:08.400000,0.64645,0.64595,60,487
2019-07-17 14:43:08.566000,0.64635,0.64585,60,487
2019-07-17 14:43:13.296000,0.64641,0.64591,103,281
2019-07-17 14:43:13.496000,0.64635,0.64585,60,225
2019-07-17 14:43:13.786000,0.6463,0.6458,103,225
2019-07-17 14:43:13.887000,0.64635,0.64585,103,307
2019-07-17 14:43:14.481000,0.64641,0.64591,103,225
2019-07-17 14:43:14.798000,0.64635,0.64585,103,307
2019-07-17 14:43:15.192000,0.64651,0.64601,103,150
2019-07-17 14:43:15.736000,0.64646,0.64596,60,75
2019-07-17 14:43:15.984000,0.64635,0.64585,103,45
2019-07-17 14:43:16.134000,0.64625,0.64575,100,262
2019-07-17 14:43:16.276000,0.64625,0.64575,100,262
2019-07-17 14:43:16.326000,0.64595,0.64545,60,262
2019-07-17 14:43:16.377000,0.64596,0.64546,100,45
2019-07-17 14:43:16.477000,0.64576,0.64526,100,45
2019-07-17 14:43:16.609000,0.64586,0.64536,60,150
2019-07-17 14:43:16.741000,0.64585,0.64535,105,307
2019-07-17 14:43:16.949000,0.64575,0.64525,100,150
2019-07-17 14:43:18.114000,0.64596,0.64546,550,45
2019-07-17 14:43:19.131000,0.6459,0.6454,107,150
2019-07-17 14:43:19.249000,0.64596,0.64546,100,45
2019-07-17 14:43:21.115000,0.64591,0.64541,107,281
2019-07-17 14:43:21.394000,0.64575,0.64525,60,412
2019-07-17 14:43:22.119000,0.6458,0.6453,107,225
2019-07-17 14:43:22.618000,0.64586,0.64536,60,225
2019-07-17 14:43:22.985000,0.64591,0.64541,107,281
2019-07-17 14:43:23.130000,0.64585,0.64535,107,45
2019-07-17 14:43:23.427000,0.64591,0.64541,107,225
2019-07-17 14:43:24.532000,0.64585,0.64535,107,307
2019-07-17 14:43:24.752000,0.64601,0.64551,107,225
2019-07-17 14:43:24.856000,0.64596,0.64546,60,150
2019-07-17 14:43:25.038000,0.64605,0.64555,637,45
2019-07-17 14:43:25.261000,0.64601,0.64551,107,225
2019-07-17 14:43:25.426000,0.64605,0.64555,637,45
2019-07-17 14:43:25.527000,0.64596,0.64546,100,150
2019-07-17 14:43:26.997000,0.64591,0.64541,107,375
2019-07-17 14:43:27.238000,0.64585,0.64535,107,45
2019-07-17 14:43:29.845000,0.64586,0.64536,60,281
2019-07-17 14:43:31.233000,0.64575,0.64525,100,262
2019-07-17 14:43:31.407000,0.64565,0.64515,107,307
2019-07-17 14:43:31.495000,0.64571,0.64521,107,225
2019-07-17 14:43:31.800000,0.64565,0.64515,107,307
2019-07-17 14:43:32.118000,0.64555,0.64505,113,307
2019-07-17 14:43:32.279000,0.64556,0.64506,60,75
2019-07-17 14:43:32.430000,0.64566,0.64516,487,45
2019-07-17 14:43:32.607000,0.64555,0.64505,60,262
2019-07-17 14:43:32.726000,0.64556,0.64506,113,75
2019-07-17 14:43:32.821000,0.64555,0.64505,60,262
2019-07-17 14:43:32.872000,0.64535,0.64485,60,337
2019-07-17 14:43:33.059000,0.64536,0.64486,60,281
2019-07-17 14:43:33.170000,0.64535,0.64485,113,307
2019-07-17 14:43:33.572000,0.6454,0.6449,113,225
2019-07-17 14:43:33.704000,0.64536,0.64486,60,225
2019-07-17 14:43:33.838000,0.6454,0.6449,113,225
2019-07-17 14:43:34.241000,0.64535,0.64485,113,45
2019-07-17 14:43:34.539000,0.6454,0.6449,113,150
2019-07-17 14:43:34.808000,0.64535,0.64485,113,45
2019-07-17 14:43:34.934000,0.64536,0.64486,60,225
2019-07-17 14:43:35.635000,0.64535,0.64485,113,45
2019-07-17 14:43:36.068000,0.6454,0.6449,113,150
2019-07-17 14:43:36.359000,0.64525,0.64475,100,412
2019-07-17 14:43:37.344000,0.64535,0.64485,113,337
2019-07-17 14:43:37.445000,0.64536,0.64486,60,75
2019-07-17 14:43:39.408000,0.64529,0.64479,115,150
2019-07-17 14:43:39.704000,0.64525,0.64475,60,412
2019-07-17 14:43:39.814000,0.64529,0.64479,115,150
2019-07-17 14:43:39.923000,0.64525,0.64475,60,412
2019-07-17 14:43:40.086000,0.6454,0.6449,115,150
2019-07-17 14:43:40.365000,0.64535,0.64485,115,75
2019-07-17 14:43:41.257000,0.6454,0.6449,115,150
2019-07-17 14:43:42.286000,0.64525,0.64475,115,337
2019-07-17 14:43:42.456000,0.64535,0.64485,60,337
2019-07-17 14:43:44.190000,0.64545,0.64495,115,337
2019-07-17 14:43:45.130000,0.64545,0.64495,115,262
2019-07-17 14:43:45.374000,0.64526,0.64476,60,225
2019-07-17 14:43:45.764000,0.64536,0.64486,450,75
2019-07-17 14:43:45.879000,0.64525,0.64475,350,150
2019-07-17 14:43:46.365000,0.64535,0.64485,350,225
2019-07-17 14:43:46.417000,0.64546,0.64496,487,45
2019-07-17 14:43:46.779000,0.6454,0.6449,113,150
2019-07-17 14:43:46.999000,0.64525,0.64475,60,412
2019-07-17 14:43:47.125000,0.64529,0.64479,113,150
2019-07-17 14:43:47.275000,0.64536,0.64486,60,75
2019-07-17 14:43:47.562000,0.64529,0.64479,113,75
2019-07-17 14:43:47.741000,0.64525,0.64475,60,337
2019-07-17 14:43:49.687000,0.64546,0.64496,410,150
2019-07-17 14:43:50.107000,0.6454,0.6449,113,150
2019-07-17 14:43:50.521000,0.64536,0.64486,60,150
