time,ask,bid,ask_volume,bid_volume
2018-01-24 15:25:00.383000,0.70135,0.70075,126,388
2018-01-24 15:25:00.436000,0.70135,0.70075,388,388
2018-01-24 15:25:00.537000,0.70135,0.7008,262,126
2018-01-24 15:25:00.830000,0.70145,0.70085,388,388
2018-01-24 15:25:00.922000,0.70145,0.7009,262,126
2018-01-24 15:25:00.972000,0.70155,0.70095,388,388
2018-01-24 15:25:01.092000,0.70145,0.70085,126,388
2018-01-24 15:25:01.143000,0.70145,0.70085,388,388
2018-01-24 15:25:01.408000,0.70145,0.7009,262,126
2018-01-24 15:25:01.459000,0.70155,0.70095,388,388
2018-01-24 15:25:01.538000,0.7015,0.7009,126,388
2018-01-24 15:25:01.793000,0.70155,0.70095,388,388
2018-01-24 15:25:02.478000,0.70155,0.701,262,126
2018-01-24 15:25:02.529000,0.70155,0.70095,388,388
2018-01-24 15:25:03.119000,0.70155,0.701,262,126
2018-01-24 15:25:03.448000,0.70165,0.70105,388,388
2018-01-24 15:25:03.499000,0.7016,0.701,126,388
2018-01-24 15:25:03.659000,0.70165,0.70105,388,388
2018-01-24 15:25:03.760000,0.70165,0.7011,262,126
2018-01-24 15:25:03.947000,0.70165,0.70105,388,388
2018-01-24 15:25:04.772000,0.7016,0.701,126,388
2018-01-24 15:25:04.880000,0.70165,0.70105,388,388
2018-01-24 15:25:05.425000,0.70155,0.701,262,126
2018-01-24 15:25:05.564000,0.70155,0.70095,388,388
2018-01-24 15:25:05.614000,0.70155,0.70095,126,388
2018-01-24 15:25:05.665000,0.7016,0.701,126,388
2018-01-24 15:25:05.716000,0.70155,0.70095,126,388
2018-01-24 15:25:05.766000,0.70155,0.70095,388,388
2018-01-24 15:25:05.856000,0.7015,0.7009,126,388
2018-01-24 15:25:05.957000,0.70145,0.70085,388,388
2018-01-24 15:25:07.897000,0.7014,0.7008,126,388
2018-01-24 15:25:08.021000,0.70135,0.70075,388,388
2018-01-24 15:25:09.496000,0.7013,0.7007,126,388
2018-01-24 15:25:09.602000,0.70125,0.70065,388,388
2018-01-24 15:25:09.783000,0.70125,0.7007,262,126
2018-01-24 15:25:09.833000,0.70125,0.70065,388,388
2018-01-24 15:25:10.855000,0.7012,0.7006,126,388
2018-01-24 15:25:10.991000,0.70115,0.70055,388,388
2018-01-24 15:25:12.394000,0.70115,0.7006,262,126
2018-01-24 15:25:12.444000,0.70115,0.70055,388,388
2018-01-24 15:25:12.951000,0.7011,0.7005,126,388
2018-01-24 15:25:13.158000,0.70115,0.70055,388,388
2018-01-24 15:25:13.254000,0.70115,0.7006,262,126
2018-01-24 15:25:13.767000,0.7012,0.7006,126,388
2018-01-24 15:25:13.852000,0.70125,0.70065,388,388
2018-01-24 15:25:14.813000,0.7012,0.7006,126,388
2018-01-24 15:25:15.564000,0.70125,0.70065,388,388
2018-01-24 15:25:15.615000,0.7012,0.7006,126,388
2018-01-24 15:25:16.463000,0.70125,0.70065,388,388
2018-01-24 15:25:16.791000,0.70125,0.7007,262,126
2018-01-24 15:25:17.496000,0.7013,0.7007,126,388
2018-01-24 15:25:17.578000,0.70135,0.70075,388,388
2018-01-24 15:25:19.431000,0.70135,0.7008,262,126
2018-01-24 15:25:19.532000,0.70145,0.70085,388,388
2018-01-24 15:25:21.327000,0.7014,0.7008,126,388
2018-01-24 15:25:21.378000,0.70145,0.70085,388,388
2018-01-24 15:25:21.622000,0.70135,0.70075,126,388
2018-01-24 15:25:21.672000,0.70135,0.7008,262,126
2018-01-24 15:25:21.778000,0.7014,0.7008,126,388
2018-01-24 15:25:22.199000,0.70135,0.7008,262,126
2018-01-24 15:25:22.250000,0.70135,0.70075,388,388
2018-01-24 15:25:22.305000,0.70135,0.7008,262,126
2018-01-24 15:25:22.749000,0.70145,0.70085,388,388
2018-01-24 15:25:25.764000,0.7014,0.7008,126,388
2018-01-24 15:25:26.166000,0.70145,0.70085,388,388
2018-01-24 15:25:27.153000,0.7014,0.7008,126,388
2018-01-24 15:25:27.634000,0.70135,0.7008,262,126
2018-01-24 15:25:27.759000,0.70135,0.70075,388,388
2018-01-24 15:25:30.581000,0.7013,0.7007,126,388
2018-01-24 15:25:30.877000,0.70125,0.70065,388,388
2018-01-24 15:25:32.708000,0.70125,0.7007,262,126
2018-01-24 15:25:32.965000,0.70125,0.70065,388,388
2018-01-24 15:25:34.453000,0.7012,0.7006,126,388
2018-01-24 15:25:34.669000,0.70115,0.70055,388,388
2018-01-24 15:25:34.921000,0.70115,0.7006,262,126
2018-01-24 15:25:35.237000,0.70115,0.70055,388,388
2018-01-24 15:25:35.520000,0.7011,0.7005,126,388
2018-01-24 15:25:37.455000,0.70105,0.7005,262,126
2018-01-24 15:25:37.505000,0.70105,0.70045,388,388
2018-01-24 15:25:38.276000,0.70105,0.7005,262,126
2018-01-24 15:25:38.451000,0.70115,0.70055,388,388
2018-01-24 15:25:38.822000,0.70105,0.70045,126,388
2018-01-24 15:25:38.929000,0.70105,0.70045,388,388
2018-01-24 15:25:38.980000,0.70105,0.7005,262,126
2018-01-24 15:25:39.393000,0.70105,0.70045,126,388
2018-01-24 15:25:39.631000,0.70105,0.70045,388,388
2018-01-24 15:25:40.724000,0.70105,0.7005,262,126
2018-01-24 15:25:40.905000,0.70115,0.70055,388,388
2018-01-24 15:25:41.809000,0.70115,0.70065,262,126
2018-01-24 15:25:41.924000,0.70125,0.70065,388,388
2018-01-24 15:25:43.946000,0.70125,0.7007,262,126
2018-01-24 15:25:43.996000,0.70125,0.70065,388,388
2018-01-24 15:25:44.229000,0.70125,0.70075,262,126
2018-01-24 15:25:44.279000,0.70115,0.70055,388,388
2018-01-24 15:25:44.462000,0.70115,0.7006,262,126
2018-01-24 15:25:46.374000,0.70115,0.70055,388,388
2018-01-24 15:25:46.559000,0.7011,0.7005,126,388
2018-01-24 15:25:46.935000,0.70115,0.70055,388,388
2018-01-24 15:25:46.990000,0.7011,0.7005,126,388
2018-01-24 15:25:47.182000,0.70115,0.70055,388,388
2018-01-24 15:25:47.509000,0.7011,0.7005,126,388
2018-01-24 15:25:48.060000,0.70115,0.70055,388,388
2018-01-24 15:25:48.894000,0.7011,0.7005,126,388
2018-01-24 15:25:49.152000,0.70105,0.70045,388,388
2018-01-24 15:25:49.743000,0.70105,0.7005,262,126
2018-01-24 15:25:49.978000,0.70115,0.70055,388,388
2018-01-24 15:25:50.124000,0.7011,0.7005,126,388
2018-01-24 15:25:50.408000,0.70115,0.70055,388,388
2018-01-24 15:25:52.320000,0.70115,0.7006,262,126
2018-01-24 15:25:52.445000,0.70125,0.70065,388,388
2018-01-24 15:25:52.525000,0.7012,0.7006,126,388
2018-01-24 15:25:52.626000,0.70115,0.70055,388,388
2018-01-24 15:25:52.939000,0.70115,0.70065,262,126
2018-01-24 15:25:52.990000,0.70125,0.70065,388,388
2018-01-24 15:25:53.121000,0.70115,0.70065,262,126
2018-01-24 15:25:53.269000,0.70115,0.7006,262,126
2018-01-24 15:25:53.323000,0.7011,0.7005,126,388
2018-01-24 15:25:53.373000,0.70115,0.70055,388,388
2018-01-24 15:25:53.606000,0.70105,0.70045,126,388
2018-01-24 15:25:53.660000,0.7011,0.7005,126,388
2018-01-24 15:25:54.256000,0.70115,0.70055,388,388
2018-01-24 15:25:54.685000,0.70115,0.7006,262,126
2018-01-24 15:25:54.735000,0.70125,0.70065,388,388
2018-01-24 15:25:55.175000,0.7012,0.7006,126,388
2018-01-24 15:25:55.277000,0.70115,0.70055,388,388
2018-01-24 15:25:55.327000,0.70115,0.70065,262,126
2018-01-24 15:25:55.428000,0.70125,0.70065,388,388
2018-01-24 15:25:55.643000,0.7012,0.7006,126,388
2018-01-24 15:25:55.908000,0.70125,0.70065,388,388
2018-01-24 15:25:58.299000,0.70125,0.7007,262,126
2018-01-24 15:25:58.828000,0.70125,0.70075,262,126
2018-01-24 15:25:59.016000,0.70125,0.70065,388,388
2018-01-24 15:25:59.751000,0.70125,0.7007,262,126
2018-01-24 15:26:00.198000,0.70125,0.70075,262,126
2018-01-24 15:26:00.259000,0.70125,0.7007,262,126
2018-01-24 15:26:00.310000,0.70125,0.70075,262,126
2018-01-24 15:26:00.361000,0.70135,0.70075,388,388
2018-01-24 15:26:00.412000,0.7013,0.7007,126,388
2018-01-24 15:26:00.865000,0.70125,0.7007,262,126
2018-01-24 15:26:01.040000,0.70125,0.70065,388,388
2018-01-24 15:26:01.633000,0.70125,0.7007,262,126
2018-01-24 15:26:01.684000,0.70125,0.70065,388,388
2018-01-24 15:26:02.404000,0.70125,0.7007,262,126
2018-01-24 15:26:02.454000,0.70125,0.70065,388,388
2018-01-24 15:26:02.809000,0.70125,0.7007,262,126
2018-01-24 15:26:02.860000,0.70125,0.70065,388,388
2018-01-24 15:26:03.004000,0.70125,0.7007,262,126
2018-01-24 15:26:03.441000,0.70125,0.70065,388,388
2018-01-24 15:26:04.240000,0.70125,0.7007,262,126
2018-01-24 15:26:04.334000,0.70125,0.70065,388,388
2018-01-24 15:26:04.801000,0.70125,0.7007,262,126
2018-01-24 15:26:05.043000,0.70125,0.70065,388,388
2018-01-24 15:26:05.209000,0.70125,0.7007,262,126
2018-01-24 15:26:05.259000,0.70125,0.70065,388,388
2018-01-24 15:26:07.108000,0.7012,0.7006,126,388
2018-01-24 15:26:07.209000,0.70105,0.70045,388,388
2018-01-24 15:26:07.415000,0.70105,0.7005,262,126
2018-01-24 15:26:07.913000,0.7011,0.7005,126,388
2018-01-24 15:26:09.023000,0.70115,0.70055,388,388
2018-01-24 15:26:10.862000,0.7011,0.7005,126,388
2018-01-24 15:26:10.912000,0.70115,0.70055,388,388
2018-01-24 15:26:11.013000,0.7011,0.7005,126,388
2018-01-24 15:26:11.583000,0.70105,0.7005,262,126
2018-01-24 15:26:11.634000,0.70105,0.70045,388,388
2018-01-24 15:26:11.719000,0.70105,0.7005,262,126
2018-01-24 15:26:11.770000,0.70105,0.70045,388,388
2018-01-24 15:26:11.978000,0.70105,0.7005,262,126
2018-01-24 15:26:12.586000,0.7011,0.7005,126,388
2018-01-24 15:26:12.805000,0.70115,0.70055,388,388
2018-01-24 15:26:12.856000,0.70105,0.70045,126,388
2018-01-24 15:26:12.969000,0.70105,0.70045,388,388
2018-01-24 15:26:13.407000,0.70105,0.7005,262,126
2018-01-24 15:26:13.724000,0.70105,0.70045,388,388
2018-01-24 15:26:14.480000,0.70105,0.70045,126,388
2018-01-24 15:26:14.531000,0.7011,0.7005,126,388
2018-01-24 15:26:14.726000,0.70105,0.70045,126,388
2018-01-24 15:26:14.777000,0.7011,0.7005,126,388
2018-01-24 15:26:14.828000,0.70105,0.7005,262,126
2018-01-24 15:26:14.878000,0.70105,0.70045,388,388
2018-01-24 15:26:15.275000,0.70105,0.70045,126,388
2018-01-24 15:26:15.417000,0.7011,0.7005,126,388
2018-01-24 15:26:17.346000,0.70105,0.7005,262,126
2018-01-24 15:26:17.397000,0.70105,0.70045,388,388
2018-01-24 15:26:19.925000,0.70105,0.70045,126,388
2018-01-24 15:26:20.068000,0.70105,0.70045,388,388
2018-01-24 15:26:20.698000,0.70105,0.70045,126,388
2018-01-24 15:26:20.748000,0.7011,0.7005,126,388
2018-01-24 15:26:21.646000,0.70115,0.70055,388,388
2018-01-24 15:26:23.247000,0.7011,0.7005,126,388
2018-01-24 15:26:23.398000,0.70105,0.70045,388,388
2018-01-24 15:26:24.389000,0.70105,0.7005,262,126
2018-01-24 15:26:24.948000,0.70115,0.70055,388,388
2018-01-24 15:26:26.074000,0.70115,0.7006,262,126
2018-01-24 15:26:26.175000,0.70125,0.70065,388,388
2018-01-24 15:26:26.862000,0.70125,0.7007,262,126
2018-01-24 15:26:26.939000,0.70125,0.70065,388,388
2018-01-24 15:26:28.155000,0.70125,0.70065,126,388
2018-01-24 15:26:28.205000,0.70135,0.70075,388,388
2018-01-24 15:26:28.907000,0.7013,0.7007,126,388
2018-01-24 15:26:29.042000,0.70125,0.70065,388,388
2018-01-24 15:26:31.002000,0.70125,0.7007,262,126
2018-01-24 15:26:31.940000,0.7012,0.7006,126,388
2018-01-24 15:26:32.094000,0.70125,0.70065,388,388
2018-01-24 15:26:33.377000,0.70125,0.7007,262,126
2018-01-24 15:26:33.718000,0.70135,0.7008,262,126
2018-01-24 15:26:34.099000,0.70135,0.70075,126,388
2018-01-24 15:26:35.816000,0.70145,0.70085,388,388
2018-01-24 15:26:37.156000,0.70145,0.7009,262,126
2018-01-24 15:26:37.405000,0.70155,0.70095,388,388
2018-01-24 15:26:37.539000,0.7015,0.7009,126,388
2018-01-24 15:26:37.590000,0.70155,0.70095,388,388
2018-01-24 15:26:38.504000,0.70155,0.70095,126,388
2018-01-24 15:26:38.555000,0.7016,0.701,126,388
2018-01-24 15:26:38.646000,0.70155,0.70095,126,388
2018-01-24 15:26:38.697000,0.70155,0.70095,388,388
2018-01-24 15:26:43.491000,0.7016,0.701,126,388
2018-01-24 15:26:44.154000,0.70165,0.70105,388,388
2018-01-24 15:26:44.254000,0.7016,0.701,126,388
2018-01-24 15:26:44.701000,0.70165,0.70105,388,388
2018-01-24 15:26:44.751000,0.7016,0.701,126,388
2018-01-24 15:26:45.190000,0.70155,0.701,262,126
2018-01-24 15:26:45.241000,0.70155,0.70095,388,388
2018-01-24 15:26:48.609000,0.70155,0.701,262,126
2018-01-24 15:26:48.829000,0.70155,0.70095,388,388
2018-01-24 15:26:49.840000,0.70155,0.701,262,126
2018-01-24 15:26:50.134000,0.70135,0.70075,388,388
2018-01-24 15:26:55.598000,0.7013,0.7007,126,388
2018-01-24 15:26:55.721000,0.70125,0.70065,388,388
2018-01-24 15:26:55.771000,0.70125,0.7007,262,126
2018-01-24 15:26:55.822000,0.70125,0.70065,388,388
2018-01-24 15:26:56.474000,0.7012,0.7006,126,388
2018-01-24 15:26:56.576000,0.70115,0.70055,388,388
2018-01-24 15:26:59.209000,0.70115,0.7006,262,126
2018-01-24 15:26:59.260000,0.70115,0.70055,388,388
2018-01-24 15:26:59.529000,0.70115,0.70065,262,126
2018-01-24 15:26:59.580000,0.70125,0.70065,388,388
2018-01-24 15:27:00.303000,0.70125,0.7007,262,126
2018-01-24 15:27:00.995000,0.7013,0.7007,126,388
2018-01-24 15:27:01.045000,0.70135,0.70075,388,388
2018-01-24 15:27:02.160000,0.70135,0.70075,126,388
2018-01-24 15:27:02.248000,0.7014,0.7008,126,388
2018-01-24 15:27:02.298000,0.70135,0.70075,126,388
2018-01-24 15:27:02.349000,0.70135,0.70075,388,388
2018-01-24 15:27:02.818000,0.7014,0.7008,126,388
2018-01-24 15:27:06.465000,0.70135,0.70075,126,388
2018-01-24 15:27:06.620000,0.70135,0.70075,388,388
2018-01-24 15:27:06.719000,0.70135,0.7008,262,126
2018-01-24 15:27:06.912000,0.70135,0.70075,388,388
2018-01-24 15:27:07.184000,0.70135,0.70075,126,388
2018-01-24 15:27:07.234000,0.7014,0.7008,126,388
2018-01-24 15:27:08.275000,0.70135,0.7008,262,126
2018-01-24 15:27:08.325000,0.70135,0.70075,388,388
2018-01-24 15:27:08.849000,0.70135,0.70075,126,388
2018-01-24 15:27:08.899000,0.7014,0.7008,126,388
2018-01-24 15:27:09.240000,0.70145,0.70085,388,388
2018-01-24 15:27:10.992000,0.70145,0.7009,262,126
2018-01-24 15:27:11.144000,0.70155,0.70095,388,388
2018-01-24 15:27:11.594000,0.70155,0.701,262,126
2018-01-24 15:27:12.159000,0.7016,0.701,126,388
2018-01-24 15:27:12.242000,0.70165,0.70105,388,388
2018-01-24 15:27:12.293000,0.7016,0.701,126,388
2018-01-24 15:27:12.597000,0.70155,0.70095,388,388
2018-01-24 15:27:12.874000,0.70155,0.70095,126,388
2018-01-24 15:27:12.925000,0.7016,0.701,126,388
2018-01-24 15:27:13.204000,0.70155,0.70095,388,388
2018-01-24 15:27:13.720000,0.70155,0.701,262,126
2018-01-24 15:27:14.118000,0.70155,0.70095,126,388
2018-01-24 15:27:14.219000,0.70155,0.70095,388,388
2018-01-24 15:27:14.790000,0.7015,0.7009,126,388
2018-01-24 15:27:14.841000,0.70155,0.70095,388,388
2018-01-24 15:27:14.923000,0.70155,0.70095,126,388
2018-01-24 15:27:14.974000,0.7016,0.701,126,388
2018-01-24 15:27:15.646000,0.70155,0.70095,126,388
2018-01-24 15:27:15.697000,0.70155,0.70095,388,388
2018-01-24 15:27:16.224000,0.7015,0.7009,126,388
2018-01-24 15:27:16.384000,0.70145,0.70085,388,388
2018-01-24 15:27:16.494000,0.70145,0.7009,262,126
2018-01-24 15:27:16.803000,0.7015,0.7009,126,388
2018-01-24 15:27:16.853000,0.70155,0.70095,388,388
2018-01-24 15:27:17.441000,0.70155,0.701,262,126
2018-01-24 15:27:17.792000,0.7016,0.701,126,388
2018-01-24 15:27:18.974000,0.70165,0.70105,388,388
2018-01-24 15:27:19.026000,0.7016,0.701,126,388
2018-01-24 15:27:19.754000,0.70165,0.7011,262,126
2018-01-24 15:27:20.103000,0.7017,0.7011,126,388
2018-01-24 15:27:20.250000,0.70175,0.70115,388,388
2018-01-24 15:27:20.301000,0.70165,0.70105,126,388
2018-01-24 15:27:20.380000,0.70165,0.70105,388,388
2018-01-24 15:27:21.471000,0.70165,0.7011,262,126
2018-01-24 15:27:21.815000,0.70165,0.70105,388,388
2018-01-24 15:27:22.491000,0.70165,0.7011,262,126
2018-01-24 15:27:22.542000,0.70165,0.70105,388,388
2018-01-24 15:27:22.860000,0.70165,0.7011,262,126
2018-01-24 15:27:22.976000,0.70175,0.70115,388,388
2018-01-24 15:27:23.220000,0.7017,0.7011,126,388
2018-01-24 15:27:23.380000,0.70165,0.70105,388,388
2018-01-24 15:27:23.732000,0.70165,0.7011,262,126
2018-01-24 15:27:24.111000,0.7017,0.7011,126,388
2018-01-24 15:27:25.004000,0.70175,0.70115,388,388
2018-01-24 15:27:25.054000,0.7017,0.7011,126,388
2018-01-24 15:27:25.662000,0.70175,0.70115,388,388
2018-01-24 15:27:25.712000,0.7017,0.7011,126,388
2018-01-24 15:27:25.813000,0.70165,0.70105,388,388
2018-01-24 15:27:26.075000,0.70165,0.7011,262,126
2018-01-24 15:27:26.127000,0.70165,0.70105,388,388
2018-01-24 15:27:26.177000,0.70165,0.7011,262,126
2018-01-24 15:27:26.436000,0.70175,0.70115,388,388
2018-01-24 15:27:26.618000,0.7017,0.7011,126,388
2018-01-24 15:27:27.037000,0.70175,0.70115,388,388
2018-01-24 15:27:27.467000,0.70165,0.70105,126,388
2018-01-24 15:27:27.581000,0.70165,0.70105,388,388
2018-01-24 15:27:28.057000,0.70165,0.7011,262,126
2018-01-24 15:27:28.339000,0.70175,0.70115,388,388
2018-01-24 15:27:28.389000,0.7017,0.7011,126,388
2018-01-24 15:27:29.504000,0.70175,0.70115,388,388
2018-01-24 15:27:30.499000,0.70175,0.7012,262,126
2018-01-24 15:27:30.549000,0.70175,0.70115,388,388
2018-01-24 15:27:30.824000,0.70165,0.70105,126,388
2018-01-24 15:27:30.923000,0.70165,0.70105,388,388
2018-01-24 15:27:31.923000,0.70165,0.7011,262,126
2018-01-24 15:27:32.426000,0.7017,0.7011,126,388
2018-01-24 15:27:33.019000,0.70165,0.70105,126,388
2018-01-24 15:27:33.152000,0.70165,0.70105,388,388
2018-01-24 15:27:34.538000,0.70155,0.70095,126,388
2018-01-24 15:27:34.638000,0.70155,0.70095,388,388
2018-01-24 15:27:34.866000,0.70155,0.701,262,126
2018-01-24 15:27:35.270000,0.70155,0.70095,388,388
2018-01-24 15:27:35.320000,0.70155,0.701,262,126
2018-01-24 15:27:35.521000,0.70155,0.70095,388,388
2018-01-24 15:27:36.513000,0.70155,0.701,262,126
2018-01-24 15:27:36.869000,0.70155,0.70095,126,388
2018-01-24 15:27:36.970000,0.7016,0.701,126,388
2018-01-24 15:27:37.452000,0.70165,0.70105,388,388
2018-01-24 15:27:37.553000,0.7016,0.701,126,388
2018-01-24 15:27:37.932000,0.70165,0.70105,388,388
2018-01-24 15:27:37.982000,0.70155,0.70095,126,388
2018-01-24 15:27:38.200000,0.70155,0.70095,388,388
2018-01-24 15:27:38.885000,0.70155,0.70095,126,388
2018-01-24 15:27:38.936000,0.7016,0.701,126,388
2018-01-24 15:27:40.626000,0.70165,0.70105,388,388
2018-01-24 15:27:40.677000,0.70155,0.70095,126,388
2018-01-24 15:27:40.756000,0.70155,0.70095,388,388
2018-01-24 15:27:41.832000,0.70155,0.70095,126,388
2018-01-24 15:27:41.882000,0.7016,0.701,126,388
2018-01-24 15:27:42.027000,0.70165,0.70105,388,388
2018-01-24 15:27:42.077000,0.7016,0.701,126,388
2018-01-24 15:27:42.127000,0.70165,0.70105,388,388
2018-01-24 15:27:42.601000,0.7016,0.701,126,388
2018-01-24 15:27:42.873000,0.70165,0.70105,388,388
2018-01-24 15:27:45.291000,0.7016,0.701,126,388
2018-01-24 15:27:47.626000,0.70165,0.70105,388,388
2018-01-24 15:27:49.683000,0.7016,0.701,126,388
2018-01-24 15:27:49.820000,0.70155,0.70095,388,388
2018-01-24 15:27:50.545000,0.70155,0.701,262,126
2018-01-24 15:27:50.958000,0.7016,0.701,126,388
2018-01-24 15:27:52.459000,0.70165,0.70105,388,388
2018-01-24 15:27:55.661000,0.70155,0.70095,126,388
2018-01-24 15:27:55.741000,0.70155,0.70095,388,388
2018-01-24 15:27:56.728000,0.7015,0.7009,126,388
2018-01-24 15:27:56.894000,0.70145,0.70085,388,388
2018-01-24 15:27:57.539000,0.70135,0.70085,262,126
2018-01-24 15:27:57.589000,0.70135,0.7008,262,126
2018-01-24 15:27:58.352000,0.70135,0.70075,388,388
2018-01-24 15:27:58.453000,0.70135,0.70085,262,126
2018-01-24 15:27:58.503000,0.70135,0.7008,262,126
2018-01-24 15:27:58.554000,0.7014,0.7008,126,388
2018-01-24 15:27:58.670000,0.70145,0.70085,388,388
2018-01-24 15:27:58.800000,0.7014,0.7008,126,388
2018-01-24 15:27:58.850000,0.70135,0.70075,388,388
2018-01-24 15:28:00.027000,0.7013,0.7007,126,388
2018-01-24 15:28:00.378000,0.70125,0.70075,262,126
2018-01-24 15:28:00.428000,0.70125,0.7007,262,126
2018-01-24 15:28:00.695000,0.70125,0.70065,388,388
2018-01-24 15:28:00.872000,0.7012,0.7006,126,388
2018-01-24 15:28:01.230000,0.70105,0.70045,126,388
2018-01-24 15:28:01.481000,0.7011,0.7005,126,388
2018-01-24 15:28:01.646000,0.70105,0.70045,126,388
2018-01-24 15:28:01.697000,0.70115,0.70055,388,388
2018-01-24 15:28:01.939000,0.70105,0.70045,126,388
2018-01-24 15:28:02.189000,0.70105,0.7005,262,126
2018-01-24 15:28:02.240000,0.7011,0.7005,126,388
2018-01-24 15:28:02.597000,0.70115,0.70055,388,388
2018-01-24 15:28:02.648000,0.7011,0.7005,126,388
2018-01-24 15:28:03.037000,0.70095,0.70035,388,388
2018-01-24 15:28:03.087000,0.70075,0.7002,262,126
2018-01-24 15:28:03.607000,0.70075,0.70015,388,388
2018-01-24 15:28:04.296000,0.7007,0.7001,126,388
2018-01-24 15:28:04.462000,0.70065,0.70005,388,388
2018-01-24 15:28:04.868000,0.70055,0.70005,262,126
2018-01-24 15:28:04.918000,0.70055,0.69995,388,388
2018-01-24 15:28:04.969000,0.70055,0.7,262,126
2018-01-24 15:28:05.112000,0.70065,0.70005,388,388
2018-01-24 15:28:05.402000,0.7006,0.7,126,388
2018-01-24 15:28:05.621000,0.70065,0.70005,388,388
2018-01-24 15:28:06.161000,0.7006,0.7,126,388
2018-01-24 15:28:06.744000,0.70065,0.70005,388,388
2018-01-24 15:28:06.951000,0.70055,0.69995,126,388
2018-01-24 15:28:07.052000,0.70055,0.69995,388,388
2018-01-24 15:28:07.176000,0.70055,0.7,262,126
2018-01-24 15:28:07.532000,0.7006,0.7,126,388
2018-01-24 15:28:07.777000,0.70055,0.69995,388,388
2018-01-24 15:28:08.015000,0.7005,0.6999,126,388
2018-01-24 15:28:08.066000,0.70055,0.69995,388,388
2018-01-24 15:28:08.393000,0.70055,0.7,262,126
2018-01-24 15:28:08.444000,0.70065,0.70005,388,388
2018-01-24 15:28:09.602000,0.70065,0.7001,262,126
2018-01-24 15:28:09.753000,0.70075,0.70015,388,388
2018-01-24 15:28:09.969000,0.70075,0.7002,262,126
2018-01-24 15:28:10.132000,0.70085,0.70025,388,388
2018-01-24 15:28:10.988000,0.70085,0.7003,262,126
2018-01-24 15:28:11.270000,0.70085,0.70025,388,388
2018-01-24 15:28:11.927000,0.70085,0.70025,126,388
2018-01-24 15:28:11.977000,0.7009,0.7003,126,388
2018-01-24 15:28:12.129000,0.70095,0.70035,388,388
2018-01-24 15:28:12.180000,0.70085,0.70025,126,388
2018-01-24 15:28:12.255000,0.70085,0.70025,388,388
2018-01-24 15:28:12.648000,0.70075,0.70025,262,126
2018-01-24 15:28:12.787000,0.70075,0.7002,262,126
2018-01-24 15:28:13.067000,0.7008,0.7002,126,388
2018-01-24 15:28:13.621000,0.70085,0.70025,388,388
2018-01-24 15:28:13.843000,0.70085,0.70025,126,388
2018-01-24 15:28:13.893000,0.7009,0.7003,126,388
2018-01-24 15:28:13.962000,0.70085,0.70025,126,388
2018-01-24 15:28:14.013000,0.7008,0.7002,126,388
2018-01-24 15:28:14.986000,0.70085,0.70025,388,388
2018-01-24 15:28:17.233000,0.7008,0.7002,126,388
2018-01-24 15:28:17.336000,0.70075,0.70015,388,388
2018-01-24 15:28:18.569000,0.70075,0.70015,126,388
2018-01-24 15:28:18.619000,0.7008,0.7002,126,388
2018-01-24 15:28:18.854000,0.70085,0.70025,388,388
2018-01-24 15:28:19.927000,0.70075,0.70025,262,126
2018-01-24 15:28:20.042000,0.70075,0.7002,262,126
2018-01-24 15:28:20.093000,0.70075,0.70015,388,388
2018-01-24 15:28:20.143000,0.7008,0.7002,126,388
2018-01-24 15:28:20.194000,0.70085,0.70025,388,388
2018-01-24 15:28:20.589000,0.70075,0.70025,262,126
2018-01-24 15:28:20.639000,0.70075,0.70015,388,388
2018-01-24 15:28:20.690000,0.70075,0.70025,262,126
2018-01-24 15:28:20.741000,0.70075,0.70015,388,388
2018-01-24 15:28:21.728000,0.70075,0.7002,262,126
2018-01-24 15:28:22.038000,0.70075,0.70015,388,388
2018-01-24 15:28:22.139000,0.70075,0.7002,262,126
2018-01-24 15:28:22.240000,0.70085,0.70025,388,388
2018-01-24 15:28:23.231000,0.70085,0.70035,262,126
2018-01-24 15:28:23.358000,0.70095,0.70035,388,388
2018-01-24 15:28:23.720000,0.7009,0.7003,126,388
2018-01-24 15:28:23.943000,0.70085,0.70025,388,388
2018-01-24 15:28:25.306000,0.70085,0.70025,126,388
2018-01-24 15:28:25.494000,0.7009,0.7003,126,388
2018-01-24 15:28:25.545000,0.70095,0.70035,388,388
2018-01-24 15:28:25.927000,0.70095,0.7004,262,126
2018-01-24 15:28:26.619000,0.701,0.7004,126,388
2018-01-24 15:28:26.669000,0.70105,0.70045,388,388
2018-01-24 15:28:27.941000,0.701,0.7004,126,388
2018-01-24 15:28:28.110000,0.70095,0.70035,388,388
2018-01-24 15:28:28.650000,0.70095,0.7004,262,126
2018-01-24 15:28:28.700000,0.70095,0.70035,388,388
2018-01-24 15:28:29.240000,0.70095,0.7004,262,126
2018-01-24 15:28:29.390000,0.70105,0.70045,388,388
2018-01-24 15:28:29.657000,0.701,0.7004,126,388
2018-01-24 15:28:29.789000,0.70095,0.70035,388,388
2018-01-24 15:28:31.253000,0.7009,0.7003,126,388
2018-01-24 15:28:32.140000,0.70095,0.70035,388,388
2018-01-24 15:28:32.266000,0.7009,0.7003,126,388
2018-01-24 15:28:32.592000,0.70085,0.7003,262,126
2018-01-24 15:28:32.643000,0.70085,0.70025,388,388
2018-01-24 15:28:33.972000,0.7008,0.7002,126,388
2018-01-24 15:28:34.253000,0.70075,0.70015,388,388
2018-01-24 15:28:34.757000,0.70065,0.7001,262,126
2018-01-24 15:28:35.090000,0.70065,0.70005,388,388
2018-01-24 15:28:35.179000,0.70065,0.7001,262,126
2018-01-24 15:28:36.455000,0.7007,0.7001,126,388
2018-01-24 15:28:36.505000,0.70075,0.70015,388,388
2018-01-24 15:28:40.073000,0.70065,0.70015,262,126
2018-01-24 15:28:40.123000,0.70065,0.70005,388,388
2018-01-24 15:28:40.174000,0.7006,0.7,126,388
2018-01-24 15:28:40.275000,0.70055,0.69995,388,388
2018-01-24 15:28:40.325000,0.70055,0.7,262,126
2018-01-24 15:28:40.656000,0.7006,0.7,126,388
2018-01-24 15:28:41.114000,0.70065,0.70005,388,388
2018-01-24 15:28:41.185000,0.70065,0.7001,262,126
2018-01-24 15:28:41.235000,0.70065,0.70005,388,388
2018-01-24 15:28:41.469000,0.70065,0.7001,262,126
2018-01-24 15:28:42.020000,0.70075,0.70015,388,388
2018-01-24 15:28:42.781000,0.70065,0.70015,262,126
2018-01-24 15:28:42.832000,0.70065,0.7001,262,126
2018-01-24 15:28:43.604000,0.70065,0.70005,388,388
2018-01-24 15:28:44.781000,0.7006,0.7,126,388
2018-01-24 15:28:45.274000,0.70055,0.7,262,126
2018-01-24 15:28:45.325000,0.70055,0.69995,388,388
2018-01-24 15:28:47.193000,0.7005,0.6999,126,388
2018-01-24 15:28:47.586000,0.70055,0.69995,388,388
2018-01-24 15:28:47.990000,0.70055,0.7,262,126
2018-01-24 15:28:49.617000,0.70055,0.69995,388,388
2018-01-24 15:28:51.571000,0.70055,0.7,262,126
2018-01-24 15:28:51.804000,0.70055,0.69995,388,388
2018-01-24 15:28:51.855000,0.70055,0.7,262,126
2018-01-24 15:28:52.224000,0.70055,0.69995,388,388
2018-01-24 15:28:52.275000,0.70055,0.7,262,126
2018-01-24 15:28:52.325000,0.70055,0.69995,388,388
2018-01-24 15:28:52.809000,0.70055,0.7,262,126
2018-01-24 15:28:52.939000,0.70065,0.70005,388,388
2018-01-24 15:28:53.998000,0.7005,0.6999,126,388
2018-01-24 15:28:54.068000,0.70045,0.6999,262,126
2018-01-24 15:28:54.161000,0.70045,0.69985,388,388
2018-01-24 15:28:55.168000,0.70045,0.6999,262,126
2018-01-24 15:28:55.416000,0.70045,0.69985,388,388
2018-01-24 15:28:56.025000,0.70045,0.6999,262,126
2018-01-24 15:28:56.661000,0.70045,0.69985,388,388
2018-01-24 15:28:57.074000,0.7004,0.6998,126,388
2018-01-24 15:28:57.399000,0.70035,0.69975,388,388
2018-01-24 15:28:57.449000,0.70025,0.69965,126,388
2018-01-24 15:28:57.519000,0.70025,0.69965,388,388
2018-01-24 15:28:59.536000,0.70015,0.69965,262,126
2018-01-24 15:28:59.587000,0.70015,0.69955,388,388
2018-01-24 15:28:59.638000,0.70015,0.69965,262,126
2018-01-24 15:28:59.697000,0.70025,0.69965,388,388
2018-01-24 15:29:01.427000,0.7002,0.6996,126,388
2018-01-24 15:29:01.732000,0.70015,0.69955,388,388
2018-01-24 15:29:01.782000,0.70015,0.6996,262,126
2018-01-24 15:29:02.432000,0.70015,0.69955,388,388
2018-01-24 15:29:02.664000,0.7002,0.6996,126,388
2018-01-24 15:29:03.309000,0.70025,0.69965,388,388
2018-01-24 15:29:04.116000,0.70025,0.6997,262,126
2018-01-24 15:29:04.664000,0.7003,0.6997,126,388
2018-01-24 15:29:04.764000,0.70025,0.69965,388,388
2018-01-24 15:29:05.381000,0.70025,0.6997,262,126
2018-01-24 15:29:05.986000,0.7003,0.6997,126,388
2018-01-24 15:29:06.063000,0.70035,0.69975,388,388
2018-01-24 15:29:06.203000,0.7003,0.6997,126,388
2018-01-24 15:29:06.528000,0.70035,0.69975,388,388
2018-01-24 15:29:07.799000,0.70035,0.6998,262,126
2018-01-24 15:29:07.927000,0.70045,0.69985,388,388
2018-01-24 15:29:08.070000,0.7004,0.6998,126,388
2018-01-24 15:29:08.225000,0.70035,0.69975,388,388
2018-01-24 15:29:08.462000,0.70035,0.6998,262,126
2018-01-24 15:29:09.041000,0.70035,0.69975,388,388
2018-01-24 15:29:10.279000,0.70035,0.6998,262,126
2018-01-24 15:29:11.122000,0.70035,0.69975,388,388
2018-01-24 15:29:12.170000,0.7003,0.6997,126,388
2018-01-24 15:29:12.221000,0.70035,0.69975,388,388
2018-01-24 15:29:12.824000,0.70025,0.69975,262,126
2018-01-24 15:29:12.875000,0.70025,0.69965,388,388
2018-01-24 15:29:14.321000,0.7002,0.6996,126,388
2018-01-24 15:29:14.483000,0.70015,0.69955,388,388
2018-01-24 15:29:16.990000,0.70015,0.69955,126,388
2018-01-24 15:29:17.041000,0.7002,0.6996,126,388
2018-01-24 15:29:17.811000,0.70015,0.6996,262,126
2018-01-24 15:29:17.863000,0.70015,0.69955,388,388
2018-01-24 15:29:18.982000,0.70005,0.69955,262,126
2018-01-24 15:29:19.033000,0.70005,0.6995,262,126
2018-01-24 15:29:19.237000,0.7001,0.6995,126,388
2018-01-24 15:29:19.378000,0.70015,0.69955,388,388
2018-01-24 15:29:19.639000,0.70005,0.69955,262,126
2018-01-24 15:29:19.967000,0.70005,0.6995,262,126
2018-01-24 15:29:20.112000,0.70005,0.69945,388,388
2018-01-24 15:29:20.301000,0.69995,0.6994,262,126
2018-01-24 15:29:20.358000,0.69995,0.69935,388,388
2018-01-24 15:29:20.469000,0.69995,0.69935,126,388
2018-01-24 15:29:20.792000,0.70005,0.69945,388,388
2018-01-24 15:29:23.060000,0.70005,0.6995,262,126
2018-01-24 15:29:23.111000,0.70005,0.69945,388,388
2018-01-24 15:29:27.429000,0.7,0.6994,126,388
2018-01-24 15:29:27.480000,0.69995,0.69935,388,388
2018-01-24 15:29:28.462000,0.6999,0.6993,126,388
2018-01-24 15:29:28.723000,0.69965,0.69905,388,388
2018-01-24 15:29:28.843000,0.69965,0.69905,126,388
2018-01-24 15:29:28.947000,0.6997,0.6991,126,388
2018-01-24 15:29:29.388000,0.69975,0.69915,388,388
2018-01-24 15:29:29.671000,0.69975,0.6992,262,126
2018-01-24 15:29:29.722000,0.69985,0.69925,388,388
2018-01-24 15:29:30.381000,0.69985,0.6993,262,126
2018-01-24 15:29:30.432000,0.69995,0.69935,388,388
2018-01-24 15:29:32.042000,0.6999,0.6993,126,388
2018-01-24 15:29:32.165000,0.69985,0.69925,388,388
2018-01-24 15:29:32.216000,0.69985,0.6993,262,126
2018-01-24 15:29:32.267000,0.69985,0.69925,388,388
2018-01-24 15:29:32.382000,0.69985,0.6993,262,126
2018-01-24 15:29:32.581000,0.69995,0.69935,388,388
2018-01-24 15:29:33.307000,0.69975,0.69925,262,126
2018-01-24 15:29:33.453000,0.69975,0.69915,388,388
2018-01-24 15:29:33.691000,0.6997,0.6991,126,388
2018-01-24 15:29:33.843000,0.69975,0.69915,388,388
2018-01-24 15:29:33.893000,0.69975,0.69925,262,126
2018-01-24 15:29:33.944000,0.69975,0.6992,262,126
2018-01-24 15:29:34.265000,0.69975,0.69915,388,388
2018-01-24 15:29:34.444000,0.69975,0.6992,262,126
2018-01-24 15:29:34.517000,0.69975,0.69915,388,388
2018-01-24 15:29:34.743000,0.69975,0.6992,262,126
2018-01-24 15:29:34.981000,0.69985,0.69925,388,388
2018-01-24 15:29:35.598000,0.6998,0.6992,126,388
2018-01-24 15:29:35.716000,0.69975,0.69915,388,388
2018-01-24 15:29:35.766000,0.6997,0.6991,126,388
2018-01-24 15:29:36.043000,0.69975,0.69915,388,388
2018-01-24 15:29:36.193000,0.69975,0.6992,262,126
2018-01-24 15:29:36.244000,0.69985,0.69925,388,388
2018-01-24 15:29:37.995000,0.69985,0.69925,126,388
2018-01-24 15:29:38.124000,0.6999,0.6993,126,388
2018-01-24 15:29:38.995000,0.69995,0.69935,388,388
2018-01-24 15:29:39.227000,0.6999,0.6993,126,388
2018-01-24 15:29:39.826000,0.69985,0.6993,262,126
2018-01-24 15:29:40.066000,0.69985,0.69925,388,388
2018-01-24 15:29:40.416000,0.69985,0.6993,262,126
2018-01-24 15:29:40.668000,0.69995,0.69935,388,388
2018-01-24 15:29:41.213000,0.6999,0.6993,126,388
2018-01-24 15:29:41.482000,0.69995,0.69935,388,388
2018-01-24 15:29:41.691000,0.69985,0.69935,262,126
2018-01-24 15:29:41.742000,0.69985,0.6993,262,126
2018-01-24 15:29:41.860000,0.6999,0.6993,126,388
2018-01-24 15:29:42.189000,0.69995,0.69935,388,388
2018-01-24 15:29:42.521000,0.6999,0.6993,126,388
2018-01-24 15:29:42.934000,0.69985,0.69925,126,388
2018-01-24 15:29:42.985000,0.69995,0.69935,388,388
2018-01-24 15:29:43.035000,0.69985,0.69925,126,388
2018-01-24 15:29:43.106000,0.69985,0.69925,388,388
2018-01-24 15:29:43.249000,0.69985,0.6993,262,126
2018-01-24 15:29:43.299000,0.69995,0.69935,388,388
2018-01-24 15:29:43.678000,0.6999,0.6993,126,388
2018-01-24 15:29:43.970000,0.69995,0.69935,388,388
2018-01-24 15:29:44.021000,0.69985,0.69925,126,388
2018-01-24 15:29:44.101000,0.69985,0.69925,388,388
2018-01-24 15:29:45.291000,0.69985,0.6993,262,126
2018-01-24 15:29:45.504000,0.69985,0.69925,388,388
2018-01-24 15:29:45.554000,0.69985,0.69935,262,126
2018-01-24 15:29:45.738000,0.69985,0.69925,388,388
2018-01-24 15:29:45.839000,0.6999,0.6993,126,388
2018-01-24 15:29:45.999000,0.69985,0.69925,388,388
2018-01-24 15:29:47.198000,0.69985,0.6993,262,126
2018-01-24 15:29:47.289000,0.69985,0.69925,388,388
2018-01-24 15:29:47.500000,0.6999,0.6993,126,388
2018-01-24 15:29:47.554000,0.69995,0.69935,388,388
2018-01-24 15:29:47.604000,0.6999,0.6993,126,388
2018-01-24 15:29:47.795000,0.69995,0.69935,388,388
2018-01-24 15:29:47.845000,0.69985,0.69925,126,388
2018-01-24 15:29:47.955000,0.69985,0.69925,388,388
2018-01-24 15:29:48.402000,0.6998,0.6992,126,388
2018-01-24 15:29:48.503000,0.69965,0.69905,388,388
2018-01-24 15:29:48.728000,0.6996,0.699,126,388
2018-01-24 15:29:49.018000,0.69965,0.69905,388,388
2018-01-24 15:29:49.344000,0.6996,0.699,126,388
2018-01-24 15:29:49.395000,0.69965,0.69905,388,388
2018-01-24 15:29:49.913000,0.69965,0.69905,126,388
2018-01-24 15:29:49.978000,0.6997,0.6991,126,388
2018-01-24 15:29:50.038000,0.69975,0.69915,388,388
2018-01-24 15:29:50.088000,0.69965,0.6991,262,126
2018-01-24 15:29:50.421000,0.69965,0.69905,388,388
2018-01-24 15:29:51.024000,0.69965,0.6991,262,126
2018-01-24 15:29:51.082000,0.69965,0.69905,388,388
2018-01-24 15:29:51.133000,0.69965,0.6991,262,126
2018-01-24 15:29:51.591000,0.69965,0.69905,388,388
2018-01-24 15:29:53.129000,0.69965,0.6991,262,126
2018-01-24 15:29:54.437000,0.69965,0.69905,388,388
2018-01-24 15:29:54.538000,0.69965,0.69915,262,126
2018-01-24 15:29:54.616000,0.69975,0.69915,388,388
2018-01-24 15:29:54.732000,0.6997,0.6991,126,388
2018-01-24 15:29:54.782000,0.69965,0.69905,388,388
2018-01-24 15:29:54.941000,0.69965,0.69905,126,388
2018-01-24 15:29:55.007000,0.69975,0.69915,388,388
2018-01-24 15:29:55.106000,0.69975,0.69915,126,388
2018-01-24 15:29:55.156000,0.6998,0.6992,126,388
2018-01-24 15:29:55.207000,0.69985,0.69925,388,388
2018-01-24 15:29:55.453000,0.6998,0.6992,126,388
2018-01-24 15:29:55.504000,0.69985,0.69925,388,388
2018-01-24 15:29:55.568000,0.6998,0.6992,126,388
2018-01-24 15:29:55.618000,0.69975,0.69915,388,388
2018-01-24 15:29:56.841000,0.69975,0.6992,262,126
2018-01-24 15:29:56.894000,0.69975,0.69915,388,388
2018-01-24 15:29:57.169000,0.69975,0.69915,126,388
2018-01-24 15:29:57.219000,0.69985,0.69925,388,388
2018-01-24 15:29:58.362000,0.6998,0.6992,126,388
2018-01-24 15:29:58.413000,0.69985,0.69925,388,388
2018-01-24 15:29:58.925000,0.6998,0.6992,126,388
2018-01-24 15:29:59.076000,0.69985,0.69925,388,388
2018-01-24 15:30:00.030000,0.69975,0.69915,126,388
2018-01-24 15:30:00.080000,0.69965,0.69905,388,388
2018-01-24 15:30:00.220000,0.69965,0.69905,126,388
2018-01-24 15:30:00.381000,0.69965,0.69905,388,388
2018-01-24 15:30:00.995000,0.69965,0.6991,262,126
2018-01-24 15:30:01.045000,0.69965,0.69905,388,388
2018-01-24 15:30:01.101000,0.6996,0.699,126,388
2018-01-24 15:30:01.152000,0.69965,0.69905,388,388
2018-01-24 15:30:01.517000,0.6996,0.699,126,388
2018-01-24 15:30:01.568000,0.69955,0.69895,388,388
2018-01-24 15:30:03.059000,0.69955,0.69895,126,388
2018-01-24 15:30:03.273000,0.6996,0.699,126,388
2018-01-24 15:30:03.324000,0.69965,0.69905,388,388
2018-01-24 15:30:03.625000,0.6996,0.699,126,388
2018-01-24 15:30:03.902000,0.69955,0.69895,388,388
2018-01-24 15:30:03.953000,0.69955,0.699,262,126
2018-01-24 15:30:04.020000,0.69955,0.69895,388,388
2018-01-24 15:30:04.129000,0.69955,0.699,262,126
2018-01-24 15:30:04.180000,0.69955,0.69895,388,388
2018-01-24 15:30:04.334000,0.69955,0.699,262,126
2018-01-24 15:30:04.513000,0.69955,0.69895,388,388
2018-01-24 15:30:04.889000,0.69955,0.69895,126,388
2018-01-24 15:30:05.130000,0.69955,0.69895,388,388
2018-01-24 15:30:05.231000,0.69945,0.69885,388,388
2018-01-24 15:30:06.058000,0.69945,0.69885,126,388
2018-01-24 15:30:06.109000,0.6995,0.6989,126,388
2018-01-24 15:30:06.187000,0.69945,0.69885,126,388
2018-01-24 15:30:06.244000,0.6995,0.6989,126,388
2018-01-24 15:30:06.511000,0.69945,0.6989,262,126
2018-01-24 15:30:06.561000,0.69945,0.69885,388,388
2018-01-24 15:30:06.850000,0.69945,0.69885,126,388
2018-01-24 15:30:07.361000,0.69955,0.69895,262,388
2018-01-24 15:30:07.511000,0.69955,0.69895,126,388
2018-01-24 15:30:07.846000,0.6996,0.699,126,388
2018-01-24 15:30:08.121000,0.69965,0.69905,388,388
2018-01-24 15:30:08.252000,0.69955,0.69905,262,126
2018-01-24 15:30:08.303000,0.69955,0.69895,388,388
2018-01-24 15:30:08.414000,0.69955,0.69895,126,388
2018-01-24 15:30:08.515000,0.69965,0.69905,388,388
2018-01-24 15:30:09.015000,0.69965,0.6991,262,126
2018-01-24 15:30:09.116000,0.69975,0.69915,388,388
2018-01-24 15:30:10.152000,0.69975,0.6992,262,126
2018-01-24 15:30:10.202000,0.69975,0.69915,388,388
2018-01-24 15:30:10.753000,0.69975,0.6992,262,126
2018-01-24 15:30:10.930000,0.69975,0.69915,388,388
2018-01-24 15:30:10.981000,0.69975,0.6992,262,126
2018-01-24 15:30:11.031000,0.69975,0.69915,388,388
2018-01-24 15:30:11.081000,0.69965,0.69905,388,388
2018-01-24 15:30:11.418000,0.6996,0.699,126,388
2018-01-24 15:30:11.468000,0.69965,0.69905,388,388
2018-01-24 15:30:11.864000,0.6996,0.699,126,388
2018-01-24 15:30:12.193000,0.69955,0.69895,388,388
2018-01-24 15:30:12.243000,0.69955,0.69895,126,388
2018-01-24 15:30:12.294000,0.6996,0.699,126,388
2018-01-24 15:30:12.625000,0.69965,0.69905,388,388
2018-01-24 15:30:13.057000,0.69955,0.69895,126,388
2018-01-24 15:30:13.108000,0.6996,0.699,126,388
2018-01-24 15:30:13.559000,0.69965,0.69905,262,388
2018-01-24 15:30:13.683000,0.6996,0.699,126,388
2018-01-24 15:30:14.152000,0.69965,0.6991,262,126
2018-01-24 15:30:14.207000,0.69965,0.69905,388,388
2018-01-24 15:30:14.271000,0.6996,0.699,126,388
2018-01-24 15:30:14.322000,0.69965,0.69905,388,388
2018-01-24 15:30:14.579000,0.6996,0.699,126,388
2018-01-24 15:30:14.629000,0.69965,0.69905,388,388
2018-01-24 15:30:15.445000,0.6996,0.699,126,388
2018-01-24 15:30:15.646000,0.69965,0.69905,388,388
2018-01-24 15:30:15.720000,0.69965,0.6991,262,126
2018-01-24 15:30:15.875000,0.69965,0.69905,388,388
2018-01-24 15:30:15.926000,0.69955,0.69895,388,388
2018-01-24 15:30:16.461000,0.69965,0.69905,388,388
2018-01-24 15:30:16.791000,0.69975,0.6992,262,126
2018-01-24 15:30:16.842000,0.69975,0.69915,388,388
2018-01-24 15:30:16.959000,0.69975,0.6992,262,126
2018-01-24 15:30:17.173000,0.69985,0.69925,388,388
2018-01-24 15:30:17.288000,0.69975,0.69925,262,126
2018-01-24 15:30:17.388000,0.69975,0.6992,262,126
2018-01-24 15:30:17.439000,0.69975,0.69925,262,126
2018-01-24 15:30:17.490000,0.69975,0.69915,388,388
2018-01-24 15:30:19.663000,0.69975,0.69925,262,126
2018-01-24 15:30:19.892000,0.6999,0.6993,126,388
2018-01-24 15:30:20.095000,0.69965,0.69905,126,388
2018-01-24 15:30:20.146000,0.69965,0.69905,388,388
2018-01-24 15:30:21.925000,0.69965,0.6991,262,126
2018-01-24 15:30:22.294000,0.69965,0.69905,126,388
2018-01-24 15:30:22.367000,0.69965,0.69905,388,388
2018-01-24 15:30:22.438000,0.69965,0.6991,262,126
2018-01-24 15:30:22.687000,0.69965,0.69905,388,388
2018-01-24 15:30:23.010000,0.69965,0.69905,126,388
2018-01-24 15:30:23.061000,0.6997,0.6991,126,388
2018-01-24 15:30:23.112000,0.69965,0.69905,126,388
2018-01-24 15:30:23.212000,0.6997,0.6991,126,388
2018-01-24 15:30:23.280000,0.69965,0.69905,126,388
2018-01-24 15:30:23.549000,0.69965,0.69905,388,388
2018-01-24 15:30:23.764000,0.69965,0.6991,262,126
2018-01-24 15:30:24.106000,0.69965,0.69905,126,388
2018-01-24 15:30:25.321000,0.69965,0.69905,388,388
2018-01-24 15:30:25.817000,0.69965,0.69915,262,126
2018-01-24 15:30:25.922000,0.69975,0.69915,388,388
2018-01-24 15:30:26.812000,0.6997,0.6991,126,388
2018-01-24 15:30:26.931000,0.69975,0.69915,388,388
2018-01-24 15:30:27.793000,0.69965,0.69905,126,388
2018-01-24 15:30:27.843000,0.69965,0.69905,388,388
2018-01-24 15:30:28.035000,0.6996,0.699,126,388
2018-01-24 15:30:28.281000,0.69965,0.69905,388,388
2018-01-24 15:30:28.331000,0.6996,0.699,126,388
2018-01-24 15:30:28.509000,0.69965,0.69905,388,388
2018-01-24 15:30:29.442000,0.6996,0.699,126,388
2018-01-24 15:30:30.004000,0.69965,0.69905,388,388
2018-01-24 15:30:31.306000,0.69965,0.6991,262,126
2018-01-24 15:30:31.357000,0.69965,0.69905,388,388
2018-01-24 15:30:31.825000,0.6996,0.699,126,388
2018-01-24 15:30:31.875000,0.69965,0.69905,388,388
2018-01-24 15:30:31.974000,0.6996,0.699,126,388
2018-01-24 15:30:32.104000,0.69965,0.69905,388,388
2018-01-24 15:30:32.869000,0.6996,0.699,126,388
2018-01-24 15:30:33.156000,0.69965,0.69905,388,388
2018-01-24 15:30:33.271000,0.6996,0.699,126,388
2018-01-24 15:30:33.404000,0.69965,0.69905,388,388
2018-01-24 15:30:35.387000,0.69965,0.6991,262,126
2018-01-24 15:30:35.539000,0.69975,0.69915,388,388
2018-01-24 15:30:37.559000,0.6997,0.6991,126,388
2018-01-24 15:30:37.660000,0.69965,0.69905,388,388
2018-01-24 15:30:38.552000,0.6996,0.699,126,388
2018-01-24 15:30:38.703000,0.69955,0.69895,388,388
2018-01-24 15:30:42.937000,0.6995,0.6989,126,388
2018-01-24 15:30:43.089000,0.69945,0.69885,388,388
2018-01-24 15:30:43.798000,0.69945,0.6989,262,126
2018-01-24 15:30:43.923000,0.69955,0.69895,388,388
2018-01-24 15:30:44.072000,0.69945,0.69885,126,388
2018-01-24 15:30:44.123000,0.69945,0.69885,388,388
2018-01-24 15:30:44.296000,0.69945,0.6989,262,126
2018-01-24 15:30:44.428000,0.69955,0.69895,388,388
2018-01-24 15:30:44.792000,0.69955,0.699,262,126
2018-01-24 15:30:45.390000,0.6996,0.699,126,388
2018-01-24 15:30:46.790000,0.69955,0.699,262,126
2018-01-24 15:30:46.841000,0.69955,0.69895,388,388
2018-01-24 15:30:48.035000,0.69955,0.69895,126,388
2018-01-24 15:30:48.086000,0.6996,0.699,126,388
2018-01-24 15:30:48.543000,0.69965,0.69905,388,388
2018-01-24 15:30:48.594000,0.6996,0.699,126,388
2018-01-24 15:30:49.301000,0.69965,0.69905,388,388
2018-01-24 15:30:50.244000,0.6996,0.699,126,388
2018-01-24 15:30:50.374000,0.69955,0.69895,388,388
2018-01-24 15:30:52.389000,0.69955,0.699,262,126
2018-01-24 15:30:52.540000,0.69965,0.69905,388,388
2018-01-24 15:30:53.061000,0.6996,0.699,126,388
2018-01-24 15:30:53.984000,0.69965,0.69905,388,388
2018-01-24 15:30:55.837000,0.69965,0.6991,262,126
2018-01-24 15:30:55.968000,0.69975,0.69915,388,388
2018-01-24 15:30:57.964000,0.6997,0.6991,126,388
2018-01-24 15:30:58.015000,0.69975,0.69915,388,388
2018-01-24 15:30:58.199000,0.6997,0.6991,126,388
2018-01-24 15:30:58.574000,0.69975,0.69915,388,388
2018-01-24 15:30:59.376000,0.69965,0.69915,262,126
2018-01-24 15:30:59.427000,0.69965,0.69905,388,388
2018-01-24 15:31:00.994000,0.69965,0.6991,262,126
2018-01-24 15:31:01.148000,0.69975,0.69915,388,388
2018-01-24 15:31:02.711000,0.69975,0.6992,262,126
2018-01-24 15:31:02.761000,0.69975,0.69915,388,388
2018-01-24 15:31:02.834000,0.69975,0.6992,262,126
2018-01-24 15:31:03.120000,0.69975,0.69915,388,388
2018-01-24 15:31:04.696000,0.69975,0.6992,262,126
2018-01-24 15:31:05.036000,0.6999,0.6993,126,388
2018-01-24 15:31:05.623000,0.69985,0.6993,262,126
2018-01-24 15:31:05.673000,0.69985,0.69925,388,388
2018-01-24 15:31:05.774000,0.6998,0.6992,126,388
2018-01-24 15:31:06.367000,0.69975,0.6992,262,126
2018-01-24 15:31:08.724000,0.69975,0.69915,388,388
2018-01-24 15:31:08.774000,0.69975,0.6992,262,126
2018-01-24 15:31:10.277000,0.69975,0.69915,388,388
2018-01-24 15:31:10.805000,0.6997,0.6991,126,388
2018-01-24 15:31:10.932000,0.69975,0.69915,388,388
2018-01-24 15:31:12.117000,0.6997,0.6991,126,388
2018-01-24 15:31:12.661000,0.69975,0.69915,388,388
2018-01-24 15:31:12.711000,0.6997,0.6991,126,388
2018-01-24 15:31:12.762000,0.69975,0.69915,388,388
2018-01-24 15:31:13.359000,0.69965,0.69905,126,388
2018-01-24 15:31:13.409000,0.69965,0.69905,388,388
2018-01-24 15:31:13.916000,0.69965,0.69915,262,126
2018-01-24 15:31:14.068000,0.69975,0.6992,262,126
2018-01-24 15:31:14.204000,0.6998,0.6992,126,388
2018-01-24 15:31:14.276000,0.69985,0.69925,388,388
2018-01-24 15:31:14.327000,0.6998,0.6992,126,388
2018-01-24 15:31:14.439000,0.69985,0.69925,388,388
2018-01-24 15:31:15.325000,0.6998,0.6992,126,388
2018-01-24 15:31:16.069000,0.69985,0.69925,388,388
2018-01-24 15:31:16.125000,0.69975,0.69915,126,388
2018-01-24 15:31:16.265000,0.69975,0.69915,388,388
2018-01-24 15:31:17.019000,0.69975,0.6992,262,126
2018-01-24 15:31:17.738000,0.69975,0.69915,388,388
2018-01-24 15:31:17.840000,0.6997,0.6991,126,388
2018-01-24 15:31:19.151000,0.69965,0.6991,262,126
2018-01-24 15:31:19.202000,0.69965,0.69905,388,388
2018-01-24 15:31:19.676000,0.69965,0.69905,126,388
2018-01-24 15:31:19.727000,0.69975,0.69915,388,388
2018-01-24 15:31:21.428000,0.6997,0.6991,126,388
2018-01-24 15:31:21.478000,0.69975,0.69915,388,388
2018-01-24 15:31:22.452000,0.6997,0.6991,126,388
2018-01-24 15:31:23.223000,0.69965,0.6991,262,126
2018-01-24 15:31:23.381000,0.69965,0.69905,388,388
2018-01-24 15:31:23.432000,0.6997,0.6991,126,388
2018-01-24 15:31:24.499000,0.69965,0.6991,262,126
2018-01-24 15:31:24.550000,0.69965,0.69905,388,388
2018-01-24 15:31:24.629000,0.69965,0.6991,262,126
2018-01-24 15:31:25.174000,0.6997,0.6991,126,388
2018-01-24 15:31:25.759000,0.69975,0.69915,388,388
2018-01-24 15:31:26.544000,0.6997,0.6991,126,388
2018-01-24 15:31:26.902000,0.69975,0.69915,388,388
2018-01-24 15:31:27.593000,0.6997,0.6991,126,388
2018-01-24 15:31:31.346000,0.69975,0.69915,388,388
2018-01-24 15:31:31.419000,0.6997,0.6991,126,388
2018-01-24 15:31:32.491000,0.69965,0.6991,262,126
2018-01-24 15:31:32.542000,0.69965,0.69905,388,388
2018-01-24 15:31:32.655000,0.69965,0.6991,262,126
2018-01-24 15:31:32.706000,0.69965,0.69905,388,388
2018-01-24 15:31:33.076000,0.69965,0.69905,126,388
2018-01-24 15:31:33.177000,0.6997,0.6991,126,388
2018-01-24 15:31:33.657000,0.69965,0.6991,262,126
2018-01-24 15:31:33.707000,0.69965,0.69905,388,388
2018-01-24 15:31:33.817000,0.69965,0.6991,262,126
2018-01-24 15:31:34.210000,0.69965,0.69905,388,388
2018-01-24 15:31:34.799000,0.69965,0.69905,126,388
2018-01-24 15:31:34.849000,0.6997,0.6991,126,388
2018-01-24 15:31:35.008000,0.69965,0.6991,262,126
2018-01-24 15:31:35.058000,0.69965,0.69905,388,388
2018-01-24 15:31:38.116000,0.69965,0.6991,262,126
2018-01-24 15:31:38.689000,0.69965,0.69905,388,388
2018-01-24 15:31:38.926000,0.69965,0.69905,126,388
2018-01-24 15:31:38.977000,0.6997,0.6991,126,388
2018-01-24 15:31:39.145000,0.69975,0.69915,388,388
2018-01-24 15:31:41.740000,0.69975,0.6992,262,126
2018-01-24 15:31:42.174000,0.69975,0.69915,388,388
2018-01-24 15:31:42.739000,0.69975,0.6992,262,126
2018-01-24 15:31:43.015000,0.69975,0.69915,388,388
2018-01-24 15:31:46.890000,0.69965,0.69915,262,126
2018-01-24 15:31:47.361000,0.69965,0.69905,388,388
2018-01-24 15:31:49.206000,0.69955,0.69905,262,126
2018-01-24 15:31:49.345000,0.69955,0.69895,388,388
2018-01-24 15:31:50.693000,0.69955,0.699,262,126
2018-01-24 15:31:51.102000,0.69965,0.69905,388,388
2018-01-24 15:31:51.391000,0.69955,0.69905,262,126
2018-01-24 15:31:51.956000,0.69955,0.699,262,126
2018-01-24 15:31:52.057000,0.69955,0.69895,388,388
2018-01-24 15:31:53.187000,0.69955,0.699,262,126
2018-01-24 15:31:53.239000,0.69955,0.69895,388,388
2018-01-24 15:31:53.289000,0.69955,0.69895,126,388
2018-01-24 15:31:53.342000,0.69965,0.699,388,388
2018-01-24 15:31:53.814000,0.6996,0.699,126,388
2018-01-24 15:31:54.312000,0.69965,0.69905,388,388
2018-01-24 15:31:54.420000,0.69955,0.69905,262,126
2018-01-24 15:31:54.738000,0.6995,0.6989,126,388
2018-01-24 15:31:54.925000,0.69955,0.69895,388,388
2018-01-24 15:31:55.483000,0.69955,0.699,262,126
2018-01-24 15:31:55.839000,0.69955,0.69895,388,388
2018-01-24 15:31:56.144000,0.69955,0.699,262,126
2018-01-24 15:31:56.195000,0.69955,0.69895,388,388
2018-01-24 15:31:56.246000,0.69955,0.69895,126,388
2018-01-24 15:31:56.536000,0.6996,0.699,126,388
2018-01-24 15:31:56.587000,0.69965,0.69905,388,388
2018-01-24 15:31:57.796000,0.69955,0.69905,262,126
2018-01-24 15:31:58.126000,0.69955,0.69895,388,388
2018-01-24 15:31:59.267000,0.69955,0.699,262,126
2018-01-24 15:31:59.317000,0.69955,0.69895,388,388
2018-01-24 15:31:59.393000,0.69955,0.69895,126,388
2018-01-24 15:32:00.143000,0.6996,0.699,126,388
2018-01-24 15:32:00.750000,0.69965,0.69905,388,388
2018-01-24 15:32:01.770000,0.69955,0.69905,262,126
2018-01-24 15:32:01.994000,0.69955,0.699,262,126
2018-01-24 15:32:02.094000,0.69955,0.69895,388,388
2018-01-24 15:32:02.351000,0.6995,0.6989,126,388
2018-01-24 15:32:02.575000,0.69955,0.69895,388,388
2018-01-24 15:32:02.626000,0.69945,0.6989,262,126
2018-01-24 15:32:02.676000,0.69945,0.69885,388,388
2018-01-24 15:32:03.549000,0.69945,0.6989,262,126
2018-01-24 15:32:03.600000,0.69945,0.69885,388,388
2018-01-24 15:32:03.650000,0.69945,0.6989,262,126
2018-01-24 15:32:03.771000,0.69955,0.69895,388,388
2018-01-24 15:32:05.185000,0.6995,0.6989,126,388
2018-01-24 15:32:05.236000,0.69955,0.69895,388,388
2018-01-24 15:32:06.998000,0.6995,0.6989,126,388
2018-01-24 15:32:07.224000,0.69955,0.69895,388,388
2018-01-24 15:32:08.564000,0.6995,0.6989,126,388
2018-01-24 15:32:09.098000,0.69945,0.69885,126,388
2018-01-24 15:32:09.149000,0.69945,0.6989,262,126
2018-01-24 15:32:09.314000,0.69945,0.69885,388,388
2018-01-24 15:32:11.473000,0.69935,0.69885,262,126
2018-01-24 15:32:11.523000,0.69935,0.6988,262,126
2018-01-24 15:32:12.225000,0.6994,0.6988,126,388
2018-01-24 15:32:12.609000,0.69935,0.6988,262,126
2018-01-24 15:32:12.753000,0.69935,0.69875,388,388
2018-01-24 15:32:12.803000,0.69935,0.6988,262,126
2018-01-24 15:32:13.199000,0.69935,0.69875,388,388
2018-01-24 15:32:13.452000,0.69935,0.69875,126,388
2018-01-24 15:32:13.503000,0.6994,0.6988,126,388
2018-01-24 15:32:13.806000,0.69935,0.6988,262,126
2018-01-24 15:32:14.376000,0.69935,0.69875,388,388
2018-01-24 15:32:15.117000,0.69935,0.69885,262,126
2018-01-24 15:32:15.170000,0.69935,0.6988,262,126
2018-01-24 15:32:15.221000,0.6994,0.6988,126,388
2018-01-24 15:32:15.496000,0.69945,0.69885,388,388
2018-01-24 15:32:15.786000,0.6994,0.6988,126,388
2018-01-24 15:32:16.359000,0.69945,0.69885,388,388
2018-01-24 15:32:17.893000,0.69945,0.6989,262,126
2018-01-24 15:32:17.953000,0.69945,0.69885,388,388
2018-01-24 15:32:18.004000,0.69945,0.6989,262,126
2018-01-24 15:32:18.419000,0.69945,0.69885,388,388
2018-01-24 15:32:19.173000,0.6994,0.69885,126,1
2018-01-24 15:32:19.223000,0.69945,0.69885,388,388
2018-01-24 15:32:20.137000,0.6994,0.69885,126,1
2018-01-24 15:32:20.187000,0.69945,0.69885,388,388
2018-01-24 15:32:21.002000,0.6994,0.69885,126,1
2018-01-24 15:32:21.053000,0.69945,0.69885,388,388
2018-01-24 15:32:23.789000,0.6994,0.69885,126,1
2018-01-24 15:32:23.890000,0.69945,0.69885,388,1
2018-01-24 15:32:24.013000,0.6994,0.69885,126,1
2018-01-24 15:32:24.710000,0.69935,0.6988,262,38
2018-01-24 15:32:24.767000,0.69935,0.69875,388,388
2018-01-24 15:32:27.316000,0.6993,0.69875,126,1
2018-01-24 15:32:27.417000,0.69925,0.69865,388,388
2018-01-24 15:32:27.617000,0.69925,0.6987,262,38
2018-01-24 15:32:27.804000,0.69935,0.69875,388,388
2018-01-24 15:32:28.305000,0.6993,0.69875,126,1
2018-01-24 15:32:28.456000,0.69945,0.69885,388,388
2018-01-24 15:32:29.730000,0.69945,0.6989,262,37
2018-01-24 15:32:30.232000,0.69945,0.69885,388,388
2018-01-24 15:32:30.886000,0.6994,0.69885,126,1
2018-01-24 15:32:30.936000,0.69945,0.69885,388,388
2018-01-24 15:32:31.204000,0.69935,0.69885,126,1
2018-01-24 15:32:31.288000,0.69935,0.69875,388,388
2018-01-24 15:32:34.057000,0.69935,0.6988,262,37
2018-01-24 15:32:34.229000,0.69945,0.69885,388,388
2018-01-24 15:32:35.420000,0.69945,0.6989,262,37
2018-01-24 15:32:35.535000,0.69945,0.69885,388,388
2018-01-24 15:32:35.588000,0.6994,0.69885,126,1
2018-01-24 15:32:35.639000,0.69945,0.69885,388,388
2018-01-24 15:32:38.541000,0.69945,0.6989,262,37
2018-01-24 15:32:38.592000,0.69945,0.69885,388,388
2018-01-24 15:32:38.642000,0.69945,0.6989,262,37
2018-01-24 15:32:38.948000,0.69955,0.69895,388,388
2018-01-24 15:32:40.002000,0.6995,0.69895,126,1
2018-01-24 15:32:40.260000,0.69955,0.69895,388,388
2018-01-24 15:32:40.992000,0.6995,0.69895,126,1
2018-01-24 15:32:41.126000,0.69955,0.69895,388,388
2018-01-24 15:32:42.047000,0.6995,0.69895,126,1
2018-01-24 15:32:42.098000,0.69955,0.69895,388,388
2018-01-24 15:32:42.498000,0.6995,0.69895,126,1
2018-01-24 15:32:44.440000,0.69955,0.69895,388,388
2018-01-24 15:32:45.390000,0.69955,0.699,262,37
2018-01-24 15:32:45.441000,0.69955,0.69895,388,388
2018-01-24 15:32:45.491000,0.69955,0.69905,262,37
2018-01-24 15:32:45.569000,0.69965,0.69905,388,388
2018-01-24 15:32:47.152000,0.6996,0.69905,126,1
2018-01-24 15:32:47.306000,0.69965,0.69905,388,388
2018-01-24 15:32:47.788000,0.69965,0.6991,262,37
2018-01-24 15:32:48.465000,0.6997,0.69915,126,1
2018-01-24 15:32:48.516000,0.69975,0.69915,388,388
2018-01-24 15:32:48.773000,0.6997,0.69915,126,1
2018-01-24 15:32:48.901000,0.69965,0.69905,388,388
2018-01-24 15:32:48.952000,0.69965,0.6991,262,37
2018-01-24 15:32:49.495000,0.6997,0.69915,126,1
2018-01-24 15:32:50.237000,0.69975,0.69915,388,388
2018-01-24 15:32:50.624000,0.6997,0.69915,126,1
2018-01-24 15:32:50.898000,0.69975,0.69915,388,388
2018-01-24 15:32:50.949000,0.69975,0.69925,262,37
2018-01-24 15:32:50.999000,0.69975,0.6992,262,37
2018-01-24 15:32:51.199000,0.6998,0.69925,126,1
2018-01-24 15:32:51.250000,0.69985,0.69925,388,388
2018-01-24 15:32:51.301000,0.69975,0.69925,126,1
2018-01-24 15:32:51.351000,0.69975,0.6992,262,37
2018-01-24 15:32:51.402000,0.69975,0.69915,388,388
2018-01-24 15:32:51.983000,0.6997,0.69915,126,1
2018-01-24 15:32:52.404000,0.69975,0.69915,388,388
2018-01-24 15:32:53.572000,0.69975,0.6992,262,32
2018-01-24 15:32:55.421000,0.69975,0.69915,388,388
2018-01-24 15:32:56.414000,0.69975,0.6992,262,22
2018-01-24 15:32:56.923000,0.69975,0.69915,388,388
2018-01-24 15:32:57.183000,0.69975,0.6992,262,22
2018-01-24 15:32:57.555000,0.69985,0.69935,262,17
2018-01-24 15:32:57.606000,0.69975,0.6992,262,17
2018-01-24 15:32:57.657000,0.6999,0.6994,262,17
2018-01-24 15:32:57.708000,0.69995,0.6994,262,17
2018-01-24 15:32:58.252000,0.69985,0.69935,126,1
2018-01-24 15:32:58.360000,0.69975,0.6992,262,17
2018-01-24 15:32:58.646000,0.69975,0.69925,262,17
2018-01-24 15:32:58.697000,0.69975,0.6992,262,17
2018-01-24 15:32:59.409000,0.6998,0.69925,126,1
2018-01-24 15:32:59.460000,0.69985,0.69925,388,388
2018-01-24 15:33:00.215000,0.69975,0.69925,262,17
2018-01-24 15:33:00.851000,0.69975,0.69915,388,388
2018-01-24 15:33:01.004000,0.69975,0.6992,262,17
2018-01-24 15:33:01.423000,0.69965,0.69915,262,17
2018-01-24 15:33:01.667000,0.69965,0.69905,388,388
2018-01-24 15:33:01.804000,0.6996,0.69905,126,1
2018-01-24 15:33:01.905000,0.69955,0.69895,388,388
2018-01-24 15:33:02.040000,0.6995,0.69895,126,1
2018-01-24 15:33:02.141000,0.69945,0.69885,388,388
2018-01-24 15:33:02.191000,0.69945,0.6989,262,17
2018-01-24 15:33:02.486000,0.69955,0.69895,388,388
2018-01-24 15:33:03.295000,0.69955,0.699,262,17
2018-01-24 15:33:03.745000,0.6996,0.69905,126,1
2018-01-24 15:33:03.967000,0.69965,0.69905,388,388
2018-01-24 15:33:04.142000,0.69965,0.6991,262,17
2018-01-24 15:33:04.193000,0.69965,0.69905,388,388
2018-01-24 15:33:04.243000,0.6997,0.69915,126,1
2018-01-24 15:33:04.434000,0.69965,0.69905,388,388
2018-01-24 15:33:05.564000,0.69965,0.6991,262,17
2018-01-24 15:33:05.819000,0.69965,0.69905,388,388
2018-01-24 15:33:06.535000,0.69965,0.69915,126,1
2018-01-24 15:33:06.767000,0.6997,0.69915,126,1
2018-01-24 15:33:07.021000,0.69975,0.69915,388,388
2018-01-24 15:33:09.098000,0.69975,0.6992,262,17
2018-01-24 15:33:09.845000,0.69975,0.69915,388,388
2018-01-24 15:33:10.940000,0.69975,0.6992,262,17
2018-01-24 15:33:12.660000,0.6998,0.69925,126,1
2018-01-24 15:33:12.710000,0.69985,0.69925,388,388
2018-01-24 15:33:14.257000,0.69985,0.69935,126,1
2018-01-24 15:33:14.308000,0.6999,0.69935,126,1
2018-01-24 15:33:14.359000,0.69985,0.69935,126,1
2018-01-24 15:33:14.418000,0.69985,0.69925,388,388
2018-01-24 15:33:19.717000,0.6998,0.69925,126,1
2018-01-24 15:33:19.838000,0.69975,0.69915,388,388
2018-01-24 15:33:19.901000,0.69975,0.6992,262,12
2018-01-24 15:33:20.002000,0.69985,0.69925,388,388
2018-01-24 15:33:20.753000,0.69975,0.69925,262,7
2018-01-24 15:33:21.046000,0.69975,0.6992,262,7
2018-01-24 15:33:21.271000,0.6998,0.69925,126,1
2018-01-24 15:33:21.321000,0.69985,0.69925,388,388
2018-01-24 15:33:21.436000,0.69975,0.69925,262,7
2018-01-24 15:33:21.487000,0.69975,0.6992,262,7
2018-01-24 15:33:21.926000,0.6998,0.69925,126,1
2018-01-24 15:33:21.977000,0.69985,0.69925,388,388
2018-01-24 15:33:22.027000,0.6998,0.69925,126,1
2018-01-24 15:33:22.128000,0.69975,0.69915,388,388
2018-01-24 15:33:24.042000,0.69975,0.6992,262,7
2018-01-24 15:33:24.443000,0.69975,0.69925,262,7
2018-01-24 15:33:24.494000,0.69975,0.6992,262,7
2018-01-24 15:33:24.570000,0.69985,0.69935,126,1
2018-01-24 15:33:24.621000,0.6999,0.69935,126,1
2018-01-24 15:33:25.481000,0.69985,0.6993,262,7
2018-01-24 15:33:25.532000,0.69985,0.69925,388,388
2018-01-24 15:33:26.666000,0.69985,0.69935,126,1
2018-01-24 15:33:26.717000,0.6999,0.69935,126,1
2018-01-24 15:33:26.944000,0.69995,0.69935,388,388
2018-01-24 15:33:29.215000,0.69995,0.6994,262,7
2018-01-24 15:33:29.266000,0.69995,0.69935,388,388
2018-01-24 15:33:42.824000,0.69995,0.6994,262,7
2018-01-24 15:33:42.892000,0.69995,0.69935,388,388
2018-01-24 15:33:47.709000,0.69985,0.69925,388,388
2018-01-24 15:33:48.376000,0.69975,0.6992,262,7
2018-01-24 15:33:48.512000,0.69975,0.69915,388,388
2018-01-24 15:33:49.041000,0.69975,0.6992,262,7
2018-01-24 15:33:49.105000,0.69975,0.69915,388,388
2018-01-24 15:33:49.155000,0.69975,0.6992,262,7
2018-01-24 15:33:49.206000,0.69975,0.69915,388,388
2018-01-24 15:33:49.962000,0.6997,0.69915,126,1
2018-01-24 15:33:50.063000,0.69975,0.69915,388,388
2018-01-24 15:33:51.519000,0.6997,0.69915,126,1
2018-01-24 15:33:51.570000,0.69975,0.69915,388,388
2018-01-24 15:33:51.737000,0.6997,0.69915,126,1
2018-01-24 15:33:52.931000,0.69975,0.69915,388,388
2018-01-24 15:33:54.038000,0.6997,0.69915,126,1
2018-01-24 15:33:54.089000,0.69975,0.69915,388,388
2018-01-24 15:33:56.904000,0.69975,0.69925,262,7
2018-01-24 15:33:57.005000,0.69985,0.69925,388,388
2018-01-24 15:33:57.088000,0.6998,0.69925,126,1
2018-01-24 15:33:57.138000,0.69985,0.69925,388,388
2018-01-24 15:33:57.735000,0.6998,0.69925,126,1
2018-01-24 15:33:57.907000,0.69985,0.69925,388,388
2018-01-24 15:33:58.279000,0.6998,0.69925,126,1
2018-01-24 15:33:58.940000,0.69985,0.69925,388,388
2018-01-24 15:34:02.353000,0.69975,0.69925,262,7
2018-01-24 15:34:02.483000,0.69975,0.6992,262,7
2018-01-24 15:34:02.705000,0.6998,0.69925,126,1
2018-01-24 15:34:02.810000,0.69985,0.69925,388,388
2018-01-24 15:34:03.367000,0.6998,0.69925,126,1
2018-01-24 15:34:03.797000,0.69985,0.69925,388,388
2018-01-24 15:34:06.818000,0.69985,0.6993,262,7
2018-01-24 15:34:07.247000,0.6999,0.69935,126,1
2018-01-24 15:34:07.297000,0.69995,0.69935,388,388
2018-01-24 15:34:10.049000,0.6999,0.69935,126,1
2018-01-24 15:34:10.415000,0.69995,0.69935,388,388
2018-01-24 15:34:12.087000,0.6999,0.69935,126,1
2018-01-24 15:34:14.475000,0.69995,0.69935,388,388
2018-01-24 15:34:15.652000,0.6999,0.69935,126,1
2018-01-24 15:34:17.482000,0.69985,0.6993,262,7
2018-01-24 15:34:17.732000,0.69995,0.69935,388,388
2018-01-24 15:34:19.008000,0.6999,0.69935,126,1
2018-01-24 15:34:19.131000,0.69985,0.69925,388,388
2018-01-24 15:34:19.484000,0.6998,0.69925,126,1
2018-01-24 15:34:19.535000,0.69985,0.69925,388,388
2018-01-24 15:34:20.155000,0.69985,0.6993,262,7
2018-01-24 15:34:20.256000,0.69995,0.69935,388,388
2018-01-24 15:34:23.091000,0.6999,0.69935,126,1
2018-01-24 15:34:23.307000,0.69995,0.69935,388,388
2018-01-24 15:34:25.136000,0.6999,0.69935,126,1
2018-01-24 15:34:25.507000,0.69985,0.6993,262,7
2018-01-24 15:34:25.623000,0.69985,0.69925,388,388
2018-01-24 15:34:25.674000,0.69985,0.69935,126,1
2018-01-24 15:34:25.972000,0.6999,0.69935,126,1
2018-01-24 15:34:26.151000,0.69985,0.6993,262,7
2018-01-24 15:34:26.807000,0.69985,0.69925,388,388
2018-01-24 15:34:27.983000,0.6998,0.69925,126,1
2018-01-24 15:34:29.675000,0.69985,0.69925,388,388
2018-01-24 15:34:29.778000,0.69985,0.6993,262,7
2018-01-24 15:34:30.091000,0.6999,0.69935,126,1
2018-01-24 15:34:30.141000,0.69995,0.69935,388,388
2018-01-24 15:34:30.307000,0.6999,0.69935,126,1
2018-01-24 15:34:30.676000,0.69995,0.69935,388,388
2018-01-24 15:34:31.165000,0.69985,0.69935,262,7
2018-01-24 15:34:31.215000,0.69985,0.69925,388,388
2018-01-24 15:34:54.552000,0.69985,0.6993,262,7
2018-01-24 15:34:54.658000,0.69995,0.69935,388,388
2018-01-24 15:34:59.833000,0.6999,0.69935,126,1
2018-01-24 15:34:59.884000,0.69995,0.69935,388,388
2018-01-24 15:35:04.230000,0.6999,0.69935,126,1
2018-01-24 15:35:04.350000,0.69985,0.69925,388,388
2018-01-24 15:35:04.543000,0.69985,0.6993,262,7
2018-01-24 15:35:04.896000,0.69995,0.69935,388,388
2018-01-24 15:35:04.998000,0.6999,0.69935,126,1
2018-01-24 15:35:05.302000,0.69995,0.69935,388,388
2018-01-24 15:35:05.752000,0.6999,0.69935,126,1
2018-01-24 15:35:06.387000,0.69995,0.69935,388,388
2018-01-24 15:35:08.878000,0.6999,0.69935,126,1
2018-01-24 15:35:08.928000,0.69995,0.69935,388,388
2018-01-24 15:35:09.705000,0.69995,0.6994,262,7
2018-01-24 15:35:09.806000,0.70005,0.69945,388,388
2018-01-24 15:35:13.234000,0.69995,0.69945,262,7
2018-01-24 15:35:13.289000,0.69995,0.69935,388,388
2018-01-24 15:35:18.337000,0.6999,0.69935,126,1
2018-01-24 15:35:19.205000,0.69995,0.69935,388,388
2018-01-24 15:35:26.486000,0.69995,0.6994,262,7
2018-01-24 15:35:27.096000,0.7,0.69945,126,1
2018-01-24 15:35:27.869000,0.70005,0.69945,388,388
2018-01-24 15:35:32.614000,0.69995,0.69945,126,1
2018-01-24 15:35:32.722000,0.69995,0.69935,388,388
2018-01-24 15:35:38.678000,0.6999,0.69935,126,1
2018-01-24 15:35:38.929000,0.69965,0.69905,388,388
2018-01-24 15:35:39.063000,0.69955,0.69905,126,1
2018-01-24 15:35:39.113000,0.69955,0.69895,388,388
2018-01-24 15:35:39.296000,0.69955,0.69905,126,1
2018-01-24 15:35:39.347000,0.69965,0.69905,388,388
2018-01-24 15:35:40.233000,0.6996,0.69905,126,1
2018-01-24 15:35:40.671000,0.69955,0.699,262,7
2018-01-24 15:35:40.724000,0.69955,0.69895,388,388
2018-01-24 15:35:43.401000,0.69955,0.699,262,7
2018-01-24 15:35:43.960000,0.6996,0.69905,126,1
2018-01-24 15:35:44.269000,0.69955,0.699,262,7
2018-01-24 15:35:44.322000,0.69955,0.69895,388,388
2018-01-24 15:35:44.598000,0.69955,0.69905,126,1
2018-01-24 15:35:44.649000,0.6996,0.69905,126,1
2018-01-24 15:35:44.842000,0.69955,0.69905,126,1
2018-01-24 15:35:44.893000,0.69955,0.69895,388,388
2018-01-24 15:35:45.161000,0.69955,0.69905,126,1
2018-01-24 15:35:45.212000,0.6996,0.69905,126,1
2018-01-24 15:35:45.749000,0.69965,0.69905,388,388
2018-01-24 15:35:45.817000,0.6996,0.69905,126,1
2018-01-24 15:35:45.869000,0.69965,0.69905,388,388
2018-01-24 15:35:46.051000,0.6996,0.69905,126,1
2018-01-24 15:35:46.428000,0.69955,0.69895,388,388
2018-01-24 15:35:48.353000,0.69945,0.69895,126,1
2018-01-24 15:35:48.407000,0.69945,0.69885,388,388
2018-01-24 15:35:49.268000,0.6994,0.69885,126,1
2018-01-24 15:35:49.452000,0.69945,0.69885,388,388
2018-01-24 15:35:49.612000,0.6994,0.69885,126,1
2018-01-24 15:35:49.763000,0.69935,0.69875,388,388
2018-01-24 15:35:53.298000,0.69885,0.69835,262,7
2018-01-24 15:35:53.348000,0.69905,0.69855,262,7
2018-01-24 15:35:53.458000,0.69895,0.69845,262,7
2018-01-24 15:35:53.509000,0.69895,0.69835,388,388
2018-01-24 15:35:53.770000,0.6989,0.69835,126,1
2018-01-24 15:35:53.971000,0.69895,0.69835,388,388
2018-01-24 15:35:54.149000,0.69895,0.69845,126,1
2018-01-24 15:35:54.314000,0.699,0.69845,126,1
2018-01-24 15:35:54.496000,0.69905,0.69845,388,388
2018-01-24 15:35:54.547000,0.69895,0.69845,262,7
2018-01-24 15:35:54.738000,0.69895,0.6984,262,7
2018-01-24 15:35:54.877000,0.69895,0.69835,388,388
2018-01-24 15:35:55.079000,0.69885,0.69835,262,7
2018-01-24 15:35:55.129000,0.69885,0.6983,262,7
2018-01-24 15:35:55.182000,0.69885,0.69825,388,388
2018-01-24 15:35:55.428000,0.69885,0.69835,126,1
2018-01-24 15:35:55.609000,0.69885,0.6983,262,7
2018-01-24 15:35:55.660000,0.69885,0.69825,388,388
2018-01-24 15:35:55.711000,0.6988,0.69825,126,1
2018-01-24 15:35:56.221000,0.69875,0.6982,262,7
2018-01-24 15:35:56.381000,0.69875,0.69815,388,388
2018-01-24 15:35:56.431000,0.69875,0.6982,262,7
2018-01-24 15:35:56.860000,0.69875,0.69825,126,1
2018-01-24 15:35:56.910000,0.69875,0.69815,388,388
2018-01-24 15:35:57.662000,0.69875,0.6982,262,7
2018-01-24 15:35:57.978000,0.69885,0.69825,388,388
2018-01-24 15:35:58.029000,0.6988,0.69825,126,1
2018-01-24 15:35:58.518000,0.69875,0.6982,262,7
2018-01-24 15:35:58.996000,0.6988,0.69825,126,1
2018-01-24 15:35:59.047000,0.69885,0.69825,388,388
2018-01-24 15:35:59.223000,0.69885,0.6983,262,7
2018-01-24 15:35:59.475000,0.69885,0.69825,388,388
2018-01-24 15:36:00.159000,0.6988,0.69825,126,1
2018-01-24 15:36:00.513000,0.69885,0.69825,388,388
2018-01-24 15:36:01.273000,0.69875,0.69825,262,7
2018-01-24 15:36:01.511000,0.69875,0.6982,262,7
2018-01-24 15:36:02.868000,0.69875,0.69815,388,388
2018-01-24 15:36:02.919000,0.69865,0.69815,126,1
2018-01-24 15:36:03.041000,0.69865,0.69805,388,388
2018-01-24 15:36:03.182000,0.69865,0.69815,262,7
2018-01-24 15:36:03.232000,0.6988,0.69825,126,1
2018-01-24 15:36:03.283000,0.69865,0.69815,126,1
2018-01-24 15:36:03.333000,0.6987,0.6982,126,1
2018-01-24 15:36:03.384000,0.6988,0.69825,126,1
2018-01-24 15:36:03.499000,0.69885,0.69825,388,388
2018-01-24 15:36:03.789000,0.69885,0.69835,262,7
2018-01-24 15:36:03.993000,0.69895,0.6984,262,7
2018-01-24 15:36:04.268000,0.69895,0.69835,388,388
2018-01-24 15:36:04.422000,0.6989,0.69835,126,1
2018-01-24 15:36:04.551000,0.69885,0.69825,388,388
2018-01-24 15:36:04.612000,0.69885,0.6983,262,7
2018-01-24 15:36:04.713000,0.69885,0.69825,388,388
2018-01-24 15:36:05.793000,0.69885,0.6983,262,7
2018-01-24 15:36:05.852000,0.69885,0.69825,388,388
2018-01-24 15:36:07.148000,0.69885,0.69835,126,1
2018-01-24 15:36:07.263000,0.6989,0.69835,126,1
2018-01-24 15:36:07.457000,0.69885,0.6983,262,7
2018-01-24 15:36:07.508000,0.69885,0.69825,388,388
2018-01-24 15:36:09.325000,0.69885,0.6983,262,7
2018-01-24 15:36:09.582000,0.69885,0.69825,388,388
2018-01-24 15:36:10.795000,0.69885,0.6983,262,7
2018-01-24 15:36:10.846000,0.69885,0.69825,388,388
2018-01-24 15:36:12.379000,0.6988,0.69825,126,1
2018-01-24 15:36:12.482000,0.69885,0.69825,388,388
2018-01-24 15:36:13.875000,0.69885,0.69835,262,7
2018-01-24 15:36:13.976000,0.69895,0.69835,388,388
2018-01-24 15:36:16.670000,0.69895,0.6984,262,7
2018-01-24 15:36:16.772000,0.69895,0.69835,388,388
2018-01-24 15:36:17.088000,0.699,0.69845,126,1
2018-01-24 15:36:17.291000,0.69895,0.69835,388,388
2018-01-24 15:36:17.737000,0.69895,0.69845,126,1
2018-01-24 15:36:17.788000,0.699,0.69845,126,1
2018-01-24 15:36:18.706000,0.69905,0.69845,388,388
2018-01-24 15:36:19.390000,0.699,0.69845,126,1
2018-01-24 15:36:19.465000,0.69905,0.69845,388,388
2018-01-24 15:36:22.356000,0.699,0.69845,126,1
2018-01-24 15:36:23.308000,0.69905,0.69845,388,388
2018-01-24 15:36:23.376000,0.699,0.69845,126,1
2018-01-24 15:36:23.538000,0.69905,0.69845,388,388
2018-01-24 15:36:25.202000,0.69905,0.6985,262,7
2018-01-24 15:36:25.253000,0.69905,0.69845,388,388
2018-01-24 15:36:27.256000,0.69905,0.6985,262,7
2018-01-24 15:36:27.306000,0.69905,0.69845,388,388
2018-01-24 15:36:30.101000,0.69895,0.69845,126,1
2018-01-24 15:36:30.155000,0.69895,0.69835,388,388
2018-01-24 15:36:30.558000,0.69885,0.69835,262,7
2018-01-24 15:36:30.609000,0.69885,0.6983,262,7
2018-01-24 15:36:31.096000,0.69885,0.69825,388,388
2018-01-24 15:36:31.235000,0.69885,0.69835,126,1
2018-01-24 15:36:31.475000,0.69885,0.6983,262,7
2018-01-24 15:36:31.625000,0.69885,0.69825,388,388
2018-01-24 15:36:31.925000,0.69875,0.69825,126,1
2018-01-24 15:36:32.081000,0.69865,0.69805,388,388
2018-01-24 15:36:32.916000,0.69865,0.69815,126,1
2018-01-24 15:36:32.971000,0.6987,0.69815,126,1
2018-01-24 15:36:33.021000,0.69865,0.69815,126,1
2018-01-24 15:36:33.072000,0.69865,0.69805,388,388
2018-01-24 15:36:33.790000,0.69865,0.6981,262,7
2018-01-24 15:36:33.841000,0.69865,0.69805,388,388
2018-01-24 15:36:36.267000,0.6986,0.69805,126,1
2018-01-24 15:36:36.654000,0.69865,0.69805,388,388
2018-01-24 15:36:36.705000,0.6986,0.69805,126,1
2018-01-24 15:36:36.993000,0.69865,0.69805,388,388
2018-01-24 15:36:37.043000,0.69855,0.69805,126,1
2018-01-24 15:36:37.144000,0.69855,0.69795,388,388
2018-01-24 15:36:37.510000,0.69855,0.698,262,7
2018-01-24 15:36:37.636000,0.69865,0.69805,388,388
2018-01-24 15:36:38.276000,0.6986,0.69805,126,1
2018-01-24 15:36:38.436000,0.69855,0.69795,388,388
2018-01-24 15:36:38.541000,0.69855,0.698,262,7
2018-01-24 15:36:39.081000,0.6986,0.69805,126,1
2018-01-24 15:36:39.200000,0.69855,0.69795,388,388
2018-01-24 15:36:39.266000,0.69855,0.698,262,7
2018-01-24 15:36:39.316000,0.69855,0.69795,388,388
2018-01-24 15:36:39.474000,0.69855,0.69805,126,1
2018-01-24 15:36:39.524000,0.6986,0.69805,126,1
2018-01-24 15:36:39.785000,0.69855,0.69795,388,388
2018-01-24 15:36:40.011000,0.69855,0.698,262,7
2018-01-24 15:36:40.062000,0.69855,0.69795,388,388
2018-01-24 15:36:40.251000,0.69855,0.698,262,7
2018-01-24 15:36:40.499000,0.69855,0.69795,388,388
2018-01-24 15:36:40.626000,0.6985,0.69795,126,1
2018-01-24 15:36:40.680000,0.69845,0.69785,388,388
2018-01-24 15:36:40.821000,0.6984,0.69785,126,1
2018-01-24 15:36:40.872000,0.69845,0.69785,388,388
2018-01-24 15:36:40.994000,0.6984,0.69785,126,1
2018-01-24 15:36:41.111000,0.69845,0.69785,388,388
2018-01-24 15:36:41.774000,0.69835,0.69785,126,1
2018-01-24 15:36:41.837000,0.69835,0.69775,388,388
2018-01-24 15:36:42.161000,0.69815,0.69765,262,7
2018-01-24 15:36:42.234000,0.6982,0.6977,262,7
2018-01-24 15:36:42.285000,0.69815,0.69755,388,388
2018-01-24 15:36:42.335000,0.69815,0.6976,262,7
2018-01-24 15:36:42.386000,0.69815,0.69755,388,388
2018-01-24 15:36:42.441000,0.69815,0.69765,262,7
2018-01-24 15:36:42.514000,0.69825,0.69765,388,388
2018-01-24 15:36:42.796000,0.6982,0.69765,126,1
2018-01-24 15:36:42.846000,0.69825,0.69765,388,388
2018-01-24 15:36:42.996000,0.69825,0.69775,126,1
2018-01-24 15:36:43.157000,0.69825,0.69765,388,388
2018-01-24 15:36:43.207000,0.69825,0.6977,262,7
2018-01-24 15:36:43.525000,0.69825,0.69765,388,388
2018-01-24 15:36:44.799000,0.6982,0.69765,126,1
2018-01-24 15:36:44.900000,0.69815,0.69755,388,388
2018-01-24 15:36:45.205000,0.69805,0.69755,262,7
2018-01-24 15:36:45.268000,0.69805,0.6975,262,7
2018-01-24 15:36:45.321000,0.69805,0.69745,388,388
2018-01-24 15:36:45.476000,0.69805,0.6975,262,7
2018-01-24 15:36:45.526000,0.69805,0.69745,388,388
2018-01-24 15:36:45.639000,0.698,0.69745,126,1
2018-01-24 15:36:45.722000,0.69805,0.69745,388,388
2018-01-24 15:36:45.870000,0.698,0.69745,126,1
2018-01-24 15:36:45.954000,0.69805,0.69745,388,388
2018-01-24 15:36:46.373000,0.698,0.69745,126,1
2018-01-24 15:36:46.474000,0.69795,0.69735,388,388
2018-01-24 15:36:47.151000,0.69785,0.69735,262,7
2018-01-24 15:36:47.332000,0.69785,0.6973,262,7
2018-01-24 15:36:47.432000,0.69785,0.69735,262,7
2018-01-24 15:36:47.816000,0.69785,0.69725,388,388
2018-01-24 15:36:47.920000,0.69785,0.6973,262,7
2018-01-24 15:36:48.316000,0.69785,0.69735,262,7
2018-01-24 15:36:48.366000,0.69785,0.69725,388,388
2018-01-24 15:36:48.748000,0.69775,0.69725,262,7
2018-01-24 15:36:49.201000,0.69765,0.69705,388,388
2018-01-24 15:36:49.388000,0.69765,0.69715,126,1
2018-01-24 15:36:49.579000,0.6977,0.69715,126,1
2018-01-24 15:36:49.961000,0.69755,0.69705,262,7
2018-01-24 15:36:50.459000,0.69755,0.69705,262,7
2018-01-24 15:36:50.510000,0.69755,0.697,262,7
2018-01-24 15:36:50.937000,0.69755,0.69705,262,7
2018-01-24 15:36:51.509000,0.6977,0.69715,126,1
2018-01-24 15:36:51.991000,0.69775,0.69715,388,388
2018-01-24 15:36:52.042000,0.6977,0.69715,126,1
2018-01-24 15:36:52.250000,0.69775,0.69715,262,388
2018-01-24 15:36:52.302000,0.69775,0.69725,126,1
2018-01-24 15:36:52.509000,0.6978,0.69725,126,1
2018-01-24 15:36:52.559000,0.69775,0.69725,126,1
2018-01-24 15:36:52.635000,0.69775,0.69715,388,388
2018-01-24 15:36:52.910000,0.69775,0.69725,126,1
2018-01-24 15:36:52.966000,0.6978,0.69725,126,1
2018-01-24 15:36:53.038000,0.69775,0.6972,262,7
2018-01-24 15:36:53.370000,0.69775,0.69725,126,1
2018-01-24 15:36:53.422000,0.6978,0.69725,126,1
2018-01-24 15:36:53.492000,0.69785,0.69725,388,388
2018-01-24 15:36:53.683000,0.69785,0.69735,126,1
2018-01-24 15:36:53.808000,0.6979,0.69735,126,1
2018-01-24 15:36:53.909000,0.69795,0.69735,388,388
2018-01-24 15:36:54.019000,0.69785,0.69735,262,7
2018-01-24 15:36:54.070000,0.69785,0.6973,262,7
2018-01-24 15:36:54.426000,0.69785,0.69725,388,388
2018-01-24 15:36:54.568000,0.69775,0.69725,126,1
2018-01-24 15:36:54.618000,0.6978,0.69725,126,1
2018-01-24 15:36:54.669000,0.69775,0.69725,126,1
2018-01-24 15:36:54.721000,0.69775,0.69715,388,388
2018-01-24 15:36:55.027000,0.69775,0.6972,262,7
2018-01-24 15:36:55.482000,0.69775,0.69725,126,1
2018-01-24 15:36:55.539000,0.69775,0.69715,388,388
2018-01-24 15:36:56.143000,0.6977,0.69715,126,1
2018-01-24 15:36:56.257000,0.69775,0.69715,388,388
2018-01-24 15:36:56.564000,0.6977,0.69715,126,1
2018-01-24 15:36:56.716000,0.69775,0.69715,388,388
2018-01-24 15:36:56.789000,0.69775,0.69725,126,1
2018-01-24 15:36:56.839000,0.6978,0.69725,126,1
2018-01-24 15:36:56.890000,0.69785,0.69725,388,388
2018-01-24 15:36:57.212000,0.6978,0.69725,126,1
2018-01-24 15:36:57.437000,0.69785,0.69725,388,388
2018-01-24 15:36:57.974000,0.6978,0.69725,126,1
2018-01-24 15:36:58.048000,0.69785,0.69725,388,388
2018-01-24 15:36:58.099000,0.6978,0.69725,126,1
2018-01-24 15:36:58.492000,0.69775,0.69725,126,1
2018-01-24 15:36:58.643000,0.69765,0.69705,388,388
2018-01-24 15:36:58.694000,0.69755,0.69705,126,1
2018-01-24 15:36:58.757000,0.69755,0.697,388,1
2018-01-24 15:36:59.123000,0.6976,0.69705,126,1
2018-01-24 15:36:59.174000,0.69765,0.69705,388,388
2018-01-24 15:36:59.369000,0.69755,0.69705,262,7
2018-01-24 15:36:59.420000,0.69755,0.697,388,1
2018-01-24 15:36:59.530000,0.69755,0.69705,126,1
2018-01-24 15:36:59.581000,0.69765,0.69705,388,388
2018-01-24 15:36:59.691000,0.69755,0.69705,262,7
2018-01-24 15:36:59.826000,0.69755,0.697,388,1
2018-01-24 15:37:00.136000,0.69755,0.69705,126,1
2018-01-24 15:37:00.187000,0.6976,0.69705,126,1
2018-01-24 15:37:00.304000,0.69765,0.69705,388,388
2018-01-24 15:37:00.355000,0.69755,0.69705,262,7
2018-01-24 15:37:00.410000,0.69755,0.697,262,7
2018-01-24 15:37:00.859000,0.69755,0.69705,262,7
2018-01-24 15:37:00.915000,0.69755,0.697,262,1
2018-01-24 15:37:00.966000,0.69755,0.69705,126,1
2018-01-24 15:37:01.054000,0.6976,0.69705,126,1
2018-01-24 15:37:01.164000,0.69755,0.697,262,7
2018-01-24 15:37:02.751000,0.69745,0.697,126,1
2018-01-24 15:37:03.541000,0.6974,0.697,126,1
2018-01-24 15:37:03.853000,0.69745,0.697,388,1
2018-01-24 15:37:04.004000,0.6975,0.697,126,1
2018-01-24 15:37:04.194000,0.69755,0.697,388,1
2018-01-24 15:37:04.391000,0.6975,0.697,126,1
2018-01-24 15:37:04.893000,0.69745,0.697,388,1
2018-01-24 15:37:05.196000,0.69735,0.697,388,1
2018-01-24 15:37:05.554000,0.69725,0.697,388,1
2018-01-24 15:37:05.866000,0.69735,0.697,388,1
2018-01-24 15:37:06.300000,0.6973,0.697,126,1
2018-01-24 15:37:06.699000,0.6972,0.697,126,1
2018-01-24 15:37:07.203000,0.69715,0.697,388,1
2018-01-24 15:37:07.859000,0.69705,0.697,262,1
2018-01-24 15:37:08.103000,0.69715,0.697,388,1
2018-01-24 15:37:08.684000,0.6972,0.697,126,1
2018-01-24 15:37:08.739000,0.69725,0.697,388,1
2018-01-24 15:37:08.806000,0.69715,0.697,262,1
2018-01-24 15:37:08.971000,0.69725,0.697,388,1
2018-01-24 15:37:09.048000,0.6972,0.697,126,1
2018-01-24 15:37:09.159000,0.69725,0.697,388,1
2018-01-24 15:37:09.328000,0.69715,0.697,262,1
2018-01-24 15:37:09.692000,0.69705,0.697,262,1
2018-01-24 15:37:10.030000,0.6971,0.697,126,1
2018-01-24 15:37:10.719000,0.69715,0.697,388,1
2018-01-24 15:37:11.040000,0.6972,0.697,126,1
2018-01-24 15:37:11.412000,0.69725,0.697,388,1
2018-01-24 15:37:11.572000,0.6972,0.697,126,1
2018-01-24 15:37:11.623000,0.69725,0.697,388,1
2018-01-24 15:37:12.122000,0.6972,0.697,126,1
2018-01-24 15:37:12.249000,0.69725,0.697,388,1
2018-01-24 15:37:12.624000,0.69735,0.697,388,1
2018-01-24 15:37:13.029000,0.69745,0.697,388,1
2018-01-24 15:37:13.080000,0.6975,0.697,126,1
2018-01-24 15:37:13.131000,0.69745,0.697,126,1
2018-01-24 15:37:13.380000,0.6975,0.697,126,1
2018-01-24 15:37:13.792000,0.69745,0.697,262,1
2018-01-24 15:37:14.427000,0.6974,0.697,126,1
2018-01-24 15:37:14.786000,0.69745,0.697,388,1
2018-01-24 15:37:15.085000,0.6974,0.697,126,1
2018-01-24 15:37:15.401000,0.69725,0.697,388,1
2018-01-24 15:37:16.057000,0.6972,0.697,126,1
2018-01-24 15:37:16.107000,0.69725,0.697,388,1
2018-01-24 15:37:16.696000,0.6973,0.697,126,1
2018-01-24 15:37:16.778000,0.69735,0.697,388,1
2018-01-24 15:37:16.829000,0.6973,0.697,126,1
2018-01-24 15:37:17.248000,0.69725,0.697,262,1
2018-01-24 15:37:17.956000,0.69735,0.697,388,1
2018-01-24 15:37:18.154000,0.6973,0.697,126,1
2018-01-24 15:37:18.209000,0.69735,0.697,388,1
2018-01-24 15:37:18.533000,0.6973,0.697,126,1
2018-01-24 15:37:18.988000,0.69735,0.697,388,1
2018-01-24 15:37:19.811000,0.69745,0.697,388,1
2018-01-24 15:37:21.088000,0.69755,0.69705,262,8
2018-01-24 15:37:21.139000,0.69755,0.697,262,8
2018-01-24 15:37:21.189000,0.69755,0.69705,262,8
2018-01-24 15:37:21.270000,0.69765,0.69705,388,388
2018-01-24 15:37:23.685000,0.69765,0.6971,262,8
2018-01-24 15:37:23.915000,0.69775,0.69715,388,388
2018-01-24 15:37:24.251000,0.69775,0.69725,262,8
2018-01-24 15:37:24.619000,0.69785,0.6973,262,8
2018-01-24 15:37:25.213000,0.69785,0.69725,388,388
2018-01-24 15:37:25.615000,0.69785,0.69735,262,8
2018-01-24 15:37:25.818000,0.69795,0.69735,388,388
2018-01-24 15:37:25.868000,0.69795,0.6974,262,8
2018-01-24 15:37:25.919000,0.69795,0.69735,388,388
2018-01-24 15:37:26.065000,0.69795,0.69745,126,1
2018-01-24 15:37:26.166000,0.698,0.69745,126,1
2018-01-24 15:37:26.267000,0.69785,0.69735,262,8
2018-01-24 15:37:26.797000,0.69785,0.69725,388,388
2018-01-24 15:37:27.357000,0.69785,0.6973,262,8
2018-01-24 15:37:27.593000,0.69795,0.69735,388,388
2018-01-24 15:37:27.817000,0.6978,0.69725,126,1
2018-01-24 15:37:28.253000,0.69775,0.69715,388,388
2018-01-24 15:37:28.981000,0.69765,0.69715,262,8
2018-01-24 15:37:29.031000,0.69765,0.69705,388,388
2018-01-24 15:37:29.248000,0.69765,0.6971,262,8
2018-01-24 15:37:29.349000,0.69775,0.69715,388,388
2018-01-24 15:37:29.629000,0.6977,0.69715,126,1
2018-01-24 15:37:29.804000,0.69775,0.69715,388,388
2018-01-24 15:37:30.032000,0.6977,0.69715,126,1
2018-01-24 15:37:30.519000,0.69775,0.69715,388,388
2018-01-24 15:37:31.340000,0.6977,0.69715,126,1
2018-01-24 15:37:31.688000,0.69775,0.69715,262,388
2018-01-24 15:37:31.739000,0.69775,0.69725,262,8
2018-01-24 15:37:31.798000,0.69785,0.69725,388,388
2018-01-24 15:37:32.008000,0.69775,0.69725,262,8
2018-01-24 15:37:32.109000,0.69775,0.69715,388,388
2018-01-24 15:37:32.303000,0.69775,0.6972,262,8
2018-01-24 15:37:32.600000,0.69785,0.69725,388,388
2018-01-24 15:37:32.705000,0.6978,0.69725,126,1
2018-01-24 15:37:34.829000,0.69775,0.6972,262,8
2018-01-24 15:37:34.930000,0.69775,0.69715,388,388
2018-01-24 15:37:34.990000,0.69775,0.69725,126,1
2018-01-24 15:37:35.041000,0.6978,0.69725,126,1
2018-01-24 15:37:35.117000,0.69785,0.69725,388,388
2018-01-24 15:37:35.572000,0.69775,0.69725,126,1
2018-01-24 15:37:35.625000,0.69775,0.69715,388,388
2018-01-24 15:37:36.252000,0.69775,0.69725,126,1
2018-01-24 15:37:36.696000,0.69775,0.69715,388,388
2018-01-24 15:37:38.709000,0.69775,0.69725,126,1
2018-01-24 15:37:38.918000,0.6978,0.69725,126,1
2018-01-24 15:37:38.969000,0.69785,0.69725,388,388
2018-01-24 15:37:39.273000,0.69775,0.69725,262,8
2018-01-24 15:37:39.328000,0.6977,0.69715,126,1
2018-01-24 15:37:39.551000,0.69765,0.69705,388,388
2018-01-24 15:37:39.976000,0.69765,0.69715,126,1
2018-01-24 15:37:40.173000,0.6977,0.69715,126,1
2018-01-24 15:37:41.022000,0.69775,0.69715,388,388
2018-01-24 15:37:41.072000,0.69765,0.69715,262,8
2018-01-24 15:37:41.706000,0.69765,0.6971,262,8
2018-01-24 15:37:41.960000,0.69765,0.69705,388,388
2018-01-24 15:37:43.164000,0.69765,0.6971,262,8
2018-01-24 15:37:43.613000,0.6977,0.69715,126,1
2018-01-24 15:37:44.011000,0.69775,0.69715,388,388
2018-01-24 15:37:44.203000,0.6977,0.69715,126,1
2018-01-24 15:37:44.578000,0.69775,0.69715,388,388
2018-01-24 15:37:44.678000,0.69775,0.6972,262,8
2018-01-24 15:37:44.887000,0.69775,0.69715,388,388
2018-01-24 15:37:47.519000,0.6977,0.69715,126,1
2018-01-24 15:37:47.730000,0.69765,0.69705,388,388
2018-01-24 15:37:48.468000,0.6976,0.69705,126,1
2018-01-24 15:37:48.987000,0.69755,0.697,262,8
2018-01-24 15:37:50.927000,0.69745,0.697,262,1
2018-01-24 15:37:51.407000,0.6975,0.697,126,1
2018-01-24 15:37:52.105000,0.69745,0.697,126,1
2018-01-24 15:37:53.244000,0.6975,0.697,126,1
2018-01-24 15:37:53.803000,0.69745,0.697,126,1
2018-01-24 15:37:54.385000,0.6974,0.697,126,1
2018-01-24 15:37:54.806000,0.69745,0.697,388,1
2018-01-24 15:37:54.871000,0.6974,0.697,126,1
2018-01-24 15:37:55.458000,0.69735,0.697,126,1
2018-01-24 15:37:56.205000,0.69725,0.697,262,1
2018-01-24 15:37:57.654000,0.6972,0.697,126,1
2018-01-24 15:37:57.933000,0.69725,0.697,388,1
2018-01-24 15:37:58.034000,0.6972,0.697,126,1
2018-01-24 15:37:58.648000,0.69725,0.697,388,1
2018-01-24 15:37:58.749000,0.6972,0.697,126,1
2018-01-24 15:37:58.877000,0.69725,0.697,388,1
2018-01-24 15:38:00.013000,0.6972,0.697,126,1
2018-01-24 15:38:00.065000,0.69725,0.697,388,1
2018-01-24 15:38:00.236000,0.6972,0.697,126,1
2018-01-24 15:38:00.287000,0.69725,0.697,388,1
2018-01-24 15:38:00.401000,0.6972,0.697,126,1
2018-01-24 15:38:00.454000,0.69725,0.697,388,1
2018-01-24 15:38:00.644000,0.6972,0.697,126,1
2018-01-24 15:38:00.912000,0.69725,0.697,388,1
2018-01-24 15:38:04.444000,0.6972,0.697,126,1
2018-01-24 15:38:05.027000,0.69715,0.697,388,1
2018-01-24 15:38:06.244000,0.6972,0.697,126,1
2018-01-24 15:38:06.295000,0.69725,0.697,388,1
2018-01-24 15:38:06.729000,0.6972,0.697,126,1
2018-01-24 15:38:06.779000,0.69725,0.697,388,1
2018-01-24 15:38:09.700000,0.69715,0.697,262,1
2018-01-24 15:38:10.267000,0.69725,0.697,388,1
2018-01-24 15:38:10.349000,0.6972,0.697,126,1
2018-01-24 15:38:10.732000,0.69715,0.697,388,1
2018-01-24 15:38:10.933000,0.6972,0.697,126,1
2018-01-24 15:38:10.987000,0.69725,0.697,388,1
2018-01-24 15:38:11.183000,0.69715,0.697,262,1
2018-01-24 15:38:11.781000,0.6972,0.697,126,1
2018-01-24 15:38:12.991000,0.69725,0.697,388,1
2018-01-24 15:38:13.836000,0.6972,0.697,126,1
2018-01-24 15:38:14.103000,0.69725,0.697,388,1
2018-01-24 15:38:14.311000,0.69735,0.697,388,1
2018-01-24 15:38:14.648000,0.69725,0.697,262,1
2018-01-24 15:38:15.510000,0.69715,0.697,262,1
2018-01-24 15:38:15.906000,0.6972,0.697,126,1
2018-01-24 15:38:16.065000,0.69715,0.697,262,1
2018-01-24 15:38:16.506000,0.6971,0.697,126,1
2018-01-24 15:38:16.682000,0.69715,0.697,388,1
2018-01-24 15:38:17.514000,0.6971,0.697,126,1
2018-01-24 15:38:17.748000,0.69715,0.697,388,1
2018-01-24 15:38:17.907000,0.6971,0.697,126,1
2018-01-24 15:38:18.095000,0.69715,0.697,388,1
2018-01-24 15:38:18.146000,0.6971,0.697,126,1
2018-01-24 15:38:18.197000,0.69715,0.697,388,1
2018-01-24 15:38:18.410000,0.69705,0.697,262,1
2018-01-24 15:38:19.243000,0.69675,0.69625,262,8
2018-01-24 15:38:19.294000,0.69685,0.69635,262,8
2018-01-24 15:38:19.395000,0.69675,0.69625,262,8
2018-01-24 15:38:19.731000,0.69685,0.69625,262,388
2018-01-24 15:38:19.781000,0.69675,0.69625,126,1
2018-01-24 15:38:19.831000,0.69685,0.69625,388,388
2018-01-24 15:38:19.932000,0.6969,0.69635,126,1
2018-01-24 15:38:20.443000,0.69695,0.69635,388,388
2018-01-24 15:38:20.824000,0.6969,0.69635,126,1
2018-01-24 15:38:21.108000,0.69685,0.69625,388,388
2018-01-24 15:38:21.346000,0.69685,0.69635,126,1
2018-01-24 15:38:21.609000,0.6969,0.69635,126,1
2018-01-24 15:38:21.769000,0.69695,0.69635,388,388
2018-01-24 15:38:22.786000,0.69695,0.69645,262,8
2018-01-24 15:38:22.889000,0.69705,0.69645,388,388
2018-01-24 15:38:22.940000,0.697,0.69645,126,1
2018-01-24 15:38:23.628000,0.69705,0.69645,388,388
2018-01-24 15:38:23.679000,0.697,0.69645,126,1
2018-01-24 15:38:24.289000,0.69705,0.69645,388,388
2018-01-24 15:38:24.358000,0.697,0.69645,126,1
2018-01-24 15:38:24.685000,0.69705,0.69645,388,388
2018-01-24 15:38:24.799000,0.69705,0.6965,262,8
2018-01-24 15:38:24.955000,0.69715,0.69655,388,388
2018-01-24 15:38:25.153000,0.6971,0.69655,126,1
2018-01-24 15:38:25.329000,0.69715,0.69655,388,388
2018-01-24 15:38:25.638000,0.69705,0.69655,262,8
2018-01-24 15:38:25.739000,0.69705,0.6965,262,8
2018-01-24 15:38:25.789000,0.69699,0.69645,126,1
2018-01-24 15:38:25.841000,0.69695,0.69635,388,388
2018-01-24 15:38:27.408000,0.6969,0.69635,126,1
2018-01-24 15:38:27.535000,0.69685,0.69625,388,388
2018-01-24 15:38:28.386000,0.6968,0.69625,126,1
2018-01-24 15:38:28.540000,0.69675,0.69615,388,388
2018-01-24 15:38:28.598000,0.6967,0.69615,126,1
2018-01-24 15:38:28.648000,0.69675,0.69615,388,388
2018-01-24 15:38:28.859000,0.6967,0.69615,126,1
2018-01-24 15:38:29.110000,0.69675,0.69615,388,388
2018-01-24 15:38:29.798000,0.6968,0.69625,126,1
2018-01-24 15:38:30.136000,0.69675,0.69615,388,388
2018-01-24 15:38:30.967000,0.6967,0.69615,126,1
2018-01-24 15:38:31.018000,0.69675,0.69615,388,388
2018-01-24 15:38:31.118000,0.6967,0.69615,126,1
2018-01-24 15:38:31.383000,0.69675,0.69615,388,388
2018-01-24 15:38:31.550000,0.6967,0.69615,126,1
2018-01-24 15:38:31.724000,0.69675,0.69615,388,388
2018-01-24 15:38:31.775000,0.69665,0.69615,126,1
2018-01-24 15:38:31.825000,0.6967,0.69615,126,1
2018-01-24 15:38:31.896000,0.69665,0.69615,126,1
2018-01-24 15:38:31.947000,0.69675,0.69615,388,388
2018-01-24 15:38:32.214000,0.6967,0.69615,126,1
2018-01-24 15:38:32.872000,0.69675,0.69615,388,388
2018-01-24 15:38:33.134000,0.6967,0.69615,126,1
2018-01-24 15:38:33.186000,0.69675,0.69615,388,388
2018-01-24 15:38:33.507000,0.6967,0.69615,126,1
2018-01-24 15:38:33.557000,0.69675,0.69615,388,388
2018-01-24 15:38:33.791000,0.6967,0.69615,126,1
2018-01-24 15:38:34.112000,0.69675,0.69615,388,388
2018-01-24 15:38:34.440000,0.69675,0.6962,262,8
2018-01-24 15:38:34.605000,0.69685,0.69625,388,388
2018-01-24 15:38:34.656000,0.69685,0.69635,126,1
2018-01-24 15:38:34.767000,0.6969,0.69635,126,1
2018-01-24 15:38:34.818000,0.69685,0.6963,262,8
2018-01-24 15:38:34.913000,0.69685,0.69625,388,388
2018-01-24 15:38:34.963000,0.69695,0.69635,388,388
2018-01-24 15:38:35.469000,0.69695,0.69645,126,1
2018-01-24 15:38:35.521000,0.697,0.69645,126,1
2018-01-24 15:38:35.617000,0.69705,0.69645,388,388
2018-01-24 15:38:35.710000,0.69705,0.6965,262,8
2018-01-24 15:38:35.859000,0.69715,0.69655,388,388
2018-01-24 15:38:36.354000,0.69705,0.69655,126,1
2018-01-24 15:38:36.472000,0.69705,0.69645,388,388
2018-01-24 15:38:36.631000,0.69705,0.69655,126,1
2018-01-24 15:38:36.833000,0.6971,0.69655,126,1
2018-01-24 15:38:36.884000,0.69715,0.69655,388,388
2018-01-24 15:38:37.824000,0.6971,0.69655,126,1
2018-01-24 15:38:37.988000,0.69715,0.69655,388,388
2018-01-24 15:38:38.658000,0.69715,0.6966,262,8
2018-01-24 15:38:38.713000,0.69715,0.69655,388,388
2018-01-24 15:38:38.767000,0.69715,0.69665,262,8
2018-01-24 15:38:38.910000,0.69725,0.69665,388,388
2018-01-24 15:38:39.225000,0.6972,0.69665,126,1
2018-01-24 15:38:39.276000,0.69715,0.69655,388,388
2018-01-24 15:38:39.477000,0.69715,0.6966,262,8
2018-01-24 15:38:39.620000,0.69725,0.69665,388,388
2018-01-24 15:38:39.730000,0.69725,0.6967,262,8
2018-01-24 15:38:39.871000,0.69735,0.69675,388,388
2018-01-24 15:38:39.922000,0.69725,0.6967,262,8
2018-01-24 15:38:40.259000,0.69735,0.69675,388,388
2018-01-24 15:38:40.359000,0.6973,0.69675,126,1
2018-01-24 15:38:40.798000,0.69735,0.69675,388,388
2018-01-24 15:38:40.943000,0.69725,0.69675,262,8
2018-01-24 15:38:40.994000,0.69725,0.6967,262,8
2018-01-24 15:38:41.239000,0.6973,0.69675,126,1
2018-01-24 15:38:41.291000,0.69735,0.69675,388,388
2018-01-24 15:38:41.520000,0.69735,0.6968,262,8
2018-01-24 15:38:41.610000,0.69735,0.69675,388,388
2018-01-24 15:38:42.146000,0.69735,0.6968,262,8
2018-01-24 15:38:42.745000,0.6974,0.69685,126,1
2018-01-24 15:38:43.347000,0.69745,0.69685,388,388
2018-01-24 15:38:44.173000,0.69745,0.69695,262,8
2018-01-24 15:38:44.224000,0.69745,0.69685,388,388
2018-01-24 15:38:44.275000,0.69745,0.69695,262,8
2018-01-24 15:38:44.426000,0.6977,0.69715,126,1
2018-01-24 15:38:44.720000,0.69775,0.69715,388,388
2018-01-24 15:38:44.786000,0.6977,0.69715,126,1
2018-01-24 15:38:44.886000,0.69755,0.69695,388,388
2018-01-24 15:38:44.990000,0.6975,0.69695,126,1
2018-01-24 15:38:45.268000,0.69755,0.69695,388,388
2018-01-24 15:38:45.430000,0.6975,0.69695,126,1
2018-01-24 15:38:45.535000,0.69755,0.69695,388,388
2018-01-24 15:38:46.245000,0.6975,0.69695,126,1
2018-01-24 15:38:46.409000,0.69755,0.69695,388,388
2018-01-24 15:38:46.728000,0.6975,0.69695,126,1
2018-01-24 15:38:47.268000,0.69755,0.69695,388,388
2018-01-24 15:38:48.080000,0.6975,0.69695,126,1
2018-01-24 15:38:49.904000,0.69755,0.69695,388,388
2018-01-24 15:38:49.963000,0.6975,0.69695,126,1
2018-01-24 15:38:50.897000,0.69755,0.69695,388,388
2018-01-24 15:38:51.550000,0.69755,0.697,262,8
2018-01-24 15:38:52.241000,0.6976,0.69705,126,1
2018-01-24 15:38:53.802000,0.69765,0.69705,388,388
2018-01-24 15:38:53.853000,0.69765,0.69715,262,8
2018-01-24 15:38:53.972000,0.69775,0.69715,388,388
2018-01-24 15:38:54.560000,0.6977,0.69715,126,1
2018-01-24 15:38:54.613000,0.69775,0.69715,388,388
2018-01-24 15:38:56.611000,0.69775,0.6972,262,8
2018-01-24 15:38:56.868000,0.69785,0.69725,388,388
2018-01-24 15:38:57.034000,0.69785,0.6973,262,8
2018-01-24 15:38:57.276000,0.69795,0.69735,388,388
2018-01-24 15:38:57.326000,0.69785,0.69735,262,8
2018-01-24 15:38:57.377000,0.69785,0.69725,388,388
2018-01-24 15:38:57.473000,0.69785,0.6973,262,8
2018-01-24 15:38:57.525000,0.69795,0.69735,388,388
2018-01-24 15:38:57.576000,0.6979,0.69735,126,1
2018-01-24 15:38:57.636000,0.69795,0.69735,388,388
2018-01-24 15:38:58.276000,0.6979,0.69735,126,1
2018-01-24 15:38:58.327000,0.69795,0.69735,388,388
2018-01-24 15:38:58.495000,0.6979,0.69735,126,1
2018-01-24 15:38:58.546000,0.69785,0.69725,388,388
2018-01-24 15:38:58.596000,0.69775,0.6972,262,8
2018-01-24 15:38:59.051000,0.69775,0.69715,388,388
2018-01-24 15:38:59.796000,0.69765,0.69715,126,1
2018-01-24 15:38:59.847000,0.69765,0.69705,388,388
2018-01-24 15:38:59.899000,0.69765,0.6971,262,8
2018-01-24 15:39:00.241000,0.69775,0.69715,388,388
2018-01-24 15:39:00.428000,0.69765,0.69715,262,8
2018-01-24 15:39:00.739000,0.69755,0.69705,262,8
2018-01-24 15:39:00.872000,0.69765,0.69705,388,388
2018-01-24 15:39:00.973000,0.69765,0.69715,126,1
2018-01-24 15:39:01.023000,0.6977,0.69715,126,1
2018-01-24 15:39:01.115000,0.69765,0.69715,126,1
2018-01-24 15:39:01.170000,0.69775,0.69715,388,388
2018-01-24 15:39:01.271000,0.69765,0.69715,126,1
2018-01-24 15:39:01.321000,0.69765,0.69705,388,388
2018-01-24 15:39:01.454000,0.69765,0.69715,126,1
2018-01-24 15:39:01.509000,0.69775,0.69715,388,388
2018-01-24 15:39:01.611000,0.69765,0.69715,126,1
2018-01-24 15:39:01.662000,0.69765,0.69705,388,388
2018-01-24 15:39:01.820000,0.69765,0.69715,126,1
2018-01-24 15:39:01.921000,0.69775,0.69715,388,388
2018-01-24 15:39:02.003000,0.6977,0.69715,126,1
2018-01-24 15:39:02.290000,0.69765,0.69705,388,388
2018-01-24 15:39:03.018000,0.69765,0.6971,262,8
2018-01-24 15:39:03.068000,0.69775,0.69715,388,388
2018-01-24 15:39:03.119000,0.69765,0.69715,126,1
2018-01-24 15:39:03.220000,0.69765,0.69705,388,388
2018-01-24 15:39:04.866000,0.6976,0.69705,126,1
2018-01-24 15:39:04.919000,0.69765,0.69705,388,388
2018-01-24 15:39:04.969000,0.6976,0.69705,126,1
2018-01-24 15:39:05.418000,0.69765,0.69705,388,388
2018-01-24 15:39:05.531000,0.69755,0.69705,262,8
2018-01-24 15:39:05.647000,0.6975,0.69695,126,1
2018-01-24 15:39:05.807000,0.69755,0.69695,388,388
2018-01-24 15:39:06.069000,0.6975,0.69695,126,1
2018-01-24 15:39:06.188000,0.69755,0.69695,388,388
2018-01-24 15:39:06.342000,0.6975,0.69695,126,1
2018-01-24 15:39:06.847000,0.69755,0.69695,388,388
2018-01-24 15:39:07.537000,0.6975,0.69695,126,1
2018-01-24 15:39:07.698000,0.69755,0.69695,388,388
2018-01-24 15:39:07.761000,0.6975,0.69695,126,1
2018-01-24 15:39:08.119000,0.69745,0.69695,126,1
2018-01-24 15:39:08.172000,0.69745,0.69685,388,388
2018-01-24 15:39:08.442000,0.69745,0.69695,126,1
2018-01-24 15:39:08.544000,0.6975,0.69695,126,1
2018-01-24 15:39:08.596000,0.69745,0.6969,262,8
2018-01-24 15:39:08.744000,0.69745,0.69685,388,388
2018-01-24 15:39:09.076000,0.6974,0.69685,126,1
2018-01-24 15:39:09.126000,0.69735,0.69675,388,388
2018-01-24 15:39:09.433000,0.69725,0.69675,262,8
2018-01-24 15:39:09.594000,0.69735,0.69675,388,388
2018-01-24 15:39:10.932000,0.6973,0.69675,126,1
2018-01-24 15:39:11.146000,0.69725,0.69665,388,388
2018-01-24 15:39:11.197000,0.69725,0.6967,262,8
2018-01-24 15:39:11.410000,0.69735,0.69675,388,388
2018-01-24 15:39:11.460000,0.69735,0.69685,126,1
2018-01-24 15:39:11.653000,0.6974,0.69685,126,1
2018-01-24 15:39:12.593000,0.69735,0.6968,262,8
2018-01-24 15:39:12.644000,0.69735,0.69675,388,388
2018-01-24 15:39:12.777000,0.69735,0.69685,126,1
2018-01-24 15:39:12.828000,0.6974,0.69685,126,1
2018-01-24 15:39:12.951000,0.69745,0.69685,388,388
2018-01-24 15:39:13.341000,0.6974,0.69685,126,1
2018-01-24 15:39:13.394000,0.69745,0.69685,388,388
2018-01-24 15:39:13.779000,0.69745,0.6969,262,8
2018-01-24 15:39:13.829000,0.69735,0.69675,388,388
2018-01-24 15:39:13.980000,0.69725,0.69675,262,8
2018-01-24 15:39:14.031000,0.69725,0.6967,262,8
2018-01-24 15:39:14.081000,0.69725,0.69675,262,8
2018-01-24 15:39:14.132000,0.69725,0.69665,388,388
2018-01-24 15:39:14.236000,0.69715,0.69665,262,8
2018-01-24 15:39:14.287000,0.69715,0.69655,388,388
2018-01-24 15:39:14.412000,0.6971,0.69655,126,1
2018-01-24 15:39:14.463000,0.69715,0.69655,388,388
2018-01-24 15:39:14.603000,0.6971,0.69655,126,1
2018-01-24 15:39:14.654000,0.69715,0.69655,388,388
2018-01-24 15:39:14.881000,0.6971,0.69655,126,1
2018-01-24 15:39:14.932000,0.69715,0.69655,388,388
2018-01-24 15:39:14.991000,0.6971,0.69655,126,1
2018-01-24 15:39:15.132000,0.69705,0.69645,388,388
2018-01-24 15:39:15.266000,0.69705,0.6965,262,8
2018-01-24 15:39:15.558000,0.69715,0.69655,388,388
2018-01-24 15:39:15.834000,0.6971,0.69655,126,1
2018-01-24 15:39:16.230000,0.69705,0.69655,126,1
2018-01-24 15:39:16.280000,0.69705,0.6965,262,8
2018-01-24 15:39:16.331000,0.6971,0.69655,126,1
2018-01-24 15:39:16.636000,0.69705,0.69645,388,388
2018-01-24 15:39:17.330000,0.69705,0.69655,126,1
2018-01-24 15:39:17.380000,0.69715,0.69655,262,388
2018-01-24 15:39:17.491000,0.69715,0.69665,126,1
2018-01-24 15:39:17.591000,0.6972,0.69665,126,1
2018-01-24 15:39:18.775000,0.69715,0.69665,126,1
2018-01-24 15:39:18.918000,0.69715,0.69655,388,388
2018-01-24 15:39:19.986000,0.6971,0.69655,126,1
2018-01-24 15:39:20.036000,0.69715,0.69655,388,388
2018-01-24 15:39:20.147000,0.6971,0.69655,126,1
2018-01-24 15:39:20.198000,0.69715,0.69655,388,388
2018-01-24 15:39:21.485000,0.6971,0.69655,126,1
2018-01-24 15:39:21.911000,0.69715,0.69655,388,388
2018-01-24 15:39:23.824000,0.6971,0.69655,126,1
2018-01-24 15:39:23.975000,0.69705,0.69645,388,388
2018-01-24 15:39:24.857000,0.69695,0.69645,262,8
2018-01-24 15:39:24.907000,0.69695,0.69635,388,388
2018-01-24 15:39:26.844000,0.6969,0.69635,126,1
2018-01-24 15:39:26.944000,0.69695,0.69635,388,388
2018-01-24 15:39:26.995000,0.69685,0.69625,388,388
2018-01-24 15:39:27.659000,0.69685,0.6963,262,8
2018-01-24 15:39:27.960000,0.69685,0.69625,388,388
2018-01-24 15:39:28.024000,0.69685,0.6963,262,8
2018-01-24 15:39:28.112000,0.69685,0.69625,388,388
2018-01-24 15:39:28.500000,0.69685,0.69635,126,1
2018-01-24 15:39:28.556000,0.6969,0.69635,126,1
2018-01-24 15:39:28.660000,0.69685,0.6963,262,8
2018-01-24 15:39:28.711000,0.69685,0.69625,388,388
2018-01-24 15:39:29.159000,0.6968,0.69625,126,1
2018-01-24 15:39:29.831000,0.69685,0.69625,388,388
2018-01-24 15:39:30.225000,0.6968,0.69625,126,1
2018-01-24 15:39:30.961000,0.69675,0.69625,126,1
2018-01-24 15:39:31.012000,0.69685,0.69625,388,388
2018-01-24 15:39:31.063000,0.6968,0.69625,126,1
2018-01-24 15:39:31.380000,0.69675,0.69615,388,388
2018-01-24 15:39:32.128000,0.6967,0.69615,126,1
2018-01-24 15:39:32.352000,0.69675,0.69615,388,388
2018-01-24 15:39:32.403000,0.69665,0.6961,262,8
2018-01-24 15:39:32.663000,0.69675,0.69615,388,388
2018-01-24 15:39:33.143000,0.6967,0.69615,126,1
2018-01-24 15:39:33.260000,0.69665,0.69605,388,388
2018-01-24 15:39:33.387000,0.69665,0.6961,262,8
2018-01-24 15:39:33.681000,0.69685,0.69625,388,388
2018-01-24 15:39:33.748000,0.69685,0.69635,126,1
2018-01-24 15:39:33.798000,0.6969,0.69635,126,1
2018-01-24 15:39:34.067000,0.69685,0.6963,262,8
2018-01-24 15:39:34.982000,0.69685,0.69625,388,388
2018-01-24 15:39:35.032000,0.69685,0.69635,262,8
2018-01-24 15:39:35.150000,0.69695,0.69635,388,388
2018-01-24 15:39:36.086000,0.69695,0.69645,126,1
2018-01-24 15:39:36.219000,0.697,0.69645,126,1
2018-01-24 15:39:36.340000,0.69705,0.69645,388,388
2018-01-24 15:39:36.824000,0.697,0.69645,126,1
2018-01-24 15:39:37.140000,0.69695,0.69635,388,388
2018-01-24 15:39:38.197000,0.6969,0.69635,126,1
2018-01-24 15:39:38.599000,0.69695,0.69635,388,388
2018-01-24 15:39:39.741000,0.6969,0.69635,126,1
2018-01-24 15:39:40.254000,0.69685,0.6963,262,8
2018-01-24 15:39:40.436000,0.69685,0.69625,388,388
2018-01-24 15:39:40.813000,0.69685,0.69635,126,1
2018-01-24 15:39:40.864000,0.6969,0.69635,126,1
2018-01-24 15:39:41.263000,0.69695,0.69635,388,388
2018-01-24 15:39:42.383000,0.6969,0.69635,126,1
2018-01-24 15:39:42.685000,0.69685,0.69625,388,388
2018-01-24 15:39:42.997000,0.69685,0.6963,262,8
2018-01-24 15:39:43.227000,0.69685,0.69625,388,388
2018-01-24 15:39:43.380000,0.69685,0.6963,262,8
2018-01-24 15:39:43.655000,0.69705,0.69645,388,388
2018-01-24 15:39:44.617000,0.69705,0.6965,262,8
2018-01-24 15:39:44.787000,0.69715,0.69655,388,388
2018-01-24 15:39:46.450000,0.69715,0.6966,262,8
2018-01-24 15:39:46.500000,0.69715,0.69655,388,388
2018-01-24 15:39:47.001000,0.69715,0.69665,262,8
2018-01-24 15:39:47.052000,0.69725,0.69665,388,388
2018-01-24 15:39:49.136000,0.69725,0.69675,262,8
2018-01-24 15:39:49.187000,0.69725,0.6967,262,8
2018-01-24 15:39:49.237000,0.69735,0.69685,262,8
2018-01-24 15:39:49.394000,0.69745,0.69695,126,1
2018-01-24 15:39:49.445000,0.69745,0.69685,388,388
2018-01-24 15:39:49.717000,0.69745,0.6969,262,8
2018-01-24 15:39:50.252000,0.69725,0.69675,262,8
2018-01-24 15:39:50.303000,0.69725,0.6967,262,8
2018-01-24 15:39:50.440000,0.6973,0.69675,126,1
2018-01-24 15:39:50.493000,0.69735,0.69675,388,388
2018-01-24 15:39:50.629000,0.69725,0.6967,262,8
2018-01-24 15:39:50.680000,0.69725,0.69665,388,388
2018-01-24 15:39:51.141000,0.69725,0.6967,262,8
2018-01-24 15:39:51.480000,0.69735,0.69675,388,388
2018-01-24 15:39:51.645000,0.69725,0.6967,262,8
2018-01-24 15:39:51.833000,0.69735,0.69675,388,388
2018-01-24 15:39:52.071000,0.69735,0.6968,262,8
2018-01-24 15:39:52.172000,0.69745,0.69685,388,388
2018-01-24 15:39:52.415000,0.69745,0.6969,262,8
2018-01-24 15:39:52.491000,0.69745,0.69685,388,388
2018-01-24 15:39:52.541000,0.6975,0.69695,126,1
2018-01-24 15:39:52.642000,0.69755,0.69695,388,388
2018-01-24 15:39:52.881000,0.6975,0.69695,126,1
2018-01-24 15:39:52.931000,0.69755,0.69695,388,388
2018-01-24 15:39:52.997000,0.6975,0.69695,126,1
2018-01-24 15:39:53.047000,0.69755,0.69695,388,388
2018-01-24 15:39:53.097000,0.6975,0.69695,126,1
2018-01-24 15:39:53.150000,0.69755,0.69695,388,388
2018-01-24 15:39:53.511000,0.6975,0.69695,126,1
2018-01-24 15:39:53.686000,0.69755,0.69695,388,388
2018-01-24 15:39:54.088000,0.69755,0.697,262,8
2018-01-24 15:39:54.250000,0.69765,0.69705,388,388
2018-01-24 15:39:54.300000,0.69765,0.6971,262,8
2018-01-24 15:39:54.351000,0.69765,0.69705,388,388
2018-01-24 15:39:55.214000,0.69765,0.6971,262,8
2018-01-24 15:39:55.552000,0.6978,0.69725,126,1
2018-01-24 15:39:56.036000,0.69785,0.69725,388,388
2018-01-24 15:39:56.866000,0.69785,0.6973,262,8
2018-01-24 15:39:57.844000,0.69785,0.69725,388,388
2018-01-24 15:39:58.182000,0.69785,0.6973,262,8
2018-01-24 15:39:58.342000,0.69795,0.69735,388,388
2018-01-24 15:39:58.431000,0.6979,0.69735,126,1
2018-01-24 15:39:58.481000,0.69785,0.69725,388,388
2018-01-24 15:39:58.771000,0.69785,0.6973,262,8
2018-01-24 15:39:58.822000,0.69785,0.69725,388,388
2018-01-24 15:39:58.875000,0.69775,0.69725,126,1
2018-01-24 15:39:59.174000,0.69775,0.69715,388,388
2018-01-24 15:39:59.311000,0.69775,0.6972,262,8
2018-01-24 15:39:59.361000,0.69775,0.69715,388,388
2018-01-24 15:39:59.665000,0.69765,0.69715,262,8
2018-01-24 15:39:59.760000,0.69765,0.6971,262,8
2018-01-24 15:39:59.860000,0.69765,0.69705,388,388
2018-01-24 15:39:59.927000,0.69765,0.6971,262,8
2018-01-24 15:40:00.213000,0.69765,0.69705,388,388
2018-01-24 15:40:00.263000,0.6976,0.69705,126,1
2018-01-24 15:40:00.497000,0.69755,0.69695,388,388
2018-01-24 15:40:00.784000,0.69755,0.697,262,8
2018-01-24 15:40:00.921000,0.69755,0.69695,388,388
2018-01-24 15:40:01.180000,0.6975,0.69695,126,1
2018-01-24 15:40:01.231000,0.69755,0.69695,388,388
2018-01-24 15:40:01.281000,0.6975,0.69695,126,1
2018-01-24 15:40:01.454000,0.69745,0.69685,388,388
2018-01-24 15:40:01.879000,0.69745,0.6969,262,8
2018-01-24 15:40:02.030000,0.69755,0.69695,388,388
2018-01-24 15:40:02.091000,0.69745,0.69695,126,1
2018-01-24 15:40:02.213000,0.6975,0.69695,126,1
2018-01-24 15:40:02.506000,0.69745,0.69695,126,1
