time,ask,bid,ask_volume,bid_volume
2017-08-02 14:25:00.097000,0.51755,0.51695,87,789
2017-08-02 14:25:00.226000,0.5175,0.51695,2,663
2017-08-02 14:25:00.470000,0.51745,0.51685,87,789
2017-08-02 14:25:00.523000,0.51745,0.5169,87,126
2017-08-02 14:25:00.585000,0.51745,0.51685,87,789
2017-08-02 14:25:00.974000,0.5174,0.51685,2,663
2017-08-02 14:25:01.153000,0.51745,0.51685,87,789
2017-08-02 14:25:01.203000,0.5174,0.51685,2,663
2017-08-02 14:25:01.460000,0.51735,0.51675,87,789
2017-08-02 14:25:01.552000,0.5173,0.51675,2,663
2017-08-02 14:25:01.658000,0.51735,0.51675,87,789
2017-08-02 14:25:01.870000,0.51725,0.5167,87,126
2017-08-02 14:25:02.009000,0.51725,0.51665,87,789
2017-08-02 14:25:02.635000,0.5172,0.51665,2,663
2017-08-02 14:25:02.686000,0.51715,0.51655,87,789
2017-08-02 14:25:03.064000,0.5171,0.51655,2,663
2017-08-02 14:25:03.403000,0.51705,0.51645,87,789
2017-08-02 14:25:03.454000,0.51705,0.51655,87,126
2017-08-02 14:25:03.504000,0.51715,0.51655,87,789
2017-08-02 14:25:03.787000,0.5171,0.51655,2,663
2017-08-02 14:25:03.837000,0.51715,0.51655,87,789
2017-08-02 14:25:04.181000,0.5171,0.51655,3,663
2017-08-02 14:25:04.282000,0.51705,0.51645,87,789
2017-08-02 14:25:04.524000,0.51695,0.51645,87,126
2017-08-02 14:25:04.587000,0.51695,0.5164,87,126
2017-08-02 14:25:04.961000,0.51695,0.51635,87,789
2017-08-02 14:25:05.045000,0.5169,0.51635,3,663
2017-08-02 14:25:05.399000,0.51685,0.5163,87,126
2017-08-02 14:25:06.190000,0.51685,0.51625,87,663
2017-08-02 14:25:06.291000,0.51675,0.51625,87,126
2017-08-02 14:25:06.342000,0.51675,0.5162,87,126
2017-08-02 14:25:06.443000,0.5168,0.51625,3,663
2017-08-02 14:25:06.568000,0.51685,0.51625,87,789
2017-08-02 14:25:06.822000,0.51685,0.5163,87,126
2017-08-02 14:25:06.873000,0.51695,0.51635,87,663
2017-08-02 14:25:07.176000,0.5169,0.51635,3,663
2017-08-02 14:25:07.227000,0.51695,0.51635,87,789
2017-08-02 14:25:07.277000,0.5169,0.51635,3,663
2017-08-02 14:25:07.378000,0.51695,0.51635,87,789
2017-08-02 14:25:07.429000,0.5169,0.51635,3,663
2017-08-02 14:25:08.318000,0.51695,0.51635,87,789
2017-08-02 14:25:08.369000,0.51705,0.51645,87,663
2017-08-02 14:25:08.749000,0.517,0.51645,3,663
2017-08-02 14:25:08.800000,0.51705,0.51645,87,789
2017-08-02 14:25:08.985000,0.517,0.51645,3,663
2017-08-02 14:25:09.192000,0.51695,0.51635,87,789
2017-08-02 14:25:10.230000,0.51695,0.51645,3,663
2017-08-02 14:25:10.290000,0.517,0.51645,3,663
2017-08-02 14:25:10.760000,0.51705,0.51645,87,789
2017-08-02 14:25:11.328000,0.51705,0.5165,87,126
2017-08-02 14:25:11.378000,0.51715,0.51655,87,663
2017-08-02 14:25:11.428000,0.5171,0.51655,3,663
2017-08-02 14:25:11.751000,0.51715,0.51655,87,789
2017-08-02 14:25:11.801000,0.51715,0.5166,87,126
2017-08-02 14:25:11.899000,0.51715,0.51655,87,789
2017-08-02 14:25:12.263000,0.51715,0.5166,87,126
2017-08-02 14:25:12.313000,0.51725,0.51665,87,663
2017-08-02 14:25:12.364000,0.5172,0.51665,3,663
2017-08-02 14:25:12.478000,0.51725,0.51665,87,789
2017-08-02 14:25:12.577000,0.5172,0.51665,3,663
2017-08-02 14:25:12.828000,0.51715,0.51655,87,789
2017-08-02 14:25:12.904000,0.51715,0.51665,3,663
2017-08-02 14:25:12.971000,0.5172,0.51665,3,663
2017-08-02 14:25:13.022000,0.51725,0.51665,87,789
2017-08-02 14:25:14.137000,0.5172,0.51665,3,663
2017-08-02 14:25:14.255000,0.51705,0.51645,87,789
2017-08-02 14:25:16.779000,0.51705,0.51655,3,663
2017-08-02 14:25:16.842000,0.5171,0.51655,3,663
2017-08-02 14:25:16.897000,0.51715,0.51655,87,789
2017-08-02 14:25:16.947000,0.5171,0.51655,3,663
2017-08-02 14:25:17.467000,0.51715,0.51655,87,789
2017-08-02 14:25:17.894000,0.5171,0.51655,3,663
2017-08-02 14:25:17.945000,0.51715,0.51655,87,789
2017-08-02 14:25:19.105000,0.51705,0.51655,87,126
2017-08-02 14:25:19.155000,0.51705,0.5165,87,126
2017-08-02 14:25:19.206000,0.51705,0.51655,87,126
2017-08-02 14:25:19.256000,0.51715,0.51655,87,789
2017-08-02 14:25:20.425000,0.51715,0.51665,3,663
2017-08-02 14:25:20.486000,0.5172,0.51665,3,663
2017-08-02 14:25:20.757000,0.51725,0.51665,87,789
2017-08-02 14:25:20.808000,0.51725,0.51675,3,663
2017-08-02 14:25:20.959000,0.51735,0.51675,87,789
2017-08-02 14:25:21.009000,0.5173,0.51675,3,663
2017-08-02 14:25:21.110000,0.51735,0.51675,87,789
2017-08-02 14:25:21.161000,0.5173,0.51675,3,663
2017-08-02 14:25:21.249000,0.51735,0.51675,87,789
2017-08-02 14:25:21.363000,0.5173,0.51675,3,663
2017-08-02 14:25:21.565000,0.51735,0.51675,87,789
2017-08-02 14:25:21.681000,0.5173,0.51675,3,663
2017-08-02 14:25:22.192000,0.51735,0.51675,87,789
2017-08-02 14:25:22.405000,0.5173,0.51675,3,663
2017-08-02 14:25:22.534000,0.51735,0.51675,87,789
2017-08-02 14:25:22.676000,0.5173,0.51675,3,663
2017-08-02 14:25:23.088000,0.51735,0.51675,87,789
2017-08-02 14:25:23.809000,0.51725,0.51675,87,126
2017-08-02 14:25:23.873000,0.51725,0.5167,87,126
2017-08-02 14:25:23.973000,0.5173,0.51675,3,663
2017-08-02 14:25:24.142000,0.51735,0.51675,87,789
2017-08-02 14:25:24.512000,0.5173,0.51675,3,663
2017-08-02 14:25:24.608000,0.51735,0.51675,87,789
2017-08-02 14:25:24.962000,0.5173,0.51675,3,663
2017-08-02 14:25:25.516000,0.51735,0.51675,87,789
2017-08-02 14:25:26.616000,0.51735,0.51685,3,663
2017-08-02 14:25:26.717000,0.5174,0.51685,3,663
2017-08-02 14:25:26.772000,0.51735,0.5168,87,126
2017-08-02 14:25:27.054000,0.51735,0.51675,87,789
2017-08-02 14:25:28.194000,0.51735,0.51685,3,663
2017-08-02 14:25:28.244000,0.51745,0.51685,87,663
2017-08-02 14:25:28.345000,0.51745,0.5169,87,126
2017-08-02 14:25:28.446000,0.51755,0.51695,87,789
2017-08-02 14:25:28.516000,0.51745,0.51695,87,126
2017-08-02 14:25:28.567000,0.51745,0.5169,87,126
2017-08-02 14:25:28.762000,0.51745,0.51685,87,789
2017-08-02 14:25:29.201000,0.5174,0.51685,3,663
2017-08-02 14:25:29.251000,0.51745,0.51685,87,789
2017-08-02 14:25:30.227000,0.51745,0.51695,3,663
2017-08-02 14:25:30.284000,0.5175,0.51695,3,663
2017-08-02 14:25:30.621000,0.51745,0.5169,87,126
2017-08-02 14:25:30.688000,0.51745,0.51685,87,789
2017-08-02 14:25:30.789000,0.5174,0.51685,3,663
2017-08-02 14:25:31.119000,0.51735,0.51675,87,789
2017-08-02 14:25:32.801000,0.5173,0.51675,3,663
2017-08-02 14:25:32.902000,0.51725,0.51665,87,789
2017-08-02 14:25:32.953000,0.5172,0.51665,3,663
2017-08-02 14:25:33.711000,0.51725,0.51665,87,789
2017-08-02 14:25:33.761000,0.51735,0.51675,87,663
2017-08-02 14:25:34.201000,0.51735,0.5168,87,126
2017-08-02 14:25:34.311000,0.51745,0.51685,87,789
2017-08-02 14:25:45.371000,0.51745,0.517,87,126
2017-08-02 14:25:45.421000,0.51745,0.51695,87,126
2017-08-02 14:25:45.472000,0.51755,0.51705,87,126
2017-08-02 14:25:45.523000,0.51755,0.51695,87,789
2017-08-02 14:25:45.573000,0.51755,0.51705,87,126
2017-08-02 14:25:45.624000,0.5176,0.51705,3,663
2017-08-02 14:25:45.972000,0.51765,0.51705,87,789
2017-08-02 14:25:47.216000,0.51765,0.5171,87,126
2017-08-02 14:25:49.060000,0.5177,0.51715,3,663
2017-08-02 14:25:49.161000,0.51775,0.51715,87,789
2017-08-02 14:25:49.380000,0.51775,0.51725,3,663
2017-08-02 14:25:49.431000,0.5178,0.51725,3,663
2017-08-02 14:25:49.599000,0.51775,0.5172,87,126
2017-08-02 14:25:49.649000,0.51775,0.51715,87,789
2017-08-02 14:25:50.975000,0.51775,0.51725,3,663
2017-08-02 14:25:51.035000,0.5178,0.51725,3,663
2017-08-02 14:25:51.142000,0.51785,0.51725,87,789
2017-08-02 14:25:51.843000,0.51785,0.5173,87,126
2017-08-02 14:25:52.058000,0.51795,0.51735,87,789
2017-08-02 14:25:52.721000,0.51795,0.5174,87,126
2017-08-02 14:25:52.860000,0.51785,0.51725,87,789
2017-08-02 14:25:54.028000,0.51785,0.5173,87,126
2017-08-02 14:25:54.078000,0.51795,0.51735,87,663
2017-08-02 14:25:54.129000,0.5179,0.51735,3,663
2017-08-02 14:25:54.184000,0.51795,0.51735,87,789
2017-08-02 14:25:54.588000,0.51795,0.51745,3,663
2017-08-02 14:25:54.648000,0.518,0.51745,3,663
2017-08-02 14:25:54.698000,0.51795,0.51745,3,663
2017-08-02 14:25:54.799000,0.51795,0.51735,87,789
2017-08-02 14:25:54.859000,0.5179,0.51735,3,663
2017-08-02 14:25:55.025000,0.51785,0.51725,87,789
2017-08-02 14:25:55.178000,0.51785,0.51735,3,663
2017-08-02 14:25:55.239000,0.5179,0.51735,3,663
2017-08-02 14:25:55.290000,0.51785,0.51735,3,663
2017-08-02 14:25:55.340000,0.51785,0.51725,87,789
2017-08-02 14:25:57.324000,0.51785,0.5173,87,126
2017-08-02 14:25:57.375000,0.51785,0.51725,87,789
2017-08-02 14:25:57.758000,0.51785,0.51735,3,663
2017-08-02 14:25:57.821000,0.5179,0.51735,3,663
2017-08-02 14:25:57.919000,0.51785,0.5173,87,126
2017-08-02 14:25:58.952000,0.51785,0.51725,87,789
2017-08-02 14:25:59.002000,0.51785,0.51735,3,663
2017-08-02 14:25:59.053000,0.5179,0.51735,3,663
2017-08-02 14:25:59.121000,0.51785,0.51735,3,663
2017-08-02 14:25:59.238000,0.51785,0.51725,87,789
2017-08-02 14:25:59.289000,0.51785,0.5173,87,126
2017-08-02 14:25:59.654000,0.5179,0.51735,3,663
2017-08-02 14:25:59.811000,0.51785,0.51725,87,789
2017-08-02 14:25:59.862000,0.51775,0.51725,3,663
2017-08-02 14:25:59.912000,0.51775,0.51715,87,789
2017-08-02 14:26:01.717000,0.5177,0.51715,3,663
2017-08-02 14:26:02.293000,0.51765,0.5171,87,126
2017-08-02 14:26:02.703000,0.5177,0.51715,3,663
2017-08-02 14:26:02.765000,0.51775,0.51715,87,789
2017-08-02 14:26:03.029000,0.51775,0.51725,3,663
2017-08-02 14:26:03.083000,0.5178,0.51725,3,663
2017-08-02 14:26:03.192000,0.51785,0.51725,87,789
2017-08-02 14:26:03.664000,0.5178,0.51725,3,663
2017-08-02 14:26:03.800000,0.51785,0.51725,87,789
2017-08-02 14:26:04.324000,0.5178,0.51725,3,663
2017-08-02 14:26:04.374000,0.51775,0.51715,87,789
2017-08-02 14:26:04.793000,0.51775,0.51725,3,663
2017-08-02 14:26:04.844000,0.5178,0.51725,3,663
2017-08-02 14:26:04.945000,0.51775,0.5172,87,126
2017-08-02 14:26:04.995000,0.51775,0.51715,87,789
2017-08-02 14:26:05.180000,0.51775,0.51725,3,663
2017-08-02 14:26:05.242000,0.5178,0.51725,3,663
2017-08-02 14:26:06.526000,0.51785,0.51725,87,789
2017-08-02 14:26:06.719000,0.5178,0.51725,3,663
2017-08-02 14:26:07.091000,0.51785,0.51725,87,789
2017-08-02 14:26:08.358000,0.51775,0.51725,87,126
2017-08-02 14:26:08.420000,0.51775,0.5172,87,126
2017-08-02 14:26:08.471000,0.51775,0.51715,87,789
2017-08-02 14:26:08.530000,0.51775,0.51725,3,663
2017-08-02 14:26:08.581000,0.51785,0.51725,87,789
2017-08-02 14:26:09.014000,0.5178,0.51725,3,663
2017-08-02 14:26:09.604000,0.51765,0.5172,87,126
2017-08-02 14:26:09.654000,0.51765,0.5171,87,126
2017-08-02 14:26:11.474000,0.51765,0.51705,87,789
2017-08-02 14:26:11.583000,0.51765,0.5171,87,126
2017-08-02 14:26:11.645000,0.51765,0.51705,87,789
2017-08-02 14:26:11.966000,0.51765,0.5171,87,126
2017-08-02 14:26:13.354000,0.51765,0.51705,87,789
2017-08-02 14:26:13.592000,0.51765,0.5171,87,126
2017-08-02 14:26:14.039000,0.5177,0.51715,3,663
2017-08-02 14:26:14.100000,0.51775,0.51715,87,789
2017-08-02 14:26:14.757000,0.51775,0.5172,87,126
2017-08-02 14:26:14.908000,0.51785,0.51725,87,789
2017-08-02 14:26:17.224000,0.51795,0.51735,87,789
2017-08-02 14:26:18.369000,0.51785,0.51735,87,126
2017-08-02 14:26:18.429000,0.51785,0.5173,87,126
2017-08-02 14:26:18.529000,0.51785,0.51725,87,789
2017-08-02 14:26:22.261000,0.51795,0.51735,87,789
2017-08-02 14:26:23.001000,0.51795,0.5174,87,126
2017-08-02 14:26:25.237000,0.51795,0.51735,87,663
2017-08-02 14:26:28.233000,0.51795,0.51745,3,663
2017-08-02 14:26:28.300000,0.518,0.51745,3,663
2017-08-02 14:26:29.132000,0.51805,0.51745,87,789
2017-08-02 14:26:31.674000,0.518,0.51745,3,663
2017-08-02 14:26:31.775000,0.51795,0.51735,87,789
2017-08-02 14:26:37.723000,0.51795,0.5174,87,126
2017-08-02 14:26:37.992000,0.51795,0.51735,87,789
2017-08-02 14:26:38.043000,0.5179,0.51735,3,663
2017-08-02 14:26:38.467000,0.51785,0.5173,87,126
2017-08-02 14:26:38.627000,0.51785,0.51725,87,789
2017-08-02 14:26:40.500000,0.51785,0.5173,87,126
2017-08-02 14:26:42.431000,0.51785,0.51725,87,789
2017-08-02 14:26:45.231000,0.51785,0.5173,87,126
2017-08-02 14:26:45.396000,0.51785,0.51725,87,789
2017-08-02 14:26:45.512000,0.51785,0.5173,87,126
2017-08-02 14:26:46.078000,0.51785,0.51725,87,789
2017-08-02 14:26:47.789000,0.51785,0.51735,3,663
2017-08-02 14:26:47.855000,0.5179,0.51735,3,663
2017-08-02 14:26:47.906000,0.51785,0.51735,3,663
2017-08-02 14:26:47.957000,0.51785,0.51725,87,789
2017-08-02 14:26:48.222000,0.51785,0.5173,87,126
2017-08-02 14:26:49.771000,0.51785,0.51725,87,789
2017-08-02 14:26:49.830000,0.51785,0.5173,87,126
2017-08-02 14:26:50.023000,0.51785,0.51725,87,789
2017-08-02 14:26:50.074000,0.51785,0.5173,87,126
2017-08-02 14:26:50.198000,0.51795,0.51735,87,789
2017-08-02 14:26:56.055000,0.51795,0.51745,3,663
2017-08-02 14:26:56.192000,0.518,0.51745,3,663
2017-08-02 14:26:57.092000,0.51805,0.51745,87,789
2017-08-02 14:26:57.167000,0.518,0.51745,3,663
2017-08-02 14:26:59.207000,0.51795,0.5174,87,126
2017-08-02 14:26:59.308000,0.51795,0.51735,87,789
2017-08-02 14:27:03.045000,0.51795,0.51745,3,663
2017-08-02 14:27:03.109000,0.518,0.51745,3,663
2017-08-02 14:27:03.521000,0.51805,0.51745,87,789
2017-08-02 14:27:09.276000,0.51805,0.5175,87,126
2017-08-02 14:27:10.004000,0.5181,0.51755,3,663
2017-08-02 14:27:10.451000,0.51815,0.51755,87,789
2017-08-02 14:27:10.761000,0.5181,0.51755,3,663
2017-08-02 14:27:13.098000,0.51815,0.51755,87,789
2017-08-02 14:27:16.384000,0.5181,0.51755,3,663
2017-08-02 14:27:16.489000,0.51815,0.51755,87,789
2017-08-02 14:27:28.866000,0.51805,0.5175,87,126
2017-08-02 14:27:29.012000,0.51805,0.51745,87,789
2017-08-02 14:27:29.116000,0.51805,0.51755,3,663
2017-08-02 14:27:29.216000,0.5181,0.51755,3,663
2017-08-02 14:27:29.783000,0.51815,0.51755,87,789
2017-08-02 14:27:30.011000,0.5181,0.51755,3,663
2017-08-02 14:27:30.186000,0.51815,0.51755,87,789
2017-08-02 14:27:30.665000,0.51815,0.51765,3,663
2017-08-02 14:27:30.730000,0.5182,0.51765,3,663
2017-08-02 14:27:30.780000,0.5181,0.51765,3,663
2017-08-02 14:27:30.831000,0.5181,0.51755,3,663
2017-08-02 14:27:30.882000,0.51815,0.51755,87,789
2017-08-02 14:27:30.985000,0.51805,0.51755,87,126
2017-08-02 14:27:31.036000,0.51805,0.5175,87,126
2017-08-02 14:27:31.177000,0.51805,0.51745,87,789
2017-08-02 14:27:31.228000,0.51815,0.51755,87,663
2017-08-02 14:27:32.855000,0.51815,0.5176,87,126
2017-08-02 14:27:32.905000,0.51815,0.51755,87,789
2017-08-02 14:27:47.150000,0.51805,0.51755,87,126
2017-08-02 14:27:48.921000,0.51805,0.51745,87,789
2017-08-02 14:27:51.083000,0.51805,0.51755,2,663
2017-08-02 14:27:51.230000,0.5181,0.51755,2,663
2017-08-02 14:27:51.281000,0.51805,0.51745,87,789
2017-08-02 14:27:51.728000,0.51805,0.5175,87,126
2017-08-02 14:27:52.260000,0.5181,0.51755,2,663
2017-08-02 14:27:53.022000,0.51815,0.51755,87,789
2017-08-02 14:27:59.282000,0.51815,0.51765,2,663
2017-08-02 14:27:59.332000,0.51825,0.51765,87,789
2017-08-02 14:28:01.505000,0.51815,0.51765,87,126
2017-08-02 14:28:01.555000,0.51815,0.5176,87,126
2017-08-02 14:28:01.876000,0.51815,0.51755,87,789
2017-08-02 14:28:04.069000,0.51795,0.51755,87,126
2017-08-02 14:28:04.132000,0.51795,0.5175,87,126
2017-08-02 14:28:04.183000,0.51795,0.51745,87,126
2017-08-02 14:28:04.650000,0.51795,0.51735,87,789
2017-08-02 14:28:04.716000,0.5179,0.51735,2,663
2017-08-02 14:28:04.766000,0.51795,0.51735,87,789
2017-08-02 14:28:04.844000,0.5179,0.51735,2,663
2017-08-02 14:28:05.101000,0.51785,0.51725,87,789
2017-08-02 14:28:05.738000,0.5178,0.51725,2,663
2017-08-02 14:28:09.405000,0.51775,0.51725,2,663
2017-08-02 14:28:09.713000,0.51735,0.51685,2,663
2017-08-02 14:28:09.800000,0.5174,0.51685,2,663
2017-08-02 14:28:09.878000,0.51745,0.51685,87,789
2017-08-02 14:28:10.101000,0.51745,0.5169,87,126
2017-08-02 14:28:10.303000,0.51745,0.51685,87,789
2017-08-02 14:28:10.407000,0.5174,0.51685,2,663
2017-08-02 14:28:11.760000,0.51735,0.51685,2,663
2017-08-02 14:28:12.386000,0.5174,0.51685,2,663
2017-08-02 14:28:12.437000,0.51755,0.51695,87,663
2017-08-02 14:28:12.487000,0.5175,0.51695,2,663
2017-08-02 14:28:14.207000,0.51755,0.51695,87,789
2017-08-02 14:28:14.355000,0.51755,0.51705,2,663
2017-08-02 14:28:14.405000,0.5176,0.51705,2,663
2017-08-02 14:28:14.482000,0.51765,0.51705,87,789
2017-08-02 14:28:15.464000,0.5176,0.51705,2,663
2017-08-02 14:28:17.686000,0.51765,0.51705,87,789
2017-08-02 14:28:18.033000,0.51765,0.51715,2,663
2017-08-02 14:28:18.086000,0.51775,0.5172,87,126
2017-08-02 14:28:18.137000,0.5178,0.51725,2,663
2017-08-02 14:28:18.533000,0.51775,0.5172,87,126
2017-08-02 14:28:18.595000,0.51775,0.51715,87,789
2017-08-02 14:28:19.624000,0.51775,0.5172,87,126
2017-08-02 14:28:19.675000,0.51785,0.51725,87,663
2017-08-02 14:28:19.725000,0.5178,0.51725,2,663
2017-08-02 14:28:20.671000,0.51785,0.51725,87,789
2017-08-02 14:28:20.722000,0.51785,0.51735,2,663
2017-08-02 14:28:20.773000,0.5179,0.51735,2,663
2017-08-02 14:28:20.849000,0.51795,0.51735,87,789
2017-08-02 14:28:20.922000,0.5179,0.51735,2,663
2017-08-02 14:28:22.388000,0.51795,0.51735,87,789
2017-08-02 14:28:24.475000,0.51795,0.51745,2,663
2017-08-02 14:28:24.575000,0.51805,0.51745,87,789
2017-08-02 14:28:25.550000,0.518,0.51745,2,663
2017-08-02 14:28:25.651000,0.51795,0.51735,87,789
2017-08-02 14:28:27.612000,0.5179,0.51735,2,663
2017-08-02 14:28:27.662000,0.51795,0.51735,87,789
2017-08-02 14:28:27.998000,0.51795,0.51745,2,663
2017-08-02 14:28:28.124000,0.51795,0.51735,87,789
2017-08-02 14:28:28.174000,0.5179,0.51735,2,663
2017-08-02 14:28:28.533000,0.51795,0.51735,87,789
2017-08-02 14:28:28.583000,0.5179,0.51735,2,663
2017-08-02 14:28:32.287000,0.51795,0.51735,87,789
2017-08-02 14:28:32.338000,0.5179,0.51735,2,663
2017-08-02 14:28:33.479000,0.51785,0.5173,87,126
2017-08-02 14:28:33.539000,0.51785,0.51725,87,789
2017-08-02 14:28:33.640000,0.51785,0.5173,87,126
2017-08-02 14:28:34.218000,0.5179,0.51735,2,663
2017-08-02 14:28:34.930000,0.51795,0.51735,87,789
2017-08-02 14:28:35.399000,0.51795,0.51745,2,663
2017-08-02 14:28:35.460000,0.518,0.51745,2,663
2017-08-02 14:28:35.590000,0.51795,0.51735,87,789
2017-08-02 14:28:35.689000,0.51795,0.5174,87,126
2017-08-02 14:28:35.980000,0.51795,0.51735,87,789
2017-08-02 14:28:36.128000,0.5179,0.51735,2,663
2017-08-02 14:28:38.157000,0.51785,0.5173,87,126
2017-08-02 14:28:38.293000,0.51785,0.51725,87,789
2017-08-02 14:28:40.072000,0.51775,0.51725,87,126
2017-08-02 14:28:40.122000,0.51775,0.51715,87,789
2017-08-02 14:28:40.173000,0.51775,0.5172,87,126
2017-08-02 14:28:40.680000,0.5178,0.51725,2,663
2017-08-02 14:28:44.695000,0.51785,0.51725,87,789
2017-08-02 14:28:44.811000,0.51785,0.51735,2,663
2017-08-02 14:28:44.873000,0.5179,0.51735,2,663
2017-08-02 14:28:45.229000,0.51795,0.51735,87,789
2017-08-02 14:28:45.281000,0.5179,0.51735,2,663
2017-08-02 14:28:45.331000,0.51795,0.51735,87,789
2017-08-02 14:28:45.475000,0.51785,0.51735,87,126
2017-08-02 14:28:45.525000,0.51785,0.51725,87,789
2017-08-02 14:28:45.576000,0.51775,0.51725,2,663
2017-08-02 14:28:45.685000,0.51775,0.51715,87,789
2017-08-02 14:28:45.736000,0.5177,0.51715,2,663
2017-08-02 14:28:46.295000,0.51765,0.5171,87,126
2017-08-02 14:28:48.529000,0.5177,0.51715,2,663
2017-08-02 14:28:48.639000,0.51775,0.51715,87,789
2017-08-02 14:28:48.690000,0.51765,0.51715,87,126
2017-08-02 14:28:48.740000,0.51765,0.5171,87,126
2017-08-02 14:28:52.135000,0.51765,0.51705,87,789
2017-08-02 14:28:52.186000,0.51755,0.51705,2,663
2017-08-02 14:28:52.287000,0.5175,0.51695,2,663
2017-08-02 14:28:53.133000,0.51755,0.51695,87,789
2017-08-02 14:28:53.234000,0.51755,0.517,87,126
2017-08-02 14:28:53.664000,0.5176,0.51705,2,663
2017-08-02 14:28:53.903000,0.51765,0.51705,87,789
2017-08-02 14:28:53.961000,0.5176,0.51705,2,663
2017-08-02 14:28:54.492000,0.51755,0.517,87,126
2017-08-02 14:28:54.557000,0.51755,0.51695,87,789
2017-08-02 14:28:54.700000,0.5175,0.51695,2,663
2017-08-02 14:28:54.781000,0.51755,0.51695,87,789
2017-08-02 14:28:55.080000,0.51755,0.51705,2,663
2017-08-02 14:28:55.139000,0.5176,0.51705,2,663
2017-08-02 14:28:55.786000,0.51745,0.517,87,126
2017-08-02 14:28:55.844000,0.51745,0.51695,87,126
2017-08-02 14:28:55.895000,0.51745,0.51685,87,789
2017-08-02 14:28:58.493000,0.51735,0.51675,87,789
2017-08-02 14:28:58.823000,0.51735,0.51685,2,663
2017-08-02 14:28:58.873000,0.5174,0.51685,2,663
2017-08-02 14:29:03.996000,0.51735,0.51685,2,663
2017-08-02 14:29:04.046000,0.51735,0.5168,87,126
2017-08-02 14:29:04.148000,0.5174,0.51685,2,663
2017-08-02 14:29:06.920000,0.51735,0.5168,87,126
2017-08-02 14:29:07.432000,0.5174,0.51685,2,663
2017-08-02 14:29:12.164000,0.5174,0.51695,2,663
2017-08-02 14:29:12.214000,0.51755,0.51695,87,663
2017-08-02 14:29:12.265000,0.5175,0.51695,2,663
2017-08-02 14:29:12.517000,0.51745,0.51685,87,789
2017-08-02 14:29:12.567000,0.5174,0.51685,2,663
2017-08-02 14:29:12.848000,0.51735,0.51675,87,789
2017-08-02 14:29:15.404000,0.51735,0.51685,2,663
2017-08-02 14:29:15.505000,0.5174,0.51685,2,663
2017-08-02 14:29:15.657000,0.51745,0.51685,87,789
2017-08-02 14:29:16.626000,0.5174,0.51685,2,663
2017-08-02 14:29:19.801000,0.51735,0.5168,87,126
2017-08-02 14:29:19.855000,0.51735,0.51675,87,789
2017-08-02 14:29:19.906000,0.51735,0.5168,87,126
2017-08-02 14:29:20.412000,0.5174,0.51685,2,663
2017-08-02 14:29:22.129000,0.51745,0.51685,87,789
2017-08-02 14:29:22.374000,0.51745,0.51695,2,663
2017-08-02 14:29:22.474000,0.5175,0.51695,2,663
2017-08-02 14:29:22.681000,0.51745,0.5169,87,126
2017-08-02 14:29:22.731000,0.51745,0.51685,87,789
2017-08-02 14:29:22.992000,0.5174,0.51685,2,663
2017-08-02 14:29:24.259000,0.51745,0.51685,87,789
2017-08-02 14:29:24.489000,0.5174,0.51685,2,663
2017-08-02 14:29:24.754000,0.51735,0.51675,87,789
2017-08-02 14:29:25.414000,0.5173,0.51675,2,663
2017-08-02 14:29:27.119000,0.51735,0.51675,87,789
2017-08-02 14:29:27.169000,0.5173,0.51675,2,663
2017-08-02 14:29:27.454000,0.51735,0.51675,87,789
2017-08-02 14:29:27.574000,0.51735,0.5168,87,126
2017-08-02 14:29:28.028000,0.5174,0.51685,2,663
2017-08-02 14:29:28.879000,0.51745,0.51685,87,789
2017-08-02 14:29:28.980000,0.5174,0.51685,2,663
2017-08-02 14:29:29.031000,0.51745,0.51685,87,789
2017-08-02 14:29:29.103000,0.5174,0.51685,2,663
2017-08-02 14:29:29.262000,0.51745,0.51685,87,663
2017-08-02 14:29:29.312000,0.5174,0.51685,2,663
2017-08-02 14:29:29.434000,0.51745,0.51685,87,789
2017-08-02 14:29:29.484000,0.51745,0.5169,87,126
2017-08-02 14:29:29.858000,0.51735,0.51685,2,663
2017-08-02 14:29:30.040000,0.51775,0.51715,87,789
2017-08-02 14:29:30.091000,0.5177,0.51725,2,663
2017-08-02 14:29:30.141000,0.5178,0.51725,2,663
2017-08-02 14:29:30.398000,0.51765,0.5172,87,126
2017-08-02 14:29:30.463000,0.51765,0.51715,87,126
2017-08-02 14:29:30.514000,0.51765,0.5171,87,126
2017-08-02 14:29:30.803000,0.51765,0.51705,87,789
2017-08-02 14:29:30.927000,0.5176,0.51705,2,663
2017-08-02 14:29:31.667000,0.51765,0.5171,87,126
2017-08-02 14:29:32.047000,0.51765,0.51715,87,126
2017-08-02 14:29:32.141000,0.51765,0.5171,87,126
2017-08-02 14:29:32.604000,0.51765,0.51705,87,789
2017-08-02 14:29:32.757000,0.5176,0.51705,2,663
2017-08-02 14:29:33.844000,0.51755,0.517,87,126
2017-08-02 14:29:33.911000,0.51755,0.51695,87,789
2017-08-02 14:29:33.961000,0.5175,0.51695,2,663
2017-08-02 14:29:34.319000,0.51755,0.51695,87,789
2017-08-02 14:29:34.369000,0.5175,0.51695,2,663
2017-08-02 14:29:34.943000,0.51745,0.5169,87,126
2017-08-02 14:29:34.994000,0.51745,0.51685,87,789
2017-08-02 14:29:35.179000,0.51745,0.5169,87,126
2017-08-02 14:29:35.332000,0.51745,0.51685,87,789
2017-08-02 14:29:35.433000,0.5174,0.51685,2,663
2017-08-02 14:29:36.008000,0.51735,0.51685,2,663
2017-08-02 14:29:36.106000,0.5174,0.51685,2,663
2017-08-02 14:29:37.741000,0.51735,0.51685,2,663
2017-08-02 14:29:39.772000,0.5174,0.51685,2,663
2017-08-02 14:29:39.846000,0.51735,0.51685,2,663
2017-08-02 14:29:40.220000,0.5174,0.51685,2,663
2017-08-02 14:29:40.328000,0.51735,0.5168,87,126
2017-08-02 14:29:40.429000,0.51735,0.51675,87,789
2017-08-02 14:29:40.783000,0.51735,0.51685,2,663
2017-08-02 14:29:40.847000,0.5174,0.51685,2,663
2017-08-02 14:29:40.960000,0.51745,0.51685,87,789
2017-08-02 14:29:42.225000,0.5174,0.51685,2,663
2017-08-02 14:29:42.429000,0.51735,0.51675,87,789
2017-08-02 14:29:42.486000,0.51735,0.51685,2,663
2017-08-02 14:29:42.537000,0.5174,0.51685,2,663
2017-08-02 14:29:42.912000,0.51735,0.5168,87,126
2017-08-02 14:29:42.971000,0.51735,0.51675,87,789
2017-08-02 14:29:43.077000,0.51735,0.51685,2,663
2017-08-02 14:29:43.128000,0.5174,0.51685,2,663
2017-08-02 14:29:43.185000,0.51735,0.51685,2,663
2017-08-02 14:29:43.236000,0.5174,0.51685,2,663
2017-08-02 14:29:43.718000,0.51735,0.5168,87,126
2017-08-02 14:29:43.819000,0.51735,0.51675,87,789
2017-08-02 14:29:44.044000,0.51735,0.51685,2,663
2017-08-02 14:29:44.094000,0.5174,0.51685,2,663
2017-08-02 14:29:44.318000,0.51735,0.5168,87,126
2017-08-02 14:29:44.382000,0.51735,0.51675,87,789
2017-08-02 14:29:44.605000,0.51735,0.51685,2,663
2017-08-02 14:29:44.666000,0.5174,0.51685,2,663
2017-08-02 14:29:44.914000,0.51735,0.5168,87,126
2017-08-02 14:29:44.971000,0.51735,0.51675,87,789
2017-08-02 14:29:45.022000,0.51735,0.5168,87,126
2017-08-02 14:29:45.415000,0.5174,0.51685,2,663
2017-08-02 14:29:48.184000,0.51735,0.5168,87,126
2017-08-02 14:29:48.242000,0.51735,0.51675,87,789
2017-08-02 14:29:48.314000,0.51735,0.5168,87,126
2017-08-02 14:29:48.384000,0.51735,0.51675,87,789
2017-08-02 14:29:49.313000,0.51735,0.51685,2,663
2017-08-02 14:29:49.375000,0.5174,0.51685,2,663
2017-08-02 14:29:51.895000,0.51745,0.51685,87,789
2017-08-02 14:29:52.383000,0.51745,0.51695,87,126
2017-08-02 14:29:52.434000,0.51745,0.51685,87,789
2017-08-02 14:29:52.485000,0.51745,0.51695,87,126
2017-08-02 14:29:52.535000,0.51745,0.5169,87,126
2017-08-02 14:29:52.586000,0.5175,0.51695,2,663
2017-08-02 14:29:52.910000,0.5175,0.51705,2,663
2017-08-02 14:29:52.971000,0.51755,0.51705,2,663
2017-08-02 14:29:53.022000,0.51765,0.51705,87,789
2017-08-02 14:29:53.072000,0.51755,0.51695,87,789
2017-08-02 14:29:53.373000,0.5175,0.51695,2,663
2017-08-02 14:29:53.474000,0.51745,0.51685,87,789
2017-08-02 14:29:53.525000,0.51745,0.5169,87,126
2017-08-02 14:29:54.034000,0.5175,0.51695,2,663
2017-08-02 14:29:54.325000,0.51755,0.51695,87,789
2017-08-02 14:29:54.375000,0.5175,0.51695,2,663
2017-08-02 14:29:54.667000,0.51745,0.51685,87,789
2017-08-02 14:29:54.717000,0.5174,0.51685,2,663
2017-08-02 14:29:54.768000,0.51745,0.51685,87,789
2017-08-02 14:29:55.485000,0.5174,0.51685,2,663
2017-08-02 14:29:56.003000,0.51735,0.5168,87,126
2017-08-02 14:29:56.104000,0.51735,0.51675,87,789
2017-08-02 14:29:56.229000,0.51735,0.51685,2,663
2017-08-02 14:29:56.289000,0.5174,0.51685,2,663
2017-08-02 14:29:56.469000,0.51745,0.51685,87,789
2017-08-02 14:29:56.519000,0.5174,0.51695,2,663
2017-08-02 14:29:56.570000,0.51745,0.51695,2,663
2017-08-02 14:29:56.629000,0.5175,0.51695,2,663
2017-08-02 14:29:56.680000,0.51745,0.5169,87,126
2017-08-02 14:29:56.731000,0.51745,0.51685,87,789
2017-08-02 14:29:56.925000,0.5174,0.51685,2,663
2017-08-02 14:29:57.436000,0.51745,0.5169,87,126
2017-08-02 14:29:57.717000,0.51755,0.51695,87,789
2017-08-02 14:29:57.768000,0.5175,0.51695,2,663
2017-08-02 14:29:58.053000,0.51745,0.51685,87,789
2017-08-02 14:29:58.103000,0.5174,0.51685,2,663
2017-08-02 14:29:58.539000,0.51745,0.51685,87,789
2017-08-02 14:29:58.590000,0.51745,0.51695,2,663
2017-08-02 14:29:58.640000,0.5175,0.51695,2,663
2017-08-02 14:29:59.077000,0.51745,0.51695,2,663
2017-08-02 14:29:59.238000,0.5175,0.51695,2,663
2017-08-02 14:30:00.039000,0.51745,0.51695,2,663
2017-08-02 14:30:00.127000,0.51755,0.51695,87,663
2017-08-02 14:30:00.388000,0.51755,0.5172,87,126
2017-08-02 14:30:00.497000,0.51755,0.51695,87,663
2017-08-02 14:30:00.648000,0.51835,0.5178,87,126
2017-08-02 14:30:00.699000,0.51835,0.51775,87,663
2017-08-02 14:30:00.772000,0.51865,0.51805,87,663
2017-08-02 14:30:01.159000,0.51915,0.51855,87,663
2017-08-02 14:30:01.462000,0.5195,0.51895,2,663
2017-08-02 14:30:01.656000,0.51955,0.51895,116,789
2017-08-02 14:30:01.826000,0.51955,0.519,116,126
2017-08-02 14:30:02.136000,0.51985,0.5193,87,126
2017-08-02 14:30:02.186000,0.5198,0.51925,2,663
2017-08-02 14:30:02.287000,0.5196,0.51915,2,663
2017-08-02 14:30:02.338000,0.5195,0.51915,2,663
2017-08-02 14:30:02.495000,0.51965,0.51915,2,663
2017-08-02 14:30:02.646000,0.51975,0.5192,87,126
2017-08-02 14:30:02.697000,0.51965,0.51915,2,663
2017-08-02 14:30:02.798000,0.51945,0.51895,2,663
2017-08-02 14:30:02.848000,0.5194,0.51895,2,663
2017-08-02 14:30:02.899000,0.51935,0.5188,87,126
2017-08-02 14:30:03.050000,0.51925,0.5187,87,126
2017-08-02 14:30:03.100000,0.51925,0.51865,87,789
2017-08-02 14:30:03.151000,0.51925,0.5189,87,126
2017-08-02 14:30:03.311000,0.51965,0.51905,87,663
2017-08-02 14:30:03.415000,0.51945,0.51885,87,789
2017-08-02 14:30:03.465000,0.5194,0.51885,2,663
2017-08-02 14:30:03.767000,0.51885,0.51825,87,789
2017-08-02 14:30:03.818000,0.51875,0.51825,2,663
2017-08-02 14:30:03.919000,0.5187,0.51815,2,663
2017-08-02 14:30:03.969000,0.5186,0.51815,2,663
2017-08-02 14:30:04.093000,0.51875,0.51815,87,663
2017-08-02 14:30:04.144000,0.51915,0.51865,87,126
2017-08-02 14:30:04.194000,0.51925,0.5187,87,126
2017-08-02 14:30:04.245000,0.5192,0.51865,2,663
2017-08-02 14:30:04.592000,0.51935,0.51875,87,789
2017-08-02 14:30:04.642000,0.5193,0.51875,2,663
2017-08-02 14:30:04.954000,0.51905,0.5187,87,126
2017-08-02 14:30:05.004000,0.5193,0.5187,963,126
2017-08-02 14:30:05.055000,0.51845,0.51805,87,126
2017-08-02 14:30:05.105000,0.51845,0.51785,87,789
2017-08-02 14:30:05.156000,0.51845,0.51795,2,663
2017-08-02 14:30:05.307000,0.5188,0.51825,2,663
2017-08-02 14:30:05.358000,0.51885,0.51835,87,126
2017-08-02 14:30:05.460000,0.5188,0.51825,2,663
2017-08-02 14:30:05.532000,0.51885,0.51825,87,789
2017-08-02 14:30:05.582000,0.51905,0.51845,87,789
2017-08-02 14:30:05.898000,0.51915,0.51855,87,789
2017-08-02 14:30:06.200000,0.5194,0.51885,2,663
2017-08-02 14:30:06.351000,0.51935,0.51875,87,789
2017-08-02 14:30:06.497000,0.51925,0.51875,87,126
2017-08-02 14:30:06.548000,0.51925,0.51865,87,789
2017-08-02 14:30:06.614000,0.51925,0.5187,87,126
2017-08-02 14:30:06.681000,0.51925,0.51865,87,789
2017-08-02 14:30:06.732000,0.5192,0.51865,2,663
2017-08-02 14:30:06.858000,0.51915,0.51855,87,789
2017-08-02 14:30:06.909000,0.5191,0.51855,2,663
2017-08-02 14:30:07.071000,0.51875,0.51815,87,789
2017-08-02 14:30:07.126000,0.51875,0.5182,87,126
2017-08-02 14:30:07.501000,0.51885,0.5183,87,126
2017-08-02 14:30:07.551000,0.51885,0.51825,87,789
2017-08-02 14:30:07.652000,0.5188,0.51825,2,663
2017-08-02 14:30:07.703000,0.51885,0.51825,87,789
2017-08-02 14:30:07.753000,0.5188,0.51825,2,663
2017-08-02 14:30:07.854000,0.51875,0.51815,87,789
2017-08-02 14:30:07.905000,0.5187,0.51815,2,663
2017-08-02 14:30:08.102000,0.51875,0.51815,87,663
2017-08-02 14:30:08.153000,0.5187,0.51825,2,663
2017-08-02 14:30:08.203000,0.5188,0.51825,2,663
2017-08-02 14:30:08.305000,0.51875,0.5182,87,126
2017-08-02 14:30:08.474000,0.51865,0.51805,87,789
2017-08-02 14:30:08.524000,0.5186,0.51805,2,663
2017-08-02 14:30:08.575000,0.51865,0.51805,87,789
2017-08-02 14:30:09.057000,0.5186,0.51805,2,663
2017-08-02 14:30:09.163000,0.51855,0.51795,87,789
2017-08-02 14:30:09.263000,0.51855,0.518,87,126
2017-08-02 14:30:09.314000,0.51865,0.51805,87,663
2017-08-02 14:30:09.465000,0.51865,0.51815,2,663
2017-08-02 14:30:09.532000,0.5187,0.51815,2,663
2017-08-02 14:30:09.711000,0.51875,0.51815,87,663
2017-08-02 14:30:09.762000,0.5187,0.51815,2,663
2017-08-02 14:30:09.878000,0.51875,0.51815,87,789
2017-08-02 14:30:09.939000,0.51865,0.51815,87,126
2017-08-02 14:30:10.076000,0.51865,0.51805,87,789
2017-08-02 14:30:10.127000,0.51855,0.5181,87,126
2017-08-02 14:30:10.177000,0.51855,0.518,87,126
2017-08-02 14:30:10.263000,0.5186,0.51805,2,663
2017-08-02 14:30:10.424000,0.51855,0.51795,87,789
2017-08-02 14:30:10.521000,0.5185,0.51795,2,663
2017-08-02 14:30:10.632000,0.51845,0.51785,87,789
2017-08-02 14:30:10.682000,0.51845,0.51795,87,126
2017-08-02 14:30:10.733000,0.51845,0.5179,87,126
2017-08-02 14:30:10.834000,0.51855,0.51795,87,789
2017-08-02 14:30:11.048000,0.51845,0.51795,2,663
2017-08-02 14:30:11.098000,0.51845,0.51785,87,789
2017-08-02 14:30:11.237000,0.5184,0.51785,2,663
2017-08-02 14:30:11.389000,0.51835,0.51775,87,789
2017-08-02 14:30:11.606000,0.51825,0.51775,87,126
2017-08-02 14:30:11.669000,0.51825,0.5177,87,126
2017-08-02 14:30:11.770000,0.51825,0.51765,87,789
2017-08-02 14:30:11.850000,0.5182,0.51765,2,663
2017-08-02 14:30:11.951000,0.51825,0.51765,87,789
2017-08-02 14:30:12.074000,0.51835,0.51775,87,663
2017-08-02 14:30:12.394000,0.5182,0.51765,2,663
2017-08-02 14:30:12.495000,0.51815,0.51755,87,789
2017-08-02 14:30:12.546000,0.51815,0.5176,87,126
2017-08-02 14:30:12.648000,0.51825,0.51765,87,789
2017-08-02 14:30:12.775000,0.51825,0.51775,2,663
2017-08-02 14:30:12.826000,0.5183,0.51775,2,663
2017-08-02 14:30:12.904000,0.51825,0.51775,2,663
2017-08-02 14:30:13.020000,0.51825,0.51765,87,789
2017-08-02 14:30:13.072000,0.5182,0.51765,2,663
2017-08-02 14:30:13.394000,0.51815,0.5178,87,126
2017-08-02 14:30:13.444000,0.51835,0.5178,87,126
2017-08-02 14:30:13.495000,0.51835,0.51785,87,126
2017-08-02 14:30:13.562000,0.51845,0.51785,87,789
2017-08-02 14:30:13.761000,0.51845,0.51795,2,663
2017-08-02 14:30:13.878000,0.5185,0.51795,2,663
2017-08-02 14:30:13.929000,0.51845,0.51785,87,789
2017-08-02 14:30:14.049000,0.5184,0.51785,2,663
2017-08-02 14:30:14.255000,0.51855,0.51795,87,789
2017-08-02 14:30:14.306000,0.51855,0.51805,87,126
2017-08-02 14:30:14.356000,0.51855,0.518,87,126
2017-08-02 14:30:14.407000,0.5186,0.51805,2,663
2017-08-02 14:30:14.727000,0.51855,0.51795,87,789
2017-08-02 14:30:14.889000,0.51845,0.51785,87,789
2017-08-02 14:30:15.445000,0.51845,0.5179,87,126
2017-08-02 14:30:15.556000,0.51845,0.51785,87,789
2017-08-02 14:30:15.607000,0.5184,0.51785,2,663
2017-08-02 14:30:15.914000,0.51835,0.51775,87,789
2017-08-02 14:30:16.008000,0.51825,0.51775,87,126
2017-08-02 14:30:16.059000,0.5182,0.51765,2,663
2017-08-02 14:30:16.125000,0.51825,0.51765,87,789
2017-08-02 14:30:16.225000,0.5182,0.51765,2,663
2017-08-02 14:30:16.441000,0.51815,0.51755,87,789
2017-08-02 14:30:16.542000,0.51805,0.51745,87,789
2017-08-02 14:30:16.867000,0.51795,0.5175,87,126
2017-08-02 14:30:16.917000,0.5179,0.51735,2,663
2017-08-02 14:30:16.968000,0.5178,0.51735,2,663
2017-08-02 14:30:17.068000,0.51775,0.5172,87,126
2017-08-02 14:30:17.119000,0.51775,0.51715,87,789
2017-08-02 14:30:17.420000,0.51765,0.51715,87,126
2017-08-02 14:30:17.477000,0.51765,0.5171,87,126
2017-08-02 14:30:17.645000,0.51755,0.51695,87,789
2017-08-02 14:30:17.696000,0.51745,0.51695,2,663
2017-08-02 14:30:17.948000,0.51725,0.5167,87,126
2017-08-02 14:30:17.998000,0.51715,0.51665,2,663
2017-08-02 14:30:18.099000,0.5171,0.51655,2,663
2017-08-02 14:30:18.371000,0.51705,0.5165,87,126
2017-08-02 14:30:18.422000,0.51705,0.51645,87,789
2017-08-02 14:30:18.472000,0.517,0.51645,2,663
2017-08-02 14:30:18.523000,0.51695,0.51635,87,789
2017-08-02 14:30:18.624000,0.5169,0.51635,2,663
2017-08-02 14:30:18.825000,0.51685,0.51625,87,789
2017-08-02 14:30:18.876000,0.5168,0.51625,2,663
2017-08-02 14:30:18.989000,0.51685,0.51625,87,789
2017-08-02 14:30:19.039000,0.51675,0.51615,87,789
2017-08-02 14:30:19.358000,0.5163,0.51575,2,663
2017-08-02 14:30:19.506000,0.51625,0.51565,87,787
2017-08-02 14:30:19.575000,0.5162,0.51565,2,661
2017-08-02 14:30:19.772000,0.51605,0.51545,89,787
2017-08-02 14:30:19.822000,0.51605,0.5155,89,126
2017-08-02 14:30:19.873000,0.51605,0.51545,89,787
2017-08-02 14:30:19.941000,0.516,0.51545,2,661
2017-08-02 14:30:19.992000,0.51595,0.51535,89,787
2017-08-02 14:30:20.074000,0.5159,0.51535,2,661
2017-08-02 14:30:20.174000,0.51585,0.51525,89,787
2017-08-02 14:30:20.266000,0.51575,0.51525,89,126
2017-08-02 14:30:20.331000,0.51575,0.5152,89,126
2017-08-02 14:30:20.408000,0.51575,0.51525,89,126
2017-08-02 14:30:20.459000,0.5157,0.51515,9,661
2017-08-02 14:30:20.560000,0.51545,0.51485,964,126
2017-08-02 14:30:20.611000,0.51445,0.51385,89,661
2017-08-02 14:30:20.960000,0.51425,0.51375,89,126
2017-08-02 14:30:21.013000,0.5143,0.51375,2,661
2017-08-02 14:30:21.063000,0.51435,0.5138,89,126
2017-08-02 14:30:21.366000,0.51455,0.51405,89,126
2017-08-02 14:30:21.467000,0.51455,0.514,89,126
2017-08-02 14:30:21.665000,0.51455,0.51405,89,126
2017-08-02 14:30:21.767000,0.51485,0.51425,89,661
2017-08-02 14:30:21.969000,0.51485,0.5143,89,126
2017-08-02 14:30:22.070000,0.51475,0.51415,89,787
2017-08-02 14:30:22.221000,0.51475,0.5142,89,126
2017-08-02 14:30:22.402000,0.51485,0.51425,89,787
2017-08-02 14:30:22.452000,0.51465,0.51405,89,787
2017-08-02 14:30:22.758000,0.5147,0.51415,3,661
2017-08-02 14:30:22.833000,0.51475,0.51415,89,787
2017-08-02 14:30:22.884000,0.5147,0.51415,3,661
2017-08-02 14:30:23.035000,0.51475,0.51415,89,787
2017-08-02 14:30:23.143000,0.51475,0.51425,3,661
2017-08-02 14:30:23.244000,0.51455,0.51395,89,787
2017-08-02 14:30:23.316000,0.51455,0.514,89,126
2017-08-02 14:30:23.367000,0.51455,0.51395,89,787
2017-08-02 14:30:23.429000,0.51455,0.514,89,126
2017-08-02 14:30:23.630000,0.51475,0.51415,89,787
2017-08-02 14:30:23.739000,0.51475,0.51425,3,661
2017-08-02 14:30:23.841000,0.5149,0.51435,3,661
2017-08-02 14:30:23.992000,0.51495,0.51435,89,787
2017-08-02 14:30:24.042000,0.51485,0.5143,89,126
2017-08-02 14:30:24.093000,0.51485,0.51425,89,787
2017-08-02 14:30:24.194000,0.51475,0.5142,89,126
2017-08-02 14:30:24.244000,0.51475,0.51415,89,787
2017-08-02 14:30:24.383000,0.5147,0.51415,3,661
2017-08-02 14:30:24.542000,0.51465,0.51405,89,787
2017-08-02 14:30:24.594000,0.51465,0.5141,89,126
2017-08-02 14:30:24.644000,0.51465,0.51405,89,787
2017-08-02 14:30:24.844000,0.51455,0.514,89,126
2017-08-02 14:30:24.895000,0.51455,0.51395,89,787
2017-08-02 14:30:24.965000,0.51445,0.51395,89,126
2017-08-02 14:30:25.015000,0.51445,0.51385,89,787
2017-08-02 14:30:25.066000,0.51445,0.51395,89,126
2017-08-02 14:30:25.188000,0.51445,0.5139,89,126
2017-08-02 14:30:25.239000,0.5145,0.51395,3,661
2017-08-02 14:30:25.466000,0.51445,0.51385,89,787
2017-08-02 14:30:25.567000,0.5144,0.51385,3,661
2017-08-02 14:30:25.802000,0.51455,0.51395,89,787
2017-08-02 14:30:25.853000,0.51455,0.514,89,126
2017-08-02 14:30:26.124000,0.51485,0.51425,89,787
2017-08-02 14:30:26.279000,0.51475,0.51415,89,787
2017-08-02 14:30:26.628000,0.51485,0.51425,89,787
2017-08-02 14:30:26.939000,0.51515,0.51455,89,787
2017-08-02 14:30:27.307000,0.51495,0.51445,3,661
2017-08-02 14:30:27.357000,0.5148,0.51425,3,661
2017-08-02 14:30:27.458000,0.51485,0.51425,89,787
2017-08-02 14:30:27.581000,0.51495,0.51435,89,787
2017-08-02 14:30:27.883000,0.51515,0.51465,89,126
2017-08-02 14:30:27.934000,0.51515,0.51455,89,787
2017-08-02 14:30:27.984000,0.51525,0.51465,89,787
2017-08-02 14:30:28.362000,0.5152,0.51465,3,661
2017-08-02 14:30:28.413000,0.51525,0.51465,89,787
2017-08-02 14:30:28.463000,0.5152,0.51465,3,661
2017-08-02 14:30:28.614000,0.51535,0.51475,89,787
2017-08-02 14:30:28.703000,0.51535,0.5148,89,126
2017-08-02 14:30:28.753000,0.51535,0.51475,89,787
2017-08-02 14:30:28.957000,0.51515,0.5147,89,126
2017-08-02 14:30:29.007000,0.51515,0.5146,89,126
2017-08-02 14:30:29.091000,0.51515,0.51465,89,126
2017-08-02 14:30:29.142000,0.51545,0.51485,89,661
2017-08-02 14:30:29.293000,0.51535,0.51475,89,787
2017-08-02 14:30:29.897000,0.51555,0.51495,89,787
2017-08-02 14:30:30.277000,0.5154,0.51485,3,661
2017-08-02 14:30:30.449000,0.51505,0.51445,89,787
2017-08-02 14:30:30.500000,0.51505,0.51455,89,126
2017-08-02 14:30:30.550000,0.51495,0.5144,89,126
2017-08-02 14:30:30.661000,0.5149,0.51435,3,661
2017-08-02 14:30:30.712000,0.51475,0.51415,89,787
2017-08-02 14:30:30.762000,0.5147,0.51415,3,661
2017-08-02 14:30:30.831000,0.51475,0.51415,89,787
2017-08-02 14:30:30.932000,0.5147,0.51415,3,661
2017-08-02 14:30:31.003000,0.51475,0.51415,89,787
2017-08-02 14:30:31.102000,0.51475,0.5142,89,126
2017-08-02 14:30:31.153000,0.51485,0.51425,89,661
2017-08-02 14:30:31.352000,0.51485,0.5143,89,126
2017-08-02 14:30:31.631000,0.51525,0.51465,89,661
2017-08-02 14:30:31.681000,0.5152,0.51465,3,661
2017-08-02 14:30:31.732000,0.51525,0.51465,89,787
2017-08-02 14:30:31.783000,0.51525,0.5147,89,126
2017-08-02 14:30:31.934000,0.51545,0.51485,89,787
2017-08-02 14:30:32.058000,0.51545,0.5149,89,126
2017-08-02 14:30:32.259000,0.51555,0.51495,89,787
2017-08-02 14:30:32.587000,0.51545,0.5149,89,126
2017-08-02 14:30:32.638000,0.51545,0.51485,89,787
2017-08-02 14:30:32.716000,0.5154,0.51485,3,661
2017-08-02 14:30:32.767000,0.51515,0.51455,89,787
2017-08-02 14:30:32.817000,0.51515,0.51465,89,126
2017-08-02 14:30:32.918000,0.51525,0.51465,89,787
2017-08-02 14:30:33.229000,0.51525,0.5147,89,126
2017-08-02 14:30:33.380000,0.51525,0.51465,89,787
2017-08-02 14:30:33.632000,0.51525,0.5147,89,126
2017-08-02 14:30:33.683000,0.51535,0.51475,89,661
2017-08-02 14:30:33.734000,0.5153,0.51475,3,661
2017-08-02 14:30:33.885000,0.51525,0.51465,89,787
2017-08-02 14:30:33.973000,0.51505,0.51465,89,126
2017-08-02 14:30:34.074000,0.51505,0.5145,89,126
2017-08-02 14:30:34.135000,0.5151,0.51455,3,664
2017-08-02 14:30:34.272000,0.51515,0.51455,89,790
2017-08-02 14:30:34.323000,0.51505,0.51445,89,788
2017-08-02 14:30:34.803000,0.51505,0.5145,89,126
2017-08-02 14:30:35.015000,0.51505,0.51445,89,788
2017-08-02 14:30:35.096000,0.515,0.51445,3,662
2017-08-02 14:30:35.248000,0.51505,0.51445,89,788
2017-08-02 14:30:35.299000,0.51505,0.5145,89,126
2017-08-02 14:30:35.349000,0.51515,0.51455,89,661
2017-08-02 14:30:35.400000,0.51515,0.5146,89,126
2017-08-02 14:30:35.513000,0.51525,0.51465,89,787
2017-08-02 14:30:35.587000,0.5152,0.51465,2,661
2017-08-02 14:30:35.910000,0.51515,0.51465,89,126
2017-08-02 14:30:36.011000,0.51515,0.5146,89,126
2017-08-02 14:30:36.104000,0.51515,0.51465,89,126
2017-08-02 14:30:36.155000,0.51525,0.51465,89,787
2017-08-02 14:30:36.349000,0.51525,0.5147,89,126
2017-08-02 14:30:36.400000,0.51525,0.51465,89,787
2017-08-02 14:30:36.469000,0.51525,0.5147,89,126
2017-08-02 14:30:36.520000,0.51525,0.51465,89,787
2017-08-02 14:30:36.571000,0.51525,0.5147,89,126
2017-08-02 14:30:36.815000,0.51525,0.51465,89,787
2017-08-02 14:30:36.934000,0.51525,0.5147,89,126
2017-08-02 14:30:36.985000,0.51525,0.51465,89,787
2017-08-02 14:30:37.035000,0.51525,0.5147,89,126
2017-08-02 14:30:37.086000,0.51525,0.51465,89,787
2017-08-02 14:30:37.137000,0.5153,0.51475,2,661
2017-08-02 14:30:37.245000,0.51535,0.51475,89,787
2017-08-02 14:30:37.382000,0.5153,0.51475,2,661
2017-08-02 14:30:37.433000,0.51535,0.51475,89,787
2017-08-02 14:30:37.522000,0.5153,0.51475,2,661
2017-08-02 14:30:37.623000,0.51535,0.51475,89,661
2017-08-02 14:30:37.679000,0.5153,0.51475,2,661
2017-08-02 14:30:37.730000,0.51535,0.51475,89,787
2017-08-02 14:30:37.780000,0.5153,0.51475,2,661
2017-08-02 14:30:37.881000,0.51535,0.51475,89,787
2017-08-02 14:30:37.932000,0.5153,0.51475,2,661
2017-08-02 14:30:38.260000,0.51555,0.51495,89,787
2017-08-02 14:30:38.311000,0.51555,0.51515,89,126
2017-08-02 14:30:38.361000,0.51555,0.51505,89,126
2017-08-02 14:30:38.412000,0.51565,0.51515,89,126
2017-08-02 14:30:38.463000,0.51565,0.51505,89,787
2017-08-02 14:30:38.659000,0.51565,0.51515,89,126
2017-08-02 14:30:38.730000,0.51565,0.5151,89,126
2017-08-02 14:30:38.854000,0.51575,0.51515,89,787
2017-08-02 14:30:39.506000,0.51575,0.5152,89,126
2017-08-02 14:30:39.782000,0.51585,0.51525,89,787
2017-08-02 14:30:39.832000,0.51585,0.5153,89,126
2017-08-02 14:30:40.072000,0.51585,0.51525,89,787
2017-08-02 14:30:40.123000,0.51595,0.51535,89,787
2017-08-02 14:30:40.479000,0.51575,0.5152,89,126
2017-08-02 14:30:40.630000,0.51585,0.51525,89,787
2017-08-02 14:30:40.680000,0.51585,0.5153,89,126
2017-08-02 14:30:40.781000,0.51605,0.51545,89,787
2017-08-02 14:30:40.836000,0.516,0.51545,2,661
2017-08-02 14:30:41.141000,0.51595,0.51535,89,787
2017-08-02 14:30:41.192000,0.51595,0.51545,89,126
2017-08-02 14:30:41.242000,0.51595,0.5154,89,126
2017-08-02 14:30:41.440000,0.51605,0.51545,89,787
2017-08-02 14:30:41.831000,0.51605,0.5155,89,126
2017-08-02 14:30:41.982000,0.51615,0.51555,89,787
2017-08-02 14:30:42.146000,0.51625,0.51565,89,661
2017-08-02 14:30:42.465000,0.51635,0.51575,964,661
2017-08-02 14:30:42.537000,0.51635,0.51575,89,787
2017-08-02 14:30:42.637000,0.51635,0.51575,964,661
2017-08-02 14:30:42.688000,0.51635,0.51575,89,787
2017-08-02 14:30:42.738000,0.51645,0.51585,964,661
2017-08-02 14:30:42.947000,0.51625,0.51565,89,787
2017-08-02 14:30:43.093000,0.51625,0.51565,964,661
2017-08-02 14:30:43.194000,0.51615,0.51555,89,787
2017-08-02 14:30:43.244000,0.51615,0.5156,89,126
2017-08-02 14:30:43.304000,0.51615,0.51555,89,787
2017-08-02 14:30:43.354000,0.51625,0.51575,89,126
2017-08-02 14:30:43.405000,0.51625,0.5157,89,126
2017-08-02 14:30:43.456000,0.51625,0.51565,964,661
2017-08-02 14:30:43.506000,0.51605,0.51545,964,661
2017-08-02 14:30:43.557000,0.51605,0.51545,89,787
2017-08-02 14:30:43.657000,0.51605,0.51545,964,661
2017-08-02 14:30:43.878000,0.51595,0.51535,89,787
2017-08-02 14:30:43.947000,0.51595,0.5154,89,126
2017-08-02 14:30:43.997000,0.51615,0.51555,89,661
2017-08-02 14:30:44.148000,0.51615,0.51555,964,661
2017-08-02 14:30:44.405000,0.51605,0.51545,89,787
2017-08-02 14:30:44.455000,0.51605,0.5155,89,126
2017-08-02 14:30:44.506000,0.51615,0.51555,89,787
2017-08-02 14:30:44.615000,0.51615,0.5156,89,126
2017-08-02 14:30:44.879000,0.51625,0.51565,89,787
2017-08-02 14:30:44.930000,0.51625,0.5157,89,126
2017-08-02 14:30:44.980000,0.51625,0.51565,89,787
2017-08-02 14:30:45.072000,0.51625,0.5157,89,126
2017-08-02 14:30:45.122000,0.51635,0.51575,89,661
2017-08-02 14:30:45.173000,0.51635,0.51575,964,661
2017-08-02 14:30:45.224000,0.51635,0.51575,89,787
2017-08-02 14:30:45.274000,0.51625,0.5157,89,126
2017-08-02 14:30:45.325000,0.51625,0.51565,89,787
2017-08-02 14:30:45.430000,0.51625,0.51565,964,661
2017-08-02 14:30:45.481000,0.51625,0.51565,89,787
2017-08-02 14:30:45.743000,0.51635,0.51575,964,661
2017-08-02 14:30:45.794000,0.51635,0.51575,89,787
2017-08-02 14:30:45.844000,0.51635,0.51575,964,661
2017-08-02 14:30:45.901000,0.51625,0.51565,89,787
2017-08-02 14:30:45.951000,0.51625,0.51565,964,661
2017-08-02 14:30:46.002000,0.51625,0.51565,89,787
2017-08-02 14:30:46.053000,0.51625,0.51565,964,661
2017-08-02 14:30:46.103000,0.51615,0.51555,89,787
2017-08-02 14:30:46.178000,0.51615,0.5156,89,126
2017-08-02 14:30:46.279000,0.51615,0.51555,89,787
2017-08-02 14:30:46.329000,0.51615,0.51585,89,126
2017-08-02 14:30:46.522000,0.51645,0.51585,964,661
2017-08-02 14:30:46.732000,0.51645,0.51585,89,787
2017-08-02 14:30:46.875000,0.51645,0.5159,89,126
2017-08-02 14:30:46.925000,0.51655,0.51595,89,661
2017-08-02 14:30:47.127000,0.51655,0.51595,964,661
2017-08-02 14:30:47.329000,0.51655,0.51595,89,787
2017-08-02 14:30:47.442000,0.51655,0.516,89,126
2017-08-02 14:30:48.053000,0.51655,0.51595,89,787
2017-08-02 14:30:48.204000,0.51655,0.516,89,126
2017-08-02 14:30:48.254000,0.51655,0.51595,89,787
2017-08-02 14:30:48.393000,0.51655,0.516,89,126
2017-08-02 14:30:48.553000,0.51665,0.51605,89,661
2017-08-02 14:30:48.708000,0.51665,0.51605,964,661
2017-08-02 14:30:48.759000,0.51675,0.51615,89,661
2017-08-02 14:30:48.809000,0.51675,0.51615,964,661
2017-08-02 14:30:48.898000,0.51675,0.51615,89,787
2017-08-02 14:30:49.096000,0.51665,0.51605,89,787
2017-08-02 14:30:49.553000,0.51665,0.5161,89,126
2017-08-02 14:30:49.603000,0.51675,0.51615,89,661
2017-08-02 14:30:49.654000,0.51675,0.5162,89,126
2017-08-02 14:30:49.755000,0.51685,0.51625,89,787
2017-08-02 14:30:50.533000,0.51685,0.5163,89,126
2017-08-02 14:30:50.843000,0.51695,0.51635,89,787
2017-08-02 14:30:50.894000,0.51695,0.51645,89,126
2017-08-02 14:30:50.994000,0.51705,0.51645,89,787
2017-08-02 14:30:51.114000,0.51715,0.51655,964,661
2017-08-02 14:30:51.165000,0.51715,0.51655,89,787
2017-08-02 14:30:51.293000,0.51715,0.5166,89,126
2017-08-02 14:30:51.349000,0.51715,0.51655,89,787
2017-08-02 14:30:51.450000,0.51715,0.51655,964,661
2017-08-02 14:30:51.501000,0.51715,0.51655,964,661
2017-08-02 14:30:51.551000,0.51715,0.51655,964,661
2017-08-02 14:30:51.602000,0.51725,0.51665,964,661
2017-08-02 14:30:51.703000,0.51725,0.51665,964,661
2017-08-02 14:30:51.851000,0.51705,0.5165,89,126
2017-08-02 14:30:51.962000,0.51705,0.51655,89,126
2017-08-02 14:30:52.068000,0.51705,0.51645,89,787
2017-08-02 14:30:52.118000,0.51705,0.5165,89,126
2017-08-02 14:30:52.169000,0.51705,0.51645,89,787
2017-08-02 14:30:52.286000,0.51695,0.51645,89,126
2017-08-02 14:30:52.398000,0.51695,0.51635,964,661
2017-08-02 14:30:52.449000,0.51695,0.51635,89,787
2017-08-02 14:30:52.786000,0.51685,0.51625,89,787
2017-08-02 14:30:53.116000,0.51675,0.51615,964,661
2017-08-02 14:30:53.817000,0.51675,0.5162,89,126
2017-08-02 14:30:54.158000,0.51685,0.5163,89,126
2017-08-02 14:30:54.208000,0.51685,0.51625,89,787
2017-08-02 14:30:54.262000,0.51675,0.51625,89,126
2017-08-02 14:30:54.324000,0.51675,0.5162,89,126
2017-08-02 14:30:54.376000,0.51675,0.51615,964,661
2017-08-02 14:30:54.602000,0.51675,0.51615,89,787
2017-08-02 14:30:54.696000,0.51675,0.51615,964,661
2017-08-02 14:30:55.287000,0.51665,0.5161,89,126
2017-08-02 14:30:55.350000,0.51665,0.51605,89,787
2017-08-02 14:30:55.461000,0.51665,0.51605,964,661
2017-08-02 14:30:55.512000,0.51665,0.51605,89,787
2017-08-02 14:30:55.644000,0.51665,0.51605,964,661
2017-08-02 14:30:55.971000,0.51695,0.51635,964,661
2017-08-02 14:30:56.185000,0.51695,0.51635,89,787
2017-08-02 14:30:56.426000,0.51685,0.51635,89,126
2017-08-02 14:30:56.612000,0.51705,0.51645,89,661
2017-08-02 14:30:56.662000,0.51705,0.51645,964,661
2017-08-02 14:30:56.713000,0.51705,0.51645,89,787
2017-08-02 14:30:56.763000,0.51695,0.51645,89,126
2017-08-02 14:30:56.814000,0.51695,0.51635,964,661
2017-08-02 14:30:56.864000,0.51695,0.51635,964,661
2017-08-02 14:30:56.939000,0.51695,0.51635,964,661
2017-08-02 14:30:57.077000,0.51685,0.51635,89,126
2017-08-02 14:30:57.127000,0.51685,0.5163,89,126
2017-08-02 14:30:57.178000,0.51685,0.51625,89,787
2017-08-02 14:30:57.229000,0.51705,0.51645,964,661
2017-08-02 14:30:57.279000,0.51705,0.51645,964,661
2017-08-02 14:30:57.407000,0.51705,0.51645,964,661
2017-08-02 14:30:57.457000,0.51705,0.51645,964,661
2017-08-02 14:30:57.515000,0.51705,0.51645,964,661
2017-08-02 14:30:57.566000,0.51695,0.51635,89,787
2017-08-02 14:30:57.654000,0.51695,0.5164,89,126
2017-08-02 14:30:57.704000,0.51695,0.51635,89,787
2017-08-02 14:30:57.922000,0.51685,0.51635,89,126
2017-08-02 14:30:57.984000,0.51685,0.5163,89,126
2017-08-02 14:30:58.035000,0.51685,0.51625,89,787
2017-08-02 14:30:58.085000,0.51665,0.51615,89,126
2017-08-02 14:30:58.136000,0.51665,0.51605,964,661
2017-08-02 14:30:58.231000,0.51665,0.51605,89,661
2017-08-02 14:30:58.334000,0.51665,0.51605,964,661
2017-08-02 14:30:58.485000,0.51635,0.51575,89,787
2017-08-02 14:30:58.557000,0.51635,0.5158,89,126
2017-08-02 14:30:58.697000,0.51645,0.51585,89,787
2017-08-02 14:30:58.798000,0.51645,0.5159,89,126
2017-08-02 14:30:58.950000,0.51645,0.51585,89,787
2017-08-02 14:30:59.065000,0.51645,0.51585,964,661
2017-08-02 14:30:59.116000,0.51645,0.51585,89,787
2017-08-02 14:30:59.291000,0.51635,0.51585,89,126
2017-08-02 14:30:59.342000,0.51635,0.5158,89,126
2017-08-02 14:30:59.445000,0.51635,0.51575,89,787
2017-08-02 14:30:59.543000,0.51625,0.51575,89,126
2017-08-02 14:30:59.609000,0.51625,0.5157,89,126
2017-08-02 14:30:59.727000,0.51615,0.51555,89,787
2017-08-02 14:30:59.933000,0.51615,0.51555,964,661
2017-08-02 14:31:00.033000,0.51605,0.51545,89,787
2017-08-02 14:31:00.555000,0.51605,0.51545,964,661
2017-08-02 14:31:00.787000,0.51605,0.51545,89,787
2017-08-02 14:31:01.083000,0.51605,0.51545,964,661
2017-08-02 14:31:01.292000,0.51605,0.51545,89,787
2017-08-02 14:31:01.503000,0.51605,0.51545,964,661
2017-08-02 14:31:01.806000,0.51615,0.5156,89,126
2017-08-02 14:31:02.075000,0.51625,0.51565,89,787
2017-08-02 14:31:02.126000,0.51625,0.5157,89,126
2017-08-02 14:31:02.227000,0.51645,0.51585,89,661
2017-08-02 14:31:02.363000,0.51645,0.51585,964,661
2017-08-02 14:31:02.414000,0.51635,0.51575,89,787
2017-08-02 14:31:02.464000,0.51635,0.5158,89,126
2017-08-02 14:31:02.648000,0.51645,0.51585,89,787
2017-08-02 14:31:02.748000,0.51645,0.5159,89,126
2017-08-02 14:31:02.849000,0.51655,0.51595,89,787
2017-08-02 14:31:02.900000,0.51655,0.51595,964,661
2017-08-02 14:31:02.950000,0.51635,0.5158,89,126
2017-08-02 14:31:03.064000,0.51635,0.51575,89,787
2017-08-02 14:31:03.115000,0.51635,0.51575,964,661
2017-08-02 14:31:03.166000,0.51635,0.51575,89,787
2017-08-02 14:31:03.523000,0.51635,0.51575,964,661
2017-08-02 14:31:03.624000,0.51635,0.51575,89,661
2017-08-02 14:31:03.674000,0.51635,0.51575,964,661
2017-08-02 14:31:03.990000,0.51625,0.5157,89,126
2017-08-02 14:31:04.300000,0.51635,0.51575,1100,661
2017-08-02 14:31:04.350000,0.51605,0.51545,964,661
2017-08-02 14:31:04.401000,0.51605,0.51545,89,787
2017-08-02 14:31:04.714000,0.51605,0.5155,89,126
2017-08-02 14:31:04.903000,0.51605,0.51545,89,787
2017-08-02 14:31:04.953000,0.51605,0.5155,89,126
2017-08-02 14:31:05.104000,0.51615,0.51555,89,787
2017-08-02 14:31:05.441000,0.51615,0.5156,89,126
2017-08-02 14:31:05.549000,0.51625,0.51565,89,661
2017-08-02 14:31:05.600000,0.51625,0.51565,964,661
2017-08-02 14:31:05.650000,0.51625,0.51565,89,787
2017-08-02 14:31:05.701000,0.51625,0.51565,964,661
2017-08-02 14:31:06.036000,0.51625,0.51565,89,787
2017-08-02 14:31:06.086000,0.51625,0.51565,964,661
2017-08-02 14:31:06.489000,0.51625,0.51565,89,787
2017-08-02 14:31:07.024000,0.51625,0.5157,89,126
2017-08-02 14:31:07.075000,0.51635,0.51575,89,661
2017-08-02 14:31:07.320000,0.51635,0.5158,89,126
2017-08-02 14:31:07.370000,0.51645,0.51585,89,661
2017-08-02 14:31:08.559000,0.51645,0.5159,89,126
2017-08-02 14:31:08.610000,0.51655,0.51595,89,661
2017-08-02 14:31:08.660000,0.51655,0.51595,964,661
2017-08-02 14:31:08.761000,0.51655,0.51595,89,787
2017-08-02 14:31:09.006000,0.51655,0.51595,964,661
2017-08-02 14:31:09.107000,0.51645,0.51585,89,787
2017-08-02 14:31:10.362000,0.51655,0.51595,964,661
2017-08-02 14:31:10.463000,0.51655,0.51595,964,661
2017-08-02 14:31:10.514000,0.51655,0.51595,964,661
2017-08-02 14:31:10.564000,0.51645,0.51585,89,787
2017-08-02 14:31:10.622000,0.51645,0.5159,89,126
2017-08-02 14:31:10.681000,0.51645,0.51585,89,787
2017-08-02 14:31:10.841000,0.51645,0.5159,89,126
2017-08-02 14:31:10.891000,0.51635,0.51575,89,787
2017-08-02 14:31:11.057000,0.51625,0.5157,89,126
2017-08-02 14:31:11.170000,0.51625,0.51565,89,787
2017-08-02 14:31:11.680000,0.51625,0.5157,89,126
2017-08-02 14:31:11.781000,0.51625,0.51565,89,787
2017-08-02 14:31:11.831000,0.51635,0.51575,964,661
2017-08-02 14:31:11.944000,0.51625,0.51565,89,787
2017-08-02 14:31:12.138000,0.51635,0.51575,964,661
2017-08-02 14:31:12.203000,0.51635,0.51575,964,661
2017-08-02 14:31:12.299000,0.51625,0.5157,89,126
2017-08-02 14:31:12.349000,0.51625,0.51565,89,787
2017-08-02 14:31:12.483000,0.51635,0.51575,964,661
2017-08-02 14:31:12.544000,0.51635,0.51575,964,661
2017-08-02 14:31:12.730000,0.51625,0.51565,89,787
2017-08-02 14:31:12.859000,0.51625,0.5157,89,126
2017-08-02 14:31:12.910000,0.51625,0.51565,89,787
2017-08-02 14:31:13.196000,0.51625,0.5157,89,126
2017-08-02 14:31:13.374000,0.51635,0.51575,89,787
2017-08-02 14:31:13.483000,0.51635,0.51575,964,661
2017-08-02 14:31:13.534000,0.51635,0.51575,89,787
2017-08-02 14:31:13.635000,0.51635,0.51575,964,661
2017-08-02 14:31:13.686000,0.51605,0.51545,89,787
2017-08-02 14:31:14.623000,0.51605,0.5155,89,126
2017-08-02 14:31:14.673000,0.51615,0.51555,89,661
2017-08-02 14:31:14.955000,0.51605,0.51555,89,126
2017-08-02 14:31:15.015000,0.51605,0.5155,89,126
2017-08-02 14:31:15.114000,0.51605,0.51555,89,126
2017-08-02 14:31:15.164000,0.51605,0.51545,89,787
2017-08-02 14:31:15.226000,0.51605,0.51545,964,661
2017-08-02 14:31:15.281000,0.51605,0.51545,89,787
2017-08-02 14:31:15.363000,0.51605,0.5155,89,126
2017-08-02 14:31:15.435000,0.51615,0.51555,89,661
2017-08-02 14:31:15.485000,0.51615,0.51555,964,661
2017-08-02 14:31:15.614000,0.51615,0.51555,89,787
2017-08-02 14:31:16.380000,0.51615,0.5156,89,126
2017-08-02 14:31:16.541000,0.51625,0.51565,89,787
2017-08-02 14:31:16.994000,0.51625,0.5157,89,126
2017-08-02 14:31:17.200000,0.51635,0.51575,89,787
2017-08-02 14:31:17.284000,0.51625,0.51575,89,126
2017-08-02 14:31:17.437000,0.51605,0.51545,964,661
2017-08-02 14:31:17.588000,0.51605,0.51545,89,787
2017-08-02 14:31:17.838000,0.51615,0.51555,964,661
2017-08-02 14:31:17.938000,0.51615,0.51555,964,661
2017-08-02 14:31:17.995000,0.51615,0.51555,964,661
2017-08-02 14:31:18.046000,0.51605,0.51545,89,787
2017-08-02 14:31:18.339000,0.51605,0.51545,964,661
2017-08-02 14:31:18.584000,0.51595,0.51535,89,787
2017-08-02 14:31:18.854000,0.51595,0.51535,964,661
2017-08-02 14:31:18.904000,0.51595,0.51535,89,787
2017-08-02 14:31:18.955000,0.51585,0.51535,89,126
2017-08-02 14:31:19.005000,0.51585,0.51525,89,787
2017-08-02 14:31:19.131000,0.51585,0.5154,89,126
2017-08-02 14:31:19.182000,0.51595,0.51535,89,661
2017-08-02 14:31:19.232000,0.51595,0.51565,89,126
2017-08-02 14:31:19.404000,0.51635,0.51575,964,661
2017-08-02 14:31:19.455000,0.51635,0.51575,89,787
2017-08-02 14:31:19.505000,0.51635,0.51585,89,126
2017-08-02 14:31:19.556000,0.51635,0.5158,89,126
2017-08-02 14:31:19.740000,0.51645,0.51585,89,787
2017-08-02 14:31:20.830000,0.51645,0.5159,89,126
2017-08-02 14:31:21.031000,0.51665,0.51605,89,787
2017-08-02 14:31:21.346000,0.51665,0.5161,89,126
2017-08-02 14:31:21.397000,0.51685,0.51625,89,661
2017-08-02 14:31:21.447000,0.51685,0.51625,964,661
2017-08-02 14:31:21.627000,0.51685,0.51625,89,787
2017-08-02 14:31:21.677000,0.51685,0.51625,964,661
2017-08-02 14:31:21.778000,0.51685,0.51625,89,787
2017-08-02 14:31:21.829000,0.51685,0.5163,89,126
2017-08-02 14:31:21.879000,0.51685,0.51625,89,787
2017-08-02 14:31:21.947000,0.51685,0.5163,89,126
2017-08-02 14:31:22.098000,0.51705,0.51645,89,787
2017-08-02 14:31:22.169000,0.51705,0.51645,964,661
2017-08-02 14:31:22.270000,0.51695,0.51635,89,787
2017-08-02 14:31:22.431000,0.51705,0.51645,964,661
2017-08-02 14:31:22.601000,0.51695,0.51635,89,787
2017-08-02 14:31:22.720000,0.51685,0.51635,89,126
2017-08-02 14:31:22.772000,0.51685,0.51625,89,787
2017-08-02 14:31:22.830000,0.51685,0.5163,89,126
2017-08-02 14:31:22.881000,0.51705,0.51645,89,661
2017-08-02 14:31:22.931000,0.51705,0.51645,964,661
2017-08-02 14:31:23.228000,0.51705,0.51645,89,787
2017-08-02 14:31:23.279000,0.51705,0.5165,89,126
2017-08-02 14:31:23.350000,0.51705,0.51645,89,787
2017-08-02 14:31:23.471000,0.51705,0.5165,89,126
2017-08-02 14:31:23.788000,0.51735,0.51675,964,661
2017-08-02 14:31:23.889000,0.51725,0.51665,89,787
2017-08-02 14:31:23.940000,0.51725,0.51675,89,126
2017-08-02 14:31:23.995000,0.51735,0.51675,89,787
2017-08-02 14:31:24.096000,0.51735,0.51675,964,661
2017-08-02 14:31:24.420000,0.51725,0.5167,89,126
2017-08-02 14:31:24.471000,0.51725,0.51665,89,787
2017-08-02 14:31:24.724000,0.51735,0.51675,964,661
2017-08-02 14:31:24.825000,0.51735,0.51675,964,661
2017-08-02 14:31:24.925000,0.51765,0.5171,89,126
2017-08-02 14:31:25.077000,0.51775,0.51715,89,787
2017-08-02 14:31:25.194000,0.51775,0.51715,964,661
2017-08-02 14:31:25.246000,0.51765,0.51705,89,787
2017-08-02 14:31:25.298000,0.51765,0.51705,964,661
2017-08-02 14:31:25.349000,0.51765,0.51705,89,787
2017-08-02 14:31:25.400000,0.51765,0.51715,89,126
2017-08-02 14:31:25.500000,0.51775,0.51715,89,787
2017-08-02 14:31:25.775000,0.51765,0.51715,89,126
2017-08-02 14:31:25.826000,0.51765,0.51705,89,787
2017-08-02 14:31:25.876000,0.51765,0.51705,964,661
2017-08-02 14:31:25.927000,0.51765,0.51705,89,787
2017-08-02 14:31:26.169000,0.51765,0.51705,964,661
2017-08-02 14:31:26.473000,0.51735,0.51675,89,787
2017-08-02 14:31:26.532000,0.51735,0.51675,964,661
2017-08-02 14:31:26.582000,0.51735,0.51675,964,787
2017-08-02 14:31:26.643000,0.51735,0.51675,964,661
2017-08-02 14:31:26.877000,0.51735,0.51675,964,787
2017-08-02 14:31:27.192000,0.51735,0.5168,838,126
2017-08-02 14:31:27.242000,0.51735,0.51675,964,787
2017-08-02 14:31:27.293000,0.51725,0.51675,838,126
2017-08-02 14:31:27.343000,0.51725,0.5167,838,126
2017-08-02 14:31:27.394000,0.51725,0.51665,964,787
2017-08-02 14:31:27.545000,0.51725,0.51665,964,661
2017-08-02 14:31:27.658000,0.51705,0.51645,964,787
2017-08-02 14:31:27.945000,0.51705,0.51645,964,661
2017-08-02 14:31:28.129000,0.51715,0.51655,964,787
2017-08-02 14:31:28.180000,0.51715,0.51655,964,661
2017-08-02 14:31:28.280000,0.51705,0.51645,964,787
2017-08-02 14:31:28.698000,0.51695,0.51645,838,126
2017-08-02 14:31:28.757000,0.51695,0.5164,838,126
2017-08-02 14:31:28.808000,0.51695,0.51635,964,787
2017-08-02 14:31:28.908000,0.51695,0.51635,964,661
2017-08-02 14:31:29.143000,0.51695,0.51635,964,787
2017-08-02 14:31:29.193000,0.51705,0.51645,838,661
2017-08-02 14:31:29.566000,0.51705,0.51645,964,661
2017-08-02 14:31:29.616000,0.51705,0.51645,964,787
2017-08-02 14:31:29.667000,0.51695,0.51635,964,787
2017-08-02 14:31:30.077000,0.51705,0.51645,964,787
2017-08-02 14:31:30.396000,0.51665,0.5161,838,126
2017-08-02 14:31:30.447000,0.51675,0.51615,838,661
2017-08-02 14:31:30.498000,0.51675,0.51615,964,661
2017-08-02 14:31:30.566000,0.51675,0.51615,964,787
2017-08-02 14:31:30.616000,0.51665,0.51615,838,126
2017-08-02 14:31:30.667000,0.51665,0.5161,838,126
2017-08-02 14:31:30.739000,0.51665,0.51605,964,787
2017-08-02 14:31:30.790000,0.51675,0.51615,964,661
2017-08-02 14:31:30.841000,0.51675,0.51615,964,661
2017-08-02 14:31:31.004000,0.51675,0.5163,838,126
2017-08-02 14:31:31.106000,0.51695,0.51635,964,787
2017-08-02 14:31:31.157000,0.51695,0.5164,838,126
2017-08-02 14:31:31.325000,0.51715,0.51655,964,787
2017-08-02 14:31:31.376000,0.51715,0.5166,838,126
2017-08-02 14:31:31.429000,0.51725,0.51665,838,661
2017-08-02 14:31:31.480000,0.51725,0.51665,964,661
2017-08-02 14:31:31.530000,0.51725,0.51665,964,787
2017-08-02 14:31:31.593000,0.51725,0.51665,964,661
2017-08-02 14:31:31.644000,0.51725,0.51665,964,787
2017-08-02 14:31:31.792000,0.51725,0.51665,964,661
2017-08-02 14:31:31.945000,0.51715,0.51655,964,787
2017-08-02 14:31:32.012000,0.51715,0.51655,964,661
2017-08-02 14:31:32.062000,0.51705,0.51645,964,787
2017-08-02 14:31:32.113000,0.51705,0.51645,964,661
2017-08-02 14:31:32.251000,0.51705,0.51645,964,787
2017-08-02 14:31:32.663000,0.51705,0.51645,964,661
2017-08-02 14:31:32.714000,0.51705,0.51645,964,787
2017-08-02 14:31:32.923000,0.51715,0.51655,964,661
2017-08-02 14:31:32.974000,0.51715,0.51655,964,661
2017-08-02 14:31:33.025000,0.51715,0.51655,964,787
2017-08-02 14:31:33.084000,0.51705,0.51655,838,126
2017-08-02 14:31:33.135000,0.51705,0.5165,838,126
2017-08-02 14:31:33.186000,0.51705,0.51645,964,787
2017-08-02 14:31:33.382000,0.51695,0.51645,838,126
2017-08-02 14:31:33.544000,0.51685,0.51625,964,787
2017-08-02 14:31:33.672000,0.51685,0.51625,964,661
2017-08-02 14:31:33.842000,0.51675,0.51615,964,787
2017-08-02 14:31:34.088000,0.51685,0.51625,964,661
2017-08-02 14:31:34.189000,0.51685,0.51625,964,661
2017-08-02 14:31:34.239000,0.51685,0.51625,964,661
2017-08-02 14:31:34.290000,0.51675,0.51615,964,787
2017-08-02 14:31:35.213000,0.51675,0.51615,964,661
2017-08-02 14:31:35.358000,0.51675,0.51615,964,787
2017-08-02 14:31:35.459000,0.51675,0.51615,964,661
2017-08-02 14:31:35.673000,0.51675,0.51615,964,787
2017-08-02 14:31:35.887000,0.51685,0.51625,964,787
2017-08-02 14:31:36.239000,0.51685,0.51625,964,661
2017-08-02 14:31:36.290000,0.51675,0.51615,964,787
2017-08-02 14:31:37.384000,0.51675,0.5162,838,126
2017-08-02 14:31:37.435000,0.51675,0.51615,964,787
2017-08-02 14:31:37.486000,0.51685,0.51625,964,661
2017-08-02 14:31:37.754000,0.51695,0.51635,964,787
2017-08-02 14:31:37.942000,0.51705,0.5165,838,126
2017-08-02 14:31:38.093000,0.51705,0.51645,964,787
2017-08-02 14:31:38.144000,0.51695,0.5164,838,126
2017-08-02 14:31:38.346000,0.51695,0.51635,964,787
2017-08-02 14:31:38.602000,0.51705,0.51645,964,661
2017-08-02 14:31:38.655000,0.51705,0.51645,964,661
2017-08-02 14:31:38.806000,0.51695,0.5164,838,126
2017-08-02 14:31:39.193000,0.51695,0.51635,964,787
2017-08-02 14:31:39.244000,0.51705,0.51645,964,661
2017-08-02 14:31:39.294000,0.51705,0.51645,964,661
2017-08-02 14:31:39.374000,0.51705,0.51645,964,787
2017-08-02 14:31:39.473000,0.51705,0.5165,838,126
2017-08-02 14:31:39.574000,0.51725,0.51665,964,661
2017-08-02 14:31:39.729000,0.51725,0.5167,838,126
2017-08-02 14:31:39.779000,0.51725,0.51665,964,787
2017-08-02 14:31:39.880000,0.51725,0.51665,964,661
2017-08-02 14:31:40.202000,0.51715,0.51655,964,661
2017-08-02 14:31:40.363000,0.51715,0.51655,964,787
2017-08-02 14:31:40.522000,0.51705,0.51655,838,126
2017-08-02 14:31:40.685000,0.51685,0.51625,964,787
2017-08-02 14:31:40.939000,0.51675,0.51625,838,126
2017-08-02 14:31:40.993000,0.51675,0.5162,838,126
2017-08-02 14:31:41.044000,0.51675,0.51615,964,661
2017-08-02 14:31:41.094000,0.51675,0.51615,964,787
2017-08-02 14:31:41.327000,0.51675,0.5162,838,126
2017-08-02 14:31:41.378000,0.51685,0.51625,838,661
2017-08-02 14:31:41.428000,0.51685,0.5163,838,126
2017-08-02 14:31:41.716000,0.51695,0.51635,964,787
2017-08-02 14:31:41.767000,0.51705,0.51645,964,661
2017-08-02 14:31:41.817000,0.51705,0.51645,964,661
2017-08-02 14:31:41.868000,0.51705,0.51645,964,661
2017-08-02 14:31:41.918000,0.51695,0.51635,964,787
2017-08-02 14:31:42.079000,0.51685,0.51635,838,126
2017-08-02 14:31:42.143000,0.51685,0.5163,838,126
2017-08-02 14:31:42.197000,0.51685,0.51625,964,787
2017-08-02 14:31:42.247000,0.51675,0.51625,838,126
2017-08-02 14:31:42.298000,0.51675,0.5162,838,126
2017-08-02 14:31:42.348000,0.51675,0.51615,964,661
2017-08-02 14:31:42.399000,0.51675,0.51615,964,787
2017-08-02 14:31:44.049000,0.51665,0.51615,838,126
2017-08-02 14:31:44.104000,0.51665,0.5161,838,126
2017-08-02 14:31:44.331000,0.51665,0.51605,964,787
2017-08-02 14:31:44.382000,0.51655,0.51605,838,126
2017-08-02 14:31:44.432000,0.51655,0.516,838,126
2017-08-02 14:31:44.665000,0.51655,0.51595,964,787
2017-08-02 14:31:44.742000,0.51665,0.51605,964,661
2017-08-02 14:31:44.801000,0.51665,0.51605,964,661
2017-08-02 14:31:44.946000,0.51665,0.51605,964,787
2017-08-02 14:31:44.997000,0.51665,0.51605,964,661
2017-08-02 14:31:45.187000,0.51665,0.51605,964,787
2017-08-02 14:31:45.929000,0.51665,0.5161,838,126
2017-08-02 14:31:45.980000,0.51675,0.51615,838,661
2017-08-02 14:31:46.143000,0.51665,0.51615,838,126
2017-08-02 14:31:46.239000,0.51665,0.51605,964,661
2017-08-02 14:31:46.366000,0.51665,0.51605,964,787
2017-08-02 14:31:47.305000,0.51675,0.51615,838,661
2017-08-02 14:31:47.615000,0.51685,0.51625,964,787
2017-08-02 14:31:47.916000,0.51675,0.51615,964,787
2017-08-02 14:31:48.251000,0.51675,0.51615,964,661
2017-08-02 14:31:48.301000,0.51655,0.5161,838,126
2017-08-02 14:31:48.370000,0.51655,0.51615,838,126
2017-08-02 14:31:48.420000,0.51675,0.51615,964,787
2017-08-02 14:31:48.566000,0.51645,0.51615,838,126
2017-08-02 14:31:48.617000,0.51645,0.5161,838,126
2017-08-02 14:31:48.718000,0.51645,0.51585,964,787
2017-08-02 14:31:48.875000,0.51645,0.51595,838,126
2017-08-02 14:31:48.925000,0.51645,0.51585,964,787
2017-08-02 14:31:49.417000,0.51655,0.51595,964,661
2017-08-02 14:31:49.477000,0.51655,0.51595,964,661
2017-08-02 14:31:49.666000,0.51645,0.5159,838,126
2017-08-02 14:31:49.731000,0.51645,0.51585,964,787
2017-08-02 14:31:49.807000,0.51645,0.51585,964,661
2017-08-02 14:31:50.324000,0.51635,0.5158,838,126
2017-08-02 14:31:50.494000,0.51635,0.51575,964,787
2017-08-02 14:31:50.545000,0.51645,0.51585,964,661
2017-08-02 14:31:50.596000,0.51645,0.51585,964,661
2017-08-02 14:31:50.646000,0.51645,0.51585,964,661
2017-08-02 14:31:50.747000,0.51635,0.51575,964,787
2017-08-02 14:31:51.032000,0.51645,0.51585,964,661
2017-08-02 14:31:51.085000,0.51645,0.51585,964,661
2017-08-02 14:31:51.312000,0.51645,0.51585,964,787
2017-08-02 14:31:51.362000,0.51645,0.5159,838,126
2017-08-02 14:31:51.496000,0.51655,0.51595,964,787
2017-08-02 14:31:51.546000,0.51645,0.51585,964,787
2017-08-02 14:31:51.863000,0.51625,0.51575,838,126
2017-08-02 14:31:51.914000,0.51635,0.51575,964,787
2017-08-02 14:31:52.115000,0.51635,0.51575,964,661
2017-08-02 14:31:52.270000,0.51615,0.51555,838,787
2017-08-02 14:31:52.617000,0.51625,0.51565,964,661
2017-08-02 14:31:52.949000,0.51625,0.5157,838,126
2017-08-02 14:31:53,0.51625,0.51565,964,787
2017-08-02 14:31:53.050000,0.51625,0.5157,838,126
2017-08-02 14:31:53.101000,0.51635,0.51575,964,787
2017-08-02 14:31:53.151000,0.51635,0.51575,964,661
2017-08-02 14:31:53.252000,0.51625,0.51565,964,787
2017-08-02 14:31:53.512000,0.51635,0.51575,964,661
2017-08-02 14:31:53.573000,0.51635,0.51575,964,661
2017-08-02 14:31:53.674000,0.51625,0.5157,838,126
2017-08-02 14:31:53.724000,0.51625,0.51565,964,787
2017-08-02 14:31:54.139000,0.51635,0.51575,964,661
2017-08-02 14:31:54.204000,0.51635,0.51575,964,661
2017-08-02 14:31:54.388000,0.51635,0.51575,964,787
2017-08-02 14:31:54.485000,0.51635,0.51575,964,661
2017-08-02 14:31:54.736000,0.51615,0.51555,964,787
2017-08-02 14:31:55.140000,0.51625,0.51565,964,661
2017-08-02 14:31:55.190000,0.51625,0.51565,964,787
2017-08-02 14:31:55.263000,0.51625,0.51565,964,661
2017-08-02 14:31:55.313000,0.51625,0.51565,964,787
2017-08-02 14:31:56.146000,0.51625,0.51565,964,661
2017-08-02 14:31:56.314000,0.51625,0.51565,964,787
2017-08-02 14:31:57.358000,0.51625,0.5157,838,126
2017-08-02 14:31:57.726000,0.51635,0.51575,964,787
2017-08-02 14:31:58.477000,0.51635,0.5158,838,126
2017-08-02 14:31:58.528000,0.51645,0.51585,838,661
2017-08-02 14:31:58.629000,0.51645,0.51595,838,126
2017-08-02 14:31:58.679000,0.51655,0.51595,964,787
2017-08-02 14:31:58.803000,0.51655,0.516,838,126
2017-08-02 14:31:58.855000,0.51655,0.51595,964,787
2017-08-02 14:31:59.008000,0.51665,0.51605,964,661
2017-08-02 14:31:59.058000,0.51665,0.51605,964,661
2017-08-02 14:31:59.109000,0.51665,0.51605,964,787
2017-08-02 14:31:59.159000,0.51665,0.51605,964,661
2017-08-02 14:31:59.499000,0.51665,0.51605,964,787
2017-08-02 14:31:59.589000,0.51665,0.51605,964,661
2017-08-02 14:32:00.198000,0.51665,0.51605,964,787
2017-08-02 14:32:01.063000,0.51655,0.516,838,126
2017-08-02 14:32:01.114000,0.51655,0.51595,964,787
2017-08-02 14:32:02.253000,0.51645,0.51595,838,126
2017-08-02 14:32:02.315000,0.51645,0.5159,838,126
2017-08-02 14:32:02.587000,0.51645,0.51585,964,787
2017-08-02 14:32:02.654000,0.51645,0.5159,838,126
2017-08-02 14:32:02.867000,0.51655,0.51595,964,787
2017-08-02 14:32:03.374000,0.51645,0.51595,838,126
2017-08-02 14:32:03.424000,0.51645,0.5159,838,126
2017-08-02 14:32:03.475000,0.51645,0.51595,838,126
2017-08-02 14:32:03.525000,0.51655,0.51595,964,787
2017-08-02 14:32:03.649000,0.51655,0.516,838,126
2017-08-02 14:32:03.750000,0.51665,0.51605,964,787
2017-08-02 14:32:03.885000,0.51665,0.5161,838,126
2017-08-02 14:32:04.314000,0.51675,0.51615,964,661
2017-08-02 14:32:04.719000,0.51675,0.51615,964,661
2017-08-02 14:32:04.769000,0.51665,0.51605,964,787
2017-08-02 14:32:04.896000,0.51665,0.5161,838,126
2017-08-02 14:32:05.151000,0.51675,0.51615,964,787
2017-08-02 14:32:05.212000,0.51665,0.51615,838,126
2017-08-02 14:32:05.263000,0.51665,0.5161,838,126
2017-08-02 14:32:05.314000,0.51665,0.51605,964,661
2017-08-02 14:32:05.443000,0.51665,0.51605,964,787
2017-08-02 14:32:05.505000,0.51665,0.51605,964,661
2017-08-02 14:32:05.575000,0.51665,0.51605,964,787
2017-08-02 14:32:05.901000,0.51655,0.51605,838,126
2017-08-02 14:32:05.963000,0.51655,0.516,838,126
2017-08-02 14:32:06.159000,0.51655,0.51595,964,787
2017-08-02 14:32:06.209000,0.51645,0.51595,838,126
2017-08-02 14:32:06.260000,0.51645,0.5159,838,126
2017-08-02 14:32:06.562000,0.51645,0.51585,964,787
2017-08-02 14:32:06.618000,0.51645,0.51585,964,661
2017-08-02 14:32:06.668000,0.51645,0.51585,838,661
2017-08-02 14:32:06.719000,0.51645,0.51585,964,661
2017-08-02 14:32:07.667000,0.51635,0.51585,838,126
2017-08-02 14:32:07.751000,0.51635,0.5158,838,126
2017-08-02 14:32:07.915000,0.51635,0.51575,964,787
2017-08-02 14:32:07.966000,0.51625,0.51575,838,126
2017-08-02 14:32:08.017000,0.51625,0.51565,964,787
2017-08-02 14:32:08.328000,0.51625,0.51565,964,661
2017-08-02 14:32:08.429000,0.51635,0.51575,838,661
2017-08-02 14:32:08.559000,0.51635,0.51575,964,661
2017-08-02 14:32:08.660000,0.51635,0.51575,964,787
2017-08-02 14:32:08.783000,0.51625,0.51575,838,126
2017-08-02 14:32:08.847000,0.51625,0.5157,838,126
2017-08-02 14:32:08.988000,0.51635,0.51575,964,787
2017-08-02 14:32:09.039000,0.51635,0.51575,964,661
2017-08-02 14:32:09.140000,0.51625,0.51565,964,787
2017-08-02 14:32:09.354000,0.51625,0.5157,838,126
2017-08-02 14:32:09.481000,0.51635,0.51575,964,787
2017-08-02 14:32:09.602000,0.51635,0.51575,964,661
2017-08-02 14:32:09.703000,0.51635,0.51575,964,787
2017-08-02 14:32:10.146000,0.51635,0.51575,964,661
2017-08-02 14:32:10.197000,0.51635,0.51575,964,787
2017-08-02 14:32:10.348000,0.51635,0.51575,964,661
2017-08-02 14:32:10.468000,0.51625,0.51565,964,787
2017-08-02 14:32:10.518000,0.51625,0.5157,838,126
2017-08-02 14:32:10.619000,0.51635,0.51575,964,787
2017-08-02 14:32:10.759000,0.51635,0.51575,964,661
2017-08-02 14:32:10.901000,0.51635,0.51575,964,787
2017-08-02 14:32:11.244000,0.51635,0.51575,964,661
2017-08-02 14:32:11.374000,0.51635,0.51575,964,787
2017-08-02 14:32:11.459000,0.51635,0.51575,964,661
2017-08-02 14:32:11.510000,0.51635,0.51575,964,787
2017-08-02 14:32:11.926000,0.51635,0.51575,964,661
2017-08-02 14:32:12.027000,0.51635,0.51575,964,787
2017-08-02 14:32:12.098000,0.51635,0.51575,964,661
2017-08-02 14:32:12.249000,0.51625,0.51565,964,787
2017-08-02 14:32:12.927000,0.51615,0.51565,838,126
2017-08-02 14:32:13.028000,0.51615,0.5156,838,126
2017-08-02 14:32:13.353000,0.51615,0.51555,964,787
2017-08-02 14:32:13.404000,0.51605,0.51545,964,661
2017-08-02 14:32:13.754000,0.51605,0.51545,964,787
2017-08-02 14:32:14.070000,0.51605,0.5155,838,126
2017-08-02 14:32:14.322000,0.51615,0.51555,964,787
2017-08-02 14:32:14.372000,0.51615,0.51555,964,661
2017-08-02 14:32:14.473000,0.51605,0.51545,964,787
2017-08-02 14:32:15.461000,0.51605,0.51545,964,661
2017-08-02 14:32:15.612000,0.51595,0.51535,964,787
2017-08-02 14:32:16.120000,0.51585,0.51535,838,126
2017-08-02 14:32:16.297000,0.51595,0.51535,964,787
2017-08-02 14:32:16.471000,0.51595,0.51535,964,661
2017-08-02 14:32:16.677000,0.51595,0.51535,964,787
2017-08-02 14:32:16.831000,0.51595,0.51535,964,661
2017-08-02 14:32:16.952000,0.51585,0.51525,964,787
2017-08-02 14:32:17.616000,0.51595,0.51535,838,661
2017-08-02 14:32:17.947000,0.51575,0.51525,838,126
2017-08-02 14:32:17.997000,0.51575,0.51515,964,787
2017-08-02 14:32:18.086000,0.51585,0.51525,964,661
2017-08-02 14:32:18.146000,0.51585,0.51525,964,661
2017-08-02 14:32:18.197000,0.51585,0.51525,964,787
2017-08-02 14:32:18.325000,0.51585,0.51525,964,661
2017-08-02 14:32:18.662000,0.51585,0.51525,964,787
2017-08-02 14:32:18.992000,0.51575,0.51525,838,126
2017-08-02 14:32:19.042000,0.51575,0.51515,964,787
2017-08-02 14:32:19.183000,0.51575,0.5152,838,126
2017-08-02 14:32:19.485000,0.51575,0.51515,964,661
2017-08-02 14:32:19.573000,0.51575,0.51515,964,787
2017-08-02 14:32:20.074000,0.51575,0.51515,964,661
2017-08-02 14:32:20.227000,0.51575,0.51515,964,787
2017-08-02 14:32:20.329000,0.51565,0.51515,838,126
2017-08-02 14:32:20.379000,0.51565,0.5151,838,126
2017-08-02 14:32:20.446000,0.51565,0.51505,964,787
2017-08-02 14:32:20.644000,0.51575,0.51515,964,661
2017-08-02 14:32:20.694000,0.51575,0.51515,964,661
2017-08-02 14:32:20.745000,0.51575,0.51515,964,661
2017-08-02 14:32:20.849000,0.51575,0.51515,964,661
2017-08-02 14:32:21.180000,0.51565,0.5151,838,126
2017-08-02 14:32:21.333000,0.51575,0.51515,964,787
2017-08-02 14:32:21.638000,0.51575,0.51515,964,661
2017-08-02 14:32:21.744000,0.51565,0.51505,964,787
2017-08-02 14:32:22.178000,0.51565,0.5151,838,126
2017-08-02 14:32:22.348000,0.51565,0.51505,964,787
2017-08-02 14:32:22.563000,0.51565,0.51505,964,661
2017-08-02 14:32:22.706000,0.51565,0.51505,964,787
2017-08-02 14:32:22.757000,0.51565,0.5151,838,126
2017-08-02 14:32:22.810000,0.51565,0.51505,964,787
2017-08-02 14:32:23.328000,0.51565,0.51505,964,661
2017-08-02 14:32:23.378000,0.51565,0.51505,964,787
2017-08-02 14:32:23.500000,0.51565,0.51505,964,661
2017-08-02 14:32:23.705000,0.51555,0.51495,964,787
2017-08-02 14:32:23.755000,0.51555,0.515,838,126
2017-08-02 14:32:23.806000,0.51555,0.51495,964,787
2017-08-02 14:32:23.890000,0.51555,0.51495,964,661
2017-08-02 14:32:24.008000,0.51545,0.51485,964,787
2017-08-02 14:32:24.106000,0.51545,0.51485,964,661
2017-08-02 14:32:24.525000,0.51545,0.51485,964,787
2017-08-02 14:32:25.309000,0.51545,0.51485,964,661
2017-08-02 14:32:25.504000,0.51545,0.51485,964,787
2017-08-02 14:32:26.322000,0.51545,0.51485,964,661
2017-08-02 14:32:26.372000,0.51545,0.51485,964,787
2017-08-02 14:32:26.518000,0.51545,0.51485,964,661
2017-08-02 14:32:26.621000,0.51535,0.51475,964,787
2017-08-02 14:32:26.844000,0.51535,0.5148,838,126
2017-08-02 14:32:26.988000,0.51535,0.51475,964,787
2017-08-02 14:32:27.061000,0.51535,0.5148,838,126
2017-08-02 14:32:27.116000,0.51535,0.51475,964,787
2017-08-02 14:32:27.166000,0.51535,0.51485,838,126
2017-08-02 14:32:27.217000,0.51535,0.51475,964,787
2017-08-02 14:32:27.419000,0.51545,0.51485,964,661
2017-08-02 14:32:27.765000,0.51555,0.515,838,126
2017-08-02 14:32:27.927000,0.51565,0.51505,964,787
2017-08-02 14:32:28.043000,0.51575,0.51515,964,661
2017-08-02 14:32:28.094000,0.51575,0.51515,838,787
2017-08-02 14:32:28.194000,0.51575,0.51525,838,126
2017-08-02 14:32:28.245000,0.51585,0.51525,964,787
2017-08-02 14:32:28.611000,0.51585,0.5153,838,126
2017-08-02 14:32:28.661000,0.51595,0.51535,964,787
2017-08-02 14:32:29.621000,0.51605,0.51545,964,661
2017-08-02 14:32:29.684000,0.51605,0.51545,964,661
2017-08-02 14:32:29.735000,0.51605,0.51545,964,661
2017-08-02 14:32:29.786000,0.51595,0.51535,964,787
2017-08-02 14:32:29.868000,0.51595,0.5154,838,126
2017-08-02 14:32:29.988000,0.51595,0.51535,964,787
2017-08-02 14:32:30.347000,0.51595,0.5154,838,126
2017-08-02 14:32:30.448000,0.51605,0.51545,964,787
2017-08-02 14:32:30.676000,0.51605,0.5155,838,126
2017-08-02 14:32:30.727000,0.51615,0.51555,838,661
2017-08-02 14:32:31.308000,0.51615,0.51555,964,661
2017-08-02 14:32:31.409000,0.51605,0.51545,964,787
2017-08-02 14:32:31.528000,0.51605,0.5155,838,126
2017-08-02 14:32:31.578000,0.51615,0.51555,838,661
2017-08-02 14:32:31.629000,0.51615,0.51555,964,661
2017-08-02 14:32:31.780000,0.51615,0.51555,964,787
2017-08-02 14:32:31.905000,0.51615,0.51555,964,661
2017-08-02 14:32:31.956000,0.51615,0.51555,964,787
2017-08-02 14:32:32.007000,0.51615,0.51555,964,661
2017-08-02 14:32:32.108000,0.51595,0.51535,965,787
2017-08-02 14:32:32.535000,0.51585,0.51535,838,126
2017-08-02 14:32:32.597000,0.51585,0.5153,838,126
2017-08-02 14:32:32.697000,0.51595,0.51535,964,661
2017-08-02 14:32:33.043000,0.51585,0.5153,838,126
2017-08-02 14:32:33.114000,0.51585,0.51525,964,787
2017-08-02 14:32:33.570000,0.51585,0.51525,964,661
2017-08-02 14:32:33.721000,0.51575,0.51515,964,787
2017-08-02 14:32:33.771000,0.51575,0.51525,838,126
2017-08-02 14:32:33.872000,0.51585,0.5153,838,126
2017-08-02 14:32:34.020000,0.51585,0.51525,964,787
2017-08-02 14:32:34.074000,0.51595,0.51535,964,787
2017-08-02 14:32:34.406000,0.51585,0.51525,964,787
2017-08-02 14:32:35.120000,0.51575,0.51525,838,126
2017-08-02 14:32:35.184000,0.51575,0.5152,838,126
2017-08-02 14:32:35.340000,0.51575,0.51515,964,787
2017-08-02 14:32:35.771000,0.51575,0.51515,964,661
2017-08-02 14:32:35.884000,0.51565,0.51505,964,787
2017-08-02 14:32:36.217000,0.51575,0.51515,964,661
2017-08-02 14:32:36.277000,0.51575,0.51515,964,661
2017-08-02 14:32:36.512000,0.51565,0.5151,838,126
2017-08-02 14:32:36.574000,0.51565,0.51505,964,787
2017-08-02 14:32:37.068000,0.51555,0.51505,838,126
2017-08-02 14:32:37.128000,0.51555,0.515,838,126
2017-08-02 14:32:37.321000,0.51555,0.51495,964,787
2017-08-02 14:32:37.372000,0.51565,0.51505,964,787
2017-08-02 14:32:38.152000,0.51575,0.51515,964,661
2017-08-02 14:32:38.214000,0.51575,0.51515,964,661
2017-08-02 14:32:38.269000,0.51575,0.51515,964,661
2017-08-02 14:32:38.320000,0.51565,0.51505,964,787
2017-08-02 14:32:38.575000,0.51565,0.51505,964,661
2017-08-02 14:32:38.676000,0.51555,0.51495,964,787
2017-08-02 14:32:38.893000,0.51555,0.51495,964,661
2017-08-02 14:32:39.471000,0.51555,0.51495,964,787
2017-08-02 14:32:40.916000,0.51545,0.51495,838,126
2017-08-02 14:32:41.016000,0.51545,0.51485,964,787
2017-08-02 14:32:41.117000,0.51555,0.51495,964,787
2017-08-02 14:32:42.986000,0.51545,0.51495,838,126
2017-08-02 14:32:43.050000,0.51545,0.5149,838,126
2017-08-02 14:32:43.166000,0.51555,0.51495,964,661
2017-08-02 14:32:43.470000,0.51555,0.51495,964,787
2017-08-02 14:32:43.521000,0.51555,0.515,838,126
2017-08-02 14:32:43.921000,0.51575,0.51515,964,661
2017-08-02 14:32:44.175000,0.51575,0.51515,964,787
2017-08-02 14:32:44.226000,0.51585,0.51525,964,787
2017-08-02 14:32:44.634000,0.51585,0.51525,964,661
2017-08-02 14:32:44.685000,0.51585,0.51525,964,787
2017-08-02 14:32:44.736000,0.51575,0.51525,838,126
2017-08-02 14:32:44.793000,0.51575,0.5152,838,126
2017-08-02 14:32:44.880000,0.51575,0.51515,964,787
2017-08-02 14:32:44.930000,0.51585,0.51525,964,661
2017-08-02 14:32:44.981000,0.51585,0.51525,964,661
2017-08-02 14:32:45.751000,0.51575,0.5152,838,126
2017-08-02 14:32:45.815000,0.51575,0.51515,964,787
2017-08-02 14:32:45.866000,0.51575,0.51515,964,661
2017-08-02 14:32:46.113000,0.51565,0.51505,964,787
2017-08-02 14:32:46.164000,0.51555,0.51505,838,126
2017-08-02 14:32:46.214000,0.51555,0.515,838,126
2017-08-02 14:32:46.265000,0.51555,0.51495,964,661
2017-08-02 14:32:46.316000,0.51555,0.515,838,126
2017-08-02 14:32:46.416000,0.51555,0.51495,964,661
2017-08-02 14:32:46.661000,0.51545,0.51485,964,787
2017-08-02 14:32:47.457000,0.51555,0.51495,964,661
2017-08-02 14:32:47.520000,0.51555,0.51495,964,661
2017-08-02 14:32:47.657000,0.51555,0.51495,964,787
2017-08-02 14:32:47.708000,0.51555,0.51495,964,661
2017-08-02 14:32:47.988000,0.51565,0.51505,964,787
2017-08-02 14:32:48.038000,0.51565,0.5151,838,126
2017-08-02 14:32:48.139000,0.51575,0.51515,964,787
2017-08-02 14:32:48.648000,0.51575,0.51515,964,661
2017-08-02 14:32:48.836000,0.51565,0.51505,964,787
2017-08-02 14:32:49.420000,0.51565,0.51505,964,661
2017-08-02 14:32:49.567000,0.51555,0.51495,964,787
2017-08-02 14:32:49.668000,0.51555,0.5151,838,126
2017-08-02 14:32:49.718000,0.51565,0.5151,838,126
2017-08-02 14:32:49.769000,0.51565,0.5152,838,126
2017-08-02 14:32:49.945000,0.51585,0.51525,964,661
2017-08-02 14:32:50.109000,0.51585,0.51525,964,787
2017-08-02 14:32:50.192000,0.51585,0.51525,964,661
2017-08-02 14:32:50.242000,0.51585,0.51525,964,787
2017-08-02 14:32:50.352000,0.51585,0.51525,964,661
2017-08-02 14:32:50.402000,0.51585,0.51525,964,787
2017-08-02 14:32:50.563000,0.51585,0.51525,964,661
2017-08-02 14:32:50.614000,0.51585,0.51525,964,787
2017-08-02 14:32:53.749000,0.51585,0.51525,964,661
2017-08-02 14:32:53.812000,0.51585,0.51525,964,787
2017-08-02 14:32:54.116000,0.51575,0.51525,839,126
2017-08-02 14:32:54.168000,0.51575,0.5152,839,126
2017-08-02 14:32:54.219000,0.51575,0.51515,965,787
2017-08-02 14:32:54.276000,0.51585,0.51525,965,661
2017-08-02 14:32:54.327000,0.51585,0.51525,965,787
2017-08-02 14:32:54.625000,0.51585,0.51525,965,661
2017-08-02 14:32:54.839000,0.51585,0.51525,965,787
2017-08-02 14:32:54.940000,0.51575,0.51525,839,126
2017-08-02 14:32:54.990000,0.51575,0.51515,965,787
2017-08-02 14:32:55.627000,0.51585,0.51525,965,661
2017-08-02 14:32:55.678000,0.51585,0.51525,965,661
2017-08-02 14:32:55.861000,0.51585,0.51525,965,787
2017-08-02 14:32:56.241000,0.51585,0.5153,839,126
2017-08-02 14:32:56.576000,0.51585,0.51525,965,787
2017-08-02 14:32:56.657000,0.51585,0.5153,839,126
2017-08-02 14:32:56.708000,0.51585,0.51525,965,787
2017-08-02 14:32:57.256000,0.51585,0.51525,965,661
2017-08-02 14:32:57.464000,0.51575,0.51515,965,787
2017-08-02 14:32:57.793000,0.51585,0.51525,965,661
2017-08-02 14:32:57.852000,0.51585,0.51525,965,661
2017-08-02 14:32:57.977000,0.51585,0.51525,965,787
2017-08-02 14:32:58.590000,0.51585,0.51525,965,661
2017-08-02 14:32:59.184000,0.51585,0.51525,965,661
2017-08-02 14:32:59.436000,0.51575,0.51515,965,787
2017-08-02 14:32:59.504000,0.51575,0.51515,965,661
2017-08-02 14:32:59.605000,0.51565,0.51505,965,787
2017-08-02 14:32:59.655000,0.51565,0.51505,965,661
2017-08-02 14:32:59.706000,0.51565,0.51505,965,787
2017-08-02 14:33:00.967000,0.51565,0.5151,839,126
2017-08-02 14:33:01.018000,0.51575,0.51515,839,661
2017-08-02 14:33:01.068000,0.51575,0.5152,839,126
2017-08-02 14:33:01.180000,0.51585,0.51525,965,787
2017-08-02 14:33:01.231000,0.51585,0.51525,965,661
2017-08-02 14:33:01.281000,0.51585,0.51525,965,787
2017-08-02 14:33:01.942000,0.51585,0.51525,965,661
2017-08-02 14:33:02.307000,0.51575,0.51515,965,661
2017-08-02 14:33:02.470000,0.51565,0.51505,965,787
2017-08-02 14:33:02.687000,0.51555,0.51505,839,126
2017-08-02 14:33:02.985000,0.51535,0.5148,839,126
2017-08-02 14:33:03.036000,0.51535,0.51475,965,787
2017-08-02 14:33:03.157000,0.51535,0.51475,965,661
2017-08-02 14:33:03.207000,0.51535,0.51475,965,787
2017-08-02 14:33:03.258000,0.51535,0.51475,965,661
2017-08-02 14:33:03.508000,0.51535,0.51475,965,787
2017-08-02 14:33:03.713000,0.51535,0.51475,965,661
2017-08-02 14:33:03.775000,0.51535,0.51475,965,787
2017-08-02 14:33:04.369000,0.51535,0.5148,839,126
2017-08-02 14:33:04.420000,0.51545,0.51485,839,661
2017-08-02 14:33:04.470000,0.51545,0.51485,965,661
2017-08-02 14:33:04.521000,0.51545,0.51485,965,787
2017-08-02 14:33:04.868000,0.51535,0.51485,839,126
2017-08-02 14:33:04.929000,0.51535,0.5148,839,126
2017-08-02 14:33:04.980000,0.51535,0.51475,965,787
2017-08-02 14:33:05.033000,0.51535,0.51475,965,661
2017-08-02 14:33:05.084000,0.51535,0.51475,965,787
2017-08-02 14:33:05.156000,0.51535,0.51475,965,661
2017-08-02 14:33:05.207000,0.51535,0.51475,965,787
2017-08-02 14:33:05.517000,0.51535,0.5148,839,126
2017-08-02 14:33:05.567000,0.51535,0.51475,965,787
2017-08-02 14:33:05.991000,0.51545,0.51485,965,661
2017-08-02 14:33:06.042000,0.51545,0.51485,839,661
2017-08-02 14:33:06.143000,0.51545,0.5149,839,126
2017-08-02 14:33:06.294000,0.51555,0.51495,839,661
2017-08-02 14:33:06.626000,0.51555,0.51495,965,661
2017-08-02 14:33:06.852000,0.51545,0.51485,965,787
2017-08-02 14:33:06.902000,0.51545,0.51485,965,661
2017-08-02 14:33:07.224000,0.51545,0.51485,965,787
2017-08-02 14:33:07.531000,0.51545,0.5149,839,126
2017-08-02 14:33:07.581000,0.51555,0.51495,839,661
2017-08-02 14:33:07.632000,0.51555,0.51495,965,661
2017-08-02 14:33:07.841000,0.51555,0.51495,965,787
2017-08-02 14:33:09.762000,0.51565,0.51505,965,661
2017-08-02 14:33:09.828000,0.51565,0.51505,965,661
2017-08-02 14:33:09.878000,0.51565,0.51505,965,661
2017-08-02 14:33:09.929000,0.51555,0.51495,965,787
2017-08-02 14:33:10.029000,0.51555,0.51495,965,661
2017-08-02 14:33:10.080000,0.51555,0.51495,839,661
2017-08-02 14:33:10.131000,0.51545,0.5149,839,126
2017-08-02 14:33:10.262000,0.51545,0.51485,965,787
2017-08-02 14:33:11.777000,0.51535,0.51485,839,126
2017-08-02 14:33:11.842000,0.51535,0.5148,839,126
2017-08-02 14:33:11.893000,0.51535,0.51475,965,787
2017-08-02 14:33:11.943000,0.51545,0.51485,965,787
2017-08-02 14:33:12.265000,0.51535,0.5148,839,126
2017-08-02 14:33:12.316000,0.51535,0.51475,965,787
2017-08-02 14:33:12.368000,0.51535,0.5148,839,126
2017-08-02 14:33:12.560000,0.51545,0.51485,965,787
2017-08-02 14:33:12.786000,0.51545,0.51485,965,661
2017-08-02 14:33:12.951000,0.51545,0.51485,965,787
2017-08-02 14:33:13.588000,0.51545,0.51485,965,661
2017-08-02 14:33:14.070000,0.51545,0.51485,965,787
2017-08-02 14:33:14.453000,0.51535,0.51485,839,126
2017-08-02 14:33:14.504000,0.51535,0.5148,839,126
2017-08-02 14:33:14.555000,0.51535,0.51475,965,787
2017-08-02 14:33:14.976000,0.51545,0.51485,965,661
2017-08-02 14:33:15.175000,0.51545,0.51485,965,661
2017-08-02 14:33:15.415000,0.51535,0.5148,839,126
2017-08-02 14:33:15.466000,0.51535,0.51475,965,787
2017-08-02 14:33:15.888000,0.51535,0.51475,965,661
2017-08-02 14:33:16.016000,0.51535,0.51475,965,787
2017-08-02 14:33:16.077000,0.51535,0.51475,965,661
2017-08-02 14:33:16.291000,0.51535,0.51475,965,787
2017-08-02 14:33:16.342000,0.51535,0.5148,839,126
2017-08-02 14:33:16.392000,0.51545,0.51485,965,787
2017-08-02 14:33:16.505000,0.51545,0.51485,965,661
2017-08-02 14:33:16.607000,0.51545,0.51485,965,787
2017-08-02 14:33:16.679000,0.51545,0.51485,965,661
2017-08-02 14:33:16.849000,0.51535,0.51475,964,787
2017-08-02 14:33:17.704000,0.51535,0.5148,838,126
2017-08-02 14:33:17.754000,0.51535,0.51475,964,787
2017-08-02 14:33:18.221000,0.51535,0.51475,964,661
2017-08-02 14:33:18.273000,0.51535,0.51475,964,787
2017-08-02 14:33:18.640000,0.51545,0.51485,964,661
2017-08-02 14:33:18.699000,0.51545,0.51485,838,661
2017-08-02 14:33:18.750000,0.51545,0.51485,964,661
2017-08-02 14:33:18.800000,0.51545,0.51485,964,787
2017-08-02 14:33:19.816000,0.51555,0.51495,964,661
2017-08-02 14:33:19.866000,0.51555,0.51495,964,661
2017-08-02 14:33:19.917000,0.51555,0.51495,964,661
2017-08-02 14:33:19.977000,0.51545,0.51485,964,787
2017-08-02 14:33:20.066000,0.51545,0.51485,964,661
2017-08-02 14:33:20.177000,0.51545,0.51485,964,787
2017-08-02 14:33:20.295000,0.51545,0.5149,838,126
2017-08-02 14:33:20.831000,0.51555,0.51495,964,661
2017-08-02 14:33:20.940000,0.51545,0.51485,964,787
2017-08-02 14:33:21.487000,0.51545,0.5149,838,126
2017-08-02 14:33:21.731000,0.51555,0.51495,964,787
2017-08-02 14:33:21.781000,0.51555,0.51495,964,661
2017-08-02 14:33:21.964000,0.51545,0.51485,964,787
2017-08-02 14:33:22.704000,0.51545,0.5149,838,126
2017-08-02 14:33:22.804000,0.51555,0.51495,964,787
2017-08-02 14:33:22.905000,0.51555,0.51495,964,661
2017-08-02 14:33:23.232000,0.51545,0.51485,964,787
2017-08-02 14:33:23.322000,0.51545,0.51485,964,661
2017-08-02 14:33:23.449000,0.51545,0.51485,964,787
2017-08-02 14:33:24.951000,0.51545,0.5149,838,126
2017-08-02 14:33:25.002000,0.51545,0.51485,964,787
2017-08-02 14:33:26.431000,0.51555,0.51495,964,661
2017-08-02 14:33:26.482000,0.51555,0.51495,838,661
2017-08-02 14:33:26.532000,0.51555,0.51495,964,661
2017-08-02 14:33:26.749000,0.51545,0.51485,964,787
2017-08-02 14:33:27.287000,0.51535,0.51485,838,126
2017-08-02 14:33:27.350000,0.51535,0.5148,838,126
2017-08-02 14:33:27.482000,0.51535,0.51475,964,787
2017-08-02 14:33:28.716000,0.51545,0.51485,964,661
2017-08-02 14:33:28.817000,0.51545,0.51485,964,661
2017-08-02 14:33:29.865000,0.51535,0.5148,838,126
2017-08-02 14:33:29.927000,0.51535,0.51475,964,787
2017-08-02 14:33:30.426000,0.51535,0.51475,964,661
2017-08-02 14:33:31.540000,0.51545,0.51485,964,661
2017-08-02 14:33:31.601000,0.51545,0.51485,964,661
2017-08-02 14:33:31.671000,0.51545,0.51485,964,661
2017-08-02 14:33:31.722000,0.51525,0.5147,838,126
2017-08-02 14:33:31.822000,0.51525,0.51465,964,787
2017-08-02 14:33:31.873000,0.51515,0.51455,964,787
2017-08-02 14:33:33.182000,0.51505,0.51455,89,126
2017-08-02 14:33:33.232000,0.51505,0.51445,89,787
2017-08-02 14:33:33.283000,0.51505,0.51445,964,661
2017-08-02 14:33:33.333000,0.51495,0.51435,89,787
2017-08-02 14:33:34.206000,0.51495,0.51435,964,661
2017-08-02 14:33:34.687000,0.51485,0.51425,89,787
2017-08-02 14:33:34.737000,0.51475,0.51425,89,126
2017-08-02 14:33:34.788000,0.51475,0.51415,89,787
2017-08-02 14:33:34.889000,0.51465,0.51405,964,661
2017-08-02 14:33:34.988000,0.51465,0.51405,89,787
2017-08-02 14:33:35.038000,0.51475,0.51415,964,661
2017-08-02 14:33:35.089000,0.51475,0.51415,964,661
2017-08-02 14:33:35.140000,0.51475,0.51415,89,787
2017-08-02 14:33:35.190000,0.51465,0.51405,89,787
2017-08-02 14:33:36.003000,0.51465,0.5141,89,126
2017-08-02 14:33:36.337000,0.51475,0.51415,89,787
2017-08-02 14:33:36.843000,0.5147,0.51415,8,661
2017-08-02 14:33:36.899000,0.51475,0.51415,89,787
2017-08-02 14:33:36.950000,0.51465,0.51415,89,126
2017-08-02 14:33:37.001000,0.51465,0.51405,89,787
2017-08-02 14:33:37.060000,0.51465,0.5141,89,126
2017-08-02 14:33:37.270000,0.51485,0.51425,89,787
2017-08-02 14:33:37.889000,0.51485,0.5143,89,126
2017-08-02 14:33:38.091000,0.51505,0.51445,89,787
2017-08-02 14:33:38.415000,0.515,0.51445,8,661
2017-08-02 14:33:38.465000,0.51505,0.51445,89,787
2017-08-02 14:33:38.552000,0.515,0.51445,8,661
2017-08-02 14:33:38.602000,0.51505,0.51445,89,787
2017-08-02 14:33:38.703000,0.515,0.51445,8,661
2017-08-02 14:33:38.807000,0.51505,0.51445,89,787
2017-08-02 14:33:39.047000,0.515,0.51445,8,661
2017-08-02 14:33:39.128000,0.51505,0.51445,89,787
2017-08-02 14:33:39.334000,0.51495,0.51445,89,126
2017-08-02 14:33:39.384000,0.51495,0.5144,89,126
2017-08-02 14:33:39.494000,0.515,0.51445,8,661
2017-08-02 14:33:39.655000,0.51505,0.51445,89,787
2017-08-02 14:33:39.705000,0.515,0.51445,8,661
2017-08-02 14:33:39.756000,0.51505,0.51445,89,787
2017-08-02 14:33:40.466000,0.515,0.51445,8,661
2017-08-02 14:33:40.567000,0.51495,0.51435,89,787
2017-08-02 14:33:43.505000,0.5149,0.51435,8,661
2017-08-02 14:33:43.606000,0.51495,0.51435,89,787
2017-08-02 14:33:43.656000,0.5149,0.51435,8,661
2017-08-02 14:33:43.997000,0.51485,0.51435,89,126
2017-08-02 14:33:44.047000,0.51485,0.5143,89,126
2017-08-02 14:33:44.107000,0.5149,0.51435,8,661
2017-08-02 14:33:44.373000,0.51495,0.51435,89,787
2017-08-02 14:33:44.532000,0.5149,0.51435,8,661
2017-08-02 14:33:44.886000,0.5148,0.51425,8,661
2017-08-02 14:33:45.266000,0.5147,0.51415,8,661
2017-08-02 14:33:45.317000,0.51475,0.51415,89,787
2017-08-02 14:33:45.367000,0.5147,0.51415,8,661
2017-08-02 14:33:45.418000,0.51475,0.51415,89,787
2017-08-02 14:33:45.827000,0.51475,0.51425,8,661
2017-08-02 14:33:45.995000,0.51465,0.51405,89,787
2017-08-02 14:33:46.327000,0.5146,0.51405,8,661
2017-08-02 14:33:46.377000,0.51465,0.51405,89,787
2017-08-02 14:33:46.428000,0.51465,0.5141,89,126
2017-08-02 14:33:46.549000,0.51465,0.51405,89,787
2017-08-02 14:33:47.046000,0.51465,0.51415,8,661
2017-08-02 14:33:47.097000,0.5147,0.51415,8,661
2017-08-02 14:33:47.147000,0.51465,0.5141,89,126
2017-08-02 14:33:47.198000,0.51465,0.51405,89,787
2017-08-02 14:33:47.555000,0.51465,0.51415,8,661
2017-08-02 14:33:47.754000,0.51465,0.51405,89,787
2017-08-02 14:33:47.805000,0.51465,0.5141,89,126
2017-08-02 14:33:47.906000,0.51475,0.51415,89,787
2017-08-02 14:33:48.285000,0.5147,0.51415,23,661
2017-08-02 14:33:48.386000,0.51465,0.51405,89,787
2017-08-02 14:33:48.474000,0.5146,0.51405,23,661
2017-08-02 14:33:48.750000,0.51465,0.51405,89,787
2017-08-02 14:33:48.910000,0.51455,0.51405,89,126
2017-08-02 14:33:48.972000,0.51455,0.514,89,126
2017-08-02 14:33:49.101000,0.51455,0.51395,89,787
2017-08-02 14:33:49.196000,0.5145,0.51395,23,661
2017-08-02 14:33:49.296000,0.51445,0.51385,89,787
2017-08-02 14:33:49.425000,0.51445,0.51395,89,126
2017-08-02 14:33:49.475000,0.51445,0.5139,89,126
2017-08-02 14:33:49.526000,0.51445,0.51385,89,787
2017-08-02 14:33:49.576000,0.51445,0.51395,89,126
2017-08-02 14:33:49.686000,0.51445,0.51385,89,787
2017-08-02 14:33:50.177000,0.51435,0.51385,89,126
2017-08-02 14:33:50.238000,0.51435,0.5138,89,126
2017-08-02 14:33:50.348000,0.51435,0.51375,89,787
2017-08-02 14:33:50.399000,0.5144,0.51385,23,661
2017-08-02 14:33:50.699000,0.51445,0.51385,89,787
2017-08-02 14:33:51.281000,0.5144,0.51385,23,661
2017-08-02 14:33:51.331000,0.51445,0.51385,89,787
2017-08-02 14:33:51.382000,0.5144,0.51385,23,661
2017-08-02 14:33:51.432000,0.51445,0.51385,89,787
2017-08-02 14:33:51.483000,0.51445,0.5139,89,126
2017-08-02 14:33:51.634000,0.51455,0.51395,89,787
2017-08-02 14:33:51.755000,0.5145,0.51395,23,661
2017-08-02 14:33:51.805000,0.51455,0.51395,89,787
2017-08-02 14:33:53.034000,0.51445,0.51395,89,126
2017-08-02 14:33:53.089000,0.51455,0.51395,89,787
2017-08-02 14:33:53.365000,0.5145,0.51395,23,661
2017-08-02 14:33:53.415000,0.51455,0.51395,89,787
2017-08-02 14:33:54.454000,0.51455,0.514,89,126
2017-08-02 14:33:54.505000,0.51465,0.51405,89,787
2017-08-02 14:33:54.555000,0.51465,0.5141,89,126
2017-08-02 14:33:54.952000,0.51475,0.51415,89,787
2017-08-02 14:33:55.019000,0.51455,0.51415,89,126
2017-08-02 14:33:55.070000,0.51455,0.51395,89,787
2017-08-02 14:33:55.157000,0.51455,0.514,89,126
2017-08-02 14:33:55.207000,0.51455,0.51395,89,787
2017-08-02 14:33:55.323000,0.51455,0.514,89,126
2017-08-02 14:33:55.374000,0.51455,0.51395,89,787
2017-08-02 14:33:55.642000,0.5145,0.51395,23,661
2017-08-02 14:33:55.754000,0.51455,0.51395,89,787
2017-08-02 14:33:56.269000,0.5145,0.51395,23,661
2017-08-02 14:33:56.332000,0.51455,0.51395,89,787
2017-08-02 14:33:56.745000,0.51455,0.51405,23,661
2017-08-02 14:33:56.795000,0.5146,0.51405,23,661
2017-08-02 14:33:57.163000,0.51455,0.51405,23,661
2017-08-02 14:33:57.215000,0.51455,0.51395,89,787
2017-08-02 14:33:57.624000,0.5145,0.51395,23,661
2017-08-02 14:33:57.777000,0.51455,0.51395,89,787
2017-08-02 14:33:57.841000,0.51455,0.514,89,126
2017-08-02 14:33:57.892000,0.51455,0.51395,89,787
2017-08-02 14:33:59.055000,0.5146,0.51405,23,661
2017-08-02 14:33:59.250000,0.51465,0.51405,89,787
2017-08-02 14:33:59.385000,0.51465,0.5141,89,126
2017-08-02 14:33:59.614000,0.51475,0.51415,89,787
2017-08-02 14:33:59.758000,0.5147,0.51415,23,661
2017-08-02 14:34:00.046000,0.51475,0.51415,89,787
2017-08-02 14:34:00.112000,0.5147,0.51415,23,661
2017-08-02 14:34:00.213000,0.51465,0.51405,89,787
2017-08-02 14:34:00.376000,0.51455,0.514,89,126
2017-08-02 14:34:00.426000,0.51455,0.51395,89,787
2017-08-02 14:34:00.502000,0.51455,0.514,89,126
2017-08-02 14:34:00.553000,0.51465,0.51405,89,787
2017-08-02 14:34:01.370000,0.51465,0.5141,89,126
2017-08-02 14:34:01.471000,0.51475,0.51415,89,787
2017-08-02 14:34:01.696000,0.51465,0.51405,89,787
2017-08-02 14:34:02.714000,0.51455,0.51405,23,661
2017-08-02 14:34:02.764000,0.51455,0.51395,89,787
2017-08-02 14:34:02.815000,0.5145,0.51395,23,661
2017-08-02 14:34:03.345000,0.51455,0.51395,89,787
2017-08-02 14:34:03.446000,0.5145,0.51395,23,661
2017-08-02 14:34:03.760000,0.51445,0.51385,89,787
2017-08-02 14:34:05.183000,0.51445,0.51395,23,661
2017-08-02 14:34:05.246000,0.5145,0.51395,23,661
2017-08-02 14:34:05.363000,0.51445,0.5139,89,126
2017-08-02 14:34:05.464000,0.51445,0.51385,89,787
2017-08-02 14:34:06.323000,0.51445,0.5139,89,126
2017-08-02 14:34:06.555000,0.51445,0.51385,89,787
2017-08-02 14:34:07.110000,0.51435,0.5138,89,126
2017-08-02 14:34:07.161000,0.51435,0.51375,89,787
2017-08-02 14:34:07.521000,0.51435,0.5138,89,126
2017-08-02 14:34:07.622000,0.51445,0.51385,89,787
2017-08-02 14:34:08.609000,0.5144,0.51385,23,661
2017-08-02 14:34:08.761000,0.51425,0.51365,89,787
2017-08-02 14:34:08.811000,0.5142,0.51365,23,661
2017-08-02 14:34:08.877000,0.51425,0.51365,89,787
2017-08-02 14:34:08.927000,0.5142,0.51365,23,661
2017-08-02 14:34:09.022000,0.51425,0.51365,89,787
2017-08-02 14:34:09.282000,0.51425,0.5137,89,126
2017-08-02 14:34:09.607000,0.51435,0.51375,89,787
2017-08-02 14:34:09.744000,0.5143,0.51375,23,661
2017-08-02 14:34:09.845000,0.51435,0.51375,89,787
2017-08-02 14:34:09.902000,0.5143,0.51375,23,661
2017-08-02 14:34:10.034000,0.51435,0.51375,89,787
2017-08-02 14:34:10.359000,0.5143,0.51375,23,661
2017-08-02 14:34:10.971000,0.51435,0.51375,89,787
2017-08-02 14:34:11.177000,0.51425,0.51375,89,126
2017-08-02 14:34:11.239000,0.51425,0.5137,89,126
2017-08-02 14:34:11.290000,0.51425,0.51365,89,787
2017-08-02 14:34:11.708000,0.51415,0.51365,89,126
2017-08-02 14:34:11.808000,0.51415,0.5136,89,126
2017-08-02 14:34:11.859000,0.51415,0.51355,89,787
2017-08-02 14:34:12.077000,0.5141,0.51355,23,661
2017-08-02 14:34:12.177000,0.51415,0.51355,89,787
2017-08-02 14:34:12.283000,0.5141,0.51355,23,661
2017-08-02 14:34:12.384000,0.51395,0.51335,89,787
2017-08-02 14:34:12.737000,0.5139,0.51335,23,661
2017-08-02 14:34:12.941000,0.51395,0.51335,89,787
2017-08-02 14:34:13.184000,0.51375,0.51335,89,126
2017-08-02 14:34:13.235000,0.51375,0.5132,89,126
2017-08-02 14:34:13.286000,0.51375,0.51315,89,787
2017-08-02 14:34:13.337000,0.51385,0.51335,89,126
2017-08-02 14:34:13.572000,0.51395,0.51335,89,787
2017-08-02 14:34:13.623000,0.51385,0.51335,89,126
2017-08-02 14:34:13.723000,0.51385,0.51325,89,787
2017-08-02 14:34:13.831000,0.5138,0.51325,23,661
2017-08-02 14:34:14.151000,0.51375,0.51315,89,787
2017-08-02 14:34:14.202000,0.51375,0.5132,89,126
2017-08-02 14:34:14.503000,0.51375,0.51315,89,787
2017-08-02 14:34:14.654000,0.51375,0.5132,89,126
2017-08-02 14:34:14.964000,0.51375,0.51315,89,787
2017-08-02 14:34:15.014000,0.51375,0.5132,89,126
2017-08-02 14:34:15.065000,0.51375,0.51315,89,787
2017-08-02 14:34:15.115000,0.51375,0.5132,89,126
2017-08-02 14:34:15.219000,0.51375,0.51315,89,787
2017-08-02 14:34:15.270000,0.51375,0.5132,89,126
2017-08-02 14:34:15.320000,0.51375,0.51315,89,787
2017-08-02 14:34:15.626000,0.51375,0.5132,89,126
2017-08-02 14:34:15.708000,0.51385,0.51325,89,661
2017-08-02 14:34:15.859000,0.51375,0.51325,23,661
2017-08-02 14:34:15.910000,0.51385,0.51325,89,787
2017-08-02 14:34:15.980000,0.5138,0.51325,23,661
2017-08-02 14:34:16.159000,0.51385,0.51325,89,787
2017-08-02 14:34:16.210000,0.51355,0.51315,89,126
