time,ask,bid,ask_volume,bid_volume
2019-08-07 14:25:00.280000,0.57565,0.57515,45,409
2019-08-07 14:25:00.897000,0.57555,0.57505,45,409
2019-08-07 14:25:01.104000,0.57561,0.57511,112,150
2019-08-07 14:25:01.209000,0.57556,0.57506,45,60
2019-08-07 14:25:01.496000,0.57561,0.57511,112,75
2019-08-07 14:25:02.614000,0.57555,0.57505,112,409
2019-08-07 14:25:03.770000,0.5756,0.5751,45,60
2019-08-07 14:25:03.906000,0.57576,0.57526,45,60
2019-08-07 14:25:04.037000,0.57571,0.57521,45,100
2019-08-07 14:25:04.152000,0.57565,0.57515,45,409
2019-08-07 14:25:05.127000,0.5757,0.5752,45,100
2019-08-07 14:25:05.228000,0.57575,0.57525,45,60
2019-08-07 14:25:05.965000,0.57581,0.57531,45,60
2019-08-07 14:25:06.180000,0.57575,0.57525,45,409
2019-08-07 14:25:06.345000,0.57581,0.57531,45,60
2019-08-07 14:25:06.982000,0.57575,0.57525,45,60
2019-08-07 14:25:07.711000,0.57581,0.57531,45,60
2019-08-07 14:25:08.110000,0.57575,0.57525,45,60
2019-08-07 14:25:08.638000,0.57581,0.57531,45,75
2019-08-07 14:25:08.843000,0.57575,0.57525,45,409
2019-08-07 14:25:08.989000,0.5758,0.5753,75,60
2019-08-07 14:25:09.115000,0.57586,0.57536,45,60
2019-08-07 14:25:12.873000,0.57581,0.57531,45,60
2019-08-07 14:25:12.974000,0.57576,0.57526,45,60
2019-08-07 14:25:14.089000,0.57586,0.57536,307,100
2019-08-07 14:25:14.487000,0.57576,0.57526,45,150
2019-08-07 14:25:14.843000,0.57586,0.57536,307,100
2019-08-07 14:25:15.424000,0.57581,0.57531,56,150
2019-08-07 14:25:16.216000,0.57575,0.57525,45,409
2019-08-07 14:25:16.763000,0.57576,0.57526,45,150
2019-08-07 14:25:17.086000,0.57586,0.57536,319,60
2019-08-07 14:25:17.587000,0.57581,0.57531,75,150
2019-08-07 14:25:18.110000,0.57585,0.57535,262,60
2019-08-07 14:25:18.279000,0.57585,0.57535,262,60
2019-08-07 14:25:18.329000,0.57605,0.57555,45,409
2019-08-07 14:25:18.380000,0.57606,0.57556,45,100
2019-08-07 14:25:18.506000,0.57611,0.57561,45,100
2019-08-07 14:25:18.948000,0.57606,0.57556,45,100
2019-08-07 14:25:19.067000,0.57616,0.57566,337,60
2019-08-07 14:25:24.911000,0.5761,0.5756,75,60
2019-08-07 14:25:25.015000,0.57605,0.57555,45,409
2019-08-07 14:25:25.319000,0.57606,0.57556,45,75
2019-08-07 14:25:25.611000,0.57605,0.57555,45,60
2019-08-07 14:25:26.145000,0.57615,0.57565,45,409
2019-08-07 14:25:26.283000,0.57621,0.57571,56,100
2019-08-07 14:25:27.552000,0.57615,0.57565,56,60
2019-08-07 14:25:28.572000,0.57621,0.57571,56,75
2019-08-07 14:25:29.718000,0.57615,0.57565,75,60
2019-08-07 14:25:30.116000,0.57621,0.57571,56,100
2019-08-07 14:25:30.473000,0.57615,0.57565,75,60
2019-08-07 14:25:30.826000,0.57621,0.57571,75,100
2019-08-07 14:25:33.278000,0.57636,0.57586,375,60
2019-08-07 14:25:34.449000,0.57626,0.57576,45,60
2019-08-07 14:25:36.149000,0.57605,0.57555,45,409
2019-08-07 14:25:36.542000,0.57606,0.57556,45,222
2019-08-07 14:25:36.652000,0.57611,0.57561,56,222
2019-08-07 14:25:38.544000,0.57595,0.57545,56,500
2019-08-07 14:25:38.738000,0.576,0.5755,45,150
2019-08-07 14:25:39.124000,0.57615,0.57565,45,83
2019-08-07 14:25:39.174000,0.57615,0.57565,45,409
2019-08-07 14:25:39.353000,0.57616,0.57566,45,60
2019-08-07 14:25:40.205000,0.57626,0.57576,337,60
2019-08-07 14:25:40.405000,0.57621,0.57571,75,100
2019-08-07 14:25:40.750000,0.57611,0.57561,45,150
2019-08-07 14:25:43.659000,0.57595,0.57545,45,500
2019-08-07 14:25:44.903000,0.57616,0.57566,307,60
2019-08-07 14:25:45.521000,0.57626,0.57576,307,60
2019-08-07 14:25:45.876000,0.5762,0.5757,75,75
2019-08-07 14:25:47.363000,0.57626,0.57576,45,60
2019-08-07 14:25:48.785000,0.57631,0.57581,75,75
2019-08-07 14:25:50.463000,0.57615,0.57565,45,449
2019-08-07 14:25:52.508000,0.5762,0.5757,45,100
2019-08-07 14:25:52.623000,0.57615,0.57565,45,449
2019-08-07 14:25:54.631000,0.57631,0.57581,75,100
2019-08-07 14:25:54.960000,0.57626,0.57576,45,75
2019-08-07 14:26:04.246000,0.57606,0.57556,45,150
2019-08-07 14:26:05.153000,0.57625,0.57575,45,83
2019-08-07 14:26:05.203000,0.57625,0.57575,45,409
2019-08-07 14:26:06.190000,0.5763,0.5758,45,75
2019-08-07 14:26:06.341000,0.57635,0.57585,45,60
2019-08-07 14:26:07.919000,0.57636,0.57586,45,60
2019-08-07 14:26:10.183000,0.5763,0.5758,45,150
2019-08-07 14:26:10.386000,0.57635,0.57585,45,75
2019-08-07 14:26:14.850000,0.57656,0.57606,375,75
2019-08-07 14:26:17.832000,0.57655,0.57605,262,60
2019-08-07 14:26:17.966000,0.57665,0.57615,45,409
2019-08-07 14:26:18.113000,0.57686,0.57636,319,60
2019-08-07 14:26:19.226000,0.57665,0.57615,45,409
2019-08-07 14:26:21.011000,0.57666,0.57616,45,75
2019-08-07 14:26:21.506000,0.57671,0.57621,45,100
2019-08-07 14:26:21.670000,0.57655,0.57605,45,425
2019-08-07 14:26:22.264000,0.5766,0.5761,45,100
2019-08-07 14:26:22.797000,0.57665,0.57615,45,60
2019-08-07 14:26:24.200000,0.57671,0.57621,45,75
2019-08-07 14:26:24.426000,0.57666,0.57616,45,60
2019-08-07 14:26:26.701000,0.57656,0.57606,45,100
2019-08-07 14:26:26.947000,0.57661,0.57611,45,75
2019-08-07 14:26:27.414000,0.57656,0.57606,45,75
2019-08-07 14:26:30.492000,0.57666,0.57616,307,60
2019-08-07 14:26:30.820000,0.57645,0.57595,45,425
2019-08-07 14:26:42.722000,0.57646,0.57596,45,60
2019-08-07 14:26:42.873000,0.57625,0.57575,45,425
2019-08-07 14:26:43.450000,0.57635,0.57585,45,409
2019-08-07 14:26:43.779000,0.57641,0.57591,45,150
2019-08-07 14:26:44.187000,0.57635,0.57585,45,409
2019-08-07 14:26:44.452000,0.57641,0.57591,45,100
2019-08-07 14:26:45.391000,0.57635,0.57585,45,60
2019-08-07 14:26:45.747000,0.57641,0.57591,45,100
2019-08-07 14:26:47.906000,0.57636,0.57586,45,60
2019-08-07 14:26:52.216000,0.57641,0.57591,45,75
2019-08-07 14:26:52.334000,0.57636,0.57586,45,60
2019-08-07 14:26:53.027000,0.57626,0.57576,45,60
2019-08-07 14:26:53.994000,0.57621,0.57571,112,100
2019-08-07 14:26:54.165000,0.57616,0.57566,45,60
2019-08-07 14:26:56.650000,0.57595,0.57545,45,500
2019-08-07 14:27:00.137000,0.57611,0.57561,45,100
2019-08-07 14:27:01.804000,0.57605,0.57555,45,60
2019-08-07 14:27:02.356000,0.5761,0.5756,56,100
2019-08-07 14:27:02.829000,0.57615,0.57565,45,60
2019-08-07 14:27:03.456000,0.57636,0.57586,307,60
2019-08-07 14:27:03.764000,0.57631,0.57581,45,100
2019-08-07 14:27:03.875000,0.57626,0.57576,45,60
2019-08-07 14:27:04.008000,0.57631,0.57581,45,75
2019-08-07 14:27:04.997000,0.57626,0.57576,45,60
2019-08-07 14:27:05.626000,0.5762,0.5757,45,75
2019-08-07 14:27:07.172000,0.57625,0.57575,45,60
2019-08-07 14:27:07.300000,0.57631,0.57581,45,75
2019-08-07 14:27:08.134000,0.57626,0.57576,45,60
2019-08-07 14:27:08.790000,0.57605,0.57555,45,409
2019-08-07 14:27:09.104000,0.5761,0.5756,45,60
2019-08-07 14:27:09.874000,0.57616,0.57566,45,60
2019-08-07 14:27:10.321000,0.57611,0.57561,45,150
2019-08-07 14:27:10.935000,0.57626,0.57576,307,60
2019-08-07 14:27:12.209000,0.57621,0.57571,45,100
2019-08-07 14:27:13.756000,0.57616,0.57566,45,60
2019-08-07 14:27:17.740000,0.57611,0.57561,45,100
2019-08-07 14:27:18.313000,0.57605,0.57555,45,409
2019-08-07 14:27:18.415000,0.57611,0.57561,45,150
2019-08-07 14:27:19.967000,0.5761,0.5756,45,60
2019-08-07 14:27:20.327000,0.57616,0.57566,45,60
2019-08-07 14:27:21.094000,0.5761,0.5756,56,100
2019-08-07 14:27:21.227000,0.57615,0.57565,45,60
2019-08-07 14:27:21.599000,0.57621,0.57571,45,100
2019-08-07 14:27:21.922000,0.57605,0.57555,45,409
2019-08-07 14:27:22.260000,0.57621,0.57571,45,60
2019-08-07 14:27:22.825000,0.57605,0.57555,45,409
2019-08-07 14:27:23.059000,0.57621,0.57571,45,60
2019-08-07 14:27:25.211000,0.57616,0.57566,45,60
2019-08-07 14:27:26.849000,0.57611,0.57561,45,100
2019-08-07 14:27:29.136000,0.57606,0.57556,45,60
2019-08-07 14:27:30.212000,0.57611,0.57561,225,60
2019-08-07 14:27:30.771000,0.57595,0.57545,45,409
2019-08-07 14:27:32.201000,0.576,0.5755,225,75
2019-08-07 14:27:32.302000,0.57595,0.57545,45,449
2019-08-07 14:27:32.857000,0.57605,0.57555,225,409
2019-08-07 14:27:33.083000,0.57595,0.57545,45,409
2019-08-07 14:27:36.927000,0.57596,0.57546,45,60
2019-08-07 14:27:37.981000,0.57591,0.57541,45,150
2019-08-07 14:27:38.465000,0.57601,0.57551,45,60
2019-08-07 14:27:39.598000,0.57585,0.57535,45,409
2019-08-07 14:27:39.730000,0.57591,0.57541,45,150
2019-08-07 14:27:40.018000,0.57585,0.57535,45,409
2019-08-07 14:27:40.137000,0.57575,0.57525,262,60
2019-08-07 14:27:40.206000,0.57586,0.57536,637,60
2019-08-07 14:27:40.864000,0.57581,0.57531,375,75
2019-08-07 14:27:41.021000,0.57575,0.57525,375,409
2019-08-07 14:27:41.161000,0.57581,0.57531,375,75
2019-08-07 14:27:41.322000,0.57576,0.57526,45,60
2019-08-07 14:27:42.045000,0.57575,0.57525,45,409
2019-08-07 14:27:44.792000,0.57581,0.57531,45,100
2019-08-07 14:27:45.658000,0.57575,0.57525,45,409
2019-08-07 14:27:47.385000,0.57591,0.57541,45,60
2019-08-07 14:27:48.595000,0.57585,0.57535,45,409
2019-08-07 14:27:49.527000,0.57575,0.57525,112,409
2019-08-07 14:27:49.836000,0.5758,0.5753,45,60
2019-08-07 14:27:50.568000,0.57606,0.57556,307,60
2019-08-07 14:27:50.763000,0.57611,0.57561,45,60
2019-08-07 14:27:51.121000,0.57606,0.57556,45,60
2019-08-07 14:27:51.834000,0.57601,0.57551,45,60
2019-08-07 14:27:52.106000,0.57596,0.57546,45,60
2019-08-07 14:27:53.631000,0.57611,0.57561,45,60
2019-08-07 14:27:55.286000,0.57605,0.57555,45,409
2019-08-07 14:27:58.338000,0.57611,0.57561,45,60
2019-08-07 14:27:59.106000,0.57595,0.57545,45,409
2019-08-07 14:27:59.458000,0.576,0.5755,45,60
2019-08-07 14:27:59.878000,0.57606,0.57556,45,60
2019-08-07 14:28:00.172000,0.576,0.5755,45,60
2019-08-07 14:28:05.227000,0.57605,0.57555,45,60
2019-08-07 14:28:05.372000,0.57626,0.57576,307,60
2019-08-07 14:28:06.257000,0.57631,0.57581,45,60
2019-08-07 14:28:06.527000,0.57626,0.57576,45,60
2019-08-07 14:28:10.280000,0.57621,0.57571,45,60
2019-08-07 14:28:11.445000,0.57605,0.57555,45,409
2019-08-07 14:28:14.297000,0.57606,0.57556,45,60
2019-08-07 14:28:14.801000,0.57611,0.57561,45,60
2019-08-07 14:28:16.191000,0.57605,0.57555,45,409
2019-08-07 14:28:20.061000,0.57615,0.57565,262,60
2019-08-07 14:28:20.112000,0.57625,0.57575,45,409
2019-08-07 14:28:21.751000,0.57646,0.57596,307,60
2019-08-07 14:28:24.467000,0.57641,0.57591,45,60
2019-08-07 14:28:25.311000,0.57635,0.57585,45,60
2019-08-07 14:28:26.204000,0.57641,0.57591,45,60
2019-08-07 14:28:26.326000,0.57625,0.57575,45,409
2019-08-07 14:28:26.533000,0.57635,0.57585,45,409
2019-08-07 14:28:26.642000,0.5764,0.5759,112,60
2019-08-07 14:28:26.788000,0.57635,0.57585,45,409
2019-08-07 14:28:27.409000,0.57645,0.57595,112,409
2019-08-07 14:28:30.208000,0.57666,0.57616,307,60
2019-08-07 14:28:30.630000,0.57645,0.57595,45,449
2019-08-07 14:28:32.522000,0.5765,0.576,169,100
2019-08-07 14:28:33.046000,0.57655,0.57605,112,409
2019-08-07 14:28:33.374000,0.57645,0.57595,56,425
2019-08-07 14:28:33.869000,0.57661,0.57611,169,75
2019-08-07 14:28:34.280000,0.57656,0.57606,45,75
2019-08-07 14:28:37.453000,0.57666,0.57616,375,60
2019-08-07 14:28:39.917000,0.57665,0.57615,262,60
2019-08-07 14:28:40.155000,0.57675,0.57625,45,409
2019-08-07 14:28:41.746000,0.57696,0.57646,319,60
2019-08-07 14:28:42.801000,0.57686,0.57636,45,60
2019-08-07 14:28:46.025000,0.57691,0.57641,75,75
2019-08-07 14:28:47.319000,0.57696,0.57646,337,60
2019-08-07 14:28:50.345000,0.57686,0.57636,45,60
2019-08-07 14:28:51.232000,0.57696,0.57646,307,60
2019-08-07 14:28:52.866000,0.57675,0.57625,112,409
2019-08-07 14:28:52.967000,0.57665,0.57615,45,409
2019-08-07 14:28:54.759000,0.57675,0.57625,56,60
2019-08-07 14:28:55.331000,0.57676,0.57626,45,150
2019-08-07 14:28:55.697000,0.57681,0.57631,112,222
2019-08-07 14:28:55.816000,0.57676,0.57626,45,150
2019-08-07 14:28:56.195000,0.57681,0.57631,112,150
2019-08-07 14:28:56.505000,0.57665,0.57615,45,500
2019-08-07 14:29:07.706000,0.57661,0.57611,45,75
2019-08-07 14:29:08.853000,0.57665,0.57605,262,349
2019-08-07 14:29:10.414000,0.57661,0.57611,45,75
2019-08-07 14:29:10.679000,0.57655,0.57605,45,409
2019-08-07 14:29:12.889000,0.57661,0.57611,45,60
2019-08-07 14:29:13.009000,0.57656,0.57606,45,60
2019-08-07 14:29:13.856000,0.57661,0.57611,45,60
2019-08-07 14:29:14.740000,0.57656,0.57606,45,60
2019-08-07 14:29:16.147000,0.5765,0.576,45,75
2019-08-07 14:29:16.755000,0.57645,0.57595,45,409
2019-08-07 14:29:17.577000,0.57666,0.57616,307,60
2019-08-07 14:29:18.794000,0.57656,0.57606,45,60
2019-08-07 14:29:27.834000,0.57655,0.57605,262,60
2019-08-07 14:29:27.918000,0.57665,0.57615,45,409
2019-08-07 14:29:29.507000,0.57671,0.57621,45,60
2019-08-07 14:29:29.644000,0.57665,0.57615,45,60
2019-08-07 14:29:30.168000,0.57671,0.57621,45,60
2019-08-07 14:29:30.352000,0.57665,0.57615,45,409
2019-08-07 14:29:30.774000,0.57671,0.57621,45,60
2019-08-07 14:29:31.688000,0.57666,0.57616,45,60
2019-08-07 14:29:31.818000,0.57676,0.57626,307,60
2019-08-07 14:29:36.473000,0.57675,0.57625,45,409
2019-08-07 14:29:36.817000,0.57676,0.57626,45,60
2019-08-07 14:29:36.968000,0.57686,0.57636,307,60
2019-08-07 14:29:37.685000,0.57691,0.57641,45,60
2019-08-07 14:29:38.569000,0.57681,0.57631,45,60
2019-08-07 14:29:38.685000,0.57676,0.57626,45,222
2019-08-07 14:29:38.848000,0.57671,0.57621,45,222
2019-08-07 14:29:39.073000,0.57665,0.57615,45,60
2019-08-07 14:29:39.207000,0.57681,0.57631,45,60
2019-08-07 14:29:39.725000,0.57675,0.57625,45,60
2019-08-07 14:29:41.115000,0.57691,0.57641,45,60
2019-08-07 14:29:41.292000,0.57685,0.57635,45,60
2019-08-07 14:29:45.532000,0.57695,0.57645,262,60
2019-08-07 14:29:45.651000,0.57695,0.57635,262,349
2019-08-07 14:29:45.881000,0.5775,0.577,45,60
2019-08-07 14:29:46,0.57756,0.57706,45,60
2019-08-07 14:29:46.250000,0.57751,0.57701,45,60
2019-08-07 14:29:46.371000,0.57746,0.57696,45,60
2019-08-07 14:29:46.507000,0.57741,0.57691,45,60
2019-08-07 14:29:46.627000,0.5775,0.577,45,60
2019-08-07 14:29:47.472000,0.57755,0.57705,45,409
2019-08-07 14:29:47.859000,0.57761,0.57711,45,60
2019-08-07 14:29:47.969000,0.57751,0.57701,45,60
2019-08-07 14:29:48.372000,0.57746,0.57696,45,60
2019-08-07 14:29:49.141000,0.57752,0.57698,75,60
2019-08-07 14:29:49.290000,0.57758,0.57708,56,60
2019-08-07 14:29:49.600000,0.57738,0.57688,45,60
2019-08-07 14:29:49.868000,0.57746,0.57696,45,60
2019-08-07 14:29:50.025000,0.57738,0.57688,45,60
2019-08-07 14:29:50.303000,0.57736,0.57686,45,60
2019-08-07 14:29:50.365000,0.57715,0.57665,45,83
2019-08-07 14:29:50.433000,0.57742,0.57665,45,83
2019-08-07 14:29:50.484000,0.57735,0.57658,262,60
2019-08-07 14:29:50.684000,0.57718,0.57668,45,60
2019-08-07 14:29:51.292000,0.57716,0.57666,45,60
2019-08-07 14:29:51.834000,0.57721,0.57671,45,60
2019-08-07 14:29:51.998000,0.57715,0.57665,45,83
2019-08-07 14:29:52.049000,0.57708,0.57658,45,60
2019-08-07 14:29:52.105000,0.57706,0.57656,45,60
2019-08-07 14:29:52.861000,0.57696,0.57646,45,60
2019-08-07 14:29:52.963000,0.57691,0.57641,45,60
2019-08-07 14:29:53.222000,0.57686,0.57636,45,60
2019-08-07 14:29:54.277000,0.57671,0.57621,45,222
2019-08-07 14:29:54.519000,0.57666,0.57616,45,222
2019-08-07 14:29:54.706000,0.57671,0.57621,45,222
2019-08-07 14:29:55.202000,0.57665,0.57615,45,60
2019-08-07 14:29:55.518000,0.57681,0.57631,45,60
2019-08-07 14:29:55.665000,0.57676,0.57626,45,60
2019-08-07 14:29:56.452000,0.5767,0.5762,169,60
2019-08-07 14:29:56.680000,0.57665,0.57615,45,409
2019-08-07 14:29:57.053000,0.57671,0.57621,45,222
2019-08-07 14:29:57.215000,0.57665,0.57615,45,409
2019-08-07 14:29:57.445000,0.57671,0.57621,45,222
2019-08-07 14:29:58.091000,0.5767,0.5762,112,60
2019-08-07 14:29:59.121000,0.57685,0.57635,262,60
2019-08-07 14:29:59.201000,0.57695,0.57645,45,409
2019-08-07 14:29:59.255000,0.57701,0.57651,45,100
2019-08-07 14:29:59.894000,0.57716,0.57666,307,60
2019-08-07 14:30:00.100000,0.57706,0.57656,45,60
2019-08-07 14:30:00.571000,0.57716,0.57666,45,60
2019-08-07 14:30:00.734000,0.57725,0.57645,262,349
2019-08-07 14:30:01.505000,0.57106,0.57056,45,60
2019-08-07 14:30:01.656000,0.57082,0.57028,45,60
2019-08-07 14:30:01.873000,0.57068,0.57018,45,760
2019-08-07 14:30:02.081000,0.57078,0.57028,45,1100
2019-08-07 14:30:02.199000,0.57088,0.57038,45,409
2019-08-07 14:30:02.249000,0.57092,0.57028,45,760
2019-08-07 14:30:02.384000,0.57082,0.57018,45,1100
2019-08-07 14:30:02.485000,0.57072,0.57008,45,760
2019-08-07 14:30:02.596000,0.57058,0.57002,45,83
2019-08-07 14:30:02.708000,0.57052,0.56998,45,60
2019-08-07 14:30:02.758000,0.57061,0.57011,45,60
2019-08-07 14:30:02.809000,0.57062,0.56995,45,83
2019-08-07 14:30:03.345000,0.57062,0.56968,45,60
2019-08-07 14:30:03.618000,0.57062,0.56975,45,83
2019-08-07 14:30:03.845000,0.57065,0.57015,45,83
2019-08-07 14:30:03.992000,0.57115,0.57015,262,349
2019-08-07 14:30:04.093000,0.57112,0.57028,45,60
2019-08-07 14:30:04.257000,0.57122,0.57048,45,60
2019-08-07 14:30:04.424000,0.57102,0.57028,45,60
2019-08-07 14:30:04.595000,0.57162,0.57098,45,60
2019-08-07 14:30:04.750000,0.57185,0.57118,262,60
2019-08-07 14:30:04.989000,0.57165,0.57115,262,60
2019-08-07 14:30:05.091000,0.57168,0.57118,262,60
2019-08-07 14:30:05.248000,0.57182,0.57118,45,60
2019-08-07 14:30:05.298000,0.57188,0.57138,45,60
2019-08-07 14:30:05.407000,0.57175,0.57125,262,60
2019-08-07 14:30:05.457000,0.5717,0.5712,45,60
2019-08-07 14:30:05.740000,0.57182,0.57128,45,60
2019-08-07 14:30:05.902000,0.57165,0.57115,262,60
2019-08-07 14:30:05.953000,0.57156,0.57106,45,60
2019-08-07 14:30:06.061000,0.57151,0.57101,45,60
2019-08-07 14:30:06.162000,0.57136,0.57086,45,60
2019-08-07 14:30:06.424000,0.57131,0.57081,45,60
2019-08-07 14:30:06.529000,0.57095,0.57045,45,83
2019-08-07 14:30:06.626000,0.57095,0.57045,45,83
2019-08-07 14:30:06.716000,0.57115,0.57045,262,83
2019-08-07 14:30:06.878000,0.57065,0.57015,45,83
2019-08-07 14:30:06.940000,0.57051,0.57001,45,60
2019-08-07 14:30:06.990000,0.57041,0.56991,45,60
2019-08-07 14:30:07.123000,0.57046,0.56996,45,60
2019-08-07 14:30:07.224000,0.57056,0.57006,307,60
2019-08-07 14:30:07.348000,0.57051,0.57001,45,60
2019-08-07 14:30:07.449000,0.57026,0.56976,45,60
2019-08-07 14:30:07.499000,0.57025,0.56975,45,83
2019-08-07 14:30:07.550000,0.57025,0.56975,45,83
2019-08-07 14:30:07.684000,0.57011,0.56961,45,60
2019-08-07 14:30:07.740000,0.56996,0.56946,45,60
2019-08-07 14:30:07.853000,0.56995,0.56945,45,83
2019-08-07 14:30:08.059000,0.56971,0.56921,45,60
2019-08-07 14:30:08.109000,0.56965,0.56915,45,83
2019-08-07 14:30:08.193000,0.56965,0.56915,45,83
2019-08-07 14:30:08.340000,0.56955,0.56905,262,60
2019-08-07 14:30:08.422000,0.56971,0.56921,45,60
2019-08-07 14:30:08.544000,0.56966,0.56916,45,60
2019-08-07 14:30:08.678000,0.56986,0.56936,544,60
2019-08-07 14:30:08.786000,0.5697,0.5692,281,60
2019-08-07 14:30:08.928000,0.56975,0.56925,112,409
2019-08-07 14:30:09,0.56985,0.56925,262,349
2019-08-07 14:30:09.358000,0.57075,0.57025,262,60
2019-08-07 14:30:09.409000,0.57075,0.57025,262,60
2019-08-07 14:30:09.459000,0.57075,0.57025,262,60
2019-08-07 14:30:09.509000,0.57075,0.57005,262,349
2019-08-07 14:30:09.635000,0.57075,0.57025,262,60
2019-08-07 14:30:09.721000,0.57111,0.57061,45,60
2019-08-07 14:30:09.772000,0.57126,0.57076,45,60
2019-08-07 14:30:10.044000,0.57128,0.57078,45,60
2019-08-07 14:30:10.253000,0.57116,0.57066,45,60
2019-08-07 14:30:10.366000,0.57121,0.57071,45,60
2019-08-07 14:30:10.525000,0.57111,0.57061,45,60
2019-08-07 14:30:10.670000,0.5711,0.5706,45,60
2019-08-07 14:30:10.876000,0.57126,0.57076,307,60
2019-08-07 14:30:11.026000,0.5711,0.5706,45,60
2019-08-07 14:30:11.206000,0.57111,0.57061,45,60
2019-08-07 14:30:11.333000,0.57095,0.57045,45,83
2019-08-07 14:30:11.465000,0.57105,0.57055,45,83
2019-08-07 14:30:11.515000,0.57065,0.57015,45,60
2019-08-07 14:30:11.735000,0.57071,0.57021,45,60
2019-08-07 14:30:11.836000,0.57055,0.57005,45,83
2019-08-07 14:30:11.944000,0.57026,0.56976,45,60
2019-08-07 14:30:12.094000,0.57041,0.56991,45,60
2019-08-07 14:30:12.309000,0.57026,0.56976,45,60
2019-08-07 14:30:12.410000,0.57031,0.56981,45,60
2019-08-07 14:30:12.561000,0.57011,0.56961,45,60
2019-08-07 14:30:12.660000,0.57015,0.56955,262,83
2019-08-07 14:30:12.714000,0.57006,0.56956,45,60
2019-08-07 14:30:12.862000,0.57032,0.56978,45,60
2019-08-07 14:30:12.963000,0.57015,0.56965,45,83
2019-08-07 14:30:13.076000,0.57015,0.56965,45,83
2019-08-07 14:30:13.126000,0.56995,0.56945,45,83
2019-08-07 14:30:13.179000,0.56995,0.56945,45,409
2019-08-07 14:30:13.307000,0.57005,0.56955,307,60
2019-08-07 14:30:13.461000,0.57,0.5695,45,60
2019-08-07 14:30:13.920000,0.57005,0.56955,45,60
2019-08-07 14:30:14.046000,0.57005,0.56955,45,83
2019-08-07 14:30:14.190000,0.56985,0.56935,262,60
2019-08-07 14:30:14.297000,0.56975,0.56925,45,409
2019-08-07 14:30:14.347000,0.56981,0.56931,45,60
2019-08-07 14:30:14.503000,0.56975,0.56925,45,60
2019-08-07 14:30:14.630000,0.56976,0.56926,45,60
2019-08-07 14:30:15.007000,0.56985,0.56935,262,60
2019-08-07 14:30:15.178000,0.56996,0.56946,307,60
2019-08-07 14:30:15.270000,0.56985,0.56935,262,60
2019-08-07 14:30:15.321000,0.5699,0.5694,45,60
2019-08-07 14:30:15.428000,0.56991,0.56941,45,60
2019-08-07 14:30:15.621000,0.56986,0.56936,45,60
2019-08-07 14:30:15.729000,0.56976,0.56926,45,60
2019-08-07 14:30:16.197000,0.56975,0.56925,45,409
2019-08-07 14:30:16.304000,0.56985,0.56935,262,60
2019-08-07 14:30:16.470000,0.56996,0.56946,307,60
2019-08-07 14:30:16.575000,0.56995,0.56945,45,83
2019-08-07 14:30:16.642000,0.56986,0.56936,45,60
2019-08-07 14:30:16.743000,0.56985,0.56935,45,60
2019-08-07 14:30:16.876000,0.56991,0.56941,45,60
2019-08-07 14:30:17.025000,0.57005,0.56955,45,409
2019-08-07 14:30:17.317000,0.57005,0.56955,45,409
2019-08-07 14:30:17.418000,0.57011,0.56961,45,60
2019-08-07 14:30:17.561000,0.57005,0.56955,45,60
2019-08-07 14:30:17.648000,0.57015,0.56955,262,349
2019-08-07 14:30:17.699000,0.57005,0.56955,45,83
2019-08-07 14:30:17.749000,0.57005,0.56955,45,83
2019-08-07 14:30:17.850000,0.56976,0.56926,307,60
2019-08-07 14:30:18.027000,0.56981,0.56931,45,60
2019-08-07 14:30:18.205000,0.56985,0.56935,262,60
2019-08-07 14:30:18.389000,0.57001,0.56951,45,60
2019-08-07 14:30:18.440000,0.57,0.5695,45,60
2019-08-07 14:30:18.558000,0.57005,0.56955,307,60
2019-08-07 14:30:18.959000,0.57,0.5695,45,60
2019-08-07 14:30:19.199000,0.57001,0.56951,45,60
2019-08-07 14:30:19.314000,0.57005,0.56955,307,60
2019-08-07 14:30:19.465000,0.57001,0.56951,45,60
2019-08-07 14:30:19.660000,0.57005,0.56955,45,83
2019-08-07 14:30:19.710000,0.56991,0.56941,45,60
2019-08-07 14:30:19.803000,0.56985,0.56935,45,83
2019-08-07 14:30:19.854000,0.56976,0.56926,45,60
2019-08-07 14:30:19.971000,0.56991,0.56941,45,60
2019-08-07 14:30:20.072000,0.56975,0.56925,45,409
2019-08-07 14:30:20.211000,0.5698,0.5693,45,60
2019-08-07 14:30:20.337000,0.56976,0.56926,45,60
2019-08-07 14:30:20.438000,0.56975,0.56925,45,83
2019-08-07 14:30:20.663000,0.56975,0.56925,45,83
2019-08-07 14:30:20.714000,0.56965,0.56915,45,83
2019-08-07 14:30:20.765000,0.56966,0.56916,45,60
2019-08-07 14:30:20.891000,0.56965,0.56915,45,83
2019-08-07 14:30:20.955000,0.56945,0.56895,45,409
2019-08-07 14:30:21.080000,0.56946,0.56896,45,60
2019-08-07 14:30:21.231000,0.56941,0.56891,45,222
2019-08-07 14:30:21.551000,0.56936,0.56886,45,222
2019-08-07 14:30:21.683000,0.56935,0.56885,45,60
2019-08-07 14:30:21.788000,0.56936,0.56886,45,222
2019-08-07 14:30:21.954000,0.56925,0.56875,45,83
2019-08-07 14:30:22.004000,0.56905,0.56855,45,83
2019-08-07 14:30:22.109000,0.56905,0.56855,45,83
2019-08-07 14:30:22.161000,0.56881,0.56831,45,60
2019-08-07 14:30:22.365000,0.56875,0.56825,45,60
2019-08-07 14:30:22.745000,0.5688,0.5683,45,60
2019-08-07 14:30:23.421000,0.56875,0.56825,45,60
2019-08-07 14:30:23.541000,0.56881,0.56831,45,60
2019-08-07 14:30:23.659000,0.56885,0.56835,45,83
2019-08-07 14:30:23.850000,0.5687,0.5682,45,60
2019-08-07 14:30:23.945000,0.56871,0.56821,45,60
2019-08-07 14:30:24.295000,0.56861,0.56811,45,60
2019-08-07 14:30:24.741000,0.56866,0.56816,45,60
2019-08-07 14:30:24.901000,0.56861,0.56811,45,60
2019-08-07 14:30:25.070000,0.56855,0.56805,45,60
2019-08-07 14:30:25.174000,0.56842,0.56792,56,60
2019-08-07 14:30:25.251000,0.56825,0.56775,45,83
2019-08-07 14:30:25.410000,0.56826,0.56776,45,60
2019-08-07 14:30:25.835000,0.5682,0.5677,45,60
2019-08-07 14:30:26.178000,0.56825,0.56775,262,60
2019-08-07 14:30:26.344000,0.56841,0.56791,45,60
2019-08-07 14:30:26.394000,0.56856,0.56806,307,60
2019-08-07 14:30:26.495000,0.56845,0.56795,262,60
2019-08-07 14:30:26.685000,0.56861,0.56811,112,60
2019-08-07 14:30:26.934000,0.56856,0.56806,45,60
2019-08-07 14:30:27.062000,0.56861,0.56811,56,60
2019-08-07 14:30:27.191000,0.56855,0.56805,56,409
2019-08-07 14:30:27.295000,0.5686,0.5681,45,60
2019-08-07 14:30:27.398000,0.56865,0.56815,45,409
2019-08-07 14:30:27.531000,0.56881,0.56831,45,60
2019-08-07 14:30:27.633000,0.56871,0.56821,45,60
2019-08-07 14:30:27.779000,0.56876,0.56826,307,60
2019-08-07 14:30:27.881000,0.56885,0.56835,45,409
2019-08-07 14:30:28.002000,0.5689,0.5684,45,60
2019-08-07 14:30:28.149000,0.56885,0.56835,262,60
2019-08-07 14:30:28.252000,0.56895,0.56845,45,409
2019-08-07 14:30:28.302000,0.569,0.5685,45,60
2019-08-07 14:30:28.646000,0.56905,0.56855,45,60
2019-08-07 14:30:28.786000,0.56911,0.56861,45,60
2019-08-07 14:30:29.053000,0.56905,0.56855,45,83
2019-08-07 14:30:29.104000,0.56896,0.56846,45,60
2019-08-07 14:30:29.194000,0.56905,0.56855,45,60
2019-08-07 14:30:29.337000,0.56906,0.56856,45,60
2019-08-07 14:30:29.474000,0.56911,0.56861,45,60
2019-08-07 14:30:29.652000,0.56895,0.56845,45,83
2019-08-07 14:30:29.778000,0.56895,0.56845,45,83
2019-08-07 14:30:29.914000,0.56895,0.56845,45,83
2019-08-07 14:30:29.981000,0.56915,0.56845,262,83
2019-08-07 14:30:30.289000,0.56875,0.56825,45,83
2019-08-07 14:30:30.339000,0.56895,0.56825,262,83
2019-08-07 14:30:30.440000,0.56895,0.56835,262,83
2019-08-07 14:30:30.583000,0.5681,0.5676,45,60
2019-08-07 14:30:30.758000,0.56805,0.56755,45,83
2019-08-07 14:30:30.809000,0.56811,0.56761,45,60
2019-08-07 14:30:30.909000,0.56805,0.56755,45,83
2019-08-07 14:30:30.959000,0.56801,0.56751,45,60
2019-08-07 14:30:31.355000,0.56811,0.56761,45,60
2019-08-07 14:30:31.559000,0.56796,0.56746,45,60
2019-08-07 14:30:31.765000,0.56801,0.56751,45,60
2019-08-07 14:30:31.866000,0.56791,0.56741,45,60
2019-08-07 14:30:31.967000,0.56786,0.56736,45,60
2019-08-07 14:30:32.130000,0.56796,0.56746,307,60
2019-08-07 14:30:32.232000,0.56775,0.56725,45,409
2019-08-07 14:30:32.434000,0.56765,0.56715,45,409
2019-08-07 14:30:32.703000,0.56771,0.56721,45,222
2019-08-07 14:30:33.034000,0.56755,0.56705,45,425
2019-08-07 14:30:33.153000,0.56765,0.56715,45,60
2019-08-07 14:30:33.330000,0.5676,0.5671,45,150
2019-08-07 14:30:33.441000,0.56755,0.56705,45,409
2019-08-07 14:30:33.544000,0.56761,0.56711,45,60
2019-08-07 14:30:33.796000,0.5676,0.5671,45,60
2019-08-07 14:30:33.981000,0.56766,0.56716,45,60
2019-08-07 14:30:34.251000,0.56755,0.56705,45,83
2019-08-07 14:30:34.302000,0.56716,0.56666,45,60
2019-08-07 14:30:34.352000,0.56736,0.56686,307,60
2019-08-07 14:30:34.493000,0.56731,0.56681,45,60
2019-08-07 14:30:34.720000,0.56726,0.56676,45,60
2019-08-07 14:30:34.829000,0.56716,0.56666,45,60
2019-08-07 14:30:34.952000,0.56721,0.56671,45,60
2019-08-07 14:30:35.064000,0.56726,0.56676,45,60
2019-08-07 14:30:35.317000,0.56725,0.56675,45,60
2019-08-07 14:30:35.468000,0.56731,0.56681,45,60
2019-08-07 14:30:35.747000,0.5673,0.5668,45,60
2019-08-07 14:30:35.848000,0.56726,0.56676,45,60
2019-08-07 14:30:36.214000,0.56725,0.56675,262,60
2019-08-07 14:30:36.265000,0.56735,0.56685,45,60
2019-08-07 14:30:36.315000,0.56725,0.56675,45,83
2019-08-07 14:30:36.425000,0.56716,0.56666,45,60
2019-08-07 14:30:36.534000,0.56721,0.56671,45,60
2019-08-07 14:30:36.985000,0.56715,0.56665,45,409
2019-08-07 14:30:37.108000,0.56711,0.56661,45,60
2019-08-07 14:30:37.326000,0.56695,0.56645,45,409
2019-08-07 14:30:37.439000,0.56696,0.56646,45,222
2019-08-07 14:30:37.618000,0.56695,0.56645,262,60
2019-08-07 14:30:37.742000,0.56711,0.56661,45,60
2019-08-07 14:30:37.851000,0.5671,0.5666,112,60
2019-08-07 14:30:38.022000,0.56716,0.56666,45,60
2019-08-07 14:30:38.123000,0.56711,0.56661,45,60
2019-08-07 14:30:38.274000,0.56705,0.56655,45,409
2019-08-07 14:30:38.732000,0.56711,0.56661,45,60
2019-08-07 14:30:38.905000,0.56705,0.56655,45,60
2019-08-07 14:30:39.011000,0.56695,0.56645,45,409
2019-08-07 14:30:39.393000,0.56696,0.56646,45,222
2019-08-07 14:30:39.578000,0.56695,0.56645,45,409
2019-08-07 14:30:39.759000,0.5669,0.5664,45,222
2019-08-07 14:30:39.940000,0.56685,0.56635,45,575
2019-08-07 14:30:40.213000,0.56706,0.56656,307,60
2019-08-07 14:30:40.316000,0.56701,0.56651,45,222
2019-08-07 14:30:40.417000,0.56695,0.56645,45,60
2019-08-07 14:30:40.984000,0.56716,0.56666,375,60
2019-08-07 14:30:41.085000,0.56696,0.56646,45,150
2019-08-07 14:30:41.195000,0.56705,0.56655,45,409
2019-08-07 14:30:41.336000,0.56721,0.56671,45,60
2019-08-07 14:30:41.491000,0.56705,0.56655,45,409
2019-08-07 14:30:41.655000,0.56715,0.56665,262,60
2019-08-07 14:30:41.705000,0.56731,0.56681,45,60
2019-08-07 14:30:41.756000,0.56728,0.56678,45,60
2019-08-07 14:30:41.871000,0.5673,0.5668,45,60
2019-08-07 14:30:42.046000,0.56735,0.56685,262,60
2019-08-07 14:30:42.097000,0.5674,0.5669,112,60
2019-08-07 14:30:42.153000,0.56745,0.56695,262,60
2019-08-07 14:30:42.204000,0.5675,0.567,45,60
2019-08-07 14:30:42.260000,0.56755,0.56705,307,60
2019-08-07 14:30:42.361000,0.56776,0.56726,307,60
2019-08-07 14:30:42.588000,0.56771,0.56721,45,60
2019-08-07 14:30:42.638000,0.56775,0.56715,262,83
2019-08-07 14:30:42.689000,0.56775,0.56705,262,83
2019-08-07 14:30:42.848000,0.56665,0.56615,45,60
2019-08-07 14:30:42.963000,0.56661,0.56611,45,60
2019-08-07 14:30:43.082000,0.56655,0.56605,262,60
2019-08-07 14:30:43.279000,0.5667,0.5662,45,60
2019-08-07 14:30:43.411000,0.56671,0.56621,45,60
2019-08-07 14:30:43.661000,0.56666,0.56616,45,60
2019-08-07 14:30:43.816000,0.56655,0.56605,45,83
2019-08-07 14:30:43.999000,0.56646,0.56596,45,60
2019-08-07 14:30:44.103000,0.56645,0.56595,45,83
2019-08-07 14:30:44.154000,0.56636,0.56586,45,222
2019-08-07 14:30:45.146000,0.56646,0.56596,307,60
2019-08-07 14:30:45.438000,0.56641,0.56591,56,222
2019-08-07 14:30:45.556000,0.56635,0.56585,56,409
2019-08-07 14:30:45.908000,0.56656,0.56606,307,100
2019-08-07 14:30:46.010000,0.56666,0.56616,307,60
2019-08-07 14:30:46.149000,0.56655,0.56605,262,60
2019-08-07 14:30:46.264000,0.56666,0.56616,307,60
2019-08-07 14:30:46.397000,0.56665,0.56615,56,60
2019-08-07 14:30:46.631000,0.56666,0.56616,45,60
2019-08-07 14:30:46.780000,0.56665,0.56615,56,60
2019-08-07 14:30:47.014000,0.56665,0.56615,45,83
2019-08-07 14:30:47.100000,0.56661,0.56611,45,75
2019-08-07 14:30:47.150000,0.56655,0.56605,45,409
2019-08-07 14:30:47.693000,0.5666,0.5661,45,60
2019-08-07 14:30:47.926000,0.56661,0.56611,45,60
2019-08-07 14:30:48.214000,0.56655,0.56605,45,60
2019-08-07 14:30:48.986000,0.5666,0.5661,45,60
2019-08-07 14:30:49.848000,0.56665,0.56615,169,409
2019-08-07 14:30:49.995000,0.56671,0.56621,112,60
2019-08-07 14:30:50.139000,0.56665,0.56615,112,60
2019-08-07 14:30:50.284000,0.56666,0.56616,45,60
2019-08-07 14:30:50.836000,0.5666,0.5661,169,60
2019-08-07 14:30:50.962000,0.56665,0.56615,262,60
2019-08-07 14:30:51.012000,0.5667,0.5662,45,60
2019-08-07 14:30:51.088000,0.56675,0.56625,262,60
2019-08-07 14:30:51.166000,0.5668,0.5663,45,60
2019-08-07 14:30:51.288000,0.56696,0.56646,307,60
2019-08-07 14:30:51.389000,0.56686,0.56636,45,60
2019-08-07 14:30:51.533000,0.56691,0.56641,45,60
2019-08-07 14:30:51.679000,0.56681,0.56631,45,60
2019-08-07 14:30:51.793000,0.5669,0.5664,45,60
2019-08-07 14:30:52.116000,0.56696,0.56646,45,60
2019-08-07 14:30:52.217000,0.56695,0.56645,262,60
2019-08-07 14:30:52.320000,0.56695,0.56645,262,60
2019-08-07 14:30:52.371000,0.56695,0.56635,262,349
2019-08-07 14:30:52.506000,0.56735,0.56685,262,60
2019-08-07 14:30:52.558000,0.56735,0.56685,262,60
2019-08-07 14:30:52.609000,0.56735,0.56685,262,60
2019-08-07 14:30:52.718000,0.56755,0.56705,307,60
2019-08-07 14:30:53.214000,0.56761,0.56711,45,60
2019-08-07 14:30:53.471000,0.56755,0.56705,45,60
2019-08-07 14:30:53.719000,0.56765,0.56715,262,60
2019-08-07 14:30:53.838000,0.56765,0.56715,262,60
2019-08-07 14:30:53.888000,0.5678,0.5673,45,60
2019-08-07 14:30:54.113000,0.56775,0.56725,45,409
2019-08-07 14:30:54.260000,0.56765,0.56715,45,409
2019-08-07 14:30:54.383000,0.56775,0.56725,262,60
2019-08-07 14:30:54.433000,0.56785,0.56735,45,409
2019-08-07 14:30:54.548000,0.56806,0.56756,307,60
2019-08-07 14:30:54.663000,0.5679,0.5674,45,60
2019-08-07 14:30:54.800000,0.56796,0.56746,45,60
2019-08-07 14:30:54.916000,0.56791,0.56741,45,60
2019-08-07 14:30:55.051000,0.56785,0.56735,45,409
2019-08-07 14:30:55.205000,0.56775,0.56725,45,409
2019-08-07 14:30:55.332000,0.56781,0.56731,45,60
2019-08-07 14:30:55.554000,0.56765,0.56715,75,83
2019-08-07 14:30:55.712000,0.5675,0.567,45,60
2019-08-07 14:30:55.766000,0.56751,0.56701,45,60
2019-08-07 14:30:55.977000,0.56755,0.56705,307,60
2019-08-07 14:30:56.269000,0.56751,0.56701,45,60
2019-08-07 14:30:56.417000,0.56735,0.56685,45,83
2019-08-07 14:30:56.467000,0.56736,0.56686,45,60
2019-08-07 14:30:56.627000,0.56725,0.56675,262,60
2019-08-07 14:30:56.730000,0.56731,0.56681,45,60
2019-08-07 14:30:56.985000,0.56725,0.56675,45,60
2019-08-07 14:30:57.331000,0.56726,0.56676,45,60
2019-08-07 14:30:57.488000,0.56705,0.56655,45,409
2019-08-07 14:30:57.956000,0.5671,0.5666,45,60
2019-08-07 14:30:58.138000,0.56715,0.56665,45,60
2019-08-07 14:30:58.551000,0.56725,0.56675,262,60
2019-08-07 14:30:58.639000,0.56741,0.56691,45,60
2019-08-07 14:30:58.690000,0.56735,0.56685,45,60
2019-08-07 14:30:58.876000,0.56755,0.56705,45,60
2019-08-07 14:30:58.982000,0.56761,0.56711,45,60
2019-08-07 14:30:59.090000,0.56744,0.56694,45,60
2019-08-07 14:30:59.184000,0.56755,0.56695,262,349
2019-08-07 14:30:59.411000,0.56675,0.56625,45,83
2019-08-07 14:30:59.579000,0.56645,0.56595,45,409
2019-08-07 14:30:59.703000,0.56646,0.56596,45,150
2019-08-07 14:30:59.854000,0.56651,0.56601,45,150
2019-08-07 14:31:00.043000,0.5665,0.566,75,60
2019-08-07 14:31:00.152000,0.56666,0.56616,307,60
2019-08-07 14:31:00.372000,0.56661,0.56611,45,60
2019-08-07 14:31:00.490000,0.56655,0.56605,45,409
2019-08-07 14:31:01.043000,0.56665,0.56615,45,60
2019-08-07 14:31:01.194000,0.5667,0.5662,45,60
2019-08-07 14:31:01.567000,0.56685,0.56635,45,83
2019-08-07 14:31:01.621000,0.56706,0.56656,307,222
2019-08-07 14:31:01.785000,0.56716,0.56666,45,222
2019-08-07 14:31:01.973000,0.56715,0.56665,45,60
2019-08-07 14:31:02.447000,0.56735,0.56685,262,60
2019-08-07 14:31:02.499000,0.56751,0.56701,56,60
2019-08-07 14:31:02.638000,0.56741,0.56691,45,60
2019-08-07 14:31:02.816000,0.56731,0.56681,45,60
2019-08-07 14:31:03.442000,0.56716,0.56666,45,150
2019-08-07 14:31:03.554000,0.5671,0.5666,45,150
2019-08-07 14:31:03.720000,0.56716,0.56666,45,150
2019-08-07 14:31:03.885000,0.56701,0.56651,45,60
2019-08-07 14:31:04.087000,0.567,0.5665,112,60
2019-08-07 14:31:04.188000,0.56701,0.56651,45,60
2019-08-07 14:31:04.469000,0.56691,0.56641,45,60
2019-08-07 14:31:04.649000,0.56681,0.56631,45,60
2019-08-07 14:31:05.063000,0.56675,0.56625,45,60
2019-08-07 14:31:05.214000,0.56681,0.56631,45,60
2019-08-07 14:31:05.436000,0.56676,0.56626,45,60
2019-08-07 14:31:05.634000,0.5667,0.5662,56,60
2019-08-07 14:31:05.891000,0.56671,0.56621,45,150
2019-08-07 14:31:06.004000,0.56681,0.56631,45,60
2019-08-07 14:31:06.172000,0.5668,0.5663,45,60
2019-08-07 14:31:06.351000,0.56675,0.56625,45,60
2019-08-07 14:31:06.503000,0.56676,0.56626,45,60
2019-08-07 14:31:06.832000,0.5667,0.5662,45,60
2019-08-07 14:31:06.945000,0.56675,0.56625,45,60
2019-08-07 14:31:07.112000,0.5668,0.5663,45,60
2019-08-07 14:31:07.467000,0.56675,0.56625,45,83
2019-08-07 14:31:07.571000,0.56655,0.56605,45,60
2019-08-07 14:31:07.699000,0.56661,0.56611,45,60
2019-08-07 14:31:07.842000,0.56655,0.56605,45,83
2019-08-07 14:31:07.909000,0.56646,0.56596,45,150
2019-08-07 14:31:08.179000,0.56656,0.56606,307,60
2019-08-07 14:31:08.280000,0.56651,0.56601,45,60
2019-08-07 14:31:08.425000,0.56641,0.56591,45,222
2019-08-07 14:31:08.526000,0.56636,0.56586,45,222
2019-08-07 14:31:09.164000,0.5663,0.5658,45,222
2019-08-07 14:31:09.264000,0.56635,0.56575,262,83
2019-08-07 14:31:09.551000,0.56575,0.56525,262,60
2019-08-07 14:31:09.631000,0.56586,0.56536,307,60
2019-08-07 14:31:09.690000,0.56565,0.56515,262,60
2019-08-07 14:31:10.024000,0.56565,0.56515,262,60
2019-08-07 14:31:10.175000,0.56586,0.56536,307,60
2019-08-07 14:31:10.300000,0.56581,0.56531,45,60
2019-08-07 14:31:10.470000,0.5658,0.5653,75,60
2019-08-07 14:31:10.866000,0.56595,0.56545,262,60
2019-08-07 14:31:11.014000,0.56595,0.56545,262,60
2019-08-07 14:31:11.235000,0.56595,0.56545,262,60
2019-08-07 14:31:11.302000,0.566,0.5655,45,60
2019-08-07 14:31:11.356000,0.56605,0.56555,262,60
2019-08-07 14:31:11.427000,0.56621,0.56571,45,60
2019-08-07 14:31:11.528000,0.5662,0.5657,45,60
2019-08-07 14:31:11.630000,0.56615,0.56565,45,409
2019-08-07 14:31:11.795000,0.56621,0.56571,45,60
2019-08-07 14:31:12.066000,0.56611,0.56561,45,60
2019-08-07 14:31:12.436000,0.56606,0.56556,45,60
2019-08-07 14:31:12.574000,0.56596,0.56546,45,100
2019-08-07 14:31:12.707000,0.56586,0.56536,45,60
2019-08-07 14:31:12.851000,0.56581,0.56531,45,60
2019-08-07 14:31:13.272000,0.56575,0.56525,45,60
2019-08-07 14:31:13.691000,0.5658,0.5653,45,60
2019-08-07 14:31:13.958000,0.56586,0.56536,45,60
2019-08-07 14:31:14.400000,0.56596,0.56546,307,60
2019-08-07 14:31:14.501000,0.56586,0.56536,45,60
2019-08-07 14:31:14.731000,0.56576,0.56526,45,60
2019-08-07 14:31:14.906000,0.5658,0.5653,45,60
2019-08-07 14:31:15.071000,0.56581,0.56531,45,60
2019-08-07 14:31:15.362000,0.56571,0.56521,45,60
2019-08-07 14:31:15.463000,0.56566,0.56516,45,60
2019-08-07 14:31:15.681000,0.56561,0.56511,45,60
2019-08-07 14:31:15.788000,0.56556,0.56506,45,60
2019-08-07 14:31:16.184000,0.56535,0.56485,45,409
2019-08-07 14:31:16.376000,0.56556,0.56506,307,60
2019-08-07 14:31:16.708000,0.56551,0.56501,45,60
2019-08-07 14:31:17.264000,0.56546,0.56496,45,60
2019-08-07 14:31:17.911000,0.56556,0.56506,307,60
2019-08-07 14:31:18.074000,0.56551,0.56501,45,60
2019-08-07 14:31:18.439000,0.56546,0.56496,45,60
2019-08-07 14:31:18.627000,0.56551,0.56501,45,60
2019-08-07 14:31:18.760000,0.56571,0.56521,45,60
2019-08-07 14:31:19.505000,0.56565,0.56515,45,409
2019-08-07 14:31:19.839000,0.56575,0.56525,45,60
2019-08-07 14:31:20.187000,0.56596,0.56546,307,60
2019-08-07 14:31:20.418000,0.5659,0.5654,56,60
2019-08-07 14:31:21.020000,0.56595,0.56545,56,60
2019-08-07 14:31:21.139000,0.56601,0.56551,56,60
2019-08-07 14:31:21.549000,0.56596,0.56546,45,60
2019-08-07 14:31:22.091000,0.56595,0.56545,262,60
2019-08-07 14:31:22.178000,0.56605,0.56555,45,409
2019-08-07 14:31:22.228000,0.5661,0.5656,75,60
2019-08-07 14:31:22.432000,0.56605,0.56555,45,409
2019-08-07 14:31:22.572000,0.56626,0.56576,307,60
2019-08-07 14:31:22.823000,0.5662,0.5657,169,60
2019-08-07 14:31:23.051000,0.56625,0.56575,112,409
2019-08-07 14:31:23.215000,0.56631,0.56581,112,60
2019-08-07 14:31:23.266000,0.56625,0.56575,45,83
2019-08-07 14:31:23.365000,0.56625,0.56575,45,83
2019-08-07 14:31:23.466000,0.56616,0.56566,45,60
2019-08-07 14:31:23.817000,0.56605,0.56555,45,83
2019-08-07 14:31:23.932000,0.56606,0.56556,45,60
2019-08-07 14:31:24.339000,0.56621,0.56571,56,60
2019-08-07 14:31:24.460000,0.56595,0.56545,45,649
2019-08-07 14:31:25.340000,0.56625,0.56575,45,83
2019-08-07 14:31:25.390000,0.56626,0.56576,56,60
2019-08-07 14:31:25.454000,0.56625,0.56575,56,83
2019-08-07 14:31:25.552000,0.5661,0.5656,56,60
2019-08-07 14:31:25.718000,0.56615,0.56555,262,83
2019-08-07 14:31:25.829000,0.56625,0.56555,262,83
2019-08-07 14:31:25.889000,0.56525,0.56475,56,449
2019-08-07 14:31:27.439000,0.56525,0.56475,45,83
2019-08-07 14:31:27.590000,0.56525,0.56475,45,83
2019-08-07 14:31:27.641000,0.56505,0.56455,307,222
2019-08-07 14:31:27.862000,0.56511,0.56461,45,222
2019-08-07 14:31:27.979000,0.56495,0.56445,45,83
2019-08-07 14:31:28.079000,0.56481,0.56431,45,60
2019-08-07 14:31:28.141000,0.56475,0.56425,45,83
2019-08-07 14:31:28.223000,0.56471,0.56421,45,60
2019-08-07 14:31:28.510000,0.56465,0.56415,45,60
2019-08-07 14:31:28.622000,0.56465,0.56415,262,60
2019-08-07 14:31:28.736000,0.56486,0.56436,45,60
2019-08-07 14:31:29.152000,0.56476,0.56426,45,60
2019-08-07 14:31:29.340000,0.56455,0.56405,45,83
2019-08-07 14:31:29.547000,0.56446,0.56396,45,60
2019-08-07 14:31:29.597000,0.56451,0.56401,45,60
2019-08-07 14:31:29.774000,0.56456,0.56406,307,60
2019-08-07 14:31:29.994000,0.56466,0.56416,307,60
2019-08-07 14:31:30.095000,0.56461,0.56411,45,60
2019-08-07 14:31:30.383000,0.56455,0.56405,45,60
2019-08-07 14:31:30.503000,0.56465,0.56415,262,60
2019-08-07 14:31:30.565000,0.56486,0.56436,307,60
2019-08-07 14:31:30.616000,0.5647,0.5642,45,60
2019-08-07 14:31:30.786000,0.5648,0.5643,112,60
2019-08-07 14:31:31.104000,0.56495,0.56445,262,60
2019-08-07 14:31:31.276000,0.56505,0.56455,45,409
2019-08-07 14:31:31.397000,0.56511,0.56461,45,60
2019-08-07 14:31:31.820000,0.56515,0.56465,169,60
2019-08-07 14:31:31.921000,0.56525,0.56475,262,60
2019-08-07 14:31:32.087000,0.56551,0.56501,562,60
2019-08-07 14:31:32.142000,0.56545,0.56495,562,60
2019-08-07 14:31:32.310000,0.56555,0.56505,262,60
2019-08-07 14:31:32.460000,0.56575,0.56525,45,409
2019-08-07 14:31:32.511000,0.56596,0.56546,307,60
2019-08-07 14:31:32.940000,0.56586,0.56536,45,60
2019-08-07 14:31:33.059000,0.56591,0.56541,45,60
2019-08-07 14:31:33.397000,0.56581,0.56531,45,60
2019-08-07 14:31:33.584000,0.56575,0.56525,45,60
2019-08-07 14:31:33.723000,0.56565,0.56515,45,409
2019-08-07 14:31:33.829000,0.56566,0.56516,45,60
2019-08-07 14:31:33.965000,0.56535,0.56485,45,409
2019-08-07 14:31:34.089000,0.5654,0.5649,45,60
2019-08-07 14:31:34.190000,0.56546,0.56496,45,60
2019-08-07 14:31:34.829000,0.56545,0.56495,262,60
2019-08-07 14:31:34.880000,0.56555,0.56505,262,60
2019-08-07 14:31:34.933000,0.56555,0.56505,262,60
2019-08-07 14:31:35.133000,0.56575,0.56525,262,60
2019-08-07 14:31:35.204000,0.56601,0.56551,45,60
2019-08-07 14:31:35.463000,0.56596,0.56546,45,60
2019-08-07 14:31:35.574000,0.56595,0.56545,262,60
2019-08-07 14:31:35.759000,0.56625,0.56575,262,60
2019-08-07 14:31:35.883000,0.56625,0.56575,262,60
2019-08-07 14:31:36.217000,0.56625,0.56575,262,60
2019-08-07 14:31:36.340000,0.56625,0.56575,262,60
2019-08-07 14:31:36.530000,0.56625,0.56575,262,60
2019-08-07 14:31:36.870000,0.56625,0.56575,262,60
2019-08-07 14:31:37.112000,0.56625,0.56575,262,60
2019-08-07 14:31:37.271000,0.56676,0.56626,45,60
2019-08-07 14:31:37.442000,0.56655,0.56605,262,60
2019-08-07 14:31:37.493000,0.56655,0.56605,262,60
2019-08-07 14:31:37.577000,0.5666,0.5661,45,60
2019-08-07 14:31:37.827000,0.56666,0.56616,45,60
2019-08-07 14:31:38.103000,0.5666,0.5661,45,60
2019-08-07 14:31:38.311000,0.56686,0.56636,307,60
2019-08-07 14:31:38.435000,0.5667,0.5662,45,60
2019-08-07 14:31:38.638000,0.56686,0.56636,45,60
2019-08-07 14:31:38.840000,0.56681,0.56631,112,60
2019-08-07 14:31:39.279000,0.56665,0.56615,45,409
2019-08-07 14:31:39.519000,0.56681,0.56631,112,60
2019-08-07 14:31:39.830000,0.56675,0.56625,45,83
2019-08-07 14:31:39.880000,0.56671,0.56621,45,222
2019-08-07 14:31:39.931000,0.56675,0.56625,56,60
2019-08-07 14:31:40.084000,0.5667,0.5662,112,60
2019-08-07 14:31:40.194000,0.56665,0.56615,45,409
2019-08-07 14:31:40.375000,0.5667,0.5662,112,60
2019-08-07 14:31:40.540000,0.56665,0.56615,45,409
2019-08-07 14:31:40.699000,0.56685,0.56635,262,60
2019-08-07 14:31:40.815000,0.56675,0.56625,262,60
2019-08-07 14:31:40.916000,0.56685,0.56635,262,60
2019-08-07 14:31:40.966000,0.56685,0.56635,262,60
2019-08-07 14:31:41.102000,0.56701,0.56651,45,60
2019-08-07 14:31:41.779000,0.56695,0.56645,45,60
2019-08-07 14:31:42.034000,0.56696,0.56646,45,60
2019-08-07 14:31:42.160000,0.56675,0.56625,45,409
2019-08-07 14:31:42.368000,0.56676,0.56626,45,60
2019-08-07 14:31:42.508000,0.56681,0.56631,45,60
2019-08-07 14:31:42.933000,0.56685,0.56615,262,349
2019-08-07 14:31:43.033000,0.56695,0.56625,262,83
2019-08-07 14:31:43.204000,0.5659,0.5654,45,60
2019-08-07 14:31:43.343000,0.56591,0.56541,45,60
2019-08-07 14:31:43.581000,0.56576,0.56526,45,60
2019-08-07 14:31:43.726000,0.5657,0.5652,75,60
2019-08-07 14:31:43.893000,0.56575,0.56525,45,60
2019-08-07 14:31:44.063000,0.56585,0.56535,56,60
2019-08-07 14:31:44.191000,0.56591,0.56541,45,60
2019-08-07 14:31:44.423000,0.56596,0.56546,56,60
2019-08-07 14:31:44.601000,0.56601,0.56551,56,60
2019-08-07 14:31:44.880000,0.56605,0.56555,56,83
2019-08-07 14:31:44.982000,0.56626,0.56576,319,60
2019-08-07 14:31:45.043000,0.56615,0.56565,262,60
2019-08-07 14:31:45.093000,0.56625,0.56575,262,60
2019-08-07 14:31:45.144000,0.56615,0.56565,45,409
2019-08-07 14:31:45.393000,0.56621,0.56571,45,60
2019-08-07 14:31:45.807000,0.56605,0.56555,45,409
2019-08-07 14:31:45.908000,0.56626,0.56576,307,60
2019-08-07 14:31:46.128000,0.56615,0.56565,262,60
2019-08-07 14:31:46.179000,0.56605,0.56555,45,409
2019-08-07 14:31:46.774000,0.56615,0.56565,56,60
2019-08-07 14:31:47.089000,0.56636,0.56586,337,60
2019-08-07 14:31:47.447000,0.5663,0.5658,45,60
2019-08-07 14:31:47.597000,0.56635,0.56585,45,60
2019-08-07 14:31:48.127000,0.5664,0.5659,56,60
2019-08-07 14:31:48.300000,0.5665,0.566,45,60
2019-08-07 14:31:48.422000,0.5666,0.5661,45,60
2019-08-07 14:31:48.763000,0.56661,0.56611,45,60
2019-08-07 14:31:49.051000,0.5666,0.5661,56,60
2019-08-07 14:31:49.250000,0.56665,0.56615,45,60
2019-08-07 14:31:49.384000,0.56675,0.56625,262,60
2019-08-07 14:31:49.482000,0.56695,0.56645,45,409
2019-08-07 14:31:49.533000,0.56701,0.56651,45,60
2019-08-07 14:31:49.804000,0.56691,0.56641,45,60
2019-08-07 14:31:50.036000,0.56685,0.56635,45,409
2019-08-07 14:31:50.642000,0.56706,0.56656,307,60
2019-08-07 14:31:50.753000,0.56685,0.56635,45,409
2019-08-07 14:31:51.004000,0.56706,0.56656,307,60
2019-08-07 14:31:51.626000,0.56711,0.56661,45,60
2019-08-07 14:31:51.742000,0.56705,0.56655,45,409
2019-08-07 14:31:53.307000,0.56726,0.56676,431,60
2019-08-07 14:31:54.777000,0.56725,0.56675,262,60
2019-08-07 14:31:54.855000,0.56735,0.56685,262,60
2019-08-07 14:31:54.906000,0.56735,0.56685,262,60
2019-08-07 14:31:54.986000,0.56755,0.56705,45,409
2019-08-07 14:31:55.216000,0.56761,0.56711,45,60
2019-08-07 14:31:55.687000,0.56766,0.56716,307,60
2019-08-07 14:31:55.799000,0.56761,0.56711,45,60
2019-08-07 14:31:56.182000,0.56751,0.56701,45,75
2019-08-07 14:31:56.283000,0.56755,0.56705,45,83
2019-08-07 14:31:56.386000,0.5675,0.567,45,60
2019-08-07 14:31:56.438000,0.56766,0.56716,307,60
2019-08-07 14:31:56.710000,0.56761,0.56711,45,60
2019-08-07 14:31:56.881000,0.56755,0.56705,45,60
2019-08-07 14:31:57.287000,0.56765,0.56715,262,100
2019-08-07 14:31:57.432000,0.56775,0.56725,45,60
2019-08-07 14:31:57.616000,0.56775,0.56725,45,83
2019-08-07 14:31:57.796000,0.56771,0.56721,45,100
2019-08-07 14:31:57.847000,0.56765,0.56715,45,60
2019-08-07 14:31:58.052000,0.56765,0.56715,45,83
2019-08-07 14:31:58.192000,0.56765,0.56715,45,83
2019-08-07 14:31:58.293000,0.56726,0.56676,45,60
2019-08-07 14:31:58.384000,0.56736,0.56686,45,60
2019-08-07 14:31:58.549000,0.56726,0.56676,45,60
2019-08-07 14:31:58.700000,0.56721,0.56671,45,60
2019-08-07 14:31:59.070000,0.56715,0.56665,45,60
2019-08-07 14:31:59.235000,0.56721,0.56671,45,60
2019-08-07 14:31:59.626000,0.56725,0.56675,45,60
2019-08-07 14:31:59.806000,0.5673,0.5668,45,60
2019-08-07 14:31:59.963000,0.56735,0.56685,262,60
2019-08-07 14:32:00.312000,0.5673,0.5668,45,100
2019-08-07 14:32:00.696000,0.56735,0.56685,45,60
2019-08-07 14:32:00.922000,0.56741,0.56691,56,60
2019-08-07 14:32:01.079000,0.5674,0.5669,45,60
2019-08-07 14:32:01.302000,0.5675,0.567,45,60
2019-08-07 14:32:01.411000,0.56751,0.56701,45,60
2019-08-07 14:32:01.545000,0.56745,0.56695,45,83
2019-08-07 14:32:01.696000,0.56741,0.56691,45,60
2019-08-07 14:32:01.780000,0.56736,0.56686,45,60
2019-08-07 14:32:03.183000,0.56726,0.56676,45,60
2019-08-07 14:32:03.327000,0.56721,0.56671,45,60
2019-08-07 14:32:03.482000,0.56716,0.56666,45,60
2019-08-07 14:32:03.586000,0.56705,0.56655,45,83
2019-08-07 14:32:03.737000,0.56706,0.56656,45,60
2019-08-07 14:32:03.827000,0.56705,0.56655,45,83
2019-08-07 14:32:03.902000,0.5669,0.5664,45,60
2019-08-07 14:32:03.953000,0.56681,0.56631,45,60
2019-08-07 14:32:04.079000,0.56676,0.56626,45,60
2019-08-07 14:32:04.493000,0.56671,0.56621,45,150
2019-08-07 14:32:04.912000,0.56665,0.56615,45,60
2019-08-07 14:32:05.327000,0.56675,0.56625,45,60
2019-08-07 14:32:05.838000,0.56665,0.56615,45,409
2019-08-07 14:32:06.009000,0.56666,0.56616,45,222
2019-08-07 14:32:06.158000,0.56665,0.56615,45,60
2019-08-07 14:32:06.393000,0.56681,0.56631,75,60
2019-08-07 14:32:07.010000,0.56665,0.56615,45,409
2019-08-07 14:32:07.269000,0.56666,0.56616,45,60
2019-08-07 14:32:07.427000,0.5666,0.5661,45,75
2019-08-07 14:32:07.709000,0.56666,0.56616,45,75
2019-08-07 14:32:08.261000,0.56655,0.56605,45,83
2019-08-07 14:32:08.375000,0.56645,0.56595,45,83
2019-08-07 14:32:08.426000,0.56645,0.56595,45,83
2019-08-07 14:32:08.506000,0.56645,0.56595,45,83
2019-08-07 14:32:08.621000,0.5662,0.5657,45,60
2019-08-07 14:32:08.791000,0.56616,0.56566,45,60
2019-08-07 14:32:08.913000,0.56621,0.56571,45,60
2019-08-07 14:32:09.077000,0.56605,0.56555,262,60
2019-08-07 14:32:09.127000,0.56595,0.56545,45,409
2019-08-07 14:32:09.195000,0.566,0.5655,45,75
2019-08-07 14:32:09.296000,0.56606,0.56556,45,75
2019-08-07 14:32:09.693000,0.56596,0.56546,45,60
2019-08-07 14:32:09.859000,0.56595,0.56545,262,60
2019-08-07 14:32:10.011000,0.56595,0.56545,262,60
2019-08-07 14:32:10.142000,0.56605,0.56555,262,60
2019-08-07 14:32:10.243000,0.56615,0.56565,45,409
2019-08-07 14:32:10.333000,0.56616,0.56566,45,60
2019-08-07 14:32:10.434000,0.56605,0.56555,45,83
2019-08-07 14:32:10.572000,0.56596,0.56546,45,60
2019-08-07 14:32:10.789000,0.56591,0.56541,45,60
2019-08-07 14:32:10.953000,0.56575,0.56525,45,83
2019-08-07 14:32:11.069000,0.56571,0.56521,45,60
2019-08-07 14:32:11.134000,0.5657,0.5652,45,60
2019-08-07 14:32:11.474000,0.56575,0.56525,45,409
2019-08-07 14:32:11.641000,0.56575,0.56525,45,83
2019-08-07 14:32:11.731000,0.56565,0.56515,45,83
2019-08-07 14:32:11.916000,0.56555,0.56505,45,60
2019-08-07 14:32:12.094000,0.56561,0.56511,45,100
2019-08-07 14:32:12.355000,0.56556,0.56506,45,60
2019-08-07 14:32:12.531000,0.56566,0.56516,307,60
2019-08-07 14:32:12.681000,0.56556,0.56506,45,60
2019-08-07 14:32:12.863000,0.5656,0.5651,75,60
2019-08-07 14:32:12.987000,0.5657,0.5652,56,60
2019-08-07 14:32:13.093000,0.56576,0.56526,307,60
2019-08-07 14:32:13.195000,0.5656,0.5651,45,60
2019-08-07 14:32:13.312000,0.56565,0.56515,45,83
2019-08-07 14:32:13.380000,0.56561,0.56511,45,75
2019-08-07 14:32:13.465000,0.56566,0.56516,45,60
2019-08-07 14:32:13.687000,0.56576,0.56526,307,60
2019-08-07 14:32:13.850000,0.5656,0.5651,45,60
2019-08-07 14:32:13.991000,0.56565,0.56515,262,60
2019-08-07 14:32:14.057000,0.5657,0.5652,45,60
2019-08-07 14:32:14.182000,0.56565,0.56515,45,60
2019-08-07 14:32:14.574000,0.56565,0.56515,262,60
2019-08-07 14:32:14.729000,0.56596,0.56546,45,60
2019-08-07 14:32:15.234000,0.56606,0.56556,319,60
2019-08-07 14:32:15.589000,0.56605,0.56555,262,60
2019-08-07 14:32:15.845000,0.56605,0.56555,262,60
2019-08-07 14:32:15.895000,0.56605,0.56545,262,349
2019-08-07 14:32:15.945000,0.56635,0.56585,262,60
2019-08-07 14:32:15.996000,0.56671,0.56621,45,60
2019-08-07 14:32:16.144000,0.56665,0.56615,45,60
2019-08-07 14:32:16.365000,0.56665,0.56615,45,83
2019-08-07 14:32:16.486000,0.56661,0.56611,45,150
2019-08-07 14:32:16.586000,0.56655,0.56605,45,409
2019-08-07 14:32:16.900000,0.56665,0.56615,45,409
2019-08-07 14:32:18.049000,0.56666,0.56616,45,60
2019-08-07 14:32:18.150000,0.56655,0.56605,45,83
2019-08-07 14:32:18.200000,0.56655,0.56605,45,83
2019-08-07 14:32:18.306000,0.56655,0.56605,45,83
2019-08-07 14:32:18.359000,0.56635,0.56585,45,83
2019-08-07 14:32:18.425000,0.56635,0.56585,45,83
2019-08-07 14:32:18.476000,0.56621,0.56571,45,60
2019-08-07 14:32:18.880000,0.56631,0.56581,45,60
2019-08-07 14:32:19.021000,0.56615,0.56565,45,409
2019-08-07 14:32:19.223000,0.56621,0.56571,45,60
2019-08-07 14:32:19.363000,0.56606,0.56556,45,60
2019-08-07 14:32:19.501000,0.56615,0.56565,45,83
2019-08-07 14:32:19.632000,0.56595,0.56545,45,60
2019-08-07 14:32:19.747000,0.56601,0.56551,45,60
2019-08-07 14:32:19.942000,0.56596,0.56546,45,60
2019-08-07 14:32:20.055000,0.56586,0.56536,45,60
2019-08-07 14:32:21.256000,0.5658,0.5653,45,60
2019-08-07 14:32:21.366000,0.5659,0.5654,56,60
2019-08-07 14:32:21.753000,0.56595,0.56545,45,60
2019-08-07 14:32:21.930000,0.56615,0.56565,262,60
2019-08-07 14:32:22.030000,0.56635,0.56585,262,60
2019-08-07 14:32:22.114000,0.56635,0.56585,262,60
2019-08-07 14:32:22.259000,0.56645,0.56595,45,60
2019-08-07 14:32:22.412000,0.56666,0.56616,307,60
2019-08-07 14:32:22.517000,0.56655,0.56605,262,60
2019-08-07 14:32:22.618000,0.5666,0.5661,45,60
2019-08-07 14:32:22.668000,0.56656,0.56606,45,60
2019-08-07 14:32:22.798000,0.56655,0.56605,45,83
2019-08-07 14:32:22.848000,0.56651,0.56601,45,60
2019-08-07 14:32:22.958000,0.56646,0.56596,45,60
2019-08-07 14:32:23.215000,0.56625,0.56575,45,409
2019-08-07 14:32:23.361000,0.56635,0.56585,45,60
2019-08-07 14:32:23.792000,0.56641,0.56591,45,60
2019-08-07 14:32:24.117000,0.56645,0.56595,262,60
2019-08-07 14:32:24.241000,0.56655,0.56605,45,60
2019-08-07 14:32:24.471000,0.56676,0.56626,307,60
2019-08-07 14:32:24.862000,0.56675,0.56625,262,60
2019-08-07 14:32:24.986000,0.56675,0.56625,262,60
2019-08-07 14:32:25.081000,0.56716,0.56666,307,60
2019-08-07 14:32:25.132000,0.56695,0.56645,45,409
2019-08-07 14:32:25.470000,0.56716,0.56666,307,60
2019-08-07 14:32:26.006000,0.56705,0.56655,45,83
2019-08-07 14:32:26.174000,0.56705,0.56655,45,83
2019-08-07 14:32:26.224000,0.56685,0.56635,45,60
2019-08-07 14:32:26.366000,0.56706,0.56656,307,60
2019-08-07 14:32:26.510000,0.56711,0.56661,45,60
2019-08-07 14:32:26.704000,0.56695,0.56645,45,409
2019-08-07 14:32:26.850000,0.56701,0.56651,45,60
2019-08-07 14:32:27.049000,0.56685,0.56635,45,409
2019-08-07 14:32:27.518000,0.5668,0.5663,75,60
2019-08-07 14:32:28.200000,0.56685,0.56635,45,60
2019-08-07 14:32:28.303000,0.5669,0.5664,45,60
2019-08-07 14:32:28.489000,0.56711,0.56661,45,60
2019-08-07 14:32:28.649000,0.56706,0.56656,45,60
2019-08-07 14:32:28.981000,0.56705,0.56655,262,60
2019-08-07 14:32:29.031000,0.5671,0.5666,112,60
2019-08-07 14:32:29.082000,0.56705,0.56655,45,409
2019-08-07 14:32:29.365000,0.56711,0.56661,45,60
2019-08-07 14:32:29.656000,0.56695,0.56645,45,409
2019-08-07 14:32:29.774000,0.56696,0.56646,45,60
2019-08-07 14:32:29.896000,0.56691,0.56641,45,60
2019-08-07 14:32:30.044000,0.56685,0.56635,45,60
2019-08-07 14:32:30.455000,0.5669,0.5664,45,60
2019-08-07 14:32:30.565000,0.56685,0.56635,262,60
2019-08-07 14:32:30.615000,0.5669,0.5664,45,60
2019-08-07 14:32:30.665000,0.56685,0.56635,45,409
2019-08-07 14:32:31.390000,0.56695,0.56645,45,60
2019-08-07 14:32:31.550000,0.56701,0.56651,45,60
2019-08-07 14:32:31.902000,0.56685,0.56635,45,409
2019-08-07 14:32:32.349000,0.56681,0.56631,45,60
2019-08-07 14:32:32.492000,0.56665,0.56615,45,409
2019-08-07 14:32:32.645000,0.5667,0.5662,45,60
2019-08-07 14:32:33,0.56675,0.56625,45,60
2019-08-07 14:32:33.115000,0.56685,0.56615,262,349
2019-08-07 14:32:33.165000,0.56685,0.56625,262,349
2019-08-07 14:32:33.279000,0.56685,0.56635,262,60
2019-08-07 14:32:33.329000,0.5672,0.5667,45,60
2019-08-07 14:32:33.380000,0.56715,0.56665,45,409
2019-08-07 14:32:33.701000,0.56725,0.56675,262,60
2019-08-07 14:32:33.751000,0.56735,0.56685,45,409
2019-08-07 14:32:33.802000,0.56741,0.56691,45,60
2019-08-07 14:32:33.911000,0.56736,0.56686,45,60
2019-08-07 14:32:34.116000,0.5673,0.5668,45,60
2019-08-07 14:32:34.241000,0.56735,0.56685,45,60
2019-08-07 14:32:34.392000,0.56731,0.56681,45,60
2019-08-07 14:32:34.554000,0.56725,0.56675,45,60
2019-08-07 14:32:34.706000,0.56731,0.56681,45,60
2019-08-07 14:32:34.909000,0.56716,0.56666,45,60
2019-08-07 14:32:35.212000,0.5671,0.5666,45,60
2019-08-07 14:32:35.313000,0.56705,0.56655,45,409
2019-08-07 14:32:35.901000,0.56706,0.56656,45,100
2019-08-07 14:32:36.119000,0.56695,0.56645,45,83
2019-08-07 14:32:36.183000,0.56686,0.56636,45,60
2019-08-07 14:32:36.299000,0.56685,0.56635,45,409
2019-08-07 14:32:36.644000,0.56691,0.56641,45,60
2019-08-07 14:32:36.758000,0.56706,0.56656,307,60
2019-08-07 14:32:36.864000,0.56695,0.56645,262,60
2019-08-07 14:32:36.915000,0.56716,0.56666,307,60
2019-08-07 14:32:36.991000,0.56705,0.56655,262,60
2019-08-07 14:32:37.166000,0.56715,0.56665,45,409
2019-08-07 14:32:37.216000,0.5672,0.5667,45,60
2019-08-07 14:32:37.620000,0.56705,0.56655,45,409
2019-08-07 14:32:37.723000,0.56711,0.56661,56,60
2019-08-07 14:32:37.851000,0.56706,0.56656,45,60
2019-08-07 14:32:38.321000,0.56716,0.56666,307,60
2019-08-07 14:32:38.453000,0.56726,0.56676,307,60
2019-08-07 14:32:39.023000,0.56725,0.56675,45,409
2019-08-07 14:32:39.613000,0.56731,0.56681,45,150
2019-08-07 14:32:39.827000,0.5673,0.5668,45,60
2019-08-07 14:32:40.097000,0.56735,0.56685,45,60
2019-08-07 14:32:40.270000,0.56745,0.56695,262,60
2019-08-07 14:32:40.321000,0.56766,0.56716,307,60
2019-08-07 14:32:40.580000,0.56755,0.56705,45,409
2019-08-07 14:32:40.909000,0.56751,0.56701,45,60
2019-08-07 14:32:41.010000,0.56735,0.56685,262,60
2019-08-07 14:32:41.067000,0.56725,0.56675,45,409
2019-08-07 14:32:41.178000,0.56735,0.56685,262,60
2019-08-07 14:32:41.344000,0.56755,0.56705,307,60
2019-08-07 14:32:41.744000,0.56751,0.56701,45,60
2019-08-07 14:32:41.900000,0.56755,0.56705,307,60
2019-08-07 14:32:42.410000,0.56751,0.56701,45,60
2019-08-07 14:32:42.525000,0.56755,0.56705,307,60
2019-08-07 14:32:43.187000,0.56746,0.56696,45,60
2019-08-07 14:32:43.338000,0.56736,0.56686,45,60
2019-08-07 14:32:43.505000,0.56735,0.56685,262,60
2019-08-07 14:32:43.606000,0.56745,0.56695,262,60
2019-08-07 14:32:43.749000,0.56761,0.56711,45,60
2019-08-07 14:32:43.979000,0.56755,0.56705,45,60
2019-08-07 14:32:44.633000,0.56771,0.56721,45,60
2019-08-07 14:32:44.736000,0.56761,0.56711,45,60
2019-08-07 14:32:44.871000,0.56755,0.56705,307,60
2019-08-07 14:32:45.008000,0.56745,0.56695,45,83
2019-08-07 14:32:45.058000,0.56741,0.56691,45,60
2019-08-07 14:32:45.252000,0.56735,0.56685,45,60
2019-08-07 14:32:45.363000,0.56741,0.56691,45,60
2019-08-07 14:32:45.633000,0.56744,0.56694,45,60
2019-08-07 14:32:45.838000,0.56766,0.56716,307,60
2019-08-07 14:32:46.015000,0.56776,0.56726,307,60
2019-08-07 14:32:46.181000,0.56755,0.56705,45,409
2019-08-07 14:32:46.592000,0.5676,0.5671,45,222
2019-08-07 14:32:47.087000,0.56766,0.56716,45,222
2019-08-07 14:32:47.498000,0.56755,0.56705,45,83
2019-08-07 14:32:47.654000,0.56735,0.56685,45,60
2019-08-07 14:32:47.738000,0.5674,0.5669,45,60
2019-08-07 14:32:48.093000,0.5675,0.567,45,60
2019-08-07 14:32:48.231000,0.56771,0.56721,56,60
2019-08-07 14:32:48.601000,0.56765,0.56715,45,60
2019-08-07 14:32:48.779000,0.56771,0.56721,45,60
2019-08-07 14:32:49.013000,0.5677,0.5672,56,60
2019-08-07 14:32:49.131000,0.56771,0.56721,45,60
2019-08-07 14:32:49.284000,0.56765,0.56715,45,60
2019-08-07 14:32:49.490000,0.56755,0.56705,45,409
2019-08-07 14:32:49.864000,0.56776,0.56726,307,60
2019-08-07 14:32:50.028000,0.5677,0.5672,45,60
2019-08-07 14:32:50.324000,0.56775,0.56725,45,60
2019-08-07 14:32:50.442000,0.56791,0.56741,75,60
2019-08-07 14:32:50.604000,0.56786,0.56736,45,60
2019-08-07 14:32:50.904000,0.56781,0.56731,45,60
2019-08-07 14:32:51.327000,0.56775,0.56725,45,60
2019-08-07 14:32:51.525000,0.56781,0.56731,45,60
2019-08-07 14:32:51.645000,0.56765,0.56715,45,409
2019-08-07 14:32:51.810000,0.5676,0.5671,45,75
2019-08-07 14:32:51.979000,0.56766,0.56716,45,60
2019-08-07 14:32:52.173000,0.56771,0.56721,45,60
2019-08-07 14:32:52.305000,0.56755,0.56705,45,409
2019-08-07 14:32:52.729000,0.56755,0.56705,307,60
2019-08-07 14:32:53.016000,0.56766,0.56716,307,60
2019-08-07 14:32:53.500000,0.56761,0.56711,45,60
2019-08-07 14:32:53.719000,0.56755,0.56705,45,409
2019-08-07 14:32:53.904000,0.5676,0.5671,45,60
2019-08-07 14:32:54.126000,0.56776,0.56726,307,60
2019-08-07 14:32:54.305000,0.56786,0.56736,307,60
2019-08-07 14:32:55.094000,0.56796,0.56746,307,60
2019-08-07 14:32:55.691000,0.5679,0.5674,45,60
2019-08-07 14:32:55.850000,0.56816,0.56766,307,60
2019-08-07 14:32:56.526000,0.56795,0.56745,45,409
2019-08-07 14:32:56.926000,0.56811,0.56761,45,60
2019-08-07 14:32:57.158000,0.56806,0.56756,45,60
2019-08-07 14:32:57.298000,0.56796,0.56746,45,60
2019-08-07 14:32:57.586000,0.5679,0.5674,45,60
2019-08-07 14:32:57.835000,0.56795,0.56745,45,60
2019-08-07 14:32:58.052000,0.56801,0.56751,45,60
2019-08-07 14:32:58.830000,0.56785,0.56735,262,60
2019-08-07 14:32:58.935000,0.5678,0.5673,45,60
2019-08-07 14:32:59.313000,0.56781,0.56731,45,150
2019-08-07 14:32:59.452000,0.56786,0.56736,45,60
2019-08-07 14:32:59.644000,0.56785,0.56735,45,409
2019-08-07 14:33:00.092000,0.56806,0.56756,319,60
2019-08-07 14:33:00.694000,0.56795,0.56745,225,83
2019-08-07 14:33:00.796000,0.56785,0.56735,225,83
2019-08-07 14:33:00.896000,0.56786,0.56736,307,60
2019-08-07 14:33:00.950000,0.5677,0.5672,45,150
2019-08-07 14:33:01.082000,0.56765,0.56715,45,500
2019-08-07 14:33:01.491000,0.56761,0.56711,45,60
2019-08-07 14:33:01.844000,0.56755,0.56705,45,60
2019-08-07 14:33:02.582000,0.56745,0.56695,45,83
2019-08-07 14:33:02.690000,0.56745,0.56695,45,83
2019-08-07 14:33:02.758000,0.56726,0.56676,45,60
2019-08-07 14:33:02.814000,0.56725,0.56675,45,409
2019-08-07 14:33:02.932000,0.56731,0.56681,45,100
2019-08-07 14:33:03.070000,0.56735,0.56685,262,60
2019-08-07 14:33:03.162000,0.56746,0.56696,307,60
2019-08-07 14:33:03.402000,0.56744,0.56694,45,60
2019-08-07 14:33:03.511000,0.56745,0.56695,262,60
2019-08-07 14:33:03.562000,0.5675,0.567,45,60
2019-08-07 14:33:03.821000,0.56755,0.56705,45,60
2019-08-07 14:33:03.922000,0.56751,0.56701,45,60
2019-08-07 14:33:04.029000,0.56755,0.56705,307,60
2019-08-07 14:33:04.265000,0.56761,0.56711,45,60
2019-08-07 14:33:04.379000,0.56755,0.56705,45,60
2019-08-07 14:33:04.573000,0.56776,0.56726,307,60
2019-08-07 14:33:04.674000,0.56755,0.56705,45,409
2019-08-07 14:33:05.071000,0.56755,0.56705,45,83
2019-08-07 14:33:05.121000,0.56746,0.56696,45,60
2019-08-07 14:33:05.332000,0.56755,0.56705,307,60
2019-08-07 14:33:05.699000,0.56746,0.56696,45,60
2019-08-07 14:33:06.749000,0.56736,0.56686,45,60
2019-08-07 14:33:06.965000,0.56726,0.56676,45,60
2019-08-07 14:33:07.279000,0.56715,0.56665,45,83
2019-08-07 14:33:07.462000,0.56671,0.56621,45,409
2019-08-07 14:33:07.512000,0.56715,0.56665,45,83
2019-08-07 14:33:07.562000,0.56676,0.56626,45,60
2019-08-07 14:33:07.615000,0.56675,0.56625,45,83
2019-08-07 14:33:07.718000,0.56671,0.56621,45,60
2019-08-07 14:33:07.818000,0.56665,0.56615,45,409
2019-08-07 14:33:07.869000,0.56675,0.56625,262,60
2019-08-07 14:33:07.919000,0.56665,0.56605,262,349
2019-08-07 14:33:08.055000,0.56675,0.56625,262,75
2019-08-07 14:33:08.243000,0.56716,0.56666,45,60
2019-08-07 14:33:08.293000,0.56715,0.56665,45,60
2019-08-07 14:33:08.443000,0.56721,0.56671,45,100
2019-08-07 14:33:08.690000,0.56705,0.56655,45,409
2019-08-07 14:33:09.048000,0.56715,0.56665,262,60
2019-08-07 14:33:09.099000,0.56731,0.56681,45,60
2019-08-07 14:33:09.279000,0.56735,0.56685,262,60
2019-08-07 14:33:09.330000,0.56751,0.56701,45,60
2019-08-07 14:33:09.548000,0.56755,0.56705,307,60
2019-08-07 14:33:09.677000,0.56766,0.56716,307,60
2019-08-07 14:33:09.871000,0.5676,0.5671,45,60
2019-08-07 14:33:09.999000,0.56765,0.56715,45,409
2019-08-07 14:33:10.451000,0.5677,0.5672,45,60
2019-08-07 14:33:10.594000,0.56776,0.56726,45,60
2019-08-07 14:33:11.109000,0.56755,0.56705,45,409
2019-08-07 14:33:11.245000,0.56755,0.56705,307,60
2019-08-07 14:33:11.481000,0.56746,0.56696,45,60
2019-08-07 14:33:11.778000,0.5674,0.5669,45,60
2019-08-07 14:33:11.918000,0.56741,0.56691,45,60
2019-08-07 14:33:12.455000,0.5674,0.5669,45,60
2019-08-07 14:33:12.655000,0.56746,0.56696,45,60
2019-08-07 14:33:13.608000,0.56751,0.56701,45,60
2019-08-07 14:33:14.666000,0.56761,0.56711,45,60
2019-08-07 14:33:14.849000,0.56765,0.56715,262,60
2019-08-07 14:33:15.006000,0.56775,0.56725,45,409
2019-08-07 14:33:15.220000,0.56776,0.56726,45,60
2019-08-07 14:33:15.551000,0.5677,0.5672,45,60
2019-08-07 14:33:15.883000,0.56775,0.56725,45,60
2019-08-07 14:33:16.657000,0.56781,0.56731,45,75
2019-08-07 14:33:16.821000,0.56776,0.56726,45,75
2019-08-07 14:33:17.082000,0.5677,0.5672,45,75
2019-08-07 14:33:17.916000,0.56765,0.56715,45,409
2019-08-07 14:33:18.022000,0.56781,0.56731,45,60
2019-08-07 14:33:18.147000,0.56776,0.56726,45,60
2019-08-07 14:33:18.611000,0.56755,0.56705,56,409
2019-08-07 14:33:18.735000,0.56755,0.56705,45,409
2019-08-07 14:33:19.254000,0.56761,0.56711,75,60
2019-08-07 14:33:19.391000,0.56755,0.56705,307,60
2019-08-07 14:33:19.568000,0.5675,0.567,56,60
2019-08-07 14:33:19.710000,0.56751,0.56701,45,60
2019-08-07 14:33:19.881000,0.56755,0.56705,307,60
2019-08-07 14:33:20.107000,0.56751,0.56701,45,60
2019-08-07 14:33:20.244000,0.56735,0.56685,45,409
2019-08-07 14:33:20.386000,0.56725,0.56675,45,409
2019-08-07 14:33:20.589000,0.56726,0.56676,45,60
2019-08-07 14:33:20.707000,0.56706,0.56656,45,60
2019-08-07 14:33:21.136000,0.56711,0.56661,45,60
2019-08-07 14:33:21.868000,0.56706,0.56656,45,60
2019-08-07 14:33:22.520000,0.56696,0.56646,45,60
2019-08-07 14:33:22.960000,0.56691,0.56641,45,60
2019-08-07 14:33:23.161000,0.56685,0.56635,45,409
2019-08-07 14:33:23.262000,0.56706,0.56656,45,60
2019-08-07 14:33:23.382000,0.56711,0.56661,45,60
2019-08-07 14:33:23.483000,0.56715,0.56665,45,409
2019-08-07 14:33:23.763000,0.5672,0.5667,45,60
2019-08-07 14:33:24.589000,0.56725,0.56675,45,60
2019-08-07 14:33:24.947000,0.56715,0.56665,45,409
2019-08-07 14:33:25.088000,0.56721,0.56671,45,60
2019-08-07 14:33:25.333000,0.56715,0.56665,45,60
2019-08-07 14:33:25.692000,0.56741,0.56691,45,60
2019-08-07 14:33:26.161000,0.56736,0.56686,45,60
2019-08-07 14:33:26.764000,0.56725,0.56675,45,83
2019-08-07 14:33:26.891000,0.56706,0.56656,45,75
2019-08-07 14:33:27.104000,0.567,0.5665,45,100
2019-08-07 14:33:27.653000,0.56706,0.56656,45,60
2019-08-07 14:33:27.810000,0.56691,0.56641,45,60
2019-08-07 14:33:27.952000,0.56686,0.56636,45,60
2019-08-07 14:33:28.083000,0.56691,0.56641,45,60
2019-08-07 14:33:28.253000,0.5669,0.5664,56,60
2019-08-07 14:33:28.794000,0.56696,0.56646,45,60
2019-08-07 14:33:28.908000,0.56691,0.56641,45,60
2019-08-07 14:33:29.028000,0.56685,0.56635,45,409
2019-08-07 14:33:29.256000,0.56701,0.56651,56,60
2019-08-07 14:33:29.387000,0.56696,0.56646,45,60
2019-08-07 14:33:29.840000,0.56675,0.56625,45,409
2019-08-07 14:33:29.953000,0.56696,0.56646,45,60
2019-08-07 14:33:30.495000,0.56686,0.56636,45,60
2019-08-07 14:33:30.929000,0.56681,0.56631,45,60
2019-08-07 14:33:31.030000,0.56686,0.56636,307,60
2019-08-07 14:33:31.769000,0.56681,0.56631,45,60
2019-08-07 14:33:31.902000,0.56671,0.56621,45,60
2019-08-07 14:33:32.150000,0.56686,0.56636,307,60
2019-08-07 14:33:32.471000,0.56691,0.56641,45,60
2019-08-07 14:33:33.617000,0.56685,0.56635,45,409
2019-08-07 14:33:33.718000,0.567,0.5665,45,75
2019-08-07 14:33:34.589000,0.56696,0.56646,45,60
2019-08-07 14:33:34.903000,0.56695,0.56645,262,60
2019-08-07 14:33:35.025000,0.56711,0.56661,45,60
2019-08-07 14:33:35.328000,0.56696,0.56646,45,60
2019-08-07 14:33:35.445000,0.56695,0.56645,45,83
2019-08-07 14:33:35.545000,0.56686,0.56636,45,60
2019-08-07 14:33:35.840000,0.56691,0.56641,45,60
2019-08-07 14:33:36.285000,0.56675,0.56625,45,409
2019-08-07 14:33:37.095000,0.5668,0.5663,45,75
2019-08-07 14:33:37.689000,0.56685,0.56635,45,60
2019-08-07 14:33:37.984000,0.56691,0.56641,45,100
2019-08-07 14:33:38.178000,0.56685,0.56635,45,60
2019-08-07 14:33:38.742000,0.56695,0.56645,262,60
2019-08-07 14:33:38.846000,0.56695,0.56645,262,60
2019-08-07 14:33:38.896000,0.56726,0.56676,307,60
2019-08-07 14:33:39.005000,0.56705,0.56655,45,409
2019-08-07 14:33:39.866000,0.56706,0.56656,45,60
2019-08-07 14:33:40.070000,0.56705,0.56655,45,60
2019-08-07 14:33:40.345000,0.56695,0.56645,45,409
2019-08-07 14:33:40.757000,0.56695,0.56645,45,83
2019-08-07 14:33:40.853000,0.56675,0.56625,45,409
2019-08-07 14:33:40.915000,0.5668,0.5663,45,60
2019-08-07 14:33:41.251000,0.56686,0.56636,45,60
2019-08-07 14:33:41.932000,0.56676,0.56626,45,60
2019-08-07 14:33:42.181000,0.56681,0.56631,45,60
2019-08-07 14:33:42.305000,0.56665,0.56615,45,409
2019-08-07 14:33:42.565000,0.56686,0.56636,307,60
2019-08-07 14:33:42.845000,0.56685,0.56635,45,60
2019-08-07 14:33:42.993000,0.56701,0.56651,45,60
2019-08-07 14:33:44.148000,0.56705,0.56655,45,83
2019-08-07 14:33:44.198000,0.56726,0.56676,307,60
2019-08-07 14:33:44.341000,0.56721,0.56671,45,60
2019-08-07 14:33:44.557000,0.56705,0.56655,45,409
2019-08-07 14:33:44.658000,0.56706,0.56656,45,60
2019-08-07 14:33:44.798000,0.567,0.5665,45,60
2019-08-07 14:33:44.939000,0.56705,0.56655,262,60
2019-08-07 14:33:44.990000,0.56721,0.56671,45,60
2019-08-07 14:33:45.040000,0.56716,0.56666,45,60
2019-08-07 14:33:45.213000,0.5671,0.5666,45,60
2019-08-07 14:33:46.394000,0.56725,0.56675,262,60
2019-08-07 14:33:46.512000,0.5673,0.5668,45,60
2019-08-07 14:33:46.801000,0.56736,0.56686,45,60
2019-08-07 14:33:46.952000,0.56741,0.56691,45,60
2019-08-07 14:33:47.266000,0.56735,0.56685,45,409
2019-08-07 14:33:47.709000,0.56751,0.56701,45,60
2019-08-07 14:33:48.122000,0.56755,0.56705,307,60
2019-08-07 14:33:48.244000,0.56751,0.56701,45,100
2019-08-07 14:33:48.831000,0.56755,0.56705,307,60
2019-08-07 14:33:49.434000,0.56751,0.56701,45,60
2019-08-07 14:33:49.773000,0.56755,0.56705,307,60
2019-08-07 14:33:49.890000,0.56755,0.56705,45,409
2019-08-07 14:33:50.280000,0.56761,0.56711,56,75
2019-08-07 14:33:50.382000,0.56755,0.56705,45,409
2019-08-07 14:33:50.560000,0.56785,0.56735,45,60
2019-08-07 14:33:50.747000,0.56791,0.56741,45,100
2019-08-07 14:33:50.901000,0.56785,0.56735,45,60
2019-08-07 14:33:51.108000,0.56806,0.56756,307,60
2019-08-07 14:33:51.250000,0.56801,0.56751,45,60
2019-08-07 14:33:51.421000,0.56795,0.56745,45,409
2019-08-07 14:33:51.816000,0.56816,0.56766,307,60
2019-08-07 14:33:52.401000,0.5681,0.5676,45,60
2019-08-07 14:33:52.889000,0.56805,0.56755,45,409
2019-08-07 14:33:53.190000,0.56821,0.56771,45,60
2019-08-07 14:33:53.353000,0.56826,0.56776,45,60
2019-08-07 14:33:53.887000,0.56836,0.56786,375,60
2019-08-07 14:33:54.680000,0.56815,0.56765,45,409
2019-08-07 14:33:54.998000,0.5681,0.5676,45,60
2019-08-07 14:33:55.338000,0.56805,0.56755,45,409
2019-08-07 14:33:55.564000,0.56795,0.56745,45,409
2019-08-07 14:33:55.665000,0.56785,0.56735,45,409
2019-08-07 14:33:55.954000,0.56806,0.56756,307,60
2019-08-07 14:33:56.370000,0.56801,0.56751,45,60
2019-08-07 14:33:56.473000,0.56796,0.56746,45,60
2019-08-07 14:33:56.818000,0.56795,0.56745,45,409
2019-08-07 14:33:56.966000,0.56801,0.56751,45,60
2019-08-07 14:33:57.211000,0.56785,0.56735,45,409
2019-08-07 14:33:57.746000,0.56776,0.56726,45,60
2019-08-07 14:33:58.120000,0.56766,0.56716,45,60
2019-08-07 14:33:58.235000,0.56765,0.56715,262,60
2019-08-07 14:33:58.286000,0.56755,0.56705,45,409
2019-08-07 14:33:58.336000,0.56765,0.56715,45,83
2019-08-07 14:33:58.438000,0.56765,0.56715,45,83
2019-08-07 14:33:58.548000,0.56761,0.56711,45,60
2019-08-07 14:33:58.599000,0.56755,0.56705,45,60
2019-08-07 14:33:59.007000,0.56761,0.56711,45,60
2019-08-07 14:33:59.557000,0.56755,0.56705,307,60
2019-08-07 14:33:59.738000,0.56735,0.56685,45,409
2019-08-07 14:34:00.571000,0.56725,0.56675,45,409
2019-08-07 14:34:00.908000,0.5673,0.5668,45,100
2019-08-07 14:34:01.063000,0.5674,0.5669,45,60
2019-08-07 14:34:01.343000,0.56735,0.56685,45,409
2019-08-07 14:34:01.498000,0.5674,0.5669,56,60
2019-08-07 14:34:01.796000,0.56735,0.56685,45,409
2019-08-07 14:34:02.072000,0.56755,0.56705,307,60
2019-08-07 14:34:02.598000,0.5675,0.567,45,60
2019-08-07 14:34:02.715000,0.56755,0.56705,307,60
2019-08-07 14:34:02.920000,0.56735,0.56685,45,409
2019-08-07 14:34:03.294000,0.5675,0.567,45,60
2019-08-07 14:34:03.913000,0.56755,0.56705,45,60
2019-08-07 14:34:04.239000,0.56765,0.56715,56,409
2019-08-07 14:34:04.724000,0.56775,0.56725,262,60
2019-08-07 14:34:04.774000,0.56791,0.56741,56,60
2019-08-07 14:34:04.825000,0.56785,0.56735,45,409
2019-08-07 14:34:05.610000,0.56801,0.56751,45,60
2019-08-07 14:34:05.765000,0.56796,0.56746,45,60
2019-08-07 14:34:06.390000,0.56795,0.56745,45,60
2019-08-07 14:34:06.656000,0.56801,0.56751,45,60
2019-08-07 14:34:06.812000,0.56796,0.56746,45,60
2019-08-07 14:34:07.100000,0.56791,0.56741,45,60
2019-08-07 14:34:07.523000,0.56806,0.56756,307,60
2019-08-07 14:34:07.663000,0.56796,0.56746,45,60
2019-08-07 14:34:07.771000,0.56785,0.56735,45,83
2019-08-07 14:34:07.993000,0.56776,0.56726,45,100
2019-08-07 14:34:08.068000,0.56775,0.56725,45,60
2019-08-07 14:34:08.322000,0.56796,0.56746,307,60
2019-08-07 14:34:08.603000,0.56791,0.56741,45,60
2019-08-07 14:34:09.291000,0.56786,0.56736,45,60
2019-08-07 14:34:09.551000,0.56781,0.56731,45,100
2019-08-07 14:34:09.683000,0.56775,0.56725,45,409
2019-08-07 14:34:09.795000,0.5678,0.5673,45,60
2019-08-07 14:34:10.279000,0.56785,0.56735,45,60
2019-08-07 14:34:10.706000,0.5679,0.5674,45,60
2019-08-07 14:34:10.861000,0.56795,0.56745,45,60
2019-08-07 14:34:11.278000,0.56816,0.56766,307,60
2019-08-07 14:34:11.956000,0.56826,0.56776,307,60
2019-08-07 14:34:12.075000,0.56815,0.56765,262,60
2019-08-07 14:34:12.218000,0.56831,0.56781,112,60
2019-08-07 14:34:12.952000,0.56826,0.56776,45,60
2019-08-07 14:34:13.053000,0.56821,0.56771,45,75
2019-08-07 14:34:13.202000,0.56805,0.56755,45,409
2019-08-07 14:34:14.051000,0.5681,0.5676,45,60
2019-08-07 14:34:14.222000,0.56805,0.56755,45,409
2019-08-07 14:34:14.882000,0.56821,0.56771,45,60
2019-08-07 14:34:15.279000,0.56825,0.56775,45,83
2019-08-07 14:34:15.330000,0.56825,0.56775,75,409
2019-08-07 14:34:17.045000,0.56846,0.56796,307,60
2019-08-07 14:34:17.158000,0.56845,0.56795,45,409
2019-08-07 14:34:18.131000,0.56841,0.56791,45,75
2019-08-07 14:34:18.274000,0.56835,0.56785,45,409
2019-08-07 14:34:18.392000,0.5684,0.5679,45,60
2019-08-07 14:34:18.985000,0.56845,0.56795,45,409
2019-08-07 14:34:19.105000,0.56851,0.56801,45,60
2019-08-07 14:34:19.244000,0.56835,0.56785,45,409
2019-08-07 14:34:19.867000,0.56836,0.56786,45,60
2019-08-07 14:34:20.213000,0.5682,0.5677,45,60
2019-08-07 14:34:20.639000,0.56815,0.56765,45,409
2019-08-07 14:34:21.487000,0.56825,0.56775,262,60
2019-08-07 14:34:21.537000,0.56845,0.56795,45,409
2019-08-07 14:34:21.608000,0.56846,0.56796,45,60
2019-08-07 14:34:21.738000,0.56836,0.56786,45,60
2019-08-07 14:34:22.266000,0.56826,0.56776,45,60
2019-08-07 14:34:22.768000,0.5682,0.5677,45,60
2019-08-07 14:34:23.555000,0.56846,0.56796,307,60
2019-08-07 14:34:25.349000,0.56845,0.56795,45,409
2019-08-07 14:34:25.613000,0.56846,0.56796,45,60
2019-08-07 14:34:25.977000,0.56856,0.56806,307,60
2019-08-07 14:34:26.420000,0.56861,0.56811,45,100
2019-08-07 14:34:26.867000,0.56845,0.56795,45,409
2019-08-07 14:34:27.131000,0.5685,0.568,45,60
2019-08-07 14:34:27.405000,0.56855,0.56805,45,409
2019-08-07 14:34:28.345000,0.56861,0.56811,45,75
2019-08-07 14:34:28.499000,0.56855,0.56805,45,409
2019-08-07 14:34:28.829000,0.56861,0.56811,45,100
2019-08-07 14:34:29.100000,0.56855,0.56805,45,60
2019-08-07 14:34:29.358000,0.56876,0.56826,307,60
2019-08-07 14:34:29.720000,0.56886,0.56836,307,60
2019-08-07 14:34:29.826000,0.56875,0.56825,45,83
2019-08-07 14:34:29.952000,0.56855,0.56805,45,409
2019-08-07 14:34:30.563000,0.56845,0.56795,45,409
2019-08-07 14:34:30.686000,0.5685,0.568,45,75
2019-08-07 14:34:30.864000,0.56851,0.56801,45,60
2019-08-07 14:34:30.965000,0.56846,0.56796,45,60
2019-08-07 14:34:34.040000,0.56856,0.56806,307,60
2019-08-07 14:34:34.141000,0.56855,0.56805,262,60
2019-08-07 14:34:34.229000,0.56871,0.56821,45,60
2019-08-07 14:34:34.611000,0.56866,0.56816,45,60
2019-08-07 14:34:34.728000,0.56871,0.56821,45,60
2019-08-07 14:34:35.067000,0.56865,0.56815,45,60
2019-08-07 14:34:35.861000,0.5687,0.5682,56,60
2019-08-07 14:34:36.063000,0.56865,0.56815,45,409
2019-08-07 14:34:36.865000,0.5687,0.5682,75,60
2019-08-07 14:34:37.107000,0.56875,0.56825,45,409
2019-08-07 14:34:37.674000,0.56881,0.56831,56,60
2019-08-07 14:34:38.298000,0.56875,0.56825,45,60
2019-08-07 14:34:38.854000,0.56885,0.56835,45,409
2019-08-07 14:34:39.174000,0.56886,0.56836,45,60
2019-08-07 14:34:39.340000,0.56885,0.56835,45,409
2019-08-07 14:34:39.492000,0.5689,0.5684,45,60
2019-08-07 14:34:39.623000,0.56895,0.56845,45,60
2019-08-07 14:34:39.884000,0.56916,0.56866,307,60
2019-08-07 14:34:40.361000,0.56911,0.56861,45,60
2019-08-07 14:34:40.932000,0.56895,0.56845,45,409
2019-08-07 14:34:41.209000,0.56911,0.56861,45,75
2019-08-07 14:34:41.509000,0.5691,0.5686,45,60
2019-08-07 14:34:41.995000,0.56936,0.56886,307,60
2019-08-07 14:34:42.221000,0.56926,0.56876,45,60
2019-08-07 14:34:42.392000,0.56911,0.56861,45,100
2019-08-07 14:34:42.551000,0.56895,0.56845,45,409
2019-08-07 14:34:43.380000,0.56911,0.56861,45,60
2019-08-07 14:34:43.566000,0.56895,0.56845,45,409
2019-08-07 14:34:43.667000,0.56905,0.56855,45,60
2019-08-07 14:34:43.836000,0.56911,0.56861,45,60
2019-08-07 14:34:43.937000,0.5691,0.5686,45,60
2019-08-07 14:34:44.139000,0.56905,0.56855,45,409
2019-08-07 14:34:44.415000,0.56921,0.56871,45,60
2019-08-07 14:34:44.580000,0.56915,0.56865,45,60
2019-08-07 14:34:44.890000,0.56916,0.56866,45,60
2019-08-07 14:34:45.379000,0.56906,0.56856,45,60
2019-08-07 14:34:45.566000,0.56901,0.56851,45,60
2019-08-07 14:34:45.990000,0.56895,0.56845,45,409
2019-08-07 14:34:46.121000,0.56911,0.56861,45,60
2019-08-07 14:34:46.222000,0.56906,0.56856,45,60
2019-08-07 14:34:47.038000,0.56911,0.56861,45,60
2019-08-07 14:34:47.214000,0.56906,0.56856,45,60
2019-08-07 14:34:47.419000,0.56896,0.56846,45,60
2019-08-07 14:34:48.100000,0.56886,0.56836,45,60
2019-08-07 14:34:48.201000,0.56896,0.56846,307,60
2019-08-07 14:34:49.179000,0.56891,0.56841,45,60
2019-08-07 14:34:49.581000,0.56881,0.56831,45,60
2019-08-07 14:34:49.722000,0.56866,0.56816,45,60
2019-08-07 14:34:49.852000,0.56865,0.56815,45,409
2019-08-07 14:34:50.307000,0.5686,0.5681,45,60
2019-08-07 14:34:50.623000,0.56851,0.56801,45,100
2019-08-07 14:34:50.842000,0.56845,0.56795,45,60
2019-08-07 14:34:50.956000,0.56851,0.56801,45,60
2019-08-07 14:34:51.282000,0.56845,0.56795,45,409
2019-08-07 14:34:51.510000,0.56861,0.56811,45,60
2019-08-07 14:34:51.939000,0.56855,0.56805,45,409
2019-08-07 14:34:52.419000,0.56865,0.56815,262,60
2019-08-07 14:34:52.564000,0.56875,0.56825,45,409
2019-08-07 14:34:53.199000,0.56881,0.56831,45,60
2019-08-07 14:34:53.321000,0.56865,0.56815,45,83
2019-08-07 14:34:53.407000,0.56856,0.56806,45,60
2019-08-07 14:34:53.566000,0.56855,0.56805,45,409
2019-08-07 14:34:53.704000,0.56861,0.56811,45,60
2019-08-07 14:34:54.258000,0.5686,0.5681,56,60
2019-08-07 14:34:54.474000,0.5685,0.568,45,100
2019-08-07 14:34:54.882000,0.56855,0.56805,45,409
2019-08-07 14:34:55.073000,0.5686,0.5681,45,60
2019-08-07 14:34:55.174000,0.56865,0.56815,45,409
2019-08-07 14:34:55.293000,0.56866,0.56816,45,60
2019-08-07 14:34:55.782000,0.56845,0.56795,45,409
2019-08-07 14:34:56.025000,0.56855,0.56805,45,575
2019-08-07 14:34:56.280000,0.56865,0.56815,45,409
2019-08-07 14:34:56.422000,0.5687,0.5682,45,60
2019-08-07 14:34:56.586000,0.5688,0.5683,45,150
2019-08-07 14:34:58.347000,0.56875,0.56825,45,409
2019-08-07 14:34:58.811000,0.56881,0.56831,45,150
2019-08-07 14:34:58.955000,0.56875,0.56825,45,409
2019-08-07 14:34:59.141000,0.5688,0.5683,45,150
2019-08-07 14:34:59.452000,0.56885,0.56835,45,60
2019-08-07 14:34:59.881000,0.56875,0.56825,45,449
2019-08-07 14:35:00.031000,0.56885,0.56835,45,409
2019-08-07 14:35:00.291000,0.56895,0.56845,262,60
2019-08-07 14:35:00.364000,0.56911,0.56861,75,60
2019-08-07 14:35:00.698000,0.56905,0.56855,45,409
2019-08-07 14:35:00.799000,0.56906,0.56856,45,60
2019-08-07 14:35:01.519000,0.56905,0.56855,45,409
2019-08-07 14:35:02.197000,0.56911,0.56861,45,150
2019-08-07 14:35:02.298000,0.56905,0.56855,45,409
2019-08-07 14:35:02.426000,0.56911,0.56861,45,60
2019-08-07 14:35:02.808000,0.56905,0.56855,45,409
2019-08-07 14:35:03.301000,0.56906,0.56856,45,60
2019-08-07 14:35:04.364000,0.569,0.5685,45,60
2019-08-07 14:35:04.595000,0.56915,0.56865,45,83
2019-08-07 14:35:04.777000,0.56911,0.56861,45,60
2019-08-07 14:35:04.830000,0.56905,0.56855,45,60
2019-08-07 14:35:04.977000,0.5691,0.5686,56,150
2019-08-07 14:35:05.120000,0.56905,0.56855,45,425
2019-08-07 14:35:05.558000,0.569,0.5685,45,60
2019-08-07 14:35:05.858000,0.56895,0.56845,45,409
2019-08-07 14:35:05.973000,0.56916,0.56866,307,60
2019-08-07 14:35:06.365000,0.56926,0.56876,307,60
2019-08-07 14:35:06.657000,0.56921,0.56871,56,60
2019-08-07 14:35:06.833000,0.56915,0.56865,45,60
2019-08-07 14:35:06.977000,0.56916,0.56866,45,60
2019-08-07 14:35:08.201000,0.5691,0.5686,56,60
2019-08-07 14:35:08.414000,0.56915,0.56865,45,83
2019-08-07 14:35:08.515000,0.56916,0.56866,45,60
2019-08-07 14:35:11.143000,0.5691,0.5686,75,60
2019-08-07 14:35:11.373000,0.56916,0.56866,45,60
2019-08-07 14:35:11.720000,0.56921,0.56871,45,100
2019-08-07 14:35:12.344000,0.56916,0.56866,45,60
2019-08-07 14:35:12.562000,0.56926,0.56876,337,60
2019-08-07 14:35:13.521000,0.56916,0.56866,45,60
2019-08-07 14:35:13.622000,0.5691,0.5686,56,60
2019-08-07 14:35:14.253000,0.56916,0.56866,45,60
2019-08-07 14:35:15.166000,0.56915,0.56865,45,409
2019-08-07 14:35:15.580000,0.56911,0.56861,45,150
2019-08-07 14:35:15.725000,0.56895,0.56845,45,500
2019-08-07 14:35:15.865000,0.569,0.5685,45,75
2019-08-07 14:35:16.027000,0.56895,0.56845,45,449
2019-08-07 14:35:17.329000,0.56911,0.56861,56,60
2019-08-07 14:35:17.562000,0.56906,0.56856,45,60
2019-08-07 14:35:19.037000,0.56895,0.56845,45,83
2019-08-07 14:35:19.209000,0.56875,0.56825,45,425
2019-08-07 14:35:19.314000,0.5688,0.5683,45,75
2019-08-07 14:35:19.722000,0.56875,0.56825,45,425
2019-08-07 14:35:19.824000,0.56875,0.56825,45,83
2019-08-07 14:35:19.878000,0.56855,0.56805,45,500
2019-08-07 14:35:19.928000,0.56856,0.56806,45,60
2019-08-07 14:35:20.552000,0.56866,0.56816,307,60
2019-08-07 14:35:20.909000,0.56856,0.56806,45,60
2019-08-07 14:35:21.163000,0.56846,0.56796,45,60
2019-08-07 14:35:22.182000,0.56825,0.56775,45,409
2019-08-07 14:35:23.036000,0.5683,0.5678,45,60
2019-08-07 14:35:23.714000,0.56856,0.56806,307,60
2019-08-07 14:35:24.611000,0.56855,0.56805,45,409
2019-08-07 14:35:24.770000,0.56871,0.56821,45,60
2019-08-07 14:35:25.030000,0.56861,0.56811,45,60
2019-08-07 14:35:25.336000,0.56855,0.56805,45,60
2019-08-07 14:35:25.478000,0.56865,0.56815,75,60
2019-08-07 14:35:25.807000,0.56861,0.56811,45,60
2019-08-07 14:35:26.699000,0.56855,0.56805,45,60
2019-08-07 14:35:26.904000,0.56871,0.56821,45,60
2019-08-07 14:35:27.136000,0.56865,0.56815,45,60
2019-08-07 14:35:27.344000,0.56871,0.56821,45,60
2019-08-07 14:35:27.543000,0.56866,0.56816,45,60
2019-08-07 14:35:27.721000,0.56871,0.56821,45,60
2019-08-07 14:35:28.473000,0.5687,0.5682,45,60
2019-08-07 14:35:28.712000,0.56875,0.56825,45,409
2019-08-07 14:35:29.444000,0.56885,0.56835,262,60
2019-08-07 14:35:29.783000,0.56901,0.56851,45,60
2019-08-07 14:35:30.190000,0.56885,0.56835,45,409
2019-08-07 14:35:30.342000,0.5689,0.5684,112,60
2019-08-07 14:35:30.758000,0.56895,0.56845,56,60
2019-08-07 14:35:31.275000,0.56901,0.56851,75,60
2019-08-07 14:35:31.484000,0.56875,0.56825,45,409
2019-08-07 14:35:31.743000,0.56871,0.56821,45,150
2019-08-07 14:35:31.960000,0.56865,0.56815,45,60
2019-08-07 14:35:32.206000,0.56875,0.56825,262,60
2019-08-07 14:35:32.270000,0.56875,0.56825,262,60
2019-08-07 14:35:32.404000,0.56885,0.56835,45,409
2019-08-07 14:35:33.251000,0.56891,0.56841,45,100
2019-08-07 14:35:33.656000,0.56886,0.56836,45,60
2019-08-07 14:35:34.188000,0.56876,0.56826,45,75
2019-08-07 14:35:34.403000,0.56875,0.56825,45,60
2019-08-07 14:35:34.639000,0.56896,0.56846,307,60
2019-08-07 14:35:34.779000,0.56891,0.56841,45,60
2019-08-07 14:35:34.977000,0.56901,0.56851,45,75
2019-08-07 14:35:35.206000,0.56895,0.56845,45,60
2019-08-07 14:35:36.568000,0.56901,0.56851,45,60
2019-08-07 14:35:36.769000,0.56906,0.56856,45,60
2019-08-07 14:35:36.954000,0.569,0.5685,75,60
2019-08-07 14:35:37.300000,0.56906,0.56856,45,60
2019-08-07 14:35:38.592000,0.56901,0.56851,45,100
2019-08-07 14:35:39.047000,0.56886,0.56836,45,75
2019-08-07 14:35:40.315000,0.56865,0.56815,45,409
2019-08-07 14:35:40.896000,0.56886,0.56836,307,60
2019-08-07 14:35:41.720000,0.56896,0.56846,337,60
2019-08-07 14:35:42.286000,0.56906,0.56856,307,60
2019-08-07 14:35:42.562000,0.56901,0.56851,45,75
2019-08-07 14:35:42.982000,0.56895,0.56845,45,409
2019-08-07 14:35:43.237000,0.56901,0.56851,45,60
2019-08-07 14:35:43.550000,0.56895,0.56845,45,60
2019-08-07 14:35:43.873000,0.569,0.5685,75,60
2019-08-07 14:35:44.057000,0.56901,0.56851,45,60
2019-08-07 14:35:44.177000,0.56896,0.56846,45,60
2019-08-07 14:35:44.434000,0.56891,0.56841,45,75
2019-08-07 14:35:44.574000,0.56906,0.56856,307,60
2019-08-07 14:35:44.853000,0.569,0.5685,45,60
2019-08-07 14:35:45.212000,0.56905,0.56855,45,83
2019-08-07 14:35:45.523000,0.56901,0.56851,45,60
2019-08-07 14:35:46.723000,0.56885,0.56835,45,409
2019-08-07 14:35:47.295000,0.5689,0.5684,45,60
2019-08-07 14:35:47.861000,0.56895,0.56845,45,100
2019-08-07 14:35:47.998000,0.56901,0.56851,45,75
2019-08-07 14:35:48.258000,0.56895,0.56845,45,409
2019-08-07 14:35:48.784000,0.56911,0.56861,45,60
2019-08-07 14:35:48.897000,0.56906,0.56856,45,60
2019-08-07 14:35:49.041000,0.569,0.5685,45,60
2019-08-07 14:35:49.190000,0.56905,0.56855,45,409
2019-08-07 14:35:49.586000,0.56921,0.56871,75,60
2019-08-07 14:35:49.991000,0.56916,0.56866,45,60
2019-08-07 14:35:50.157000,0.56906,0.56856,45,60
2019-08-07 14:35:50.258000,0.56901,0.56851,45,100
2019-08-07 14:35:50.415000,0.56896,0.56846,45,60
2019-08-07 14:35:50.556000,0.56891,0.56841,45,60
2019-08-07 14:35:50.793000,0.56875,0.56825,45,409
2019-08-07 14:35:50.908000,0.5688,0.5683,45,60
2019-08-07 14:35:51.021000,0.56875,0.56825,45,409
2019-08-07 14:35:52.800000,0.5688,0.5683,45,60
2019-08-07 14:35:53.053000,0.56885,0.56835,45,60
2019-08-07 14:35:53.326000,0.5689,0.5684,45,75
2019-08-07 14:35:53.567000,0.56896,0.56846,45,60
2019-08-07 14:35:53.685000,0.56886,0.56836,45,60
2019-08-07 14:35:54.029000,0.56896,0.56846,307,60
2019-08-07 14:35:54.272000,0.56891,0.56841,45,60
2019-08-07 14:35:55.005000,0.56881,0.56831,45,100
2019-08-07 14:35:55.217000,0.56876,0.56826,45,60
2019-08-07 14:35:55.352000,0.56866,0.56816,45,150
2019-08-07 14:35:55.473000,0.56875,0.56825,45,83
2019-08-07 14:35:55.586000,0.56875,0.56825,45,83
2019-08-07 14:35:55.645000,0.56855,0.56805,45,409
2019-08-07 14:35:55.956000,0.5686,0.5681,45,60
2019-08-07 14:35:56.326000,0.56865,0.56815,45,409
2019-08-07 14:35:56.707000,0.5687,0.5682,45,60
2019-08-07 14:35:58.553000,0.56875,0.56825,45,60
2019-08-07 14:36:00.626000,0.56885,0.56835,262,60
2019-08-07 14:36:00.824000,0.56906,0.56856,307,60
2019-08-07 14:36:00.997000,0.56901,0.56851,45,60
2019-08-07 14:36:01.105000,0.56896,0.56846,45,60
2019-08-07 14:36:02.906000,0.56875,0.56825,45,409
2019-08-07 14:36:03.833000,0.56876,0.56826,45,60
2019-08-07 14:36:04.123000,0.56871,0.56821,45,75
2019-08-07 14:36:04.229000,0.56866,0.56816,45,100
2019-08-07 14:36:04.783000,0.56861,0.56811,45,75
2019-08-07 14:36:04.948000,0.56845,0.56795,45,449
2019-08-07 14:36:05.064000,0.5685,0.568,45,100
2019-08-07 14:36:05.279000,0.56851,0.56801,45,150
2019-08-07 14:36:05.502000,0.56836,0.56786,45,60
2019-08-07 14:36:05.604000,0.56835,0.56785,45,83
2019-08-07 14:36:05.671000,0.56815,0.56765,45,409
2019-08-07 14:36:05.774000,0.5682,0.5677,45,100
2019-08-07 14:36:05.973000,0.56825,0.56775,45,60
2019-08-07 14:36:06.149000,0.5683,0.5678,45,60
2019-08-07 14:36:06.568000,0.56831,0.56781,45,60
2019-08-07 14:36:07.339000,0.56825,0.56775,45,60
2019-08-07 14:36:07.809000,0.56831,0.56781,45,100
2019-08-07 14:36:07.989000,0.56825,0.56775,45,60
2019-08-07 14:36:08.209000,0.5683,0.5678,45,60
2019-08-07 14:36:09.130000,0.56835,0.56785,45,60
2019-08-07 14:36:09.252000,0.56841,0.56791,45,60
2019-08-07 14:36:09.397000,0.56825,0.56775,45,60
2019-08-07 14:36:09.708000,0.5683,0.5678,45,60
2019-08-07 14:36:10.514000,0.56835,0.56785,45,60
2019-08-07 14:36:11.722000,0.56851,0.56801,45,60
2019-08-07 14:36:11.913000,0.56841,0.56791,45,150
2019-08-07 14:36:12.470000,0.56831,0.56781,45,100
2019-08-07 14:36:12.604000,0.56826,0.56776,45,60
2019-08-07 14:36:13.314000,0.56821,0.56771,45,100
2019-08-07 14:36:13.464000,0.56815,0.56765,45,409
2019-08-07 14:36:13.578000,0.56821,0.56771,45,150
2019-08-07 14:36:13.731000,0.56815,0.56765,45,60
2019-08-07 14:36:14.671000,0.5682,0.5677,45,60
2019-08-07 14:36:15.317000,0.56826,0.56776,45,60
2019-08-07 14:36:15.830000,0.56821,0.56771,45,75
2019-08-07 14:36:16.199000,0.56815,0.56765,45,409
2019-08-07 14:36:16.352000,0.56816,0.56766,45,75
2019-08-07 14:36:16.649000,0.56805,0.56755,45,83
2019-08-07 14:36:16.797000,0.56776,0.56726,45,60
2019-08-07 14:36:17.071000,0.5677,0.5672,45,60
2019-08-07 14:36:17.274000,0.56765,0.56715,45,409
2019-08-07 14:36:17.398000,0.5677,0.5672,45,60
2019-08-07 14:36:17.685000,0.56776,0.56726,45,60
2019-08-07 14:36:17.823000,0.56771,0.56721,45,60
2019-08-07 14:36:18.279000,0.56761,0.56711,45,150
2019-08-07 14:36:18.483000,0.5676,0.5671,45,60
2019-08-07 14:36:18.683000,0.56765,0.56715,45,60
2019-08-07 14:36:18.969000,0.56771,0.56721,45,60
2019-08-07 14:36:19.098000,0.56766,0.56716,45,60
2019-08-07 14:36:19.761000,0.56761,0.56711,45,60
2019-08-07 14:36:19.900000,0.56755,0.56705,45,60
2019-08-07 14:36:20.090000,0.56761,0.56711,45,60
2019-08-07 14:36:20.516000,0.56755,0.56705,56,60
2019-08-07 14:36:20.737000,0.56761,0.56711,56,60
2019-08-07 14:36:21.403000,0.56755,0.56705,307,60
2019-08-07 14:36:21.714000,0.56751,0.56701,45,75
2019-08-07 14:36:21.987000,0.56735,0.56685,45,409
2019-08-07 14:36:22.097000,0.56736,0.56686,45,60
2019-08-07 14:36:22.285000,0.56741,0.56691,45,100
2019-08-07 14:36:22.664000,0.5674,0.5669,75,60
2019-08-07 14:36:22.788000,0.56746,0.56696,45,60
2019-08-07 14:36:23.302000,0.56741,0.56691,45,60
2019-08-07 14:36:23.469000,0.56736,0.56686,45,60
2019-08-07 14:36:24.642000,0.56726,0.56676,45,60
2019-08-07 14:36:24.826000,0.56711,0.56661,45,60
2019-08-07 14:36:25.229000,0.56695,0.56645,45,409
2019-08-07 14:36:25.680000,0.56716,0.56666,307,60
2019-08-07 14:36:26.118000,0.56711,0.56661,45,60
2019-08-07 14:36:26.259000,0.56706,0.56656,45,60
2019-08-07 14:36:26.900000,0.56696,0.56646,45,60
2019-08-07 14:36:27.230000,0.56695,0.56645,45,60
2019-08-07 14:36:27.540000,0.56716,0.56666,307,60
2019-08-07 14:36:27.869000,0.56695,0.56645,45,409
2019-08-07 14:36:28.580000,0.56696,0.56646,45,60
2019-08-07 14:36:28.691000,0.56686,0.56636,45,60
2019-08-07 14:36:29.375000,0.56681,0.56631,45,60
2019-08-07 14:36:29.526000,0.56665,0.56615,45,409
2019-08-07 14:36:29.643000,0.5667,0.5662,45,60
2019-08-07 14:36:29.877000,0.56665,0.56615,45,409
2019-08-07 14:36:30.556000,0.5667,0.5662,45,60
2019-08-07 14:36:30.877000,0.56675,0.56625,45,409
2019-08-07 14:36:30.982000,0.56685,0.56635,45,83
2019-08-07 14:36:31.192000,0.56685,0.56635,45,83
2019-08-07 14:36:31.244000,0.56666,0.56616,45,60
2019-08-07 14:36:31.444000,0.5666,0.5661,45,60
2019-08-07 14:36:31.621000,0.56655,0.56605,45,409
2019-08-07 14:36:32.198000,0.5666,0.5661,45,60
2019-08-07 14:36:32.859000,0.56665,0.56615,45,60
2019-08-07 14:36:33.936000,0.56675,0.56625,45,409
2019-08-07 14:36:34.066000,0.56675,0.56625,45,83
2019-08-07 14:36:34.172000,0.56675,0.56625,45,83
2019-08-07 14:36:34.273000,0.56661,0.56611,45,100
2019-08-07 14:36:34.323000,0.56665,0.56615,262,75
2019-08-07 14:36:34.430000,0.56655,0.56605,262,75
2019-08-07 14:36:34.480000,0.56655,0.56605,262,60
2019-08-07 14:36:34.586000,0.56676,0.56626,307,60
2019-08-07 14:36:34.945000,0.56671,0.56621,45,60
2019-08-07 14:36:35.268000,0.56665,0.56615,45,60
2019-08-07 14:36:35.821000,0.56661,0.56611,45,75
2019-08-07 14:36:36.067000,0.56656,0.56606,45,60
2019-08-07 14:36:36.698000,0.56666,0.56616,307,60
2019-08-07 14:36:36.855000,0.5666,0.5661,45,60
2019-08-07 14:36:37.145000,0.56666,0.56616,45,60
2019-08-07 14:36:37.255000,0.56661,0.56611,45,100
2019-08-07 14:36:37.608000,0.56655,0.56605,45,60
2019-08-07 14:36:37.965000,0.56661,0.56611,45,100
2019-08-07 14:36:38.111000,0.56655,0.56605,45,60
2019-08-07 14:36:38.513000,0.56645,0.56595,45,409
2019-08-07 14:36:38.968000,0.56655,0.56605,45,409
2019-08-07 14:36:39.069000,0.56645,0.56595,45,409
2019-08-07 14:36:39.185000,0.56666,0.56616,307,60
2019-08-07 14:36:39.823000,0.56676,0.56626,307,60
2019-08-07 14:36:39.998000,0.56661,0.56611,45,75
2019-08-07 14:36:40.160000,0.56656,0.56606,45,60
2019-08-07 14:36:40.599000,0.5665,0.566,45,60
2019-08-07 14:36:41.490000,0.56655,0.56605,45,60
2019-08-07 14:36:41.627000,0.56661,0.56611,45,100
2019-08-07 14:36:41.740000,0.56656,0.56606,45,60
2019-08-07 14:36:42.059000,0.56655,0.56605,262,322
2019-08-07 14:36:42.246000,0.56685,0.56635,45,409
2019-08-07 14:36:42.491000,0.56686,0.56636,75,75
2019-08-07 14:36:42.707000,0.56685,0.56635,45,409
2019-08-07 14:36:42.955000,0.56695,0.56645,45,60
2019-08-07 14:36:43.129000,0.56701,0.56651,45,60
2019-08-07 14:36:43.236000,0.56696,0.56646,45,60
2019-08-07 14:36:43.494000,0.56706,0.56656,307,60
2019-08-07 14:36:44.001000,0.56685,0.56635,45,409
2019-08-07 14:36:44.172000,0.5669,0.5664,45,60
2019-08-07 14:36:44.377000,0.56695,0.56645,45,60
2019-08-07 14:36:45.002000,0.56701,0.56651,45,75
2019-08-07 14:36:45.332000,0.567,0.5665,56,60
2019-08-07 14:36:45.435000,0.56695,0.56645,45,409
2019-08-07 14:36:46.021000,0.56701,0.56651,45,60
2019-08-07 14:36:46.551000,0.56695,0.56645,45,60
2019-08-07 14:36:46.844000,0.56711,0.56661,45,60
2019-08-07 14:36:47.800000,0.56705,0.56655,45,60
2019-08-07 14:36:47.914000,0.5671,0.5666,45,60
2019-08-07 14:36:48.248000,0.56715,0.56665,45,60
2019-08-07 14:36:48.405000,0.56716,0.56666,45,60
2019-08-07 14:36:49.066000,0.56726,0.56676,307,60
2019-08-07 14:36:49.283000,0.56721,0.56671,45,75
2019-08-07 14:36:50.161000,0.56715,0.56665,45,409
2019-08-07 14:36:50.352000,0.56736,0.56686,307,60
2019-08-07 14:36:50.904000,0.56726,0.56676,45,60
2019-08-07 14:36:51.562000,0.56711,0.56661,45,150
2019-08-07 14:36:51.722000,0.56705,0.56655,45,60
2019-08-07 14:36:52.255000,0.56711,0.56661,45,150
2019-08-07 14:36:52.894000,0.56706,0.56656,45,60
2019-08-07 14:36:54.911000,0.56695,0.56645,45,83
2019-08-07 14:36:55.052000,0.56695,0.56645,45,83
2019-08-07 14:36:55.105000,0.56691,0.56641,45,75
2019-08-07 14:36:55.317000,0.56675,0.56625,45,409
2019-08-07 14:36:55.711000,0.56675,0.56625,45,83
2019-08-07 14:36:55.796000,0.56645,0.56595,45,449
2019-08-07 14:36:56.725000,0.56661,0.56611,45,100
2019-08-07 14:36:57.005000,0.56645,0.56595,45,409
2019-08-07 14:36:57.164000,0.5665,0.566,45,100
2019-08-07 14:36:57.385000,0.56656,0.56606,45,75
2019-08-07 14:36:57.511000,0.56676,0.56626,307,60
2019-08-07 14:36:57.664000,0.56655,0.56605,262,60
2019-08-07 14:36:57.714000,0.56665,0.56615,45,409
2019-08-07 14:36:57.879000,0.5667,0.5662,45,60
2019-08-07 14:36:58.108000,0.56676,0.56626,45,60
2019-08-07 14:36:58.210000,0.56671,0.56621,45,75
2019-08-07 14:36:58.404000,0.56666,0.56616,45,60
2019-08-07 14:36:58.587000,0.5666,0.5661,45,60
2019-08-07 14:36:58.840000,0.56665,0.56615,45,60
2019-08-07 14:36:59.486000,0.5667,0.5662,45,60
2019-08-07 14:36:59.722000,0.56675,0.56625,45,60
2019-08-07 14:37:00.426000,0.56685,0.56635,262,60
2019-08-07 14:37:00.500000,0.5669,0.5664,45,60
2019-08-07 14:37:00.570000,0.56695,0.56645,262,60
2019-08-07 14:37:00.668000,0.56705,0.56655,45,60
2019-08-07 14:37:00.787000,0.56726,0.56676,307,60
2019-08-07 14:37:01.178000,0.56736,0.56686,307,60
2019-08-07 14:37:01.487000,0.5673,0.5668,45,60
2019-08-07 14:37:01.591000,0.56746,0.56696,307,60
2019-08-07 14:37:02.537000,0.56755,0.56705,307,60
2019-08-07 14:37:02.722000,0.56751,0.56701,45,60
2019-08-07 14:37:02.974000,0.56755,0.56705,307,60
2019-08-07 14:37:03.276000,0.56766,0.56716,307,60
2019-08-07 14:37:03.684000,0.5676,0.5671,45,60
2019-08-07 14:37:04.141000,0.56765,0.56715,45,60
2019-08-07 14:37:04.298000,0.56771,0.56721,45,60
2019-08-07 14:37:04.466000,0.56766,0.56716,45,60
2019-08-07 14:37:05.761000,0.56781,0.56731,45,60
2019-08-07 14:37:05.919000,0.56791,0.56741,45,60
2019-08-07 14:37:06.044000,0.56786,0.56736,45,60
2019-08-07 14:37:06.300000,0.56781,0.56731,45,60
2019-08-07 14:37:06.825000,0.56786,0.56736,45,60
2019-08-07 14:37:07.048000,0.5678,0.5673,45,60
2019-08-07 14:37:07.170000,0.56785,0.56735,45,60
2019-08-07 14:37:07.303000,0.56791,0.56741,45,100
2019-08-07 14:37:07.450000,0.56785,0.56735,45,60
2019-08-07 14:37:07.635000,0.56791,0.56741,45,60
2019-08-07 14:37:07.786000,0.56775,0.56725,45,409
2019-08-07 14:37:07.956000,0.56781,0.56731,45,150
2019-08-07 14:37:08.057000,0.56785,0.56735,45,60
2019-08-07 14:37:08.219000,0.56786,0.56736,45,60
2019-08-07 14:37:08.678000,0.56775,0.56725,45,83
2019-08-07 14:37:08.806000,0.56766,0.56716,45,60
2019-08-07 14:37:08.863000,0.56771,0.56721,45,60
2019-08-07 14:37:09.004000,0.56776,0.56726,307,60
2019-08-07 14:37:09.140000,0.5676,0.5671,45,60
2019-08-07 14:37:09.259000,0.56766,0.56716,45,60
2019-08-07 14:37:09.438000,0.5676,0.5671,45,60
2019-08-07 14:37:09.550000,0.5677,0.5672,45,60
2019-08-07 14:37:09.940000,0.56776,0.56726,45,60
2019-08-07 14:37:10.898000,0.56781,0.56731,45,60
2019-08-07 14:37:11.066000,0.56775,0.56725,45,60
2019-08-07 14:37:11.329000,0.5678,0.5673,45,60
2019-08-07 14:37:13.066000,0.56786,0.56736,45,60
2019-08-07 14:37:13.352000,0.56781,0.56731,45,100
2019-08-07 14:37:13.581000,0.56791,0.56741,45,60
2019-08-07 14:37:13.786000,0.56801,0.56751,45,60
2019-08-07 14:37:13.895000,0.56816,0.56766,307,60
2019-08-07 14:37:14.255000,0.56806,0.56756,45,60
2019-08-07 14:37:15.347000,0.56796,0.56746,45,60
2019-08-07 14:37:15.460000,0.56795,0.56745,45,83
2019-08-07 14:37:15.625000,0.56791,0.56741,45,75
2019-08-07 14:37:15.675000,0.56785,0.56735,45,60
2019-08-07 14:37:15.837000,0.56791,0.56741,45,75
2019-08-07 14:37:16.072000,0.56785,0.56735,45,60
2019-08-07 14:37:16.214000,0.56786,0.56736,45,60
2019-08-07 14:37:16.430000,0.56785,0.56735,262,60
2019-08-07 14:37:16.512000,0.5679,0.5674,45,60
2019-08-07 14:37:17.011000,0.56805,0.56755,45,83
2019-08-07 14:37:17.080000,0.56805,0.56755,45,409
2019-08-07 14:37:17.318000,0.5681,0.5676,45,60
2019-08-07 14:37:17.881000,0.56811,0.56761,112,60
2019-08-07 14:37:18.052000,0.56806,0.56756,45,60
2019-08-07 14:37:18.192000,0.56801,0.56751,45,60
2019-08-07 14:37:18.389000,0.56796,0.56746,45,60
2019-08-07 14:37:18.856000,0.56805,0.56755,45,83
2019-08-07 14:37:18.906000,0.56805,0.56755,45,409
2019-08-07 14:37:19.852000,0.56795,0.56745,45,409
2019-08-07 14:37:20.351000,0.56801,0.56751,45,100
2019-08-07 14:37:20.509000,0.56785,0.56735,45,409
2019-08-07 14:37:22.190000,0.56806,0.56756,307,60
2019-08-07 14:37:22.479000,0.56816,0.56766,307,60
2019-08-07 14:37:23.821000,0.56805,0.56745,262,349
2019-08-07 14:37:24.412000,0.56816,0.56766,307,60
2019-08-07 14:37:25.611000,0.56815,0.56765,262,60
2019-08-07 14:37:25.679000,0.56836,0.56786,307,60
2019-08-07 14:37:25.915000,0.56831,0.56781,45,60
2019-08-07 14:37:26.722000,0.56826,0.56776,45,60
2019-08-07 14:37:27.415000,0.56821,0.56771,45,150
2019-08-07 14:37:28.021000,0.56816,0.56766,45,60
2019-08-07 14:37:29.807000,0.5681,0.5676,45,60
2019-08-07 14:37:30.112000,0.56815,0.56765,45,409
2019-08-07 14:37:32.016000,0.56816,0.56766,56,60
2019-08-07 14:37:32.324000,0.5681,0.5676,75,60
2019-08-07 14:37:32.572000,0.56816,0.56766,45,60
2019-08-07 14:37:33.587000,0.5681,0.5676,75,60
2019-08-07 14:37:33.804000,0.56815,0.56765,45,60
2019-08-07 14:37:33.920000,0.56825,0.56775,262,60
2019-08-07 14:37:33.971000,0.56836,0.56786,307,60
2019-08-07 14:37:35.012000,0.56831,0.56781,45,60
2019-08-07 14:37:35.505000,0.56825,0.56775,45,60
2019-08-07 14:37:35.913000,0.56826,0.56776,45,60
2019-08-07 14:37:36.417000,0.56805,0.56755,45,409
2019-08-07 14:37:37.103000,0.56815,0.56765,45,60
2019-08-07 14:37:37.322000,0.56816,0.56766,45,60
2019-08-07 14:37:37.531000,0.56826,0.56776,307,60
2019-08-07 14:37:37.662000,0.56825,0.56775,262,60
2019-08-07 14:37:37.752000,0.56835,0.56785,45,409
2019-08-07 14:37:37.840000,0.56856,0.56806,307,60
2019-08-07 14:37:37.991000,0.56846,0.56796,45,60
2019-08-07 14:37:38.131000,0.5684,0.5679,45,60
2019-08-07 14:37:38.396000,0.56845,0.56795,45,60
2019-08-07 14:37:38.573000,0.56851,0.56801,45,60
2019-08-07 14:37:39.266000,0.56845,0.56795,45,60
2019-08-07 14:37:39.569000,0.56851,0.56801,45,60
2019-08-07 14:37:39.686000,0.56846,0.56796,45,60
2019-08-07 14:37:40.342000,0.56836,0.56786,45,150
2019-08-07 14:37:40.461000,0.56841,0.56791,45,150
2019-08-07 14:37:40.885000,0.56845,0.56795,45,83
2019-08-07 14:37:40.935000,0.56845,0.56795,45,409
2019-08-07 14:37:41.093000,0.56851,0.56801,45,60
2019-08-07 14:37:41.245000,0.56846,0.56796,45,60
2019-08-07 14:37:41.556000,0.56841,0.56791,45,150
2019-08-07 14:37:42.866000,0.56835,0.56785,45,409
