time,ask,bid,ask_volume,bid_volume
2018-08-15 14:25:01.103000,0.71335,0.71275,262,262
2018-08-15 14:25:01.153000,0.71355,0.71305,307,60
2018-08-15 14:25:01.492000,0.71335,0.71285,45,307
2018-08-15 14:25:01.824000,0.71336,0.71286,45,60
2018-08-15 14:25:02.136000,0.71315,0.71265,45,307
2018-08-15 14:25:11.868000,0.71325,0.71275,45,307
2018-08-15 14:25:19.091000,0.71346,0.71296,307,98
2018-08-15 14:25:24.628000,0.71344,0.71294,45,60
2018-08-15 14:25:26.190000,0.71346,0.71296,187,60
2018-08-15 14:25:28.048000,0.71325,0.71275,45,637
2018-08-15 14:25:29.120000,0.71335,0.71285,45,450
2018-08-15 14:25:32.023000,0.71336,0.71286,45,98
2018-08-15 14:25:33.850000,0.71346,0.71296,307,98
2018-08-15 14:25:34.287000,0.71341,0.71291,45,98
2018-08-15 14:25:34.617000,0.71325,0.71275,45,450
2018-08-15 14:25:36.842000,0.71335,0.71285,45,98
2018-08-15 14:25:39.416000,0.71325,0.71275,45,307
2018-08-15 14:25:39.975000,0.71335,0.71285,45,450
2018-08-15 14:25:46.065000,0.71335,0.71285,45,36
2018-08-15 14:25:46.187000,0.71335,0.71285,45,36
2018-08-15 14:25:46.314000,0.71331,0.71281,45,60
2018-08-15 14:25:47.538000,0.71315,0.71265,187,307
2018-08-15 14:25:48.706000,0.71325,0.71275,45,307
2018-08-15 14:25:49.318000,0.71331,0.71281,45,60
2018-08-15 14:25:49.652000,0.71346,0.71296,307,98
2018-08-15 14:25:54.823000,0.71355,0.71305,307,60
2018-08-15 14:25:59.787000,0.71366,0.71316,307,60
2018-08-15 14:26:00.629000,0.71355,0.71305,45,307
2018-08-15 14:26:10.873000,0.71345,0.71295,45,36
2018-08-15 14:26:11.083000,0.71325,0.71275,45,307
2018-08-15 14:26:12.201000,0.71315,0.71265,45,307
2018-08-15 14:26:12.858000,0.71331,0.71281,45,60
2018-08-15 14:26:13.391000,0.71315,0.71265,45,307
2018-08-15 14:26:13.886000,0.7132,0.7127,45,60
2018-08-15 14:26:15.283000,0.71315,0.71265,45,307
2018-08-15 14:26:19.225000,0.7132,0.7127,45,60
2018-08-15 14:26:21.540000,0.71315,0.71265,45,307
2018-08-15 14:26:23.713000,0.71321,0.71271,45,60
2018-08-15 14:26:24.135000,0.71305,0.71255,45,307
2018-08-15 14:26:32.868000,0.71315,0.71265,45,307
2018-08-15 14:26:33.479000,0.71321,0.71271,187,60
2018-08-15 14:26:33.816000,0.71305,0.71255,45,60
2018-08-15 14:26:34.140000,0.71311,0.71261,45,60
2018-08-15 14:26:34.476000,0.71305,0.71255,45,307
2018-08-15 14:26:36.651000,0.71311,0.71261,45,60
2018-08-15 14:26:37.117000,0.71305,0.71255,45,307
2018-08-15 14:26:38.926000,0.71311,0.71261,45,60
2018-08-15 14:26:39.632000,0.71305,0.71255,45,307
2018-08-15 14:26:40.926000,0.71311,0.71261,45,60
2018-08-15 14:26:41.274000,0.71305,0.71255,45,450
2018-08-15 14:26:46.254000,0.71306,0.71256,187,60
2018-08-15 14:26:49.945000,0.71316,0.71266,450,60
2018-08-15 14:26:53.680000,0.71315,0.71265,262,99
2018-08-15 14:26:53.790000,0.7131,0.7126,187,99
2018-08-15 14:26:54.755000,0.71305,0.71255,45,450
2018-08-15 14:26:55.180000,0.71326,0.71276,307,60
2018-08-15 14:26:55.633000,0.71316,0.71266,187,60
2018-08-15 14:26:57.198000,0.71326,0.71276,307,60
2018-08-15 14:26:57.539000,0.71305,0.71255,45,307
2018-08-15 14:26:57.976000,0.71315,0.71265,45,307
2018-08-15 14:27:01.021000,0.7132,0.7127,187,60
2018-08-15 14:27:01.760000,0.71325,0.71275,45,307
2018-08-15 14:27:02.576000,0.71326,0.71276,45,60
2018-08-15 14:27:03.194000,0.71331,0.71281,45,60
2018-08-15 14:27:03.970000,0.71325,0.71275,45,307
2018-08-15 14:27:04.688000,0.71326,0.71276,45,60
2018-08-15 14:27:05.158000,0.71331,0.71281,45,60
2018-08-15 14:27:06.200000,0.71321,0.71271,187,60
2018-08-15 14:27:09.265000,0.71336,0.71286,307,60
2018-08-15 14:27:09.802000,0.71315,0.71265,45,307
2018-08-15 14:27:10.132000,0.71321,0.71271,45,60
2018-08-15 14:27:11.336000,0.71305,0.71255,45,307
2018-08-15 14:27:15.296000,0.7131,0.7126,45,60
2018-08-15 14:27:15.840000,0.71315,0.71265,45,307
2018-08-15 14:27:16.357000,0.71321,0.71271,187,60
2018-08-15 14:27:16.734000,0.71315,0.71265,187,60
2018-08-15 14:27:17.121000,0.71316,0.71266,45,60
2018-08-15 14:27:17.933000,0.71321,0.71271,187,60
2018-08-15 14:27:19.600000,0.71305,0.71255,187,307
2018-08-15 14:27:23.952000,0.71306,0.71256,45,60
2018-08-15 14:27:29.970000,0.71305,0.71255,187,307
2018-08-15 14:27:30.911000,0.71311,0.71261,45,60
2018-08-15 14:27:31.366000,0.71305,0.71255,45,60
2018-08-15 14:27:32.890000,0.71311,0.71261,45,60
2018-08-15 14:27:33.196000,0.71315,0.71265,45,60
2018-08-15 14:27:35.394000,0.71321,0.71271,45,60
2018-08-15 14:27:37.043000,0.71316,0.71266,45,60
2018-08-15 14:27:41.321000,0.71311,0.71261,45,60
2018-08-15 14:27:43.706000,0.71305,0.71255,45,307
2018-08-15 14:27:44.313000,0.71311,0.71261,45,60
2018-08-15 14:27:44.691000,0.71305,0.71255,45,307
2018-08-15 14:27:51.987000,0.71311,0.71261,45,60
2018-08-15 14:27:52.981000,0.71295,0.71245,45,307
2018-08-15 14:27:53.353000,0.71305,0.71255,45,307
2018-08-15 14:27:54.094000,0.71321,0.71271,45,60
2018-08-15 14:27:57.802000,0.71305,0.71255,187,307
2018-08-15 14:28:00.179000,0.71311,0.71261,45,60
2018-08-15 14:28:04.884000,0.71305,0.71255,45,307
2018-08-15 14:28:06.053000,0.71311,0.71261,45,60
2018-08-15 14:28:06.910000,0.71306,0.71256,45,60
2018-08-15 14:28:07.306000,0.71301,0.71251,45,60
2018-08-15 14:28:10.432000,0.713,0.7125,45,60
2018-08-15 14:28:12.434000,0.71295,0.71245,45,307
2018-08-15 14:28:14.008000,0.713,0.7125,45,60
2018-08-15 14:28:15.474000,0.71295,0.71245,45,307
2018-08-15 14:28:16.086000,0.71316,0.71266,307,60
2018-08-15 14:28:32.369000,0.71306,0.71256,45,60
2018-08-15 14:28:32.712000,0.71305,0.71255,45,60
2018-08-15 14:28:37.412000,0.713,0.7125,45,60
2018-08-15 14:28:37.892000,0.71295,0.71245,45,307
2018-08-15 14:28:42.766000,0.71316,0.71266,307,60
2018-08-15 14:28:50.313000,0.71311,0.71261,45,60
2018-08-15 14:28:50.932000,0.71305,0.71255,45,307
2018-08-15 14:28:51.450000,0.71321,0.71271,45,60
2018-08-15 14:28:53.705000,0.71315,0.71265,45,99
2018-08-15 14:28:54.112000,0.71325,0.71275,45,307
2018-08-15 14:28:54.993000,0.71331,0.71281,45,60
2018-08-15 14:28:58.062000,0.71325,0.71275,45,99
2018-08-15 14:28:58.400000,0.71331,0.71281,45,60
2018-08-15 14:28:59.618000,0.71325,0.71275,45,307
2018-08-15 14:29:05.264000,0.7133,0.7128,45,60
2018-08-15 14:29:05.632000,0.71346,0.71296,45,60
2018-08-15 14:29:06.246000,0.7134,0.7129,45,60
2018-08-15 14:29:06.622000,0.71355,0.71305,45,307
2018-08-15 14:29:06.954000,0.71361,0.71311,45,60
2018-08-15 14:29:07.340000,0.71355,0.71305,45,307
2018-08-15 14:29:07.836000,0.7136,0.7131,45,60
2018-08-15 14:29:08.222000,0.71366,0.71316,45,60
2018-08-15 14:29:08.602000,0.71371,0.71321,45,60
2018-08-15 14:29:09.136000,0.71355,0.71305,45,307
2018-08-15 14:29:09.595000,0.71371,0.71321,45,60
2018-08-15 14:29:12.119000,0.71355,0.71305,45,307
2018-08-15 14:29:12.520000,0.71361,0.71311,45,60
2018-08-15 14:29:14.509000,0.71351,0.71301,45,60
2018-08-15 14:29:18.811000,0.71346,0.71296,45,60
2018-08-15 14:29:21.654000,0.7134,0.7129,45,99
2018-08-15 14:29:24.415000,0.71355,0.71305,307,60
2018-08-15 14:29:24.751000,0.71415,0.71365,45,36
2018-08-15 14:29:24.801000,0.71385,0.71335,307,60
2018-08-15 14:29:24.871000,0.71376,0.71326,45,60
2018-08-15 14:29:29.564000,0.71355,0.71305,262,60
2018-08-15 14:29:29.615000,0.71355,0.71305,450,60
2018-08-15 14:29:31.065000,0.71355,0.71305,262,60
2018-08-15 14:29:31.199000,0.71355,0.71305,262,100
2018-08-15 14:29:31.290000,0.71385,0.71335,307,100
2018-08-15 14:29:35.352000,0.71401,0.71351,45,60
2018-08-15 14:29:35.706000,0.71376,0.71326,45,60
2018-08-15 14:29:36.287000,0.71355,0.71305,45,307
2018-08-15 14:29:37.374000,0.71376,0.71326,307,60
2018-08-15 14:29:39.429000,0.71371,0.71321,45,60
2018-08-15 14:29:39.785000,0.71365,0.71315,45,307
2018-08-15 14:29:41.270000,0.71365,0.71315,45,36
2018-08-15 14:29:41.423000,0.7135,0.713,45,60
2018-08-15 14:29:41.484000,0.71355,0.71305,307,60
2018-08-15 14:29:42.162000,0.7135,0.713,45,60
2018-08-15 14:29:42.630000,0.71355,0.71305,307,60
2018-08-15 14:29:42.998000,0.7135,0.713,45,60
2018-08-15 14:29:43.953000,0.71355,0.71305,45,60
2018-08-15 14:29:44.295000,0.71371,0.71321,45,60
2018-08-15 14:29:49.598000,0.71361,0.71311,45,60
2018-08-15 14:29:49.936000,0.71366,0.71316,45,60
2018-08-15 14:29:50.062000,0.71375,0.71295,262,262
2018-08-15 14:29:50.113000,0.71421,0.71371,45,60
2018-08-15 14:29:50.505000,0.71411,0.71361,45,60
2018-08-15 14:29:51.305000,0.71391,0.71341,45,60
2018-08-15 14:29:52.071000,0.71385,0.71335,45,60
2018-08-15 14:29:55.673000,0.71385,0.71335,307,60
2018-08-15 14:29:56.152000,0.71396,0.71346,45,60
2018-08-15 14:29:56.536000,0.71401,0.71351,45,60
2018-08-15 14:29:56.867000,0.71396,0.71346,45,60
2018-08-15 14:29:58.027000,0.71401,0.71351,45,60
2018-08-15 14:30:00.515000,0.71405,0.71335,262,262
2018-08-15 14:30:01.347000,0.71101,0.71051,45,60
2018-08-15 14:30:01.660000,0.71125,0.71075,45,36
2018-08-15 14:30:01.711000,0.71125,0.71075,45,36
2018-08-15 14:30:01.762000,0.71116,0.71066,45,60
2018-08-15 14:30:01.829000,0.71121,0.71071,45,60
2018-08-15 14:30:02.172000,0.71111,0.71061,45,60
2018-08-15 14:30:02.498000,0.71116,0.71066,45,60
2018-08-15 14:30:02.811000,0.71105,0.71055,45,36
2018-08-15 14:30:02.908000,0.71105,0.71055,45,36
2018-08-15 14:30:02.991000,0.71098,0.71048,45,60
2018-08-15 14:30:03.041000,0.71106,0.71056,45,60
2018-08-15 14:30:03.349000,0.71101,0.71051,45,60
2018-08-15 14:30:03.672000,0.71096,0.71046,45,60
2018-08-15 14:30:04.064000,0.71075,0.71025,45,450
2018-08-15 14:30:04.400000,0.71091,0.71041,45,60
2018-08-15 14:30:04.734000,0.71085,0.71035,45,450
2018-08-15 14:30:05.042000,0.71091,0.71041,45,100
2018-08-15 14:30:05.648000,0.71086,0.71036,45,60
2018-08-15 14:30:05.985000,0.71091,0.71041,45,60
2018-08-15 14:30:06.389000,0.71075,0.71025,45,307
2018-08-15 14:30:06.956000,0.71076,0.71026,45,60
2018-08-15 14:30:07.370000,0.71055,0.71005,45,307
2018-08-15 14:30:08.741000,0.7106,0.7101,45,60
2018-08-15 14:30:09.161000,0.71056,0.71006,45,100
2018-08-15 14:30:09.738000,0.71051,0.71001,187,100
2018-08-15 14:30:10.280000,0.71035,0.71,307,1
2018-08-15 14:30:10.582000,0.71015,0.71,307,1
2018-08-15 14:30:11.044000,0.7101,0.71,45,1
2018-08-15 14:30:11.420000,0.7101,0.7096,45,60
2018-08-15 14:30:11.483000,0.71005,0.70955,45,36
2018-08-15 14:30:11.534000,0.71001,0.70951,45,60
2018-08-15 14:30:11.593000,0.70995,0.70945,45,307
2018-08-15 14:30:12.056000,0.70999,0.70949,45,60
2018-08-15 14:30:12.382000,0.71006,0.70956,307,60
2018-08-15 14:30:12.700000,0.70997,0.70935,45,307
2018-08-15 14:30:13.040000,0.71001,0.70951,45,100
2018-08-15 14:30:13.395000,0.70999,0.70945,45,450
2018-08-15 14:30:13.697000,0.71026,0.70976,307,60
2018-08-15 14:30:14.021000,0.7101,0.7096,375,60
2018-08-15 14:30:14.374000,0.71005,0.70955,375,307
2018-08-15 14:30:14.696000,0.7101,0.7096,45,60
2018-08-15 14:30:14.998000,0.71006,0.70956,45,60
2018-08-15 14:30:15.314000,0.70997,0.70935,45,307
2018-08-15 14:30:15.745000,0.70995,0.70935,262,262
2018-08-15 14:30:15.796000,0.7098,0.7093,45,60
2018-08-15 14:30:16.260000,0.70976,0.70926,45,60
2018-08-15 14:30:16.726000,0.70955,0.70905,45,36
2018-08-15 14:30:16.830000,0.70955,0.70905,45,36
2018-08-15 14:30:16.881000,0.7094,0.7089,45,60
2018-08-15 14:30:17.106000,0.70945,0.70895,45,60
2018-08-15 14:30:17.449000,0.70951,0.70901,45,60
2018-08-15 14:30:17.791000,0.70945,0.70895,45,60
2018-08-15 14:30:18.125000,0.70935,0.70885,45,307
2018-08-15 14:30:18.537000,0.70941,0.70891,45,60
2018-08-15 14:30:18.936000,0.70935,0.70885,45,60
2018-08-15 14:30:20.432000,0.70936,0.70886,45,60
2018-08-15 14:30:20.745000,0.70915,0.70865,45,307
2018-08-15 14:30:21.141000,0.70925,0.70875,45,450
2018-08-15 14:30:21.795000,0.70935,0.70875,262,262
2018-08-15 14:30:21.845000,0.70925,0.70875,45,36
2018-08-15 14:30:21.996000,0.70885,0.70835,1300,825
2018-08-15 14:30:22.086000,0.70895,0.70835,262,262
2018-08-15 14:30:22.136000,0.70895,0.70845,262,100
2018-08-15 14:30:22.301000,0.70915,0.70865,1300,825
2018-08-15 14:30:22.352000,0.70915,0.70865,1300,36
2018-08-15 14:30:22.440000,0.70915,0.70865,45,307
2018-08-15 14:30:22.793000,0.70895,0.70845,45,307
2018-08-15 14:30:24.337000,0.70901,0.70851,45,60
2018-08-15 14:30:24.915000,0.70896,0.70846,45,60
2018-08-15 14:30:25.249000,0.70885,0.70835,45,60
2018-08-15 14:30:25.623000,0.70885,0.70835,45,307
2018-08-15 14:30:25.994000,0.70891,0.70841,45,60
2018-08-15 14:30:26.617000,0.70885,0.70835,45,307
2018-08-15 14:30:27.557000,0.70885,0.70835,45,36
2018-08-15 14:30:27.638000,0.70891,0.70841,45,60
2018-08-15 14:30:27.873000,0.70885,0.70835,307,60
2018-08-15 14:30:28.194000,0.7087,0.7082,45,60
2018-08-15 14:30:28.527000,0.70874,0.70824,45,60
2018-08-15 14:30:28.857000,0.70865,0.70815,45,307
2018-08-15 14:30:29.190000,0.7087,0.7082,45,60
2018-08-15 14:30:29.496000,0.70865,0.70815,45,36
2018-08-15 14:30:29.546000,0.70865,0.70815,45,307
2018-08-15 14:30:29.617000,0.70866,0.70816,45,60
2018-08-15 14:30:30.412000,0.7086,0.7081,45,60
2018-08-15 14:30:30.794000,0.70855,0.70805,45,307
2018-08-15 14:30:31.195000,0.70855,0.70805,45,307
2018-08-15 14:30:31.900000,0.7085,0.708,45,60
2018-08-15 14:30:32.483000,0.70855,0.70805,307,60
2018-08-15 14:30:32.922000,0.7085,0.708,45,60
2018-08-15 14:30:33.494000,0.70835,0.70785,45,307
2018-08-15 14:30:33.881000,0.70825,0.70775,45,307
2018-08-15 14:30:34.210000,0.70835,0.70785,45,60
2018-08-15 14:30:34.544000,0.70841,0.70791,45,60
2018-08-15 14:30:35.092000,0.70825,0.70775,45,36
2018-08-15 14:30:35.204000,0.70825,0.70775,45,36
2018-08-15 14:30:35.256000,0.70805,0.70755,45,307
2018-08-15 14:30:35.423000,0.70811,0.70761,45,60
2018-08-15 14:30:36.119000,0.70795,0.70745,45,307
2018-08-15 14:30:36.567000,0.70796,0.70746,45,60
2018-08-15 14:30:36.921000,0.7079,0.7074,45,60
2018-08-15 14:30:37.245000,0.70795,0.70745,45,307
2018-08-15 14:30:37.608000,0.70796,0.70746,1300,60
2018-08-15 14:30:37.926000,0.7079,0.7074,1000,60
2018-08-15 14:30:38.271000,0.70786,0.70736,562,100
2018-08-15 14:30:39.124000,0.70796,0.70746,450,60
2018-08-15 14:30:39.892000,0.70785,0.70735,262,60
2018-08-15 14:30:39.993000,0.70779,0.70729,45,60
2018-08-15 14:30:40.111000,0.70786,0.70736,45,60
2018-08-15 14:30:40.816000,0.70796,0.70746,307,60
2018-08-15 14:30:41.138000,0.7079,0.7074,45,60
2018-08-15 14:30:41.446000,0.70785,0.70725,262,262
2018-08-15 14:30:41.496000,0.70776,0.70726,45,60
2018-08-15 14:30:42.053000,0.7076,0.7071,45,60
2018-08-15 14:30:42.387000,0.70755,0.70705,45,307
2018-08-15 14:30:42.747000,0.70765,0.70715,45,307
2018-08-15 14:30:43.319000,0.70766,0.70716,45,60
2018-08-15 14:30:43.858000,0.70765,0.70715,45,307
2018-08-15 14:30:44.176000,0.70771,0.70721,45,60
2018-08-15 14:30:44.515000,0.70755,0.70705,45,307
2018-08-15 14:30:44.824000,0.70756,0.70706,45,60
2018-08-15 14:30:45.179000,0.70746,0.70696,45,60
2018-08-15 14:30:45.963000,0.70756,0.70706,307,60
2018-08-15 14:30:46.518000,0.70735,0.70685,45,307
2018-08-15 14:30:46.879000,0.70725,0.70675,45,307
2018-08-15 14:30:47.727000,0.70746,0.70696,450,100
2018-08-15 14:30:48.646000,0.70725,0.70675,45,307
2018-08-15 14:30:49.579000,0.70715,0.70665,45,307
2018-08-15 14:30:51.848000,0.70705,0.70655,187,637
2018-08-15 14:30:52.328000,0.70726,0.70676,307,60
2018-08-15 14:30:52.643000,0.70705,0.70655,187,307
2018-08-15 14:30:53.253000,0.7071,0.7066,45,60
2018-08-15 14:30:53.800000,0.70702,0.70652,45,36
2018-08-15 14:30:53.900000,0.70706,0.70656,45,100
2018-08-15 14:30:54.309000,0.70685,0.70635,45,450
2018-08-15 14:30:54.762000,0.70675,0.70625,45,60
2018-08-15 14:30:55.093000,0.70695,0.70645,45,307
2018-08-15 14:30:56.344000,0.70696,0.70646,45,60
2018-08-15 14:30:56.673000,0.7069,0.7064,45,60
2018-08-15 14:30:57.087000,0.70696,0.70646,45,60
2018-08-15 14:30:57.494000,0.70695,0.70645,45,307
2018-08-15 14:30:57.796000,0.70705,0.70655,262,60
2018-08-15 14:30:57.846000,0.70705,0.70655,45,307
2018-08-15 14:30:58.272000,0.70711,0.70661,45,60
2018-08-15 14:30:59.012000,0.70705,0.70655,45,60
2018-08-15 14:30:59.582000,0.70726,0.70676,307,60
2018-08-15 14:31:00.108000,0.70716,0.70666,307,60
2018-08-15 14:31:00.876000,0.70726,0.70676,450,60
2018-08-15 14:31:01.322000,0.70705,0.70655,45,307
2018-08-15 14:31:01.674000,0.70719,0.70669,45,60
2018-08-15 14:31:01.981000,0.70735,0.70685,262,60
2018-08-15 14:31:02.126000,0.70771,0.70721,562,60
2018-08-15 14:31:02.260000,0.70786,0.70736,825,60
2018-08-15 14:31:02.883000,0.70775,0.70725,45,36
2018-08-15 14:31:02.984000,0.70776,0.70726,45,60
2018-08-15 14:31:03.103000,0.70781,0.70731,45,60
2018-08-15 14:31:03.451000,0.70775,0.70725,45,307
2018-08-15 14:31:03.791000,0.70785,0.70735,45,307
2018-08-15 14:31:04.409000,0.70795,0.70745,45,36
2018-08-15 14:31:04.512000,0.70796,0.70746,45,60
2018-08-15 14:31:04.766000,0.7079,0.7074,45,60
2018-08-15 14:31:05.110000,0.70816,0.70766,307,60
2018-08-15 14:31:05.423000,0.70815,0.70765,45,307
2018-08-15 14:31:05.762000,0.70805,0.70755,45,307
2018-08-15 14:31:05.962000,0.70815,0.70755,262,262
2018-08-15 14:31:06.068000,0.70806,0.70756,45,60
2018-08-15 14:31:06.373000,0.70801,0.70751,45,60
2018-08-15 14:31:06.976000,0.70796,0.70746,45,60
2018-08-15 14:31:07.462000,0.70795,0.70745,45,307
2018-08-15 14:31:07.792000,0.70816,0.70766,307,60
2018-08-15 14:31:08.117000,0.70806,0.70756,45,60
2018-08-15 14:31:08.429000,0.70796,0.70746,307,60
2018-08-15 14:31:08.773000,0.70776,0.70726,45,60
2018-08-15 14:31:09.112000,0.70771,0.70721,45,60
2018-08-15 14:31:09.449000,0.70745,0.70695,45,307
2018-08-15 14:31:09.950000,0.70735,0.70685,45,307
2018-08-15 14:31:10.569000,0.7073,0.7068,45,60
2018-08-15 14:31:10.902000,0.70725,0.70675,45,60
2018-08-15 14:31:11.216000,0.70715,0.70665,45,60
2018-08-15 14:31:11.548000,0.70711,0.70661,45,60
2018-08-15 14:31:11.883000,0.70705,0.70655,262,60
2018-08-15 14:31:11.933000,0.70721,0.70671,45,60
2018-08-15 14:31:12.140000,0.70711,0.70661,45,60
2018-08-15 14:31:12.450000,0.70695,0.70645,45,307
2018-08-15 14:31:12.905000,0.70701,0.70651,45,60
2018-08-15 14:31:13.528000,0.70695,0.70645,45,307
2018-08-15 14:31:14.071000,0.70701,0.70651,45,60
2018-08-15 14:31:14.400000,0.70706,0.70656,45,60
2018-08-15 14:31:14.732000,0.70715,0.70665,45,307
2018-08-15 14:31:15.119000,0.70725,0.70675,45,307
2018-08-15 14:31:15.459000,0.70735,0.70685,45,307
2018-08-15 14:31:15.776000,0.70751,0.70701,45,60
2018-08-15 14:31:16.101000,0.70746,0.70696,45,60
2018-08-15 14:31:16.437000,0.70705,0.70655,45,307
2018-08-15 14:31:16.767000,0.7071,0.7066,45,60
2018-08-15 14:31:17.096000,0.70705,0.70655,45,307
2018-08-15 14:31:17.413000,0.70726,0.70676,307,60
2018-08-15 14:31:17.759000,0.70721,0.70671,45,60
2018-08-15 14:31:18.086000,0.70715,0.70665,45,307
2018-08-15 14:31:18.414000,0.70725,0.70675,45,307
2018-08-15 14:31:19.237000,0.7073,0.7068,45,60
2018-08-15 14:31:19.686000,0.70741,0.70691,45,60
2018-08-15 14:31:20.076000,0.70735,0.70685,45,307
2018-08-15 14:31:20.399000,0.70735,0.70685,262,60
2018-08-15 14:31:20.491000,0.70735,0.70685,262,60
2018-08-15 14:31:20.542000,0.70751,0.70701,45,60
2018-08-15 14:31:20.887000,0.70745,0.70695,45,307
2018-08-15 14:31:21.125000,0.70755,0.70685,262,262
2018-08-15 14:31:21.270000,0.70795,0.70745,45,307
2018-08-15 14:31:25.595000,0.70816,0.70766,450,60
2018-08-15 14:31:26.787000,0.70821,0.70771,187,60
2018-08-15 14:31:27.101000,0.70805,0.70755,45,307
2018-08-15 14:31:27.418000,0.70815,0.70765,45,307
2018-08-15 14:31:27.798000,0.70846,0.70796,307,60
2018-08-15 14:31:28.146000,0.7083,0.70775,45,307
2018-08-15 14:31:28.498000,0.7082,0.70765,45,307
2018-08-15 14:31:28.974000,0.70816,0.70766,45,60
2018-08-15 14:31:29.399000,0.708,0.70745,45,307
2018-08-15 14:31:29.783000,0.70816,0.70766,307,60
2018-08-15 14:31:30.146000,0.70816,0.70765,45,307
2018-08-15 14:31:30.265000,0.70825,0.70765,262,262
2018-08-15 14:31:30.316000,0.70826,0.70776,45,60
2018-08-15 14:31:30.971000,0.70825,0.7077,307,60
2018-08-15 14:31:31.410000,0.7082,0.70765,45,307
2018-08-15 14:31:33.522000,0.70825,0.70775,187,307
2018-08-15 14:31:34.280000,0.70826,0.70776,45,60
2018-08-15 14:31:34.848000,0.70825,0.70775,45,307
2018-08-15 14:31:35.427000,0.70826,0.70776,187,60
2018-08-15 14:31:35.850000,0.7082,0.7077,187,60
2018-08-15 14:31:36.191000,0.70815,0.70765,187,307
2018-08-15 14:31:36.816000,0.70825,0.70775,45,450
2018-08-15 14:31:37.253000,0.70826,0.70776,187,60
2018-08-15 14:31:37.941000,0.70836,0.70786,450,60
2018-08-15 14:31:40.570000,0.70815,0.70765,45,307
2018-08-15 14:31:45.161000,0.70815,0.70765,187,36
2018-08-15 14:31:45.418000,0.70785,0.70735,187,307
2018-08-15 14:31:45.836000,0.7079,0.7074,187,60
2018-08-15 14:31:46.148000,0.70785,0.70735,187,450
2018-08-15 14:31:46.667000,0.70775,0.70725,45,307
2018-08-15 14:31:47.086000,0.70765,0.70715,45,450
2018-08-15 14:31:48.791000,0.70775,0.70725,262,100
2018-08-15 14:31:48.842000,0.70775,0.70725,262,100
2018-08-15 14:31:48.925000,0.70786,0.70736,307,60
2018-08-15 14:31:49.872000,0.70796,0.70746,307,60
2018-08-15 14:31:50.183000,0.70775,0.70725,45,307
2018-08-15 14:31:50.537000,0.70779,0.70729,45,100
2018-08-15 14:31:50.845000,0.70795,0.70745,187,307
2018-08-15 14:31:51.653000,0.70801,0.70751,187,60
2018-08-15 14:31:52.116000,0.70795,0.70745,45,307
2018-08-15 14:31:52.477000,0.70805,0.70755,45,307
2018-08-15 14:31:52.926000,0.70795,0.70745,45,307
2018-08-15 14:31:53.233000,0.70811,0.70761,45,60
2018-08-15 14:31:53.763000,0.70795,0.70745,45,307
2018-08-15 14:31:54.377000,0.708,0.7075,187,60
2018-08-15 14:31:54.976000,0.70795,0.70745,45,307
2018-08-15 14:31:55.636000,0.70796,0.70746,45,60
2018-08-15 14:31:55.984000,0.70801,0.70751,45,60
2018-08-15 14:31:56.319000,0.70775,0.70725,45,307
2018-08-15 14:31:56.672000,0.70781,0.70731,45,100
2018-08-15 14:31:57.349000,0.70765,0.70715,45,450
2018-08-15 14:31:57.723000,0.7077,0.7072,45,100
2018-08-15 14:31:58.083000,0.70776,0.70726,45,100
2018-08-15 14:31:58.401000,0.70781,0.70731,45,100
2018-08-15 14:31:58.771000,0.70765,0.70715,187,307
2018-08-15 14:32:00.390000,0.70755,0.70705,45,307
2018-08-15 14:32:00.729000,0.70756,0.70706,45,60
2018-08-15 14:32:01.078000,0.70746,0.70696,187,60
2018-08-15 14:32:01.435000,0.70745,0.70695,187,307
2018-08-15 14:32:02.697000,0.70766,0.70716,450,60
2018-08-15 14:32:03.066000,0.70745,0.70695,45,307
2018-08-15 14:32:03.380000,0.70755,0.70705,45,450
2018-08-15 14:32:04.111000,0.7076,0.7071,45,100
2018-08-15 14:32:04.426000,0.70755,0.70705,45,307
2018-08-15 14:32:04.944000,0.70765,0.70715,45,307
2018-08-15 14:32:05.898000,0.70775,0.70725,45,307
2018-08-15 14:32:06.261000,0.70781,0.70731,45,60
2018-08-15 14:32:06.604000,0.70765,0.70715,45,307
2018-08-15 14:32:06.958000,0.70766,0.70716,45,60
2018-08-15 14:32:07.928000,0.70771,0.70721,45,60
2018-08-15 14:32:08.347000,0.70755,0.70705,45,36
2018-08-15 14:32:08.397000,0.70725,0.70675,187,307
2018-08-15 14:32:09.305000,0.70735,0.70685,262,100
2018-08-15 14:32:09.425000,0.7076,0.7071,187,100
2018-08-15 14:32:09.475000,0.70756,0.70706,45,60
2018-08-15 14:32:09.925000,0.70766,0.70716,45,60
2018-08-15 14:32:10.317000,0.70776,0.70726,307,60
2018-08-15 14:32:11.176000,0.70796,0.70746,307,60
2018-08-15 14:32:11.765000,0.70805,0.70755,262,60
2018-08-15 14:32:11.819000,0.70815,0.70765,262,60
2018-08-15 14:32:11.870000,0.70805,0.70755,45,307
2018-08-15 14:32:11.960000,0.70826,0.70776,307,60
2018-08-15 14:32:12.572000,0.70816,0.70766,45,60
2018-08-15 14:32:12.907000,0.70806,0.70756,45,60
2018-08-15 14:32:13.504000,0.70801,0.70751,45,60
2018-08-15 14:32:13.821000,0.70795,0.70745,45,60
2018-08-15 14:32:14.841000,0.70805,0.70745,262,262
2018-08-15 14:32:14.892000,0.70805,0.70755,262,60
2018-08-15 14:32:15.103000,0.70815,0.70765,45,307
2018-08-15 14:32:15.775000,0.70836,0.70786,307,60
2018-08-15 14:32:16.207000,0.70835,0.70785,45,450
2018-08-15 14:32:16.724000,0.70855,0.70805,307,100
2018-08-15 14:32:18.224000,0.7085,0.708,45,60
2018-08-15 14:32:18.570000,0.70855,0.70805,45,307
2018-08-15 14:32:18.900000,0.70855,0.70805,45,60
2018-08-15 14:32:19.237000,0.7085,0.708,45,60
2018-08-15 14:32:19.570000,0.70855,0.70805,45,60
2018-08-15 14:32:20.660000,0.70876,0.70826,307,60
2018-08-15 14:32:21.415000,0.70874,0.70824,45,60
2018-08-15 14:32:22.305000,0.70896,0.70846,637,100
2018-08-15 14:32:24.523000,0.70891,0.70841,45,60
2018-08-15 14:32:24.857000,0.70876,0.70826,45,60
2018-08-15 14:32:25.167000,0.70855,0.70805,45,307
2018-08-15 14:32:25.532000,0.70855,0.70805,45,307
2018-08-15 14:32:26.016000,0.7084,0.7079,45,60
2018-08-15 14:32:26.331000,0.70835,0.70785,45,307
2018-08-15 14:32:26.666000,0.70855,0.70805,307,100
2018-08-15 14:32:26.972000,0.7084,0.7079,45,100
2018-08-15 14:32:27.326000,0.70841,0.70791,45,100
2018-08-15 14:32:28.046000,0.70835,0.70785,45,100
2018-08-15 14:32:28.507000,0.7084,0.7079,45,60
2018-08-15 14:32:28.868000,0.70836,0.70786,45,60
2018-08-15 14:32:29.488000,0.70841,0.70791,45,100
2018-08-15 14:32:29.822000,0.70835,0.70785,45,307
2018-08-15 14:32:30.130000,0.70851,0.70801,45,60
2018-08-15 14:32:30.463000,0.70841,0.70791,45,60
2018-08-15 14:32:30.900000,0.70825,0.70775,45,450
2018-08-15 14:32:31.509000,0.7083,0.7078,45,100
2018-08-15 14:32:32.134000,0.70825,0.70775,45,450
2018-08-15 14:32:32.492000,0.70825,0.70775,45,36
2018-08-15 14:32:32.872000,0.70825,0.70775,45,36
2018-08-15 14:32:32.923000,0.70795,0.70745,45,450
2018-08-15 14:32:37.192000,0.7079,0.7074,45,60
2018-08-15 14:32:37.542000,0.70775,0.70725,187,307
2018-08-15 14:32:37.873000,0.70779,0.70729,45,100
2018-08-15 14:32:38.446000,0.70775,0.70725,45,637
2018-08-15 14:32:39.726000,0.70785,0.70735,45,637
2018-08-15 14:32:41.748000,0.70786,0.70736,45,60
2018-08-15 14:32:42.225000,0.70779,0.70729,45,100
2018-08-15 14:32:42.576000,0.70785,0.70735,45,637
2018-08-15 14:32:43.403000,0.7079,0.7074,45,100
2018-08-15 14:32:43.793000,0.70785,0.70735,45,100
2018-08-15 14:32:44.180000,0.70775,0.70725,45,637
2018-08-15 14:32:45.369000,0.70785,0.70735,262,100
2018-08-15 14:32:45.419000,0.70785,0.70735,262,60
2018-08-15 14:32:45.547000,0.70781,0.70731,45,60
2018-08-15 14:32:46.003000,0.70775,0.70725,45,307
2018-08-15 14:32:47.024000,0.70776,0.70726,45,60
2018-08-15 14:32:47.642000,0.70781,0.70731,45,60
2018-08-15 14:32:48.138000,0.70775,0.70725,45,307
2018-08-15 14:32:49.322000,0.70779,0.70729,45,60
2018-08-15 14:32:49.795000,0.70785,0.70735,45,307
2018-08-15 14:32:50.124000,0.7079,0.7074,45,60
2018-08-15 14:32:50.677000,0.70775,0.70725,45,307
2018-08-15 14:32:51.630000,0.70765,0.70715,45,307
2018-08-15 14:32:53.090000,0.70765,0.70715,45,36
2018-08-15 14:32:53.253000,0.7076,0.7071,45,60
2018-08-15 14:32:53.336000,0.70755,0.70705,45,60
2018-08-15 14:32:54.303000,0.70771,0.70721,45,60
2018-08-15 14:32:54.701000,0.70756,0.70706,45,60
2018-08-15 14:32:55.003000,0.70755,0.70705,45,307
2018-08-15 14:32:55.621000,0.7076,0.7071,45,60
2018-08-15 14:32:56.363000,0.70745,0.70695,45,307
2018-08-15 14:32:56.724000,0.7076,0.7071,45,60
2018-08-15 14:32:57.054000,0.70755,0.70705,45,307
2018-08-15 14:32:57.370000,0.70745,0.70695,45,60
2018-08-15 14:32:57.722000,0.70735,0.70685,45,307
2018-08-15 14:32:58.041000,0.70751,0.70701,45,60
2018-08-15 14:32:58.380000,0.70745,0.70695,187,307
2018-08-15 14:32:58.969000,0.70766,0.70716,450,60
2018-08-15 14:32:59.365000,0.70771,0.70721,187,60
2018-08-15 14:32:59.694000,0.70755,0.70705,45,36
2018-08-15 14:32:59.993000,0.70715,0.70665,45,307
2018-08-15 14:33:00.403000,0.70716,0.70666,45,60
2018-08-15 14:33:01.783000,0.70721,0.70671,45,60
2018-08-15 14:33:02.133000,0.70725,0.70675,45,307
2018-08-15 14:33:02.445000,0.7073,0.7068,45,60
2018-08-15 14:33:02.776000,0.70726,0.70676,45,60
2018-08-15 14:33:03.639000,0.7071,0.7066,45,60
2018-08-15 14:33:04.152000,0.70705,0.70655,45,307
2018-08-15 14:33:04.578000,0.70706,0.70656,45,60
2018-08-15 14:33:06.147000,0.70685,0.70635,45,307
2018-08-15 14:33:09.574000,0.70686,0.70636,45,100
2018-08-15 14:33:10.312000,0.70676,0.70626,187,100
2018-08-15 14:33:11.062000,0.7066,0.7061,187,60
2018-08-15 14:33:11.498000,0.70665,0.70615,187,100
2018-08-15 14:33:11.831000,0.70656,0.70606,45,60
2018-08-15 14:33:12.495000,0.70646,0.70596,45,60
2018-08-15 14:33:14.396000,0.70635,0.70585,45,307
2018-08-15 14:33:15.080000,0.70641,0.70591,45,100
2018-08-15 14:33:15.612000,0.70635,0.70585,45,307
2018-08-15 14:33:15.980000,0.70635,0.70585,307,60
2018-08-15 14:33:19.608000,0.70646,0.70596,307,100
2018-08-15 14:33:20.037000,0.70635,0.70585,307,100
2018-08-15 14:33:21.346000,0.70646,0.70596,307,100
2018-08-15 14:33:22.474000,0.70641,0.70591,45,60
2018-08-15 14:33:22.946000,0.70626,0.70576,45,60
2018-08-15 14:33:24.526000,0.70635,0.70585,307,100
2018-08-15 14:33:26.052000,0.70646,0.70596,307,60
2018-08-15 14:33:26.750000,0.70635,0.70585,450,60
2018-08-15 14:33:27.073000,0.70646,0.70596,307,100
2018-08-15 14:33:27.462000,0.70641,0.70591,45,60
2018-08-15 14:33:28.142000,0.70656,0.70606,450,100
2018-08-15 14:33:28.461000,0.70651,0.70601,187,60
2018-08-15 14:33:28.794000,0.70645,0.70595,187,307
2018-08-15 14:33:30.517000,0.70654,0.70604,45,60
2018-08-15 14:33:32.259000,0.70656,0.70606,187,60
2018-08-15 14:33:32.591000,0.70655,0.70605,262,100
2018-08-15 14:33:32.693000,0.70665,0.70615,45,450
2018-08-15 14:33:32.894000,0.70686,0.70636,307,100
2018-08-15 14:33:33.236000,0.70665,0.70615,45,307
2018-08-15 14:33:33.990000,0.70665,0.70615,45,307
2018-08-15 14:33:34.457000,0.70676,0.70626,45,60
2018-08-15 14:33:34.868000,0.70681,0.70631,45,60
2018-08-15 14:33:35.510000,0.70665,0.70615,45,307
2018-08-15 14:33:37.233000,0.70665,0.70615,307,60
2018-08-15 14:33:37.821000,0.70665,0.70615,45,307
2018-08-15 14:33:38.253000,0.70671,0.70621,45,60
2018-08-15 14:33:38.839000,0.70665,0.70615,45,307
2018-08-15 14:33:39.184000,0.70675,0.70625,45,307
2018-08-15 14:33:39.552000,0.70681,0.70631,187,60
2018-08-15 14:33:39.886000,0.70665,0.70615,187,307
2018-08-15 14:33:40.236000,0.7067,0.7062,45,60
2018-08-15 14:33:40.551000,0.70665,0.70615,307,60
2018-08-15 14:33:40.930000,0.70676,0.70626,307,60
2018-08-15 14:33:41.270000,0.70671,0.70621,45,60
2018-08-15 14:33:41.606000,0.70665,0.70615,45,450
2018-08-15 14:33:41.983000,0.70681,0.70631,45,60
2018-08-15 14:33:42.380000,0.70665,0.70615,45,307
2018-08-15 14:33:42.946000,0.70665,0.70615,307,60
2018-08-15 14:33:44.268000,0.70655,0.70605,45,36
2018-08-15 14:33:44.600000,0.70635,0.70585,187,637
2018-08-15 14:33:47.659000,0.70656,0.70606,307,60
2018-08-15 14:33:49.087000,0.70646,0.70596,45,60
2018-08-15 14:33:49.430000,0.70635,0.70585,307,100
2018-08-15 14:33:49.801000,0.70626,0.70576,45,100
2018-08-15 14:33:52.672000,0.70616,0.70566,45,100
2018-08-15 14:33:53.249000,0.70615,0.70565,262,100
2018-08-15 14:33:53.299000,0.70605,0.70555,45,450
2018-08-15 14:33:53.349000,0.70615,0.70565,262,60
2018-08-15 14:33:53.400000,0.70605,0.70555,45,307
2018-08-15 14:33:53.514000,0.70626,0.70576,307,60
2018-08-15 14:33:53.848000,0.70605,0.70555,45,450
2018-08-15 14:33:54.786000,0.70611,0.70561,45,100
2018-08-15 14:33:55.179000,0.70605,0.70555,450,100
2018-08-15 14:33:55.509000,0.70616,0.70566,307,60
2018-08-15 14:33:55.819000,0.70624,0.70574,45,60
2018-08-15 14:33:56.257000,0.7063,0.7058,45,60
2018-08-15 14:33:56.743000,0.70635,0.70585,45,60
2018-08-15 14:33:57.084000,0.7064,0.7059,45,60
2018-08-15 14:33:57.589000,0.70646,0.70596,45,100
2018-08-15 14:33:57.973000,0.70641,0.70591,45,100
2018-08-15 14:33:58.385000,0.70645,0.70595,45,450
2018-08-15 14:33:58.690000,0.70665,0.70615,307,60
2018-08-15 14:33:59.938000,0.70676,0.70626,307,60
2018-08-15 14:34:02.785000,0.70665,0.70615,45,307
2018-08-15 14:34:03.148000,0.7066,0.7061,45,60
2018-08-15 14:34:03.486000,0.70665,0.70615,45,307
2018-08-15 14:34:03.813000,0.70665,0.70615,307,60
2018-08-15 14:34:04.992000,0.70645,0.70595,45,307
2018-08-15 14:34:05.435000,0.70654,0.70604,45,60
2018-08-15 14:34:05.816000,0.70661,0.70611,45,60
2018-08-15 14:34:06.219000,0.70665,0.70615,450,60
2018-08-15 14:34:06.672000,0.70645,0.70595,187,307
2018-08-15 14:34:07.213000,0.70661,0.70611,187,60
2018-08-15 14:34:07.548000,0.70645,0.70595,45,307
2018-08-15 14:34:08.375000,0.70651,0.70601,45,60
2018-08-15 14:34:08.835000,0.70641,0.70591,45,60
2018-08-15 14:34:09.205000,0.70635,0.70585,45,307
2018-08-15 14:34:09.657000,0.70656,0.70606,307,60
2018-08-15 14:34:10.184000,0.70661,0.70611,187,60
2018-08-15 14:34:10.516000,0.70645,0.70595,187,307
2018-08-15 14:34:10.947000,0.70654,0.70604,45,60
2018-08-15 14:34:11.398000,0.7065,0.706,45,60
2018-08-15 14:34:11.720000,0.7064,0.7059,45,100
2018-08-15 14:34:12.062000,0.70635,0.70585,187,307
2018-08-15 14:34:13.210000,0.70631,0.70581,45,60
2018-08-15 14:34:13.941000,0.70615,0.70565,45,307
2018-08-15 14:34:14.288000,0.70621,0.70571,45,60
2018-08-15 14:34:14.983000,0.70605,0.70555,187,450
2018-08-15 14:34:15.544000,0.70605,0.70555,450,100
2018-08-15 14:34:16.888000,0.706,0.7055,45,100
2018-08-15 14:34:17.274000,0.70616,0.70566,307,100
2018-08-15 14:34:18.026000,0.70611,0.70561,45,60
2018-08-15 14:34:18.537000,0.70605,0.70555,45,307
2018-08-15 14:34:18.864000,0.70626,0.70576,307,60
2018-08-15 14:34:20.162000,0.70624,0.70574,45,60
2018-08-15 14:34:20.520000,0.70615,0.70565,45,307
2018-08-15 14:34:22.648000,0.70605,0.70555,45,307
2018-08-15 14:34:23.083000,0.70621,0.70571,45,60
2018-08-15 14:34:23.503000,0.70605,0.70555,45,450
2018-08-15 14:34:23.866000,0.70605,0.70555,45,450
2018-08-15 14:34:24.453000,0.70616,0.70566,307,100
2018-08-15 14:34:24.791000,0.70605,0.70555,307,100
2018-08-15 14:34:27.653000,0.70605,0.70555,45,307
2018-08-15 14:34:28.697000,0.70605,0.70555,307,60
2018-08-15 14:34:30.585000,0.70585,0.70535,45,307
2018-08-15 14:34:31.931000,0.70595,0.70535,262,262
2018-08-15 14:34:31.981000,0.70585,0.70535,45,36
2018-08-15 14:34:32.244000,0.70565,0.70515,45,307
2018-08-15 14:34:32.300000,0.70575,0.70525,262,60
2018-08-15 14:34:32.351000,0.70586,0.70536,307,60
2018-08-15 14:34:32.584000,0.70585,0.70535,45,307
2018-08-15 14:34:33.918000,0.70605,0.70555,450,60
2018-08-15 14:34:36.311000,0.70596,0.70546,45,60
2018-08-15 14:34:36.665000,0.70591,0.70541,45,60
2018-08-15 14:34:37.197000,0.70585,0.70535,45,100
2018-08-15 14:34:37.675000,0.70586,0.70536,45,60
2018-08-15 14:34:38.176000,0.70591,0.70541,187,60
2018-08-15 14:34:38.512000,0.70594,0.70544,187,60
2018-08-15 14:34:38.830000,0.70601,0.70551,187,60
2018-08-15 14:34:39.144000,0.70605,0.70555,450,60
2018-08-15 14:34:39.450000,0.70596,0.70546,45,60
2018-08-15 14:34:40.202000,0.70586,0.70536,45,60
2018-08-15 14:34:41.239000,0.70585,0.70535,45,307
2018-08-15 14:34:43.833000,0.70586,0.70536,45,60
2018-08-15 14:34:48.114000,0.70596,0.70546,307,100
2018-08-15 14:34:48.448000,0.70605,0.70555,307,60
2018-08-15 14:34:49.434000,0.70596,0.70546,45,60
2018-08-15 14:34:49.770000,0.70605,0.70555,307,60
2018-08-15 14:34:51.584000,0.706,0.7055,45,100
2018-08-15 14:34:51.939000,0.70605,0.70555,45,307
2018-08-15 14:34:52.493000,0.70626,0.70576,307,60
2018-08-15 14:35:02.658000,0.70615,0.70565,45,36
2018-08-15 14:35:02.711000,0.70605,0.70555,45,450
2018-08-15 14:35:02.761000,0.70616,0.70566,45,100
2018-08-15 14:35:03.682000,0.70615,0.70555,262,262
2018-08-15 14:35:03.739000,0.70615,0.70565,262,60
2018-08-15 14:35:03.847000,0.70615,0.70565,262,60
2018-08-15 14:35:03.898000,0.70646,0.70596,45,60
2018-08-15 14:35:03.949000,0.70661,0.70611,187,60
2018-08-15 14:35:04.338000,0.70645,0.70595,187,307
2018-08-15 14:35:05.881000,0.70654,0.70604,187,60
2018-08-15 14:35:09.524000,0.70676,0.70626,307,100
2018-08-15 14:35:11.133000,0.70665,0.70615,45,307
2018-08-15 14:35:11.608000,0.70661,0.70611,45,60
2018-08-15 14:35:11.924000,0.70676,0.70626,307,60
2018-08-15 14:35:12.357000,0.70671,0.70621,187,100
2018-08-15 14:35:12.843000,0.70676,0.70626,450,100
2018-08-15 14:35:14.488000,0.70675,0.70625,262,60
2018-08-15 14:35:14.688000,0.70701,0.70651,45,60
2018-08-15 14:35:14.979000,0.70695,0.70645,187,307
2018-08-15 14:35:15.283000,0.70685,0.70635,187,307
2018-08-15 14:35:15.678000,0.70695,0.70645,45,36
2018-08-15 14:35:15.729000,0.70691,0.70641,45,60
2018-08-15 14:35:15.909000,0.70685,0.70635,187,100
2018-08-15 14:35:18.479000,0.70691,0.70641,45,60
2018-08-15 14:35:18.796000,0.70685,0.70635,45,307
2018-08-15 14:35:19.156000,0.70701,0.70651,45,100
2018-08-15 14:35:19.562000,0.70685,0.70635,45,450
2018-08-15 14:35:19.893000,0.7069,0.7064,187,100
2018-08-15 14:35:20.274000,0.70695,0.70645,187,450
2018-08-15 14:35:20.590000,0.70685,0.70635,187,307
2018-08-15 14:35:21.122000,0.7069,0.7064,45,100
2018-08-15 14:35:21.544000,0.70685,0.70635,45,450
2018-08-15 14:35:21.885000,0.70711,0.70661,45,100
2018-08-15 14:35:22.209000,0.70695,0.70645,45,307
2018-08-15 14:35:22.684000,0.70701,0.70651,187,60
2018-08-15 14:35:23.193000,0.70685,0.70635,45,450
2018-08-15 14:35:24.375000,0.70706,0.70656,307,60
2018-08-15 14:35:24.842000,0.70695,0.70645,45,36
2018-08-15 14:35:25.154000,0.70665,0.70615,45,307
2018-08-15 14:35:25.316000,0.7067,0.7062,45,60
2018-08-15 14:35:25.654000,0.70665,0.70615,187,307
2018-08-15 14:35:26.040000,0.70671,0.70621,45,60
2018-08-15 14:35:26.355000,0.7067,0.7062,45,60
2018-08-15 14:35:26.704000,0.70665,0.70615,187,307
2018-08-15 14:35:27.706000,0.70661,0.70611,45,60
2018-08-15 14:35:28.223000,0.70645,0.70595,187,450
2018-08-15 14:35:29.154000,0.70645,0.70595,45,36
2018-08-15 14:35:29.355000,0.70635,0.70585,307,100
2018-08-15 14:35:33.548000,0.70626,0.70576,45,60
2018-08-15 14:35:33.891000,0.70631,0.70581,45,60
2018-08-15 14:35:34.493000,0.70635,0.70585,307,100
2018-08-15 14:35:34.874000,0.70615,0.70565,45,450
2018-08-15 14:35:36.576000,0.70615,0.70565,45,36
2018-08-15 14:35:36.748000,0.70595,0.70545,45,36
2018-08-15 14:35:36.931000,0.70596,0.70546,45,100
2018-08-15 14:35:37.973000,0.70594,0.70544,45,60
2018-08-15 14:35:38.324000,0.70616,0.70566,45,60
2018-08-15 14:35:38.661000,0.70615,0.70565,45,60
2018-08-15 14:35:39.594000,0.70624,0.70574,45,60
2018-08-15 14:35:40.070000,0.70646,0.70596,307,60
2018-08-15 14:35:41.605000,0.70635,0.70585,45,307
2018-08-15 14:35:42.143000,0.70635,0.70585,45,60
2018-08-15 14:35:42.747000,0.70645,0.70595,45,307
2018-08-15 14:35:43.720000,0.70654,0.70604,45,60
2018-08-15 14:35:44.100000,0.70676,0.70626,307,60
2018-08-15 14:35:44.580000,0.70671,0.70621,45,60
2018-08-15 14:35:44.908000,0.70665,0.70615,45,307
2018-08-15 14:35:45.241000,0.70681,0.70631,45,60
2018-08-15 14:35:45.639000,0.70676,0.70626,45,60
2018-08-15 14:35:45.954000,0.70675,0.70625,45,307
2018-08-15 14:35:46.856000,0.70701,0.70651,187,60
2018-08-15 14:35:47.273000,0.70685,0.70635,187,307
2018-08-15 14:35:47.621000,0.70675,0.70625,45,307
2018-08-15 14:35:47.930000,0.70665,0.70615,45,307
2018-08-15 14:35:48.275000,0.70686,0.70636,307,60
2018-08-15 14:35:48.843000,0.70685,0.70635,45,307
2018-08-15 14:35:49.299000,0.70706,0.70656,450,60
2018-08-15 14:35:49.614000,0.70716,0.70666,307,60
2018-08-15 14:35:49.964000,0.70706,0.70656,45,60
2018-08-15 14:35:50.291000,0.70705,0.70655,45,307
2018-08-15 14:35:50.918000,0.70695,0.70645,45,450
2018-08-15 14:35:51.438000,0.70716,0.70666,307,100
2018-08-15 14:35:52.509000,0.7071,0.7066,45,60
2018-08-15 14:35:52.899000,0.70705,0.70655,45,307
2018-08-15 14:35:53.354000,0.70706,0.70656,45,60
2018-08-15 14:35:53.988000,0.70696,0.70646,187,60
2018-08-15 14:35:56.794000,0.70686,0.70636,45,60
2018-08-15 14:35:57.842000,0.70676,0.70626,45,60
2018-08-15 14:35:58.424000,0.7067,0.7062,45,60
2018-08-15 14:35:58.878000,0.70686,0.70636,45,60
2018-08-15 14:35:59.252000,0.70701,0.70651,45,60
2018-08-15 14:35:59.583000,0.70696,0.70646,45,60
2018-08-15 14:35:59.903000,0.70675,0.70625,45,60
2018-08-15 14:36:00.239000,0.70665,0.70615,45,450
2018-08-15 14:36:00.985000,0.70665,0.70615,45,307
2018-08-15 14:36:01.726000,0.70645,0.70595,45,307
2018-08-15 14:36:02.045000,0.70635,0.70585,45,307
2018-08-15 14:36:02.519000,0.70635,0.70585,45,307
2018-08-15 14:36:02.939000,0.70635,0.70585,45,307
2018-08-15 14:36:03.405000,0.70656,0.70606,307,60
2018-08-15 14:36:03.780000,0.70635,0.70585,45,307
2018-08-15 14:36:04.136000,0.70635,0.70585,45,307
2018-08-15 14:36:04.493000,0.70641,0.70591,45,60
2018-08-15 14:36:04.922000,0.70635,0.70585,307,60
2018-08-15 14:36:06.692000,0.70646,0.70596,307,60
2018-08-15 14:36:07.210000,0.7064,0.7059,45,60
2018-08-15 14:36:07.555000,0.70645,0.70595,45,307
2018-08-15 14:36:09.643000,0.70654,0.70604,45,100
2018-08-15 14:36:11.071000,0.70661,0.70611,45,60
2018-08-15 14:36:11.636000,0.70665,0.70615,307,60
2018-08-15 14:36:11.966000,0.7065,0.706,45,100
2018-08-15 14:36:12.294000,0.70645,0.70595,45,450
2018-08-15 14:36:12.633000,0.70665,0.70615,307,60
2018-08-15 14:36:13.907000,0.70655,0.70605,45,36
2018-08-15 14:36:14.049000,0.70635,0.70585,45,307
2018-08-15 14:36:14.415000,0.70656,0.70606,307,60
2018-08-15 14:36:22.473000,0.70651,0.70601,187,60
2018-08-15 14:36:22.874000,0.70656,0.70606,307,60
2018-08-15 14:36:23.267000,0.70651,0.70601,45,60
2018-08-15 14:36:23.610000,0.70635,0.70585,307,60
2018-08-15 14:36:23.919000,0.70646,0.70596,307,60
2018-08-15 14:36:24.249000,0.70645,0.70595,262,60
2018-08-15 14:36:24.300000,0.70665,0.70615,45,60
2018-08-15 14:36:24.350000,0.70671,0.70621,187,60
2018-08-15 14:36:24.974000,0.70665,0.70615,45,450
2018-08-15 14:36:25.633000,0.70665,0.70615,45,307
2018-08-15 14:36:25.937000,0.70661,0.70611,45,60
2018-08-15 14:36:26.483000,0.70665,0.70615,307,60
2018-08-15 14:36:26.962000,0.70661,0.70611,45,60
2018-08-15 14:36:27.270000,0.70635,0.70585,45,60
2018-08-15 14:36:29.030000,0.70641,0.70591,1400,60
2018-08-15 14:36:29.643000,0.70635,0.70585,45,60
2018-08-15 14:36:31.765000,0.7063,0.7058,45,60
2018-08-15 14:36:32.364000,0.70635,0.70585,1800,60
2018-08-15 14:36:33.031000,0.70635,0.70585,45,450
2018-08-15 14:36:33.856000,0.70656,0.70606,1700,60
2018-08-15 14:36:34.209000,0.70665,0.70615,187,307
2018-08-15 14:36:34.807000,0.70655,0.70605,45,36
2018-08-15 14:36:34.950000,0.70635,0.70585,307,60
2018-08-15 14:36:36.438000,0.70635,0.70585,262,60
2018-08-15 14:36:36.728000,0.70656,0.70606,45,60
2018-08-15 14:36:36.868000,0.70665,0.70615,307,60
2018-08-15 14:36:37.369000,0.70656,0.70606,45,60
2018-08-15 14:36:37.946000,0.70665,0.70615,307,60
2018-08-15 14:36:38.825000,0.70665,0.70615,45,307
2018-08-15 14:36:42.994000,0.70671,0.70621,45,60
2018-08-15 14:36:43.560000,0.70665,0.70615,45,307
2018-08-15 14:36:43.939000,0.70665,0.70615,307,60
2018-08-15 14:36:44.332000,0.7066,0.7061,45,60
2018-08-15 14:36:44.785000,0.70665,0.70615,45,60
2018-08-15 14:36:45.480000,0.70665,0.70615,45,307
2018-08-15 14:36:45.924000,0.70656,0.70606,45,60
2018-08-15 14:36:47.135000,0.70654,0.70604,45,60
2018-08-15 14:36:47.449000,0.70671,0.70621,45,60
2018-08-15 14:36:47.873000,0.70665,0.70615,450,60
2018-08-15 14:36:48.201000,0.70661,0.70611,187,60
2018-08-15 14:36:48.616000,0.70665,0.70615,450,60
2018-08-15 14:36:49.479000,0.70661,0.70611,45,60
2018-08-15 14:36:49.990000,0.70645,0.70595,45,307
2018-08-15 14:36:50.527000,0.70646,0.70596,45,60
2018-08-15 14:36:51.180000,0.70651,0.70601,45,60
2018-08-15 14:36:51.642000,0.70635,0.70585,45,450
2018-08-15 14:36:52.059000,0.7064,0.7059,45,60
2018-08-15 14:36:52.446000,0.70645,0.70595,45,60
2018-08-15 14:36:52.920000,0.70665,0.70615,187,60
2018-08-15 14:36:57.173000,0.70665,0.70615,45,307
2018-08-15 14:36:57.581000,0.70676,0.70626,307,60
2018-08-15 14:36:57.980000,0.70671,0.70621,187,60
2018-08-15 14:37:00.318000,0.70665,0.70615,187,60
2018-08-15 14:37:00.777000,0.70661,0.70611,45,60
2018-08-15 14:37:01.214000,0.70665,0.70615,307,60
2018-08-15 14:37:01.563000,0.70656,0.70606,45,60
2018-08-15 14:37:02.979000,0.70645,0.70595,45,36
2018-08-15 14:37:03.034000,0.70635,0.70585,307,60
2018-08-15 14:37:03.869000,0.7063,0.7058,45,60
2018-08-15 14:37:04.336000,0.70635,0.70585,307,60
2018-08-15 14:37:05.997000,0.70646,0.70596,307,60
2018-08-15 14:37:06.346000,0.70656,0.70606,307,60
2018-08-15 14:37:06.678000,0.70651,0.70601,45,60
2018-08-15 14:37:07.294000,0.70645,0.70595,45,450
2018-08-15 14:37:09.195000,0.70651,0.70601,45,60
2018-08-15 14:37:09.646000,0.70635,0.70585,45,450
2018-08-15 14:37:10.234000,0.70645,0.70595,187,307
2018-08-15 14:37:11.456000,0.7065,0.706,45,60
2018-08-15 14:37:11.818000,0.70665,0.70615,307,60
2018-08-15 14:37:12.343000,0.70665,0.70615,45,307
2018-08-15 14:37:12.797000,0.70671,0.70621,45,60
2018-08-15 14:37:13.287000,0.70665,0.70615,45,450
2018-08-15 14:37:13.992000,0.70671,0.70621,45,60
2018-08-15 14:37:14.328000,0.70635,0.70585,45,307
2018-08-15 14:37:14.783000,0.70641,0.70591,375,60
2018-08-15 14:37:15.311000,0.70635,0.70585,637,60
2018-08-15 14:37:16.025000,0.7063,0.7058,45,60
2018-08-15 14:37:16.632000,0.70635,0.70585,307,60
2018-08-15 14:37:17.144000,0.7063,0.7058,45,60
2018-08-15 14:37:17.627000,0.70635,0.70585,307,60
2018-08-15 14:37:18.467000,0.7063,0.7058,45,60
2018-08-15 14:37:18.889000,0.70635,0.70585,307,60
2018-08-15 14:37:20.874000,0.70626,0.70576,45,60
2018-08-15 14:37:21.846000,0.70616,0.70566,45,60
2018-08-15 14:37:22.619000,0.70605,0.70555,187,450
2018-08-15 14:37:23.011000,0.70596,0.70546,45,60
2018-08-15 14:37:23.343000,0.70605,0.70555,307,60
2018-08-15 14:37:23.739000,0.70601,0.70551,45,60
2018-08-15 14:37:24.045000,0.70585,0.70535,45,307
2018-08-15 14:37:24.411000,0.70591,0.70541,45,60
2018-08-15 14:37:24.838000,0.70586,0.70536,45,60
2018-08-15 14:37:26.672000,0.70585,0.70535,262,60
2018-08-15 14:37:26.925000,0.70605,0.70555,307,60
2018-08-15 14:37:27.026000,0.70596,0.70546,45,60
2018-08-15 14:37:27.332000,0.70601,0.70551,45,60
2018-08-15 14:37:28.504000,0.70585,0.70535,187,450
2018-08-15 14:37:29.783000,0.7059,0.7054,45,60
2018-08-15 14:37:30.331000,0.70585,0.70535,187,450
2018-08-15 14:37:30.643000,0.70591,0.70541,187,60
2018-08-15 14:37:30.981000,0.70586,0.70536,187,60
2018-08-15 14:37:32.681000,0.70565,0.70515,45,450
2018-08-15 14:37:34.077000,0.70571,0.70521,45,60
2018-08-15 14:37:34.414000,0.70575,0.70525,45,60
2018-08-15 14:37:35.131000,0.70596,0.70546,307,60
2018-08-15 14:37:35.518000,0.70586,0.70536,45,60
2018-08-15 14:37:35.832000,0.70585,0.70535,45,307
2018-08-15 14:37:36.214000,0.70605,0.70555,307,60
2018-08-15 14:37:36.751000,0.70616,0.70566,307,60
2018-08-15 14:37:37.141000,0.70605,0.70555,307,60
2018-08-15 14:37:37.552000,0.70585,0.70535,45,307
2018-08-15 14:37:38.629000,0.70586,0.70536,45,60
2018-08-15 14:37:39.380000,0.70596,0.70546,450,60
2018-08-15 14:37:39.880000,0.70591,0.70541,187,60
2018-08-15 14:37:40.206000,0.70585,0.70535,187,450
2018-08-15 14:37:41.635000,0.70595,0.70545,262,60
2018-08-15 14:37:41.753000,0.70594,0.70544,45,60
2018-08-15 14:37:42.493000,0.70611,0.70561,45,60
2018-08-15 14:37:42.845000,0.70605,0.70555,307,60
2018-08-15 14:37:43.625000,0.70595,0.70545,45,36
2018-08-15 14:37:43.862000,0.70575,0.70525,45,450
2018-08-15 14:37:46.386000,0.70576,0.70526,45,60
2018-08-15 14:37:47.355000,0.70586,0.70536,307,60
2018-08-15 14:37:48.956000,0.70576,0.70526,45,60
2018-08-15 14:37:49.284000,0.70566,0.70516,45,60
2018-08-15 14:37:51.370000,0.70556,0.70506,187,60
2018-08-15 14:37:51.718000,0.70535,0.70485,45,450
2018-08-15 14:37:52.078000,0.7054,0.7049,45,60
2018-08-15 14:37:52.546000,0.70535,0.70485,45,307
2018-08-15 14:37:52.878000,0.70545,0.70495,45,307
2018-08-15 14:37:53.297000,0.70535,0.70485,45,307
2018-08-15 14:37:55.239000,0.70545,0.70495,45,307
2018-08-15 14:37:55.609000,0.70546,0.70496,45,10
2018-08-15 14:37:56.508000,0.70556,0.70506,307,10
2018-08-15 14:37:57.130000,0.70546,0.70496,187,10
2018-08-15 14:37:57.507000,0.70545,0.70495,45,450
2018-08-15 14:38:01.365000,0.70546,0.70496,45,10
2018-08-15 14:38:02.973000,0.70556,0.70506,450,10
2018-08-15 14:38:03.320000,0.70546,0.70496,45,10
2018-08-15 14:38:03.672000,0.70525,0.70475,45,307
2018-08-15 14:38:04.682000,0.70546,0.70496,450,10
2018-08-15 14:38:05.536000,0.7054,0.7049,45,10
2018-08-15 14:38:05.926000,0.70546,0.70496,45,10
2018-08-15 14:38:06.809000,0.70556,0.70506,307,10
2018-08-15 14:38:07.418000,0.70535,0.70485,45,307
2018-08-15 14:38:08.660000,0.70536,0.70486,45,10
2018-08-15 14:38:09.601000,0.70535,0.70485,45,307
2018-08-15 14:38:10.077000,0.7054,0.7049,45,10
2018-08-15 14:38:10.394000,0.70525,0.70475,45,307
2018-08-15 14:38:15.144000,0.70535,0.70485,45,307
2018-08-15 14:38:15.619000,0.70525,0.70475,187,307
2018-08-15 14:38:16.989000,0.70535,0.70485,187,307
2018-08-15 14:38:17.386000,0.70525,0.70475,45,450
2018-08-15 14:38:22.489000,0.70546,0.70496,307,10
2018-08-15 14:38:23.237000,0.70556,0.70506,450,10
2018-08-15 14:38:23.992000,0.7055,0.705,45,8
2018-08-15 14:38:24.514000,0.70555,0.70505,187,307
2018-08-15 14:38:26.244000,0.70555,0.70505,187,36
2018-08-15 14:38:26.503000,0.70535,0.70485,45,307
2018-08-15 14:38:28.010000,0.70545,0.70495,45,307
2018-08-15 14:38:28.520000,0.70566,0.70516,307,8
2018-08-15 14:38:29.522000,0.70545,0.70495,45,307
2018-08-15 14:38:30.613000,0.70551,0.70501,45,8
2018-08-15 14:38:31.007000,0.70545,0.70495,45,450
2018-08-15 14:38:33.402000,0.70546,0.70496,187,8
2018-08-15 14:38:34.345000,0.70536,0.70486,45,8
2018-08-15 14:38:35.603000,0.70546,0.70496,307,8
2018-08-15 14:38:37.141000,0.7054,0.7049,45,8
2018-08-15 14:38:37.733000,0.70525,0.70475,45,450
2018-08-15 14:38:51.588000,0.70525,0.70475,187,36
2018-08-15 14:38:51.639000,0.70505,0.70455,187,307
2018-08-15 14:38:51.826000,0.7051,0.7046,187,15
2018-08-15 14:38:52.718000,0.70516,0.70466,45,15
2018-08-15 14:38:54.148000,0.70526,0.70476,307,15
2018-08-15 14:38:54.656000,0.70521,0.70471,187,15
2018-08-15 14:38:55.025000,0.70515,0.70465,187,15
2018-08-15 14:38:55.356000,0.70521,0.70471,187,15
2018-08-15 14:38:55.687000,0.70515,0.70465,187,450
2018-08-15 14:38:56.142000,0.70521,0.70471,45,15
2018-08-15 14:38:56.997000,0.70515,0.70465,187,15
2018-08-15 14:39:00.031000,0.70536,0.70486,307,15
2018-08-15 14:39:00.358000,0.70546,0.70496,450,15
2018-08-15 14:39:01.479000,0.70566,0.70516,450,15
2018-08-15 14:39:01.786000,0.70565,0.70515,262,15
2018-08-15 14:39:01.912000,0.70586,0.70536,187,15
2018-08-15 14:39:01.963000,0.70585,0.70535,45,307
2018-08-15 14:39:02.502000,0.70605,0.70555,307,15
2018-08-15 14:39:02.932000,0.70626,0.70576,307,15
2018-08-15 14:39:03.412000,0.70635,0.70585,307,15
2018-08-15 14:39:03.752000,0.70635,0.70585,187,307
2018-08-15 14:39:04.498000,0.70656,0.70606,307,15
2018-08-15 14:39:05.193000,0.70646,0.70596,45,15
2018-08-15 14:39:06.181000,0.70641,0.70591,187,15
2018-08-15 14:39:06.737000,0.70635,0.70585,187,15
2018-08-15 14:39:07.088000,0.70626,0.70576,45,15
2018-08-15 14:39:07.415000,0.70605,0.70555,45,307
2018-08-15 14:39:07.772000,0.70615,0.70565,187,307
2018-08-15 14:39:08.493000,0.70631,0.70581,45,15
2018-08-15 14:39:08.824000,0.70635,0.70585,307,15
2018-08-15 14:39:09.963000,0.70626,0.70576,45,15
2018-08-15 14:39:10.854000,0.70621,0.70571,45,15
2018-08-15 14:39:11.174000,0.70615,0.70565,45,307
2018-08-15 14:39:11.517000,0.70616,0.70566,187,15
2018-08-15 14:39:15.982000,0.70611,0.70561,45,15
2018-08-15 14:39:16.461000,0.70605,0.70555,45,15
2018-08-15 14:39:16.900000,0.70601,0.70551,45,15
2018-08-15 14:39:17.246000,0.70585,0.70535,45,450
2018-08-15 14:39:17.582000,0.7059,0.7054,45,15
2018-08-15 14:39:18.435000,0.70585,0.70535,45,307
2018-08-15 14:39:18.750000,0.7058,0.7053,45,15
2018-08-15 14:39:19.154000,0.70575,0.70525,187,307
2018-08-15 14:39:19.509000,0.70585,0.70535,45,307
2018-08-15 14:39:21.303000,0.70594,0.70544,45,15
2018-08-15 14:39:23.237000,0.70605,0.70555,45,307
2018-08-15 14:39:23.981000,0.70605,0.70555,45,15
2018-08-15 14:39:24.533000,0.70605,0.70555,45,307
2018-08-15 14:39:25.324000,0.70611,0.70561,45,15
2018-08-15 14:39:25.626000,0.70595,0.70545,262,15
2018-08-15 14:39:25.676000,0.70585,0.70535,45,307
2018-08-15 14:39:26.001000,0.70586,0.70536,45,15
2018-08-15 14:39:26.438000,0.70565,0.70515,45,307
2018-08-15 14:39:26.945000,0.70586,0.70536,307,17
2018-08-15 14:39:27.557000,0.70585,0.70535,45,307
2018-08-15 14:39:27.896000,0.70601,0.70551,187,17
2018-08-15 14:39:28.424000,0.70586,0.70536,45,17
2018-08-15 14:39:28.758000,0.70596,0.70546,307,15
2018-08-15 14:39:29.272000,0.70591,0.70541,45,15
2018-08-15 14:39:29.616000,0.70585,0.70535,45,450
2018-08-15 14:39:30.069000,0.70591,0.70541,187,15
2018-08-15 14:39:30.816000,0.70585,0.70535,45,450
2018-08-15 14:39:33.210000,0.70586,0.70536,45,15
2018-08-15 14:39:33.803000,0.70591,0.70541,45,15
2018-08-15 14:39:34.111000,0.70575,0.70525,45,450
2018-08-15 14:39:35.834000,0.70596,0.70546,307,15
2018-08-15 14:39:36.440000,0.70605,0.70555,307,15
2018-08-15 14:39:37.596000,0.706,0.7055,45,15
2018-08-15 14:39:38.061000,0.70605,0.70555,45,307
2018-08-15 14:39:38.958000,0.70605,0.70555,45,307
2018-08-15 14:39:39.420000,0.70605,0.70555,45,307
2018-08-15 14:39:39.742000,0.70626,0.70576,307,15
2018-08-15 14:39:42.217000,0.70625,0.70575,262,15
2018-08-15 14:39:42.285000,0.7063,0.7058,45,15
2018-08-15 14:39:42.335000,0.70635,0.70585,307,15
2018-08-15 14:39:42.826000,0.70641,0.70591,45,15
2018-08-15 14:39:43.387000,0.70635,0.70585,45,307
2018-08-15 14:39:44.856000,0.70635,0.70585,45,307
2018-08-15 14:39:45.191000,0.70635,0.70585,45,15
2018-08-15 14:39:45.575000,0.7064,0.7059,187,15
2018-08-15 14:39:46.071000,0.70635,0.70585,187,450
2018-08-15 14:39:46.390000,0.70651,0.70601,187,15
2018-08-15 14:39:46.782000,0.70665,0.70615,450,15
2018-08-15 14:39:47.172000,0.70661,0.70611,45,15
2018-08-15 14:39:47.638000,0.70676,0.70626,307,15
2018-08-15 14:39:48.712000,0.70665,0.70615,45,307
2018-08-15 14:39:49.027000,0.70665,0.70615,45,307
2018-08-15 14:39:49.370000,0.70675,0.70625,45,307
2018-08-15 14:39:49.983000,0.70696,0.70646,307,15
2018-08-15 14:39:50.293000,0.70691,0.70641,45,15
2018-08-15 14:39:50.729000,0.70685,0.70635,45,15
2018-08-15 14:39:51.281000,0.70691,0.70641,45,15
2018-08-15 14:39:51.737000,0.70686,0.70636,45,15
2018-08-15 14:39:52.344000,0.70685,0.70625,262,262
2018-08-15 14:39:52.394000,0.70696,0.70646,450,15
2018-08-15 14:39:52.869000,0.70706,0.70656,450,15
2018-08-15 14:39:53.209000,0.70701,0.70651,45,15
2018-08-15 14:39:53.632000,0.70685,0.70635,45,307
2018-08-15 14:39:53.983000,0.70691,0.70641,45,15
2018-08-15 14:39:54.290000,0.70675,0.70625,45,307
2018-08-15 14:39:55.043000,0.70696,0.70646,307,15
2018-08-15 14:39:55.604000,0.70691,0.70641,45,15
2018-08-15 14:39:55.940000,0.70685,0.70635,45,15
2018-08-15 14:39:56.272000,0.70691,0.70641,45,15
2018-08-15 14:39:56.766000,0.70686,0.70636,45,15
2018-08-15 14:39:58.756000,0.70691,0.70641,45,15
2018-08-15 14:39:59.177000,0.70686,0.70636,45,15
2018-08-15 14:39:59.501000,0.70691,0.70641,45,15
2018-08-15 14:40:00.207000,0.70686,0.70636,45,15
2018-08-15 14:40:01.823000,0.7068,0.7063,45,15
2018-08-15 14:40:02.800000,0.70675,0.70625,375,450
2018-08-15 14:40:03.185000,0.7068,0.7063,45,15
2018-08-15 14:40:03.506000,0.70675,0.70625,45,450
2018-08-15 14:40:03.993000,0.70676,0.70626,45,15
2018-08-15 14:40:05.045000,0.70671,0.70621,45,15
2018-08-15 14:40:05.398000,0.70665,0.70615,187,307
2018-08-15 14:40:05.753000,0.70665,0.70615,187,307
2018-08-15 14:40:06.082000,0.70676,0.70626,307,15
2018-08-15 14:40:06.496000,0.70665,0.70615,307,15
2018-08-15 14:40:06.913000,0.70671,0.70621,375,15
2018-08-15 14:40:07.291000,0.70665,0.70615,375,637
2018-08-15 14:40:07.921000,0.70671,0.70621,375,15
2018-08-15 14:40:08.294000,0.70665,0.70615,637,15
2018-08-15 14:40:08.625000,0.70656,0.70606,187,15
2018-08-15 14:40:09.114000,0.70654,0.70604,45,15
2018-08-15 14:40:09.447000,0.70656,0.70606,45,15
2018-08-15 14:40:10.253000,0.70635,0.70585,45,450
2018-08-15 14:40:11.374000,0.70625,0.70575,45,637
2018-08-15 14:40:11.837000,0.70625,0.70575,45,262
2018-08-15 14:40:11.887000,0.70605,0.70555,45,450
2018-08-15 14:40:14.168000,0.706,0.70545,45,450
2018-08-15 14:40:14.651000,0.70594,0.70544,45,307
2018-08-15 14:40:15.463000,0.70585,0.70535,187,307
2018-08-15 14:40:17.382000,0.70575,0.70525,45,450
2018-08-15 14:40:17.924000,0.7058,0.70525,45,450
2018-08-15 14:40:18.272000,0.70585,0.70525,45,450
2018-08-15 14:40:19.454000,0.7059,0.70535,45,307
2018-08-15 14:40:19.956000,0.70585,0.70535,45,307
2018-08-15 14:40:20.366000,0.7058,0.70525,45,450
2018-08-15 14:40:20.896000,0.70585,0.70535,45,450
2018-08-15 14:40:21.391000,0.70575,0.70525,45,450
2018-08-15 14:40:21.712000,0.70565,0.70515,45,450
2018-08-15 14:40:22.674000,0.70555,0.70505,45,307
2018-08-15 14:40:23.471000,0.7055,0.70495,187,307
2018-08-15 14:40:23.809000,0.70545,0.70495,187,307
2018-08-15 14:40:24.927000,0.70555,0.70495,450,450
2018-08-15 14:40:25.318000,0.70545,0.70495,187,450
2018-08-15 14:40:27.628000,0.7055,0.70495,45,307
2018-08-15 14:40:27.965000,0.70545,0.70495,45,307
2018-08-15 14:40:29.453000,0.70535,0.70485,45,307
2018-08-15 14:40:30.417000,0.70525,0.70475,187,307
2018-08-15 14:40:30.937000,0.70535,0.70485,187,307
2018-08-15 14:40:31.442000,0.70525,0.70475,187,307
2018-08-15 14:40:31.975000,0.70535,0.70485,187,307
2018-08-15 14:40:36.124000,0.70525,0.70475,187,307
2018-08-15 14:40:36.687000,0.70535,0.70485,187,307
2018-08-15 14:40:39.776000,0.70525,0.70475,187,307
2018-08-15 14:40:40.215000,0.70535,0.70475,307,450
2018-08-15 14:40:40.700000,0.70529,0.70479,187,307
2018-08-15 14:40:41.044000,0.70535,0.70485,187,307
2018-08-15 14:40:41.426000,0.70525,0.70475,45,450
2018-08-15 14:40:41.753000,0.70535,0.70485,45,450
2018-08-15 14:40:43.893000,0.70525,0.70475,187,307
2018-08-15 14:40:44.633000,0.70535,0.70485,45,450
2018-08-15 14:40:45.155000,0.70525,0.70475,187,307
2018-08-15 14:40:47.396000,0.7052,0.70465,45,307
2018-08-15 14:40:47.767000,0.70515,0.70465,45,307
2018-08-15 14:40:48.109000,0.70505,0.70455,45,450
2018-08-15 14:40:48.457000,0.70515,0.70465,187,307
2018-08-15 14:40:48.769000,0.7051,0.70455,187,307
2018-08-15 14:40:49.139000,0.70515,0.70465,187,450
2018-08-15 14:40:50.205000,0.7051,0.70455,187,307
2018-08-15 14:40:50.529000,0.70525,0.70465,450,450
2018-08-15 14:40:51.441000,0.70535,0.70485,45,450
2018-08-15 14:40:55.862000,0.70525,0.70475,187,307
2018-08-15 14:40:57.202000,0.70515,0.70465,45,307
2018-08-15 14:40:57.792000,0.7052,0.70465,45,450
2018-08-15 14:40:58.128000,0.70515,0.70465,45,307
2018-08-15 14:40:58.456000,0.70505,0.70455,45,450
2018-08-15 14:40:58.839000,0.70515,0.70455,307,450
2018-08-15 14:40:59.378000,0.70525,0.70475,45,307
2018-08-15 14:40:59.796000,0.70529,0.70475,45,307
2018-08-15 14:41:00.158000,0.70525,0.70475,187,307
2018-08-15 14:41:00.595000,0.70529,0.70475,45,307
2018-08-15 14:41:01.092000,0.70525,0.70475,45,307
2018-08-15 14:41:01.517000,0.70535,0.70475,307,307
2018-08-15 14:41:02.133000,0.70525,0.70475,45,307
2018-08-15 14:41:02.504000,0.70529,0.70475,187,307
2018-08-15 14:41:02.945000,0.70525,0.70475,45,307
2018-08-15 14:41:03.551000,0.70529,0.70475,45,307
2018-08-15 14:41:04.089000,0.70525,0.70475,45,307
2018-08-15 14:41:04.419000,0.70535,0.70485,45,307
2018-08-15 14:41:04.751000,0.70529,0.70475,45,307
2018-08-15 14:41:05.076000,0.70525,0.70475,45,307
2018-08-15 14:41:05.412000,0.70529,0.70475,45,450
2018-08-15 14:41:05.728000,0.70525,0.70475,45,450
2018-08-15 14:41:06.449000,0.70535,0.70475,307,307
2018-08-15 14:41:13.483000,0.70529,0.70479,45,307
2018-08-15 14:41:13.942000,0.70535,0.70485,187,307
2018-08-15 14:41:16.432000,0.70529,0.70479,187,450
2018-08-15 14:41:16.796000,0.70535,0.70485,187,450
2018-08-15 14:41:18.725000,0.70529,0.70475,187,307
2018-08-15 14:41:19.083000,0.70535,0.70485,187,307
2018-08-15 14:41:19.399000,0.70525,0.70475,45,307
2018-08-15 14:41:20.094000,0.70535,0.70475,307,307
2018-08-15 14:41:20.425000,0.70525,0.70475,45,307
2018-08-15 14:41:22.285000,0.70535,0.70475,307,450
2018-08-15 14:41:22.745000,0.70525,0.70475,45,307
2018-08-15 14:41:24.323000,0.70535,0.70475,262,262
2018-08-15 14:41:24.374000,0.70525,0.70475,45,262
2018-08-15 14:41:24.475000,0.70515,0.70465,45,307
2018-08-15 14:41:25.618000,0.70505,0.70455,45,307
2018-08-15 14:41:29.139000,0.7051,0.70455,375,307
2018-08-15 14:41:30.132000,0.70515,0.70465,45,450
2018-08-15 14:41:30.465000,0.7051,0.7046,45,307
2018-08-15 14:41:30.796000,0.70515,0.70455,45,307
2018-08-15 14:41:31.132000,0.7051,0.7046,45,307
2018-08-15 14:41:32.132000,0.70515,0.70465,45,450
2018-08-15 14:41:32.468000,0.7051,0.70455,45,307
2018-08-15 14:41:33.337000,0.70515,0.70465,45,307
2018-08-15 14:41:33.715000,0.70525,0.70475,45,307
2018-08-15 14:41:34.140000,0.70535,0.70485,45,307
2018-08-15 14:41:34.321000,0.70545,0.70485,262,262
2018-08-15 14:41:34.371000,0.70555,0.70505,45,307
2018-08-15 14:41:34.915000,0.70565,0.70515,45,307
2018-08-15 14:41:35.301000,0.70555,0.70505,45,307
2018-08-15 14:41:35.691000,0.70565,0.70515,45,450
2018-08-15 14:41:38.538000,0.70555,0.70505,45,307
2018-08-15 14:41:39.699000,0.70565,0.70505,307,307
2018-08-15 14:41:41.658000,0.70555,0.70505,45,307
2018-08-15 14:41:41.979000,0.70565,0.70505,307,307
2018-08-15 14:41:42.333000,0.7056,0.70505,45,450
2018-08-15 14:41:42.946000,0.7056,0.70495,307,450
2018-08-15 14:41:43.011000,0.70545,0.70495,45,450
2018-08-15 14:41:44.424000,0.7055,0.70495,45,307
2018-08-15 14:41:44.785000,0.70545,0.70495,45,307
2018-08-15 14:41:45.249000,0.70555,0.70495,307,307
2018-08-15 14:41:45.588000,0.7056,0.70505,45,307
2018-08-15 14:41:46.394000,0.70555,0.70505,187,307
2018-08-15 14:41:47.417000,0.7056,0.70505,45,450
2018-08-15 14:41:47.739000,0.70555,0.70505,45,450
2018-08-15 14:41:48.328000,0.70565,0.70505,307,307
2018-08-15 14:41:49.404000,0.7056,0.7051,45,307
2018-08-15 14:41:49.725000,0.70555,0.70505,45,307
2018-08-15 14:41:50.736000,0.70565,0.70505,307,307
2018-08-15 14:41:51.085000,0.7056,0.70505,45,307
2018-08-15 14:41:51.474000,0.70565,0.70515,45,307
2018-08-15 14:41:52.242000,0.7056,0.7051,45,307
2018-08-15 14:41:52.948000,0.70565,0.70515,45,450
2018-08-15 14:41:53.293000,0.70555,0.70505,45,450
2018-08-15 14:41:54.597000,0.7056,0.70505,45,307
2018-08-15 14:41:54.916000,0.70555,0.70505,45,307
2018-08-15 14:41:56.050000,0.70565,0.70505,307,307
2018-08-15 14:41:56.440000,0.70555,0.70505,45,307
2018-08-15 14:41:57.952000,0.7055,0.705,45,307
2018-08-15 14:41:58.266000,0.70555,0.70505,45,307
2018-08-15 14:41:59.999000,0.70565,0.70505,307,307
2018-08-15 14:42:02.290000,0.70555,0.70505,45,307
2018-08-15 14:42:02.858000,0.70565,0.70515,45,307
2018-08-15 14:42:04.341000,0.70555,0.70505,45,637
2018-08-15 14:42:05.976000,0.7055,0.70495,45,307
2018-08-15 14:42:06.586000,0.70555,0.70505,45,307
2018-08-15 14:42:07.172000,0.7055,0.705,45,307
2018-08-15 14:42:07.584000,0.70555,0.70505,45,307
2018-08-15 14:42:08.401000,0.70565,0.70515,45,307
2018-08-15 14:42:19.624000,0.70585,0.70515,307,450
2018-08-15 14:42:19.731000,0.7058,0.70515,307,450
2018-08-15 14:42:19.832000,0.7058,0.70525,45,450
2018-08-15 14:42:20.820000,0.70585,0.70535,187,450
2018-08-15 14:42:21.431000,0.70595,0.70545,45,307
2018-08-15 14:42:21.897000,0.706,0.7055,45,307
2018-08-15 14:42:22.404000,0.70594,0.70535,45,307
2018-08-15 14:42:22.933000,0.7059,0.70535,45,307
2018-08-15 14:42:23.967000,0.70585,0.70535,187,307
2018-08-15 14:42:24.399000,0.7058,0.7053,45,307
2018-08-15 14:42:24.731000,0.70575,0.70525,45,307
2018-08-15 14:42:25.112000,0.70565,0.70515,45,307
2018-08-15 14:42:25.547000,0.7056,0.70505,45,307
2018-08-15 14:42:25.969000,0.70555,0.70505,45,450
2018-08-15 14:42:26.792000,0.7055,0.70495,45,450
2018-08-15 14:42:27.339000,0.70555,0.70495,45,450
2018-08-15 14:42:27.742000,0.70565,0.70515,45,307
2018-08-15 14:42:28.155000,0.70555,0.70505,45,307
2018-08-15 14:42:28.746000,0.70565,0.70505,307,307
2018-08-15 14:42:29.070000,0.70555,0.70505,45,450
2018-08-15 14:42:29.947000,0.7055,0.70495,45,307
2018-08-15 14:42:30.346000,0.70555,0.70505,45,307
2018-08-15 14:42:30.657000,0.7055,0.705,45,307
2018-08-15 14:42:31.011000,0.70545,0.70495,187,450
2018-08-15 14:42:33.545000,0.70555,0.70505,45,450
2018-08-15 14:42:33.955000,0.70565,0.70515,45,307
2018-08-15 14:42:34.309000,0.70575,0.70525,45,307
2018-08-15 14:42:34.624000,0.70565,0.70515,45,307
2018-08-15 14:42:34.975000,0.7055,0.705,45,307
2018-08-15 14:42:35.326000,0.70555,0.70505,45,307
2018-08-15 14:42:36.616000,0.7055,0.70495,187,307
2018-08-15 14:42:36.957000,0.70545,0.70495,45,450
2018-08-15 14:42:39.205000,0.70535,0.70485,45,450
2018-08-15 14:42:39.530000,0.70529,0.70479,45,307
2018-08-15 14:42:39.879000,0.70525,0.70475,45,1000
2018-08-15 14:42:40.309000,0.70515,0.70465,45,450
2018-08-15 14:42:40.798000,0.7051,0.70465,1,450
2018-08-15 14:42:41.087000,0.70505,0.70455,187,307
2018-08-15 14:42:43.104000,0.70495,0.70445,45,307
2018-08-15 14:42:44.863000,0.7049,0.7044,45,307
2018-08-15 14:42:45.438000,0.70485,0.70435,45,307
2018-08-15 14:42:46.012000,0.70475,0.70425,45,307
2018-08-15 14:42:46.336000,0.70485,0.70435,45,307
2018-08-15 14:42:46.995000,0.70475,0.70425,45,450
2018-08-15 14:42:51.218000,0.7048,0.7043,45,1
2018-08-15 14:42:51.800000,0.70485,0.70435,187,307
2018-08-15 14:42:55.946000,0.70495,0.70445,262,1
2018-08-15 14:42:55.997000,0.7051,0.70466,1,1
2018-08-15 14:42:56.048000,0.7051,0.70486,1,1
2018-08-15 14:42:56.850000,0.7051,0.70481,1,1
2018-08-15 14:42:57.048000,0.7051,0.70486,1,1
2018-08-15 14:42:57.174000,0.7051,0.70481,1,1
2018-08-15 14:42:57.297000,0.7051,0.70486,1,1
2018-08-15 14:42:58.223000,0.7051,0.70476,1,1
2018-08-15 14:42:58.331000,0.7051,0.70481,1,1
2018-08-15 14:42:58.659000,0.7051,0.70496,1,1
2018-08-15 14:42:59.154000,0.7051,0.70501,1,1
2018-08-15 14:42:59.411000,0.7051,0.70486,1,1
2018-08-15 14:42:59.705000,0.7051,0.70481,1,1
2018-08-15 14:42:59.962000,0.7051,0.70476,1,1
2018-08-15 14:43:00.052000,0.7051,0.70481,1,1
2018-08-15 14:43:00.374000,0.7051,0.70486,1,1
2018-08-15 14:43:00.424000,0.70536,0.70486,307,1
2018-08-15 14:43:00.488000,0.70515,0.70465,45,307
2018-08-15 14:43:00.951000,0.70516,0.70466,45,1
2018-08-15 14:43:01.311000,0.7051,0.7046,45,1
2018-08-15 14:43:01.748000,0.70506,0.70456,187,1
2018-08-15 14:43:02.074000,0.70505,0.70455,187,307
2018-08-15 14:43:02.589000,0.7051,0.7046,45,1
2018-08-15 14:43:03.068000,0.70505,0.70455,45,307
2018-08-15 14:43:03.410000,0.70495,0.70445,45,450
2018-08-15 14:43:04.393000,0.70505,0.70455,45,637
2018-08-15 14:43:05.347000,0.7052,0.7047,45,1
2018-08-15 14:43:06.097000,0.70529,0.70479,45,1
2018-08-15 14:43:06.445000,0.70535,0.70485,45,307
2018-08-15 14:43:06.760000,0.70551,0.70501,45,1
2018-08-15 14:43:07.093000,0.70535,0.70485,45,307
2018-08-15 14:43:07.445000,0.70545,0.70495,45,307
2018-08-15 14:43:07.839000,0.70546,0.70496,45,1
2018-08-15 14:43:08.918000,0.7054,0.7049,187,1
2018-08-15 14:43:09.366000,0.70525,0.70475,45,307
2018-08-15 14:43:09.686000,0.70535,0.70485,45,307
2018-08-15 14:43:11.608000,0.70545,0.70495,262,1
2018-08-15 14:43:11.857000,0.70555,0.70505,45,307
2018-08-15 14:43:12.240000,0.70545,0.70495,45,307
2018-08-15 14:43:14.715000,0.70566,0.70516,307,1
2018-08-15 14:43:15.028000,0.70555,0.70505,262,1
2018-08-15 14:43:15.078000,0.70571,0.70521,45,1
2018-08-15 14:43:15.343000,0.70565,0.70515,45,1
2018-08-15 14:43:16.500000,0.70586,0.70536,307,1
2018-08-15 14:43:16.839000,0.70596,0.70546,307,1
2018-08-15 14:43:17.230000,0.70591,0.70541,45,1
2018-08-15 14:43:17.661000,0.70586,0.70536,45,1
2018-08-15 14:43:18.228000,0.70596,0.70546,307,1
2018-08-15 14:43:19.849000,0.70591,0.70541,187,1
2018-08-15 14:43:20.326000,0.70575,0.70525,45,307
2018-08-15 14:43:21.224000,0.70596,0.70546,307,1
2018-08-15 14:43:21.565000,0.70591,0.70541,45,1
2018-08-15 14:43:22.045000,0.70605,0.70555,307,1
2018-08-15 14:43:23.631000,0.70585,0.70535,45,307
2018-08-15 14:43:25.791000,0.70591,0.70541,45,1
2018-08-15 14:43:26.100000,0.70575,0.70525,45,307
2018-08-15 14:43:26.969000,0.70581,0.70531,45,1
2018-08-15 14:43:27.746000,0.70565,0.70515,45,450
2018-08-15 14:43:28.650000,0.70566,0.70516,45,1
2018-08-15 14:43:29.633000,0.70565,0.70515,45,1
2018-08-15 14:43:30.080000,0.7057,0.7052,45,1
2018-08-15 14:43:30.432000,0.70575,0.70525,187,307
2018-08-15 14:43:31.047000,0.7058,0.7053,45,1
2018-08-15 14:43:31.466000,0.70575,0.70525,45,307
2018-08-15 14:43:32.041000,0.7058,0.7053,45,1
2018-08-15 14:43:32.789000,0.70585,0.70535,45,307
2018-08-15 14:43:33.945000,0.70605,0.70555,637,1
2018-08-15 14:43:36.079000,0.70605,0.70555,262,1
2018-08-15 14:43:36.222000,0.70621,0.70571,375,1
2018-08-15 14:43:36.623000,0.70605,0.70555,187,307
2018-08-15 14:43:36.950000,0.7061,0.7056,45,1
2018-08-15 14:43:37.409000,0.70615,0.70565,45,450
2018-08-15 14:43:37.715000,0.70631,0.70581,45,1
2018-08-15 14:43:38.071000,0.70615,0.70565,45,450
2018-08-15 14:43:38.404000,0.70621,0.70571,45,1
2018-08-15 14:43:38.808000,0.70615,0.70565,45,450
2018-08-15 14:43:41.091000,0.70625,0.70575,262,1
2018-08-15 14:43:41.195000,0.70624,0.70574,45,1
2018-08-15 14:43:41.316000,0.70625,0.70575,262,1
2018-08-15 14:43:41.367000,0.70641,0.70591,45,1
2018-08-15 14:43:41.509000,0.70635,0.70585,187,1
2018-08-15 14:43:41.973000,0.70635,0.70585,262,1
2018-08-15 14:43:42.079000,0.70646,0.70596,307,1
2018-08-15 14:43:42.435000,0.7064,0.7059,45,1
2018-08-15 14:43:42.779000,0.70645,0.70595,45,307
2018-08-15 14:43:43.188000,0.70654,0.70604,187,1
2018-08-15 14:43:43.822000,0.70671,0.70621,45,1
2018-08-15 14:43:44.379000,0.70665,0.70615,450,1
2018-08-15 14:43:44.702000,0.70645,0.70595,187,450
2018-08-15 14:43:45.343000,0.70651,0.70601,45,1
2018-08-15 14:43:45.751000,0.70645,0.70595,45,307
2018-08-15 14:43:46.094000,0.70635,0.70585,45,307
2018-08-15 14:43:46.660000,0.70656,0.70606,307,1
2018-08-15 14:43:48.280000,0.70654,0.70604,45,1
2018-08-15 14:43:49.179000,0.70655,0.70605,187,1
2018-08-15 14:43:49.400000,0.70646,0.70596,187,1
2018-08-15 14:43:49.450000,0.70661,0.70611,187,1
2018-08-15 14:43:50.207000,0.70645,0.70595,45,307
2018-08-15 14:43:54.495000,0.70651,0.70601,45,1
2018-08-15 14:43:54.889000,0.70645,0.70595,45,307
2018-08-15 14:43:56.614000,0.70651,0.70601,45,1
2018-08-15 14:43:56.957000,0.70645,0.70595,45,1
2018-08-15 14:43:57.834000,0.7065,0.706,45,1
2018-08-15 14:43:58.307000,0.70665,0.70615,307,1
2018-08-15 14:44:01.559000,0.70656,0.70606,45,1
2018-08-15 14:44:03.063000,0.70651,0.70601,45,1
2018-08-15 14:44:03.385000,0.70645,0.70595,45,1
2018-08-15 14:44:03.748000,0.70646,0.70596,45,1
2018-08-15 14:44:04.220000,0.7063,0.7058,45,1
2018-08-15 14:44:04.532000,0.70635,0.70585,45,1
2018-08-15 14:44:05.666000,0.70626,0.70576,45,1
2018-08-15 14:44:05.976000,0.70631,0.70581,45,1
2018-08-15 14:44:06.355000,0.70626,0.70576,45,1
2018-08-15 14:44:08.966000,0.70616,0.70566,45,1
2018-08-15 14:44:09.303000,0.70615,0.70565,45,307
2018-08-15 14:44:10.967000,0.70624,0.70574,45,1
2018-08-15 14:44:11.449000,0.70641,0.70591,45,1
2018-08-15 14:44:12.001000,0.70635,0.70585,307,1
2018-08-15 14:44:12.723000,0.7063,0.7058,45,1
2018-08-15 14:44:13.661000,0.7064,0.7059,187,1
2018-08-15 14:44:13.983000,0.70646,0.70596,45,1
2018-08-15 14:44:14.597000,0.70651,0.70601,45,1
2018-08-15 14:44:15.358000,0.70645,0.70595,187,307
2018-08-15 14:44:18.251000,0.70661,0.70611,45,1
2018-08-15 14:44:18.765000,0.70646,0.70596,187,1
2018-08-15 14:44:19.257000,0.70635,0.70585,450,1
2018-08-15 14:44:19.585000,0.7063,0.7058,45,1
2018-08-15 14:44:21.288000,0.70635,0.70585,187,450
2018-08-15 14:44:21.855000,0.7064,0.7059,45,1
2018-08-15 14:44:22.229000,0.70645,0.70595,45,307
2018-08-15 14:44:23.115000,0.70654,0.70604,45,1
2018-08-15 14:44:24.188000,0.70671,0.70621,45,1
2018-08-15 14:44:24.567000,0.70665,0.70615,187,307
2018-08-15 14:44:27.517000,0.70671,0.70621,45,1
2018-08-15 14:44:28.091000,0.70665,0.70615,187,307
2018-08-15 14:44:29.164000,0.70671,0.70621,45,1
2018-08-15 14:44:29.828000,0.70665,0.70615,187,1
2018-08-15 14:44:30.215000,0.70671,0.70621,45,1
2018-08-15 14:44:30.550000,0.70665,0.70615,307,1
2018-08-15 14:44:30.985000,0.7065,0.706,45,1
2018-08-15 14:44:31.403000,0.70665,0.70615,45,307
2018-08-15 14:44:31.875000,0.70665,0.70615,45,307
2018-08-15 14:44:32.257000,0.70671,0.70621,45,1
2018-08-15 14:44:32.578000,0.70665,0.70615,187,1
2018-08-15 14:44:33.200000,0.70671,0.70621,187,1
2018-08-15 14:44:33.950000,0.70665,0.70615,187,1
2018-08-15 14:44:41.541000,0.70675,0.70625,262,1
2018-08-15 14:44:41.757000,0.70695,0.70645,45,307
2018-08-15 14:44:47.600000,0.70696,0.70646,45,1
2018-08-15 14:44:48.504000,0.70706,0.70656,307,1
2018-08-15 14:44:49.533000,0.70716,0.70666,307,1
2018-08-15 14:44:50.621000,0.70711,0.70661,45,1
2018-08-15 14:44:51.190000,0.70705,0.70655,45,1
2018-08-15 14:44:51.514000,0.70726,0.70676,307,1
2018-08-15 14:44:51.952000,0.70715,0.70665,45,1
2018-08-15 14:44:52.055000,0.70705,0.70655,45,450
2018-08-15 14:44:53.550000,0.70695,0.70645,45,307
2018-08-15 14:44:53.917000,0.70711,0.70661,45,1
2018-08-15 14:44:54.850000,0.70706,0.70656,45,1
2018-08-15 14:44:55.168000,0.70705,0.70655,45,1
2018-08-15 14:44:55.615000,0.70695,0.70645,45,307
2018-08-15 14:44:57.694000,0.70701,0.70651,187,1
2018-08-15 14:44:58.161000,0.70685,0.70635,187,450
2018-08-15 14:44:58.524000,0.70695,0.70635,262,262
2018-08-15 14:44:58.574000,0.70705,0.70655,45,4
2018-08-15 14:44:59.421000,0.70726,0.70676,307,4
2018-08-15 14:45:02.969000,0.70736,0.70686,307,4
