time,ask,bid,ask_volume,bid_volume
2021-05-26 14:25:00.071000,0.68098,0.68048,45,169
2021-05-26 14:25:00.291000,0.68103,0.68053,409,60
2021-05-26 14:25:00.392000,0.68103,0.68053,45,60
2021-05-26 14:25:01.387000,0.68098,0.68048,56,112
2021-05-26 14:25:01.832000,0.68103,0.68053,56,60
2021-05-26 14:25:03.152000,0.68113,0.68063,425,60
2021-05-26 14:25:03.290000,0.68113,0.68063,45,60
2021-05-26 14:25:03.343000,0.68118,0.68068,500,100
2021-05-26 14:25:03.533000,0.68113,0.68063,45,45
2021-05-26 14:25:03.636000,0.68118,0.68068,112,75
2021-05-26 14:25:05.151000,0.68123,0.68073,45,60
2021-05-26 14:25:07.852000,0.68128,0.68078,500,100
2021-05-26 14:25:09.426000,0.68132,0.68082,56,60
2021-05-26 14:25:09.695000,0.68126,0.68076,262,60
2021-05-26 14:25:09.923000,0.68128,0.68078,449,112
2021-05-26 14:25:10.194000,0.68123,0.68073,45,112
2021-05-26 14:25:10.843000,0.68128,0.68078,425,112
2021-05-26 14:25:12.219000,0.68123,0.68073,45,112
2021-05-26 14:25:14.317000,0.68128,0.68078,425,112
2021-05-26 14:25:14.929000,0.68123,0.68073,45,112
2021-05-26 14:25:16.714000,0.68128,0.68078,425,112
2021-05-26 14:25:18.007000,0.68123,0.68073,45,112
2021-05-26 14:25:18.271000,0.68128,0.68078,500,112
2021-05-26 14:25:21.865000,0.68123,0.68073,45,112
2021-05-26 14:25:22.023000,0.68128,0.68078,500,112
2021-05-26 14:25:27.578000,0.68123,0.68073,45,112
2021-05-26 14:25:29.785000,0.68116,0.68066,262,75
2021-05-26 14:25:30.148000,0.68113,0.68063,56,60
2021-05-26 14:25:32.319000,0.68118,0.68068,500,60
2021-05-26 14:25:32.572000,0.68113,0.68063,45,60
2021-05-26 14:25:45.452000,0.68132,0.68082,449,60
2021-05-26 14:25:45.518000,0.68126,0.68076,262,60
2021-05-26 14:25:45.568000,0.68113,0.68063,45,56
2021-05-26 14:25:45.708000,0.68113,0.68063,45,100
2021-05-26 14:25:53.138000,0.68108,0.68058,112,60
2021-05-26 14:25:53.491000,0.68103,0.68053,45,100
2021-05-26 14:25:56.204000,0.68098,0.68048,112,75
2021-05-26 14:25:56.349000,0.68093,0.68043,56,60
2021-05-26 14:25:56.507000,0.68088,0.68038,112,100
2021-05-26 14:25:56.724000,0.68083,0.68033,45,75
2021-05-26 14:25:56.906000,0.68083,0.68033,45,100
2021-05-26 14:26:09.831000,0.68063,0.68013,45,500
2021-05-26 14:26:10.189000,0.68063,0.68013,45,60
2021-05-26 14:26:11.917000,0.68058,0.68008,75,112
2021-05-26 14:26:13.582000,0.68063,0.68013,56,60
2021-05-26 14:26:13.933000,0.68058,0.68008,56,112
2021-05-26 14:26:14.172000,0.68063,0.68013,56,60
2021-05-26 14:26:15.136000,0.68058,0.68008,56,112
2021-05-26 14:26:15.556000,0.68063,0.68013,56,60
2021-05-26 14:26:17.113000,0.68053,0.68003,562,100
2021-05-26 14:26:27.040000,0.68043,0.67993,45,56
2021-05-26 14:26:27.152000,0.68043,0.67993,45,100
2021-05-26 14:26:27.295000,0.68044,0.67994,45,262
2021-05-26 14:26:27.349000,0.68048,0.67998,562,112
2021-05-26 14:26:27.944000,0.68043,0.67993,45,112
2021-05-26 14:26:28.226000,0.68048,0.67998,562,112
2021-05-26 14:26:30.038000,0.68043,0.67993,45,112
2021-05-26 14:26:32.659000,0.68048,0.67998,1100,112
2021-05-26 14:26:34.948000,0.68053,0.68003,562,60
2021-05-26 14:26:41.600000,0.68078,0.68028,425,60
2021-05-26 14:26:41.727000,0.68073,0.68023,409,60
2021-05-26 14:26:41.778000,0.68073,0.68023,45,60
2021-05-26 14:26:42.405000,0.68066,0.68016,262,60
2021-05-26 14:26:42.566000,0.68073,0.68023,56,60
2021-05-26 14:26:44.024000,0.68083,0.68033,409,60
2021-05-26 14:26:44.084000,0.68083,0.68033,45,60
2021-05-26 14:26:49.978000,0.68078,0.68028,75,112
2021-05-26 14:26:51.307000,0.68073,0.68023,45,75
2021-05-26 14:26:51.439000,0.68073,0.68023,45,100
2021-05-26 14:26:51.592000,0.68078,0.68028,75,112
2021-05-26 14:26:53.325000,0.68083,0.68033,75,60
2021-05-26 14:26:57.600000,0.68078,0.68028,56,112
2021-05-26 14:27:00.913000,0.68083,0.68033,56,60
2021-05-26 14:27:01.093000,0.68058,0.68008,45,169
2021-05-26 14:27:01.291000,0.68063,0.68013,45,60
2021-05-26 14:27:02.499000,0.68073,0.68023,449,60
2021-05-26 14:27:02.549000,0.68073,0.68023,75,60
2021-05-26 14:27:05.303000,0.68066,0.68016,262,112
2021-05-26 14:27:05.470000,0.68073,0.68023,449,60
2021-05-26 14:27:05.520000,0.68073,0.68023,75,60
2021-05-26 14:27:05.670000,0.68068,0.68018,75,112
2021-05-26 14:27:05.807000,0.68073,0.68023,449,60
2021-05-26 14:27:05.911000,0.68073,0.68023,75,60
2021-05-26 14:27:07.288000,0.68068,0.68018,75,112
2021-05-26 14:27:08.151000,0.68073,0.68023,425,60
2021-05-26 14:27:08.201000,0.68073,0.68023,56,60
2021-05-26 14:27:09.061000,0.68068,0.68018,75,112
2021-05-26 14:27:09.315000,0.68073,0.68023,56,60
2021-05-26 14:27:09.446000,0.68068,0.68018,449,112
2021-05-26 14:27:09.826000,0.68073,0.68023,449,60
2021-05-26 14:27:09.876000,0.68073,0.68023,75,60
2021-05-26 14:27:29.508000,0.68066,0.68016,262,60
2021-05-26 14:27:29.558000,0.68063,0.68013,45,60
2021-05-26 14:27:30.158000,0.68068,0.68018,500,60
2021-05-26 14:27:31.200000,0.68063,0.68013,45,60
2021-05-26 14:27:31.329000,0.68068,0.68018,500,75
2021-05-26 14:27:32.478000,0.68073,0.68023,56,60
2021-05-26 14:27:32.892000,0.68066,0.68016,262,60
2021-05-26 14:27:32.942000,0.68068,0.68018,500,100
2021-05-26 14:27:34.710000,0.68063,0.68013,45,100
2021-05-26 14:27:34.862000,0.68068,0.68018,425,75
2021-05-26 14:27:35.456000,0.68073,0.68023,75,60
2021-05-26 14:27:38.644000,0.68093,0.68043,425,60
2021-05-26 14:27:38.694000,0.68093,0.68043,56,60
2021-05-26 14:27:40.361000,0.68113,0.68063,449,60
2021-05-26 14:27:40.411000,0.68113,0.68063,75,60
2021-05-26 14:27:40.833000,0.68108,0.68058,56,169
2021-05-26 14:27:40.964000,0.68113,0.68063,45,60
2021-05-26 14:27:44.494000,0.68132,0.68082,409,60
2021-05-26 14:27:44.544000,0.68132,0.68082,45,60
2021-05-26 14:27:44.598000,0.68123,0.68073,45,45
2021-05-26 14:27:44.782000,0.68118,0.68068,56,112
2021-05-26 14:27:45.250000,0.68123,0.68073,56,60
2021-05-26 14:27:46.387000,0.68118,0.68068,75,112
2021-05-26 14:27:47.159000,0.68123,0.68073,75,60
2021-05-26 14:27:48.384000,0.68118,0.68068,75,112
2021-05-26 14:27:49.694000,0.68123,0.68073,45,60
2021-05-26 14:27:50.587000,0.68128,0.68078,449,60
2021-05-26 14:27:51.267000,0.68132,0.68082,449,60
2021-05-26 14:27:51.606000,0.68128,0.68078,449,100
2021-05-26 14:27:52.322000,0.68132,0.68082,449,60
2021-05-26 14:27:52.464000,0.68132,0.68082,75,60
2021-05-26 14:27:53.419000,0.68126,0.68076,262,60
2021-05-26 14:27:53.469000,0.68128,0.68078,449,112
2021-05-26 14:27:53.834000,0.68132,0.68082,56,60
2021-05-26 14:27:54.208000,0.68128,0.68078,56,75
2021-05-26 14:27:54.350000,0.68132,0.68082,425,60
2021-05-26 14:27:54.451000,0.68132,0.68082,56,60
2021-05-26 14:27:56.870000,0.68143,0.68093,425,60
2021-05-26 14:27:56.987000,0.68138,0.68088,449,75
2021-05-26 14:27:57.869000,0.68132,0.68082,45,45
2021-05-26 14:27:57.932000,0.68132,0.68082,45,60
2021-05-26 14:27:58.128000,0.68126,0.68076,262,100
2021-05-26 14:27:58.354000,0.68132,0.68082,45,60
2021-05-26 14:27:58.466000,0.68126,0.68076,262,60
2021-05-26 14:27:58.517000,0.68128,0.68078,409,100
2021-05-26 14:27:58.884000,0.68132,0.68082,409,60
2021-05-26 14:27:59.068000,0.68132,0.68082,45,60
2021-05-26 14:28:00.108000,0.68134,0.68084,45,262
2021-05-26 14:28:00.158000,0.68138,0.68088,45,75
2021-05-26 14:28:00.250000,0.68126,0.68076,262,75
2021-05-26 14:28:00.373000,0.68128,0.68078,425,112
2021-05-26 14:28:00.584000,0.68118,0.68068,75,100
2021-05-26 14:28:00.691000,0.68108,0.68058,75,56
2021-05-26 14:28:00.792000,0.68108,0.68058,75,75
2021-05-26 14:28:00.842000,0.68103,0.68053,45,45
2021-05-26 14:28:01.048000,0.68103,0.68053,45,60
2021-05-26 14:28:01.658000,0.68108,0.68058,409,100
2021-05-26 14:28:03.078000,0.68103,0.68053,45,60
2021-05-26 14:28:03.232000,0.68096,0.68046,262,60
2021-05-26 14:28:03.282000,0.68098,0.68048,409,100
2021-05-26 14:28:05.395000,0.68103,0.68053,409,60
2021-05-26 14:28:05.486000,0.68104,0.68054,45,262
2021-05-26 14:28:05.668000,0.68108,0.68058,45,225
2021-05-26 14:28:08.811000,0.68103,0.68053,45,45
2021-05-26 14:28:08.968000,0.68103,0.68053,45,60
2021-05-26 14:28:10.172000,0.68108,0.68058,409,60
2021-05-26 14:28:17.129000,0.68113,0.68063,45,60
2021-05-26 14:28:21.005000,0.68114,0.68064,45,262
2021-05-26 14:28:23.779000,0.68118,0.68068,56,60
2021-05-26 14:28:30.219000,0.68123,0.68073,45,60
2021-05-26 14:28:31.149000,0.68118,0.68068,45,60
2021-05-26 14:28:31.853000,0.68123,0.68073,45,60
2021-05-26 14:28:34.158000,0.68124,0.68074,45,262
2021-05-26 14:28:35.672000,0.68132,0.68082,45,60
2021-05-26 14:28:35.787000,0.68128,0.68078,45,60
2021-05-26 14:28:36.790000,0.68132,0.68082,409,60
2021-05-26 14:28:37.037000,0.68132,0.68082,45,60
2021-05-26 14:28:37.747000,0.68128,0.68078,45,60
2021-05-26 14:28:39.727000,0.68118,0.68068,45,60
2021-05-26 14:28:41.096000,0.68123,0.68073,45,60
2021-05-26 14:28:47.318000,0.68118,0.68068,45,60
2021-05-26 14:28:51.133000,0.68103,0.68053,45,409
2021-05-26 14:28:51.183000,0.68103,0.68053,45,60
2021-05-26 14:28:52.994000,0.68098,0.68048,45,60
2021-05-26 14:28:58.993000,0.68093,0.68043,45,60
2021-05-26 14:28:59.145000,0.68098,0.68048,409,60
2021-05-26 14:29:00.452000,0.68093,0.68043,45,60
2021-05-26 14:29:01.182000,0.68086,0.68036,262,60
2021-05-26 14:29:01.255000,0.68088,0.68038,409,112
2021-05-26 14:29:06.996000,0.68083,0.68033,45,100
2021-05-26 14:29:07.571000,0.68088,0.68038,425,75
2021-05-26 14:29:16.903000,0.68103,0.68053,409,60
2021-05-26 14:29:17.036000,0.68108,0.68058,409,60
2021-05-26 14:29:17.086000,0.68108,0.68058,45,60
2021-05-26 14:29:24.209000,0.68103,0.68053,45,60
2021-05-26 14:29:30.794000,0.68108,0.68058,409,100
2021-05-26 14:29:35.850000,0.68098,0.68048,45,45
2021-05-26 14:29:35.986000,0.68096,0.68046,262,60
2021-05-26 14:29:39.353000,0.68103,0.68053,409,60
2021-05-26 14:29:39.403000,0.68103,0.68053,45,60
2021-05-26 14:29:42.787000,0.68098,0.68048,45,60
2021-05-26 14:29:43.001000,0.68093,0.68043,45,60
2021-05-26 14:29:44.014000,0.68088,0.68038,45,60
2021-05-26 14:29:44.779000,0.68093,0.68043,45,60
2021-05-26 14:29:48.392000,0.68088,0.68038,45,60
2021-05-26 14:29:55.993000,0.68093,0.68043,45,60
2021-05-26 14:29:56.152000,0.68098,0.68048,409,60
2021-05-26 14:29:56.490000,0.68093,0.68043,45,60
2021-05-26 14:29:56.855000,0.68098,0.68048,409,60
2021-05-26 14:29:58.324000,0.68108,0.68058,409,60
2021-05-26 14:29:58.374000,0.68108,0.68058,45,60
2021-05-26 14:30:00.148000,0.68113,0.68063,45,60
2021-05-26 14:30:00.275000,0.68114,0.68064,45,262
2021-05-26 14:30:00.325000,0.68118,0.68068,45,60
2021-05-26 14:30:00.605000,0.68128,0.68078,409,60
2021-05-26 14:30:00.726000,0.68132,0.68082,45,60
2021-05-26 14:30:00.885000,0.68133,0.68083,45,60
2021-05-26 14:30:01.046000,0.68153,0.68103,45,60
2021-05-26 14:30:01.207000,0.68146,0.68096,262,60
2021-05-26 14:30:01.257000,0.68143,0.68093,112,60
2021-05-26 14:30:02.014000,0.68138,0.68088,45,60
2021-05-26 14:30:03.524000,0.68143,0.68093,112,60
2021-05-26 14:30:04.824000,0.68138,0.68088,169,60
2021-05-26 14:30:05.148000,0.68128,0.68078,45,45
2021-05-26 14:30:05.199000,0.68128,0.68078,409,60
2021-05-26 14:30:05.376000,0.68133,0.68083,409,60
2021-05-26 14:30:05.489000,0.68133,0.68083,45,60
2021-05-26 14:30:07.864000,0.68138,0.68088,45,60
2021-05-26 14:30:08.690000,0.68132,0.68082,45,45
2021-05-26 14:30:08.740000,0.68132,0.68082,45,60
2021-05-26 14:30:08.856000,0.68134,0.68084,45,262
2021-05-26 14:30:09.186000,0.68143,0.68093,45,60
2021-05-26 14:30:09.347000,0.68136,0.68086,262,60
2021-05-26 14:30:09.781000,0.68138,0.68088,409,60
2021-05-26 14:30:10.019000,0.68132,0.68082,45,45
2021-05-26 14:30:10.098000,0.68132,0.68082,45,60
2021-05-26 14:30:10.245000,0.68128,0.68078,45,60
2021-05-26 14:30:10.457000,0.68098,0.68048,45,409
2021-05-26 14:30:10.507000,0.68096,0.68046,262,60
2021-05-26 14:30:10.558000,0.68093,0.68043,45,60
2021-05-26 14:30:10.844000,0.68083,0.68033,45,45
2021-05-26 14:30:10.945000,0.68083,0.68033,45,60
2021-05-26 14:30:11.117000,0.68078,0.68028,45,60
2021-05-26 14:30:11.968000,0.68083,0.68033,45,60
2021-05-26 14:30:12.217000,0.68078,0.68028,45,60
2021-05-26 14:30:12.817000,0.68154,0.68104,45,262
2021-05-26 14:30:12.967000,0.68148,0.68098,45,60
2021-05-26 14:30:13.070000,0.68143,0.68093,45,45
2021-05-26 14:30:13.217000,0.68123,0.68073,45,409
2021-05-26 14:30:13.290000,0.68123,0.68073,45,60
2021-05-26 14:30:14.046000,0.68118,0.68068,45,60
2021-05-26 14:30:14.167000,0.68113,0.68063,45,45
2021-05-26 14:30:14.412000,0.68108,0.68058,45,60
2021-05-26 14:30:14.798000,0.68113,0.68063,45,60
2021-05-26 14:30:14.903000,0.68146,0.68096,262,100
2021-05-26 14:30:15.061000,0.68163,0.68113,409,60
2021-05-26 14:30:15.171000,0.68164,0.68114,45,262
2021-05-26 14:30:15.221000,0.68158,0.68108,45,45
2021-05-26 14:30:15.332000,0.68158,0.68108,45,60
2021-05-26 14:30:15.481000,0.68163,0.68113,45,60
2021-05-26 14:30:15.596000,0.68173,0.68123,409,60
2021-05-26 14:30:15.656000,0.68173,0.68123,45,60
2021-05-26 14:30:15.978000,0.68174,0.68124,45,262
2021-05-26 14:30:16.448000,0.68178,0.68128,45,60
2021-05-26 14:30:16.629000,0.68188,0.68138,409,60
2021-05-26 14:30:17.114000,0.68223,0.68173,409,60
2021-05-26 14:30:17.193000,0.68223,0.68173,45,60
2021-05-26 14:30:17.243000,0.68228,0.68178,409,60
2021-05-26 14:30:17.468000,0.68223,0.68173,75,60
2021-05-26 14:30:17.574000,0.68218,0.68168,281,281
2021-05-26 14:30:17.692000,0.68223,0.68173,281,60
2021-05-26 14:30:17.823000,0.68228,0.68178,409,60
2021-05-26 14:30:18.238000,0.68233,0.68183,409,60
2021-05-26 14:30:18.317000,0.68234,0.68184,45,262
2021-05-26 14:30:18.432000,0.68238,0.68188,45,60
2021-05-26 14:30:19.030000,0.68248,0.68198,409,60
2021-05-26 14:30:19.131000,0.68278,0.68228,409,60
2021-05-26 14:30:19.181000,0.68278,0.68228,45,60
2021-05-26 14:30:19.236000,0.68287,0.68237,409,60
2021-05-26 14:30:19.623000,0.68276,0.68226,262,60
2021-05-26 14:30:19.749000,0.68268,0.68218,45,60
2021-05-26 14:30:19.799000,0.68256,0.68206,262,60
2021-05-26 14:30:19.892000,0.68257,0.68207,409,60
2021-05-26 14:30:20.026000,0.68263,0.68213,409,60
2021-05-26 14:30:20.127000,0.68273,0.68223,409,60
2021-05-26 14:30:20.225000,0.68268,0.68218,409,60
2021-05-26 14:30:20.275000,0.68274,0.68224,45,262
2021-05-26 14:30:20.328000,0.68287,0.68237,409,60
2021-05-26 14:30:20.428000,0.68294,0.68244,45,262
2021-05-26 14:30:20.523000,0.68298,0.68248,45,60
2021-05-26 14:30:20.636000,0.68293,0.68243,45,60
2021-05-26 14:30:20.746000,0.68293,0.68243,45,409
2021-05-26 14:30:20.796000,0.68308,0.68258,45,60
2021-05-26 14:30:21.068000,0.68303,0.68253,45,45
2021-05-26 14:30:21.129000,0.68308,0.68258,45,60
2021-05-26 14:30:21.428000,0.68318,0.68268,409,60
2021-05-26 14:30:21.911000,0.68293,0.68243,45,425
2021-05-26 14:30:22.058000,0.68293,0.68243,45,60
2021-05-26 14:30:22.388000,0.68303,0.68253,45,45
2021-05-26 14:30:22.638000,0.68308,0.68258,45,60
2021-05-26 14:30:22.739000,0.68298,0.68248,45,45
2021-05-26 14:30:22.789000,0.68308,0.68258,409,60
2021-05-26 14:30:23.268000,0.68298,0.68248,45,75
2021-05-26 14:30:23.379000,0.68308,0.68258,409,60
2021-05-26 14:30:23.645000,0.68303,0.68253,45,100
2021-05-26 14:30:23.750000,0.68298,0.68248,45,60
2021-05-26 14:30:23.911000,0.68286,0.68236,262,60
2021-05-26 14:30:23.962000,0.68287,0.68237,409,60
2021-05-26 14:30:24.072000,0.68294,0.68244,45,262
2021-05-26 14:30:24.233000,0.68286,0.68236,262,60
2021-05-26 14:30:24.758000,0.68283,0.68233,45,60
2021-05-26 14:30:25.087000,0.68263,0.68213,45,409
2021-05-26 14:30:25.201000,0.68253,0.68203,45,409
2021-05-26 14:30:25.252000,0.68253,0.68203,45,60
2021-05-26 14:30:25.370000,0.68257,0.68207,409,60
2021-05-26 14:30:25.473000,0.68253,0.68203,45,60
2021-05-26 14:30:25.700000,0.68257,0.68207,409,60
2021-05-26 14:30:25.966000,0.68253,0.68203,45,60
2021-05-26 14:30:26.161000,0.68257,0.68207,409,60
2021-05-26 14:30:26.933000,0.68263,0.68213,409,60
2021-05-26 14:30:26.984000,0.68263,0.68213,45,60
2021-05-26 14:30:27.609000,0.68257,0.68207,45,60
2021-05-26 14:30:28.425000,0.68268,0.68218,409,60
2021-05-26 14:30:28.475000,0.68268,0.68218,45,60
2021-05-26 14:30:29.028000,0.68256,0.68206,262,60
2021-05-26 14:30:29.160000,0.68253,0.68203,45,60
2021-05-26 14:30:29.654000,0.68257,0.68207,409,60
2021-05-26 14:30:29.854000,0.68253,0.68203,45,60
2021-05-26 14:30:29.995000,0.68246,0.68196,262,60
2021-05-26 14:30:30.146000,0.68238,0.68188,45,60
2021-05-26 14:30:30.196000,0.68226,0.68176,262,60
2021-05-26 14:30:30.313000,0.68228,0.68178,409,60
2021-05-26 14:30:30.787000,0.68233,0.68183,409,60
2021-05-26 14:30:30.837000,0.68233,0.68183,45,60
2021-05-26 14:30:31.120000,0.68226,0.68176,262,60
2021-05-26 14:30:31.246000,0.68228,0.68178,409,60
2021-05-26 14:30:31.546000,0.68233,0.68183,409,60
2021-05-26 14:30:31.647000,0.68233,0.68183,45,60
2021-05-26 14:30:31.884000,0.68228,0.68178,45,60
2021-05-26 14:30:33.736000,0.68253,0.68203,409,60
2021-05-26 14:30:33.786000,0.68253,0.68203,45,60
2021-05-26 14:30:34.485000,0.68268,0.68218,409,60
2021-05-26 14:30:34.604000,0.68268,0.68218,45,60
2021-05-26 14:30:35.206000,0.68274,0.68224,45,262
2021-05-26 14:30:35.306000,0.68278,0.68228,45,60
2021-05-26 14:30:36.254000,0.68298,0.68248,409,169
2021-05-26 14:30:36.345000,0.68298,0.68248,45,169
2021-05-26 14:30:37.575000,0.68293,0.68243,45,112
2021-05-26 14:30:39.068000,0.68278,0.68228,45,45
2021-05-26 14:30:39.170000,0.68273,0.68223,45,409
2021-05-26 14:30:39.270000,0.68273,0.68223,45,60
2021-05-26 14:30:40.434000,0.68278,0.68228,409,60
2021-05-26 14:30:40.690000,0.68273,0.68223,45,60
2021-05-26 14:30:41.480000,0.68268,0.68218,45,60
2021-05-26 14:30:41.650000,0.68257,0.68207,45,56
2021-05-26 14:30:41.700000,0.68256,0.68206,262,75
2021-05-26 14:30:41.862000,0.68263,0.68213,45,60
2021-05-26 14:30:42.884000,0.68273,0.68223,409,60
2021-05-26 14:30:42.960000,0.68273,0.68223,45,60
2021-05-26 14:30:44.090000,0.68268,0.68218,45,60
2021-05-26 14:30:45.571000,0.68257,0.68207,45,45
2021-05-26 14:30:45.630000,0.68256,0.68206,262,60
2021-05-26 14:30:46.186000,0.68253,0.68203,45,60
2021-05-26 14:30:46.631000,0.68257,0.68207,409,60
2021-05-26 14:30:47.203000,0.68283,0.68233,409,60
2021-05-26 14:30:47.341000,0.68283,0.68233,45,60
2021-05-26 14:30:47.506000,0.68287,0.68237,409,60
2021-05-26 14:30:48.228000,0.68268,0.68218,45,45
2021-05-26 14:30:48.318000,0.68268,0.68218,45,60
2021-05-26 14:30:49.816000,0.68273,0.68223,45,60
2021-05-26 14:30:50.476000,0.68268,0.68218,45,60
2021-05-26 14:30:50.683000,0.68257,0.68207,409,60
2021-05-26 14:30:52.815000,0.68253,0.68203,45,60
2021-05-26 14:30:53.293000,0.68257,0.68207,409,60
2021-05-26 14:30:54.249000,0.68253,0.68203,45,60
2021-05-26 14:30:54.883000,0.68257,0.68207,409,60
2021-05-26 14:30:55.205000,0.68264,0.68214,45,262
2021-05-26 14:30:55.475000,0.68268,0.68218,45,60
2021-05-26 14:30:55.889000,0.68273,0.68223,45,100
2021-05-26 14:30:56.086000,0.68274,0.68224,45,262
2021-05-26 14:30:56.221000,0.68268,0.68218,45,60
2021-05-26 14:30:58.398000,0.68274,0.68224,45,262
2021-05-26 14:30:58.672000,0.68273,0.68223,45,45
2021-05-26 14:30:58.776000,0.68283,0.68233,425,60
2021-05-26 14:30:58.838000,0.68283,0.68233,56,60
2021-05-26 14:30:58.890000,0.68278,0.68228,45,60
2021-05-26 14:30:59.755000,0.68282,0.68237,45,60
2021-05-26 14:31:00.448000,0.68298,0.68248,449,60
2021-05-26 14:31:01.121000,0.68293,0.68243,45,45
2021-05-26 14:31:01.260000,0.68268,0.68224,45,262
2021-05-26 14:31:01.368000,0.68273,0.68228,45,60
2021-05-26 14:31:02.719000,0.68268,0.68223,45,60
2021-05-26 14:31:02.886000,0.68263,0.68218,45,60
2021-05-26 14:31:03.084000,0.68258,0.68214,45,262
2021-05-26 14:31:03.200000,0.68253,0.68203,45,45
2021-05-26 14:31:03.309000,0.68253,0.68203,45,60
2021-05-26 14:31:03.416000,0.68257,0.68207,409,75
2021-05-26 14:31:03.795000,0.68258,0.68213,45,60
2021-05-26 14:31:04.276000,0.68257,0.68207,45,60
2021-05-26 14:31:04.454000,0.68258,0.68213,45,60
2021-05-26 14:31:04.570000,0.68263,0.68218,45,60
2021-05-26 14:31:04.906000,0.68268,0.68223,45,60
2021-05-26 14:31:05.046000,0.68273,0.68228,45,60
2021-05-26 14:31:05.215000,0.68278,0.68233,45,60
2021-05-26 14:31:05.386000,0.68273,0.68228,45,60
2021-05-26 14:31:06.393000,0.68293,0.68243,409,60
2021-05-26 14:31:06.531000,0.68278,0.68233,45,60
2021-05-26 14:31:06.690000,0.68282,0.68237,56,60
2021-05-26 14:31:06.818000,0.68278,0.68233,56,100
2021-05-26 14:31:07.101000,0.68273,0.68228,45,60
2021-05-26 14:31:08.299000,0.68268,0.68224,45,262
2021-05-26 14:31:08.380000,0.68273,0.68228,45,60
2021-05-26 14:31:08.512000,0.68298,0.68248,409,60
2021-05-26 14:31:08.570000,0.68296,0.68246,262,60
2021-05-26 14:31:09.289000,0.68303,0.68251,45,60
2021-05-26 14:31:09.878000,0.68304,0.68254,45,262
2021-05-26 14:31:09.984000,0.68308,0.68258,45,60
2021-05-26 14:31:10.317000,0.68298,0.68248,45,75
2021-05-26 14:31:10.367000,0.68298,0.68248,45,100
2021-05-26 14:31:10.845000,0.68304,0.68251,45,262
2021-05-26 14:31:10.946000,0.68308,0.68258,45,60
2021-05-26 14:31:11.098000,0.68303,0.68253,45,60
2021-05-26 14:31:11.600000,0.68298,0.68248,45,100
2021-05-26 14:31:12.792000,0.68293,0.68243,45,45
2021-05-26 14:31:12.893000,0.68293,0.68243,45,60
2021-05-26 14:31:13.250000,0.68273,0.68223,45,409
2021-05-26 14:31:13.300000,0.68273,0.68223,45,60
2021-05-26 14:31:13.978000,0.68278,0.68228,409,60
2021-05-26 14:31:14.341000,0.68273,0.68223,45,45
2021-05-26 14:31:14.450000,0.68268,0.68218,45,45
2021-05-26 14:31:14.501000,0.68268,0.68218,45,60
2021-05-26 14:31:16.225000,0.68278,0.68228,75,60
2021-05-26 14:31:16.355000,0.68287,0.68237,56,60
2021-05-26 14:31:16.483000,0.68293,0.68243,56,60
2021-05-26 14:31:16.640000,0.68303,0.68251,409,60
2021-05-26 14:31:16.690000,0.68303,0.68253,45,60
2021-05-26 14:31:16.791000,0.68298,0.68248,56,60
2021-05-26 14:31:17.649000,0.68303,0.68251,45,60
2021-05-26 14:31:18.205000,0.68304,0.68254,45,262
2021-05-26 14:31:18.255000,0.68308,0.68258,75,60
2021-05-26 14:31:18.329000,0.68303,0.68253,45,45
2021-05-26 14:31:18.474000,0.68313,0.68263,409,60
2021-05-26 14:31:18.524000,0.68313,0.68263,45,60
2021-05-26 14:31:19.439000,0.68318,0.68268,409,60
2021-05-26 14:31:19.985000,0.68308,0.68258,45,60
2021-05-26 14:31:21.176000,0.68303,0.68253,45,60
2021-05-26 14:31:21.836000,0.68316,0.68266,262,60
2021-05-26 14:31:21.917000,0.68313,0.68263,45,60
2021-05-26 14:31:23.206000,0.68318,0.68268,425,60
2021-05-26 14:31:24.376000,0.68313,0.68263,45,60
2021-05-26 14:31:25.005000,0.68318,0.68268,449,60
2021-05-26 14:31:25.561000,0.68313,0.68263,45,60
2021-05-26 14:31:27.384000,0.68323,0.68273,409,60
2021-05-26 14:31:27.485000,0.68323,0.68273,45,60
2021-05-26 14:31:27.880000,0.68318,0.68268,45,75
2021-05-26 14:31:28.061000,0.68323,0.68273,45,60
2021-05-26 14:31:28.719000,0.68324,0.68274,45,262
2021-05-26 14:31:28.769000,0.68328,0.68278,112,60
2021-05-26 14:31:29.490000,0.68333,0.68283,56,60
2021-05-26 14:31:30.426000,0.68334,0.68284,75,262
2021-05-26 14:31:30.476000,0.68343,0.68293,45,60
2021-05-26 14:31:30.586000,0.68343,0.68293,45,409
2021-05-26 14:31:30.637000,0.68368,0.68318,500,60
2021-05-26 14:31:30.815000,0.68363,0.68313,45,60
2021-05-26 14:31:31.081000,0.68364,0.68314,45,262
2021-05-26 14:31:31.131000,0.68373,0.68323,112,60
2021-05-26 14:31:31.327000,0.68368,0.68318,112,60
2021-05-26 14:31:31.552000,0.68373,0.68323,500,60
2021-05-26 14:31:31.663000,0.68373,0.68323,112,60
2021-05-26 14:31:31.713000,0.68383,0.68333,500,60
2021-05-26 14:31:31.813000,0.68378,0.68328,409,100
2021-05-26 14:31:32.224000,0.68373,0.68323,45,60
2021-05-26 14:31:32.358000,0.68374,0.68324,45,262
2021-05-26 14:31:32.423000,0.68383,0.68333,45,60
2021-05-26 14:31:32.903000,0.68378,0.68328,45,112
2021-05-26 14:31:33.061000,0.68383,0.68333,409,60
2021-05-26 14:31:33.112000,0.68384,0.68334,45,262
2021-05-26 14:31:33.162000,0.68403,0.68353,409,60
2021-05-26 14:31:33.272000,0.68393,0.68343,45,60
2021-05-26 14:31:33.494000,0.68398,0.68348,449,60
2021-05-26 14:31:33.942000,0.68403,0.68353,45,60
2021-05-26 14:31:34.052000,0.68398,0.68348,45,75
2021-05-26 14:31:34.329000,0.68403,0.68353,45,60
2021-05-26 14:31:34.883000,0.68398,0.68348,45,100
2021-05-26 14:31:34.985000,0.68403,0.68353,45,60
2021-05-26 14:31:35.241000,0.68398,0.68348,45,100
2021-05-26 14:31:36.205000,0.68404,0.68354,45,262
2021-05-26 14:31:36.285000,0.68403,0.68353,45,45
2021-05-26 14:31:36.403000,0.68403,0.68353,45,60
2021-05-26 14:31:36.673000,0.68418,0.68368,409,60
2021-05-26 14:31:36.723000,0.68418,0.68368,45,60
2021-05-26 14:31:36.775000,0.68408,0.68358,45,45
2021-05-26 14:31:36.847000,0.68406,0.68356,262,60
2021-05-26 14:31:36.898000,0.68403,0.68353,45,60
2021-05-26 14:31:37.273000,0.68408,0.68358,500,60
2021-05-26 14:31:37.429000,0.68398,0.68348,45,56
2021-05-26 14:31:37.490000,0.68398,0.68348,45,75
2021-05-26 14:31:37.541000,0.68403,0.68353,45,60
2021-05-26 14:31:37.659000,0.68412,0.68362,409,60
2021-05-26 14:31:37.776000,0.68403,0.68353,45,60
2021-05-26 14:31:37.903000,0.68408,0.68358,425,60
2021-05-26 14:31:38.914000,0.68403,0.68353,45,45
2021-05-26 14:31:39.323000,0.68403,0.68353,45,60
2021-05-26 14:31:39.783000,0.68398,0.68348,45,75
2021-05-26 14:31:39.890000,0.68403,0.68353,45,60
2021-05-26 14:31:41.215000,0.68393,0.68343,45,45
2021-05-26 14:31:41.419000,0.68393,0.68343,45,60
2021-05-26 14:31:41.612000,0.68398,0.68348,409,60
2021-05-26 14:31:42.224000,0.68393,0.68343,45,45
2021-05-26 14:31:42.325000,0.68393,0.68343,45,60
2021-05-26 14:31:42.467000,0.68388,0.68338,45,112
2021-05-26 14:31:42.898000,0.68383,0.68333,45,60
2021-05-26 14:31:43.172000,0.68393,0.68343,409,60
2021-05-26 14:31:43.285000,0.68383,0.68333,45,60
2021-05-26 14:31:43.587000,0.68386,0.68324,262,349
2021-05-26 14:31:43.637000,0.68423,0.68373,56,60
2021-05-26 14:31:43.783000,0.68403,0.68353,45,60
2021-05-26 14:31:44.744000,0.68398,0.68348,45,100
2021-05-26 14:31:44.875000,0.68403,0.68353,45,60
2021-05-26 14:31:45.406000,0.68412,0.68362,409,60
2021-05-26 14:31:45.596000,0.68412,0.68362,45,60
2021-05-26 14:31:47.749000,0.68414,0.68364,45,262
2021-05-26 14:31:48.117000,0.68423,0.68373,45,60
2021-05-26 14:31:49.144000,0.68433,0.68383,409,60
2021-05-26 14:31:49.220000,0.68434,0.68384,45,262
2021-05-26 14:31:49.385000,0.68443,0.68393,45,60
2021-05-26 14:31:49.522000,0.68448,0.68398,425,60
2021-05-26 14:31:49.721000,0.68454,0.68404,75,262
2021-05-26 14:31:49.783000,0.68453,0.68403,45,45
2021-05-26 14:31:49.882000,0.68458,0.68408,45,60
2021-05-26 14:31:50.215000,0.68453,0.68403,45,45
2021-05-26 14:31:50.347000,0.68453,0.68403,45,60
2021-05-26 14:31:50.643000,0.68448,0.68398,75,100
2021-05-26 14:31:50.854000,0.68453,0.68403,45,60
2021-05-26 14:31:51.918000,0.68458,0.68408,449,60
2021-05-26 14:31:52.118000,0.68453,0.68403,45,60
2021-05-26 14:31:52.669000,0.68448,0.68398,45,60
2021-05-26 14:31:53.126000,0.68453,0.68403,45,60
2021-05-26 14:31:53.238000,0.68448,0.68398,45,60
2021-05-26 14:31:53.510000,0.68453,0.68403,45,60
2021-05-26 14:31:53.742000,0.68458,0.68405,409,100
2021-05-26 14:31:54.343000,0.68463,0.68413,45,60
2021-05-26 14:31:54.453000,0.68464,0.68414,45,262
2021-05-26 14:31:54.620000,0.68463,0.68413,45,60
2021-05-26 14:31:54.889000,0.68468,0.68418,949,60
2021-05-26 14:31:55.026000,0.68463,0.68413,45,60
2021-05-26 14:31:55.218000,0.68458,0.68408,45,75
2021-05-26 14:31:55.655000,0.68453,0.68403,45,60
2021-05-26 14:31:56.550000,0.68454,0.68404,45,262
2021-05-26 14:31:56.600000,0.68458,0.68408,45,75
2021-05-26 14:31:57.409000,0.68468,0.68418,849,60
2021-05-26 14:31:57.560000,0.68463,0.68413,45,45
2021-05-26 14:31:57.808000,0.68463,0.68413,45,60
2021-05-26 14:31:57.916000,0.68464,0.68414,45,262
2021-05-26 14:31:57.966000,0.68468,0.68418,450,60
2021-05-26 14:31:58.025000,0.68463,0.68413,45,56
2021-05-26 14:31:58.411000,0.68468,0.68418,375,75
2021-05-26 14:31:58.595000,0.68473,0.68423,375,60
2021-05-26 14:31:58.893000,0.68453,0.68403,45,425
2021-05-26 14:31:58.943000,0.68454,0.68404,45,262
2021-05-26 14:31:59.032000,0.68458,0.68408,75,100
2021-05-26 14:31:59.360000,0.68453,0.68403,45,75
2021-05-26 14:31:59.756000,0.68463,0.68406,45,60
2021-05-26 14:31:59.857000,0.68466,0.68404,262,349
2021-05-26 14:31:59.907000,0.68483,0.68433,45,409
2021-05-26 14:32:00.028000,0.68483,0.68433,45,60
2021-05-26 14:32:00.174000,0.68473,0.68423,45,45
2021-05-26 14:32:00.396000,0.68468,0.68418,45,75
2021-05-26 14:32:00.713000,0.68473,0.68423,45,60
2021-05-26 14:32:00.908000,0.68468,0.68418,45,75
2021-05-26 14:32:01.158000,0.68463,0.68413,45,45
2021-05-26 14:32:01.258000,0.68448,0.68398,75,100
2021-05-26 14:32:01.331000,0.68453,0.68403,45,60
2021-05-26 14:32:01.481000,0.68448,0.68398,45,75
2021-05-26 14:32:01.606000,0.68438,0.68388,45,112
2021-05-26 14:32:01.656000,0.68438,0.68388,45,112
2021-05-26 14:32:01.724000,0.68443,0.68393,45,60
2021-05-26 14:32:01.866000,0.68448,0.68398,500,60
2021-05-26 14:32:01.968000,0.68443,0.68393,45,75
2021-05-26 14:32:02.221000,0.68453,0.68403,409,60
2021-05-26 14:32:02.271000,0.68453,0.68403,45,60
2021-05-26 14:32:02.523000,0.68448,0.68398,45,75
2021-05-26 14:32:02.809000,0.68443,0.68393,45,45
2021-05-26 14:32:03.141000,0.68448,0.68398,45,100
2021-05-26 14:32:03.393000,0.68453,0.68403,45,60
2021-05-26 14:32:03.661000,0.68448,0.68398,56,75
2021-05-26 14:32:03.919000,0.68443,0.68393,45,60
2021-05-26 14:32:04.020000,0.68444,0.68394,45,262
2021-05-26 14:32:04.070000,0.68448,0.68398,45,100
2021-05-26 14:32:04.181000,0.68443,0.68393,45,45
2021-05-26 14:32:04.408000,0.68443,0.68393,45,60
2021-05-26 14:32:05.289000,0.68438,0.68388,56,112
2021-05-26 14:32:05.408000,0.68433,0.68383,45,75
2021-05-26 14:32:05.852000,0.68438,0.68388,425,112
2021-05-26 14:32:06.180000,0.68448,0.68398,500,60
2021-05-26 14:32:06.919000,0.68443,0.68393,45,45
2021-05-26 14:32:06.969000,0.68448,0.68398,56,75
2021-05-26 14:32:07.070000,0.68438,0.68388,75,112
2021-05-26 14:32:07.380000,0.68443,0.68393,45,60
2021-05-26 14:32:07.492000,0.68444,0.68394,45,262
2021-05-26 14:32:07.542000,0.68453,0.68403,45,60
2021-05-26 14:32:07.652000,0.68454,0.68404,45,262
2021-05-26 14:32:07.813000,0.68453,0.68403,45,60
2021-05-26 14:32:08.538000,0.68446,0.68396,262,60
2021-05-26 14:32:08.646000,0.68448,0.68398,500,60
2021-05-26 14:32:08.801000,0.68443,0.68393,45,60
2021-05-26 14:32:08.911000,0.68448,0.68398,409,60
2021-05-26 14:32:09.019000,0.68443,0.68393,45,60
2021-05-26 14:32:10.433000,0.68438,0.68388,56,112
2021-05-26 14:32:10.545000,0.68443,0.68393,45,60
2021-05-26 14:32:11.082000,0.68444,0.68394,45,262
2021-05-26 14:32:11.135000,0.68453,0.68403,45,60
2021-05-26 14:32:11.850000,0.68458,0.68405,409,75
2021-05-26 14:32:12.094000,0.68448,0.68398,45,112
2021-05-26 14:32:12.231000,0.68446,0.68396,262,112
2021-05-26 14:32:12.989000,0.68443,0.68393,45,60
2021-05-26 14:32:13.151000,0.68444,0.68394,45,262
2021-05-26 14:32:13.201000,0.68448,0.68398,75,60
2021-05-26 14:32:13.628000,0.68443,0.68393,45,45
2021-05-26 14:32:13.982000,0.68443,0.68393,45,60
2021-05-26 14:32:14.397000,0.68433,0.68383,45,112
2021-05-26 14:32:14.585000,0.68433,0.68383,45,100
2021-05-26 14:32:14.692000,0.68423,0.68373,45,45
2021-05-26 14:32:14.972000,0.68423,0.68373,45,60
2021-05-26 14:32:15.188000,0.68418,0.68368,45,100
2021-05-26 14:32:15.352000,0.68412,0.68362,45,56
2021-05-26 14:32:15.409000,0.68418,0.68368,56,75
2021-05-26 14:32:15.534000,0.68423,0.68373,45,60
2021-05-26 14:32:15.682000,0.68418,0.68368,75,60
2021-05-26 14:32:16.342000,0.68426,0.68364,262,349
2021-05-26 14:32:16.392000,0.68484,0.6841,45,262
2021-05-26 14:32:16.503000,0.68466,0.68416,262,60
2021-05-26 14:32:16.610000,0.68453,0.68403,45,45
2021-05-26 14:32:16.868000,0.68458,0.68405,409,60
2021-05-26 14:32:17.053000,0.68453,0.68403,45,45
2021-05-26 14:32:17.215000,0.68458,0.68405,45,60
2021-05-26 14:32:17.664000,0.68453,0.68403,45,60
2021-05-26 14:32:18.272000,0.68446,0.68396,262,60
2021-05-26 14:32:18.322000,0.68433,0.68383,45,45
2021-05-26 14:32:18.532000,0.68438,0.68388,45,60
2021-05-26 14:32:19.315000,0.68448,0.68398,425,60
2021-05-26 14:32:20.458000,0.68453,0.68403,45,60
2021-05-26 14:32:21.023000,0.68463,0.68406,409,60
2021-05-26 14:32:21.152000,0.68453,0.68403,45,60
2021-05-26 14:32:21.296000,0.68448,0.68398,45,60
2021-05-26 14:32:21.522000,0.68453,0.68403,45,60
2021-05-26 14:32:21.649000,0.68448,0.68398,45,75
2021-05-26 14:32:22.069000,0.68443,0.68393,45,45
2021-05-26 14:32:22.234000,0.68443,0.68393,45,60
2021-05-26 14:32:22.335000,0.68448,0.68398,45,60
2021-05-26 14:32:22.658000,0.68458,0.68405,425,60
2021-05-26 14:32:22.874000,0.68453,0.68403,45,60
2021-05-26 14:32:23.472000,0.68458,0.68405,409,75
2021-05-26 14:32:24.313000,0.68463,0.68413,45,60
2021-05-26 14:32:24.925000,0.68468,0.68418,500,75
2021-05-26 14:32:25.046000,0.68463,0.68413,45,60
2021-05-26 14:32:25.409000,0.68464,0.68414,45,262
2021-05-26 14:32:25.633000,0.68468,0.68418,112,60
2021-05-26 14:32:25.683000,0.68448,0.68398,45,425
2021-05-26 14:32:25.797000,0.68448,0.68398,45,75
2021-05-26 14:32:26.005000,0.68453,0.68403,45,60
2021-05-26 14:32:26.577000,0.68458,0.68408,425,60
2021-05-26 14:32:27.121000,0.68453,0.68403,45,45
2021-05-26 14:32:27.444000,0.68458,0.68408,409,60
2021-05-26 14:32:27.743000,0.68448,0.68398,45,75
2021-05-26 14:32:27.946000,0.68448,0.68398,45,60
2021-05-26 14:32:28.312000,0.68453,0.68403,45,60
2021-05-26 14:32:28.558000,0.68446,0.68396,262,60
2021-05-26 14:32:28.739000,0.68443,0.68393,45,60
2021-05-26 14:32:28.894000,0.68438,0.68388,45,75
2021-05-26 14:32:29.350000,0.68443,0.68393,45,60
2021-05-26 14:32:30.539000,0.68438,0.68388,45,60
2021-05-26 14:32:31.402000,0.68448,0.68398,449,60
2021-05-26 14:32:31.689000,0.68443,0.68393,45,45
2021-05-26 14:32:31.838000,0.68443,0.68393,45,60
2021-05-26 14:32:32.020000,0.68448,0.68398,449,60
2021-05-26 14:32:32.268000,0.68436,0.68386,262,60
2021-05-26 14:32:32.335000,0.68428,0.68378,45,75
2021-05-26 14:32:32.520000,0.68438,0.68388,409,60
2021-05-26 14:32:32.658000,0.68433,0.68383,45,60
2021-05-26 14:32:33.511000,0.68434,0.68384,45,262
2021-05-26 14:32:33.657000,0.68428,0.68378,45,100
2021-05-26 14:32:33.766000,0.68433,0.68383,45,60
2021-05-26 14:32:33.983000,0.68434,0.68384,45,262
2021-05-26 14:32:34.170000,0.68433,0.68383,45,60
2021-05-26 14:32:34.351000,0.68438,0.68388,409,60
2021-05-26 14:32:34.500000,0.68428,0.68378,45,100
2021-05-26 14:32:34.670000,0.68434,0.68384,45,262
2021-05-26 14:32:34.830000,0.68438,0.68388,45,60
2021-05-26 14:32:36.252000,0.68428,0.68378,45,100
2021-05-26 14:32:36.480000,0.68438,0.68388,409,60
2021-05-26 14:32:36.621000,0.68433,0.68383,45,45
2021-05-26 14:32:36.875000,0.68438,0.68388,45,60
2021-05-26 14:32:37.036000,0.68444,0.68394,45,262
2021-05-26 14:32:37.086000,0.68463,0.68413,409,60
2021-05-26 14:32:37.187000,0.68458,0.68408,409,75
2021-05-26 14:32:37.380000,0.68453,0.68403,45,60
2021-05-26 14:32:37.598000,0.68458,0.68408,56,60
2021-05-26 14:32:37.831000,0.68453,0.68403,45,45
2021-05-26 14:32:38.080000,0.68453,0.68403,45,60
2021-05-26 14:32:38.268000,0.68448,0.68398,45,60
2021-05-26 14:32:39.712000,0.68433,0.68383,45,500
2021-05-26 14:32:39.873000,0.68434,0.68384,45,262
2021-05-26 14:32:40.060000,0.68438,0.68388,45,100
2021-05-26 14:32:40.218000,0.68433,0.68383,45,45
2021-05-26 14:32:40.441000,0.68433,0.68383,45,60
2021-05-26 14:32:40.682000,0.68438,0.68388,425,60
2021-05-26 14:32:41.168000,0.68433,0.68383,45,45
2021-05-26 14:32:41.302000,0.68433,0.68383,45,60
2021-05-26 14:32:41.431000,0.68438,0.68388,449,60
2021-05-26 14:32:41.762000,0.68443,0.68393,45,60
2021-05-26 14:32:42.348000,0.68444,0.68394,45,262
2021-05-26 14:32:42.449000,0.68448,0.68398,75,60
2021-05-26 14:32:42.984000,0.68453,0.68403,75,60
2021-05-26 14:32:43.452000,0.68448,0.68398,56,60
2021-05-26 14:32:44.615000,0.68443,0.68393,45,45
2021-05-26 14:32:44.747000,0.68448,0.68398,45,100
2021-05-26 14:32:46.089000,0.68443,0.68393,45,45
2021-05-26 14:32:46.335000,0.68443,0.68393,45,60
2021-05-26 14:32:46.919000,0.68438,0.68388,56,75
2021-05-26 14:32:47.260000,0.68433,0.68383,45,45
2021-05-26 14:32:47.411000,0.68428,0.68378,45,60
2021-05-26 14:32:48.395000,0.68433,0.68383,45,60
2021-05-26 14:32:49.029000,0.68443,0.68393,409,60
2021-05-26 14:32:49.189000,0.68443,0.68393,45,60
2021-05-26 14:32:49.953000,0.68458,0.68408,409,60
2021-05-26 14:32:50.053000,0.68458,0.68408,45,60
2021-05-26 14:32:50.104000,0.68463,0.68413,45,60
2021-05-26 14:32:50.348000,0.68468,0.68418,500,75
2021-05-26 14:32:50.623000,0.68473,0.68423,45,60
2021-05-26 14:32:51.134000,0.68478,0.68428,425,100
2021-05-26 14:32:51.525000,0.68483,0.68433,45,60
2021-05-26 14:32:52.189000,0.68488,0.68438,409,100
2021-05-26 14:32:52.376000,0.68493,0.68443,45,60
2021-05-26 14:32:53.084000,0.68498,0.68448,409,75
2021-05-26 14:32:53.233000,0.68503,0.68453,409,60
2021-05-26 14:32:53.335000,0.68503,0.68453,45,60
2021-05-26 14:32:53.496000,0.68498,0.68448,45,75
2021-05-26 14:32:55.242000,0.68493,0.68443,45,45
2021-05-26 14:32:55.649000,0.68498,0.68448,56,60
2021-05-26 14:32:55.831000,0.68493,0.68443,45,60
2021-05-26 14:32:56.656000,0.68488,0.68438,45,60
2021-05-26 14:32:56.872000,0.68493,0.68443,45,60
2021-05-26 14:32:57.176000,0.68488,0.68438,45,60
2021-05-26 14:32:57.442000,0.68493,0.68443,45,60
2021-05-26 14:32:58.027000,0.68498,0.68448,449,60
2021-05-26 14:32:58.138000,0.68493,0.68443,45,60
2021-05-26 14:33:00.118000,0.68494,0.68444,45,262
2021-05-26 14:33:00.279000,0.68493,0.68443,45,60
2021-05-26 14:33:00.911000,0.68498,0.68448,425,60
2021-05-26 14:33:01.053000,0.68493,0.68443,45,45
2021-05-26 14:33:01.168000,0.68478,0.68428,45,75
2021-05-26 14:33:01.268000,0.68476,0.68426,262,100
2021-05-26 14:33:01.623000,0.68473,0.68423,45,60
2021-05-26 14:33:01.968000,0.68468,0.68418,45,60
2021-05-26 14:33:03.165000,0.68458,0.68408,75,100
2021-05-26 14:33:05.236000,0.68453,0.68403,45,60
2021-05-26 14:33:05.358000,0.68443,0.68393,45,45
2021-05-26 14:33:05.477000,0.68443,0.68393,45,60
2021-05-26 14:33:05.889000,0.68438,0.68388,45,75
2021-05-26 14:33:06.187000,0.68443,0.68393,45,60
2021-05-26 14:33:06.288000,0.68448,0.68398,45,60
2021-05-26 14:33:06.685000,0.68443,0.68393,45,45
2021-05-26 14:33:06.797000,0.68443,0.68393,45,60
2021-05-26 14:33:07.961000,0.68438,0.68388,45,100
2021-05-26 14:33:08.087000,0.68433,0.68383,45,45
2021-05-26 14:33:08.447000,0.68433,0.68383,45,60
2021-05-26 14:33:09.159000,0.68428,0.68378,45,60
2021-05-26 14:33:09.321000,0.68423,0.68373,45,45
2021-05-26 14:33:09.489000,0.68423,0.68373,45,60
2021-05-26 14:33:09.925000,0.68424,0.68374,45,262
2021-05-26 14:33:09.982000,0.68428,0.68378,45,60
2021-05-26 14:33:11.204000,0.68433,0.68383,45,60
2021-05-26 14:33:11.338000,0.68428,0.68378,45,60
2021-05-26 14:33:11.540000,0.68433,0.68383,45,60
2021-05-26 14:33:12.207000,0.68423,0.68378,45,100
2021-05-26 14:33:12.459000,0.68423,0.68384,45,262
2021-05-26 14:33:12.636000,0.68423,0.68378,45,75
2021-05-26 14:33:12.921000,0.68428,0.68383,45,60
2021-05-26 14:33:14.109000,0.68418,0.68374,45,262
2021-05-26 14:33:14.320000,0.68423,0.68378,75,60
2021-05-26 14:33:14.471000,0.68423,0.68373,45,45
2021-05-26 14:33:14.719000,0.68423,0.68373,45,60
2021-05-26 14:33:15.016000,0.68428,0.68378,500,60
2021-05-26 14:33:15.429000,0.68423,0.68373,45,60
2021-05-26 14:33:15.569000,0.68428,0.68378,45,100
2021-05-26 14:33:15.673000,0.68433,0.68383,45,60
2021-05-26 14:33:15.876000,0.68434,0.68384,45,262
2021-05-26 14:33:15.927000,0.68443,0.68393,45,60
2021-05-26 14:33:18.575000,0.68438,0.68388,75,60
2021-05-26 14:33:18.830000,0.68433,0.68383,45,60
2021-05-26 14:33:19.060000,0.68428,0.68378,75,75
2021-05-26 14:33:19.224000,0.68423,0.68373,169,75
2021-05-26 14:33:19.389000,0.68418,0.68368,225,75
2021-05-26 14:33:19.602000,0.68423,0.68373,112,60
2021-05-26 14:33:20.848000,0.68424,0.68374,112,262
2021-05-26 14:33:21.070000,0.68428,0.68378,56,60
2021-05-26 14:33:21.567000,0.68433,0.68383,45,60
2021-05-26 14:33:21.700000,0.68434,0.68384,45,262
2021-05-26 14:33:21.813000,0.68433,0.68383,45,60
2021-05-26 14:33:21.980000,0.68428,0.68378,75,60
2021-05-26 14:33:22.360000,0.68433,0.68383,45,60
2021-05-26 14:33:22.691000,0.68438,0.68388,500,60
2021-05-26 14:33:22.956000,0.68433,0.68383,45,45
2021-05-26 14:33:23.057000,0.68433,0.68383,45,60
2021-05-26 14:33:23.282000,0.68438,0.68388,500,60
2021-05-26 14:33:24.021000,0.68433,0.68383,45,60
2021-05-26 14:33:24.488000,0.68438,0.68388,575,60
2021-05-26 14:33:25.340000,0.68443,0.68393,56,60
2021-05-26 14:33:26.174000,0.68438,0.68388,56,75
2021-05-26 14:33:27.413000,0.68433,0.68383,45,60
2021-05-26 14:33:27.644000,0.68423,0.68378,45,100
2021-05-26 14:33:27.759000,0.68428,0.68383,45,60
2021-05-26 14:33:28.828000,0.68433,0.68388,112,60
2021-05-26 14:33:29.388000,0.68428,0.68384,45,262
2021-05-26 14:33:29.574000,0.68428,0.68383,45,60
2021-05-26 14:33:31.129000,0.68423,0.68378,45,75
2021-05-26 14:33:31.274000,0.68418,0.68373,45,60
2021-05-26 14:33:31.554000,0.68418,0.68368,45,112
2021-05-26 14:33:32.313000,0.68412,0.68362,45,60
2021-05-26 14:33:34.442000,0.68418,0.68368,449,100
2021-05-26 14:33:34.997000,0.68412,0.68362,45,60
2021-05-26 14:33:35.365000,0.68418,0.68368,425,60
2021-05-26 14:33:35.946000,0.68418,0.68373,45,60
2021-05-26 14:33:36.400000,0.68418,0.68368,56,60
2021-05-26 14:33:36.550000,0.68412,0.68362,45,60
2021-05-26 14:33:38.092000,0.68414,0.68364,45,262
2021-05-26 14:33:38.207000,0.68418,0.68368,56,60
2021-05-26 14:33:39.380000,0.68418,0.68373,45,60
2021-05-26 14:33:41.037000,0.68418,0.68368,75,100
2021-05-26 14:33:41.918000,0.68412,0.68362,45,100
2021-05-26 14:33:43.489000,0.68414,0.68364,45,262
2021-05-26 14:33:43.643000,0.68412,0.68362,45,60
2021-05-26 14:33:43.819000,0.68414,0.68364,45,262
2021-05-26 14:33:43.967000,0.68412,0.68362,45,60
2021-05-26 14:33:44.368000,0.68418,0.68368,500,60
2021-05-26 14:33:44.529000,0.68418,0.68373,45,60
2021-05-26 14:33:45.246000,0.68418,0.68368,75,112
2021-05-26 14:33:45.388000,0.68412,0.68362,45,112
2021-05-26 14:33:45.488000,0.68412,0.68362,45,112
2021-05-26 14:33:48.159000,0.68376,0.68326,262,60
2021-05-26 14:33:48.252000,0.68373,0.68323,45,225
2021-05-26 14:33:48.836000,0.68378,0.68328,449,225
2021-05-26 14:33:49.952000,0.68383,0.68333,409,60
2021-05-26 14:33:50.003000,0.68383,0.68333,45,60
2021-05-26 14:33:50.103000,0.68388,0.68338,500,60
2021-05-26 14:33:50.839000,0.68383,0.68333,45,60
2021-05-26 14:33:51.080000,0.68388,0.68338,449,60
2021-05-26 14:33:51.203000,0.68383,0.68333,45,45
2021-05-26 14:33:51.338000,0.68393,0.68343,56,60
2021-05-26 14:33:51.830000,0.68388,0.68338,56,75
2021-05-26 14:33:53.092000,0.68383,0.68333,45,60
2021-05-26 14:33:54.258000,0.68388,0.68338,500,75
2021-05-26 14:33:54.656000,0.68383,0.68333,45,45
2021-05-26 14:33:54.757000,0.68383,0.68333,45,60
2021-05-26 14:33:55.305000,0.68388,0.68338,500,60
2021-05-26 14:33:55.754000,0.68383,0.68333,45,60
2021-05-26 14:33:56.114000,0.68378,0.68328,75,225
2021-05-26 14:33:56.225000,0.68388,0.68338,500,100
2021-05-26 14:33:56.363000,0.68386,0.68336,262,100
2021-05-26 14:33:56.457000,0.68383,0.68333,45,100
2021-05-26 14:33:58.141000,0.68378,0.68328,112,281
2021-05-26 14:33:58.281000,0.68373,0.68323,45,281
2021-05-26 14:33:58.820000,0.68368,0.68318,75,100
2021-05-26 14:33:58.924000,0.68363,0.68313,45,45
2021-05-26 14:33:59.181000,0.68346,0.68296,262,60
2021-05-26 14:33:59.231000,0.68348,0.68298,449,100
2021-05-26 14:33:59.334000,0.68343,0.68293,45,60
2021-05-26 14:33:59.558000,0.68338,0.68288,169,75
2021-05-26 14:33:59.759000,0.68333,0.68283,45,56
2021-05-26 14:33:59.876000,0.68333,0.68283,45,60
2021-05-26 14:34:00.148000,0.68334,0.68284,45,262
2021-05-26 14:34:00.199000,0.68338,0.68288,169,100
2021-05-26 14:34:00.987000,0.68333,0.68283,45,75
2021-05-26 14:34:01.156000,0.68343,0.68293,649,60
2021-05-26 14:34:01.207000,0.68343,0.68293,225,60
2021-05-26 14:34:01.634000,0.68338,0.68288,225,75
2021-05-26 14:34:01.942000,0.68333,0.68283,45,75
2021-05-26 14:34:02.071000,0.68333,0.68283,45,100
2021-05-26 14:34:02.487000,0.68334,0.68284,45,262
2021-05-26 14:34:02.584000,0.68343,0.68293,112,60
2021-05-26 14:34:04.090000,0.68338,0.68288,112,112
2021-05-26 14:34:04.324000,0.68343,0.68293,112,60
2021-05-26 14:34:05.257000,0.68338,0.68288,112,112
2021-05-26 14:34:06.039000,0.68343,0.68293,112,60
2021-05-26 14:34:07.703000,0.68344,0.68294,56,262
2021-05-26 14:34:07.768000,0.68353,0.68303,45,60
2021-05-26 14:34:07.913000,0.68354,0.68304,45,262
2021-05-26 14:34:07.983000,0.68363,0.68313,45,60
2021-05-26 14:34:08.295000,0.68358,0.68308,56,60
2021-05-26 14:34:08.854000,0.68363,0.68313,45,60
2021-05-26 14:34:09.295000,0.68368,0.68318,409,75
2021-05-26 14:34:09.465000,0.68373,0.68323,45,60
2021-05-26 14:34:09.936000,0.68378,0.68328,449,112
2021-05-26 14:34:10.596000,0.68373,0.68323,45,112
2021-05-26 14:34:11.612000,0.68374,0.68324,45,262
2021-05-26 14:34:11.704000,0.68383,0.68333,45,60
2021-05-26 14:34:11.776000,0.68376,0.68326,262,60
2021-05-26 14:34:12.060000,0.68383,0.68333,45,60
2021-05-26 14:34:12.127000,0.68393,0.68343,449,60
2021-05-26 14:34:12.246000,0.68393,0.68343,75,60
2021-05-26 14:34:13.236000,0.68388,0.68338,75,75
2021-05-26 14:34:13.807000,0.68393,0.68343,45,60
2021-05-26 14:34:14.132000,0.68386,0.68336,262,60
2021-05-26 14:34:14.274000,0.68388,0.68338,500,60
2021-05-26 14:34:18.335000,0.68383,0.68333,45,45
2021-05-26 14:34:18.466000,0.68383,0.68333,45,60
2021-05-26 14:34:18.987000,0.68388,0.68338,500,60
2021-05-26 14:34:19.590000,0.68396,0.68298,349,500
2021-05-26 14:34:19.640000,0.68346,0.68296,262,112
2021-05-26 14:34:19.789000,0.68343,0.68293,45,100
2021-05-26 14:34:19.910000,0.68348,0.68298,500,100
2021-05-26 14:34:20.447000,0.68343,0.68293,45,60
2021-05-26 14:34:21.841000,0.68338,0.68288,45,112
2021-05-26 14:34:21.998000,0.68343,0.68293,45,60
2021-05-26 14:34:22.809000,0.68348,0.68298,425,112
2021-05-26 14:34:25.534000,0.68338,0.68288,75,75
2021-05-26 14:34:26.978000,0.68333,0.68283,45,45
2021-05-26 14:34:27.079000,0.68333,0.68283,45,60
2021-05-26 14:34:27.762000,0.68316,0.68266,262,60
2021-05-26 14:34:27.855000,0.68318,0.68268,409,112
2021-05-26 14:34:28.092000,0.68323,0.68273,45,60
2021-05-26 14:34:28.207000,0.68318,0.68268,56,75
2021-05-26 14:34:28.549000,0.68313,0.68263,45,60
2021-05-26 14:34:28.661000,0.68318,0.68268,425,60
2021-05-26 14:34:28.835000,0.68313,0.68263,45,60
2021-05-26 14:34:29.082000,0.68308,0.68258,45,75
2021-05-26 14:34:29.456000,0.68313,0.68263,45,60
2021-05-26 14:34:30.173000,0.68308,0.68258,56,100
2021-05-26 14:34:30.467000,0.68313,0.68263,45,60
2021-05-26 14:34:32.454000,0.68308,0.68258,75,75
2021-05-26 14:34:32.596000,0.68303,0.68253,45,60
2021-05-26 14:34:32.721000,0.68298,0.68248,75,75
2021-05-26 14:34:32.953000,0.68303,0.68253,45,60
2021-05-26 14:34:33.181000,0.68296,0.68246,262,60
2021-05-26 14:34:33.232000,0.68293,0.68243,45,60
2021-05-26 14:34:33.374000,0.68283,0.68233,45,100
2021-05-26 14:34:33.704000,0.68278,0.68228,75,281
2021-05-26 14:34:33.884000,0.68263,0.68213,45,56
2021-05-26 14:34:34.149000,0.68263,0.68213,45,60
2021-05-26 14:34:34.477000,0.68256,0.68206,262,60
2021-05-26 14:34:34.527000,0.68257,0.68207,425,112
2021-05-26 14:34:35.354000,0.68253,0.68203,45,60
2021-05-26 14:34:35.497000,0.68243,0.68193,45,60
2021-05-26 14:34:35.728000,0.68244,0.68194,45,262
2021-05-26 14:34:35.778000,0.68248,0.68198,56,75
2021-05-26 14:34:36.190000,0.68233,0.68183,45,45
2021-05-26 14:34:36.306000,0.68233,0.68183,45,60
2021-05-26 14:34:36.741000,0.68226,0.68176,262,60
2021-05-26 14:34:36.792000,0.68228,0.68178,425,75
2021-05-26 14:34:37.005000,0.68223,0.68173,45,60
2021-05-26 14:34:37.443000,0.68213,0.68163,45,112
2021-05-26 14:34:37.866000,0.68213,0.68163,45,112
2021-05-26 14:34:38.350000,0.68206,0.68156,262,75
2021-05-26 14:34:38.400000,0.68203,0.68153,45,60
2021-05-26 14:34:38.464000,0.68208,0.68158,449,75
2021-05-26 14:34:38.655000,0.68213,0.68163,45,60
2021-05-26 14:34:39.473000,0.68223,0.68173,409,60
2021-05-26 14:34:39.523000,0.68223,0.68173,45,60
2021-05-26 14:34:40.881000,0.68228,0.68178,425,60
2021-05-26 14:34:41.522000,0.68233,0.68183,45,60
2021-05-26 14:34:41.709000,0.68198,0.68148,45,425
2021-05-26 14:34:41.760000,0.68196,0.68146,262,75
2021-05-26 14:34:41.833000,0.68188,0.68138,45,75
2021-05-26 14:34:42.007000,0.68193,0.68143,45,60
2021-05-26 14:34:42.450000,0.68198,0.68148,500,60
2021-05-26 14:34:43.173000,0.68203,0.68153,45,60
2021-05-26 14:34:43.276000,0.68213,0.68163,409,60
2021-05-26 14:34:43.344000,0.68213,0.68163,45,60
2021-05-26 14:34:43.454000,0.68218,0.68168,500,60
2021-05-26 14:34:44.206000,0.68223,0.68173,45,60
2021-05-26 14:34:44.315000,0.68228,0.68178,425,60
2021-05-26 14:34:44.531000,0.68233,0.68183,45,60
2021-05-26 14:34:44.782000,0.68238,0.68188,425,60
2021-05-26 14:34:44.932000,0.68233,0.68183,45,45
2021-05-26 14:34:45.188000,0.68238,0.68188,112,60
2021-05-26 14:34:47.109000,0.68233,0.68183,45,60
2021-05-26 14:34:47.418000,0.68238,0.68188,425,60
2021-05-26 14:34:47.657000,0.68243,0.68193,45,60
2021-05-26 14:34:47.779000,0.68248,0.68198,409,60
2021-05-26 14:34:48.138000,0.68243,0.68193,45,45
2021-05-26 14:34:48.507000,0.68243,0.68193,45,60
2021-05-26 14:34:48.715000,0.68253,0.68203,409,60
2021-05-26 14:34:48.819000,0.68253,0.68203,45,60
2021-05-26 14:34:49.380000,0.68243,0.68193,45,45
2021-05-26 14:34:49.514000,0.68243,0.68193,45,60
2021-05-26 14:34:49.828000,0.68238,0.68188,75,60
2021-05-26 14:34:50.066000,0.68243,0.68193,45,60
2021-05-26 14:34:50.763000,0.68248,0.68198,425,60
2021-05-26 14:34:50.965000,0.68253,0.68203,45,60
2021-05-26 14:34:51.076000,0.68254,0.68204,45,262
2021-05-26 14:34:51.198000,0.68263,0.68213,45,60
2021-05-26 14:34:54.168000,0.68264,0.68214,45,262
2021-05-26 14:34:54.270000,0.68268,0.68218,56,60
2021-05-26 14:34:55.278000,0.68273,0.68223,45,60
2021-05-26 14:34:57.138000,0.68274,0.68224,45,262
2021-05-26 14:34:57.329000,0.68278,0.68228,56,60
2021-05-26 14:34:58.128000,0.68287,0.68237,500,60
2021-05-26 14:34:58.236000,0.68283,0.68233,45,60
2021-05-26 14:34:58.350000,0.68287,0.68237,425,60
2021-05-26 14:34:58.993000,0.68293,0.68243,409,60
2021-05-26 14:34:59.043000,0.68293,0.68243,45,60
2021-05-26 14:34:59.959000,0.68298,0.68248,500,60
2021-05-26 14:35:00.143000,0.68293,0.68243,45,60
2021-05-26 14:35:00.244000,0.68283,0.68233,45,60
2021-05-26 14:35:00.371000,0.68278,0.68228,45,112
2021-05-26 14:35:00.849000,0.68273,0.68223,45,60
2021-05-26 14:35:00.989000,0.68278,0.68228,75,75
2021-05-26 14:35:01.893000,0.68273,0.68223,45,45
2021-05-26 14:35:02.039000,0.68273,0.68223,45,60
2021-05-26 14:35:02.140000,0.68278,0.68228,75,60
2021-05-26 14:35:02.344000,0.68273,0.68223,45,45
2021-05-26 14:35:02.445000,0.68273,0.68223,45,60
2021-05-26 14:35:02.597000,0.68278,0.68228,409,112
2021-05-26 14:35:02.785000,0.68283,0.68233,45,75
2021-05-26 14:35:02.930000,0.68293,0.68243,409,60
2021-05-26 14:35:02.980000,0.68293,0.68243,45,60
2021-05-26 14:35:03.081000,0.68298,0.68248,425,60
2021-05-26 14:35:03.188000,0.68303,0.68253,45,60
2021-05-26 14:35:03.864000,0.68313,0.68263,425,60
2021-05-26 14:35:03.914000,0.68313,0.68263,56,60
2021-05-26 14:35:04.811000,0.68303,0.68253,45,45
2021-05-26 14:35:05.011000,0.68303,0.68253,45,60
2021-05-26 14:35:05.474000,0.68323,0.68273,409,60
2021-05-26 14:35:05.531000,0.68316,0.68266,262,60
2021-05-26 14:35:05.722000,0.68318,0.68268,409,100
2021-05-26 14:35:06.330000,0.68323,0.68273,409,60
2021-05-26 14:35:06.380000,0.68323,0.68273,45,60
2021-05-26 14:35:06.434000,0.68328,0.68278,409,100
2021-05-26 14:35:06.748000,0.68338,0.68288,425,60
2021-05-26 14:35:06.880000,0.68343,0.68293,409,60
2021-05-26 14:35:06.949000,0.68343,0.68293,45,60
2021-05-26 14:35:07.288000,0.68348,0.68298,425,60
2021-05-26 14:35:08.127000,0.68353,0.68303,45,60
2021-05-26 14:35:09.354000,0.68363,0.68313,409,60
2021-05-26 14:35:09.405000,0.68363,0.68313,45,60
2021-05-26 14:35:10.811000,0.68353,0.68303,45,45
2021-05-26 14:35:10.958000,0.68353,0.68303,45,60
2021-05-26 14:35:11.536000,0.68358,0.68308,500,60
2021-05-26 14:35:13.980000,0.68363,0.68313,45,60
2021-05-26 14:35:16.190000,0.68366,0.68323,262,60
2021-05-26 14:35:16.290000,0.68368,0.68323,562,60
2021-05-26 14:35:17.343000,0.68363,0.68318,562,75
2021-05-26 14:35:19.269000,0.68363,0.68313,45,45
2021-05-26 14:35:19.378000,0.68363,0.68318,562,75
2021-05-26 14:35:19.965000,0.68368,0.68323,562,60
2021-05-26 14:35:20.317000,0.68363,0.68313,45,45
2021-05-26 14:35:20.448000,0.68358,0.68308,56,112
2021-05-26 14:35:23.223000,0.68363,0.68313,56,60
2021-05-26 14:35:23.349000,0.68358,0.68308,112,112
2021-05-26 14:35:23.616000,0.68353,0.68303,75,60
2021-05-26 14:35:24.016000,0.68346,0.68296,262,75
2021-05-26 14:35:24.067000,0.68348,0.68298,500,100
2021-05-26 14:35:25.813000,0.68343,0.68293,45,100
2021-05-26 14:35:26.552000,0.68348,0.68298,500,100
2021-05-26 14:35:26.693000,0.68343,0.68293,45,100
2021-05-26 14:35:27.561000,0.68348,0.68298,500,112
2021-05-26 14:35:27.687000,0.68358,0.68308,112,60
2021-05-26 14:35:31.737000,0.68364,0.68314,56,262
2021-05-26 14:35:31.787000,0.68376,0.68333,262,60
2021-05-26 14:35:31.837000,0.68407,0.68357,500,60
2021-05-26 14:35:31.888000,0.68412,0.68362,112,60
2021-05-26 14:35:32.053000,0.68408,0.68358,112,100
2021-05-26 14:35:32.157000,0.68403,0.68353,45,75
2021-05-26 14:35:32.360000,0.68403,0.68353,45,60
2021-05-26 14:35:32.707000,0.68393,0.68348,75,112
2021-05-26 14:35:32.821000,0.68388,0.68344,45,262
2021-05-26 14:35:32.967000,0.68388,0.68343,45,75
2021-05-26 14:35:33.138000,0.68393,0.68348,75,112
2021-05-26 14:35:33.241000,0.68403,0.68353,45,60
2021-05-26 14:35:33.667000,0.68393,0.68348,75,112
2021-05-26 14:35:33.950000,0.68403,0.68353,75,60
2021-05-26 14:35:34.361000,0.68393,0.68348,75,112
2021-05-26 14:35:37.419000,0.68388,0.68343,45,60
2021-05-26 14:35:37.559000,0.68393,0.68348,56,60
2021-05-26 14:35:37.808000,0.68388,0.68344,45,262
2021-05-26 14:35:37.910000,0.68393,0.68348,56,75
2021-05-26 14:35:38.176000,0.68388,0.68343,45,100
2021-05-26 14:35:38.337000,0.68383,0.68338,75,112
2021-05-26 14:35:39.462000,0.68388,0.68343,45,60
2021-05-26 14:35:39.909000,0.68388,0.68344,45,262
2021-05-26 14:35:40.061000,0.68388,0.68343,45,60
2021-05-26 14:35:40.427000,0.68383,0.68338,75,112
2021-05-26 14:35:40.571000,0.68378,0.68334,45,262
2021-05-26 14:35:40.672000,0.68378,0.68333,45,112
2021-05-26 14:35:41,0.68383,0.68338,75,112
2021-05-26 14:35:41.451000,0.68378,0.68334,45,262
2021-05-26 14:35:41.553000,0.68383,0.68338,112,100
2021-05-26 14:35:42.236000,0.68378,0.68334,45,262
2021-05-26 14:35:42.400000,0.68378,0.68333,45,60
2021-05-26 14:35:43.693000,0.68383,0.68338,112,100
2021-05-26 14:35:43.816000,0.68378,0.68334,45,262
2021-05-26 14:35:43.972000,0.68378,0.68333,45,60
2021-05-26 14:35:44.112000,0.68383,0.68338,112,75
2021-05-26 14:35:45.809000,0.68388,0.68343,75,60
2021-05-26 14:35:46.850000,0.68383,0.68338,75,75
2021-05-26 14:35:47.689000,0.68378,0.68334,75,262
2021-05-26 14:35:47.919000,0.68378,0.68333,56,60
2021-05-26 14:35:49.215000,0.68386,0.68343,262,100
2021-05-26 14:35:49.400000,0.68388,0.68343,45,60
2021-05-26 14:35:49.541000,0.68388,0.68344,45,262
2021-05-26 14:35:49.673000,0.68393,0.68348,112,75
2021-05-26 14:35:49.860000,0.68388,0.68343,45,60
2021-05-26 14:35:50.102000,0.68383,0.68338,45,112
2021-05-26 14:35:50.530000,0.68388,0.68343,45,60
2021-05-26 14:35:50.992000,0.68388,0.68344,45,262
2021-05-26 14:35:51.111000,0.68393,0.68348,112,100
2021-05-26 14:35:51.861000,0.68388,0.68343,45,60
2021-05-26 14:35:52.753000,0.68403,0.68353,500,60
2021-05-26 14:35:52.934000,0.68403,0.68353,112,60
2021-05-26 14:35:53.408000,0.68378,0.68333,45,500
2021-05-26 14:35:53.541000,0.68378,0.68334,45,262
2021-05-26 14:35:53.642000,0.68388,0.68343,45,60
2021-05-26 14:35:54.801000,0.68393,0.68348,112,75
2021-05-26 14:35:55.286000,0.68403,0.68353,56,60
2021-05-26 14:35:56.997000,0.68393,0.68348,112,100
2021-05-26 14:35:57.464000,0.68403,0.68353,56,60
2021-05-26 14:35:58.458000,0.68393,0.68348,112,100
2021-05-26 14:35:58.728000,0.68388,0.68344,45,262
2021-05-26 14:35:58.833000,0.68388,0.68343,45,60
2021-05-26 14:36:00.011000,0.68383,0.68338,56,112
2021-05-26 14:36:00.242000,0.68388,0.68343,45,60
2021-05-26 14:36:00.623000,0.68383,0.68338,56,112
2021-05-26 14:36:01.188000,0.68388,0.68343,112,60
2021-05-26 14:36:01.315000,0.68383,0.68338,112,75
2021-05-26 14:36:01.901000,0.68378,0.68334,45,262
2021-05-26 14:36:02.128000,0.68378,0.68333,45,100
2021-05-26 14:36:02.260000,0.68376,0.68333,262,100
2021-05-26 14:36:02.311000,0.68363,0.68313,45,45
2021-05-26 14:36:02.422000,0.68363,0.68313,45,60
2021-05-26 14:36:02.888000,0.68358,0.68308,45,112
2021-05-26 14:36:03.192000,0.68363,0.68313,45,60
2021-05-26 14:36:03.377000,0.68358,0.68308,45,112
2021-05-26 14:36:03.606000,0.68363,0.68313,75,60
2021-05-26 14:36:03.830000,0.68353,0.68303,45,45
2021-05-26 14:36:03.948000,0.68353,0.68303,56,60
2021-05-26 14:36:04.517000,0.68348,0.68298,56,112
2021-05-26 14:36:04.873000,0.68353,0.68303,409,60
2021-05-26 14:36:04.923000,0.68353,0.68303,45,60
2021-05-26 14:36:05.553000,0.68348,0.68298,112,100
2021-05-26 14:36:05.810000,0.68343,0.68293,45,60
2021-05-26 14:36:06.479000,0.68336,0.68286,262,60
2021-05-26 14:36:06.666000,0.68333,0.68283,45,60
2021-05-26 14:36:06.832000,0.68334,0.68284,45,262
2021-05-26 14:36:06.883000,0.68343,0.68293,45,60
2021-05-26 14:36:07.363000,0.68353,0.68303,425,60
2021-05-26 14:36:07.413000,0.68353,0.68303,56,60
2021-05-26 14:36:07.989000,0.68348,0.68298,112,112
2021-05-26 14:36:09.211000,0.68343,0.68293,45,60
2021-05-26 14:36:09.492000,0.68348,0.68298,575,75
2021-05-26 14:36:09.621000,0.68343,0.68293,45,60
2021-05-26 14:36:09.777000,0.68348,0.68298,500,100
2021-05-26 14:36:10.156000,0.68353,0.68303,500,60
2021-05-26 14:36:10.276000,0.68348,0.68298,500,75
2021-05-26 14:36:10.432000,0.68343,0.68293,45,75
2021-05-26 14:36:11.309000,0.68344,0.68294,45,262
2021-05-26 14:36:11.422000,0.68353,0.68303,45,100
2021-05-26 14:36:11.523000,0.68358,0.68308,56,112
2021-05-26 14:36:11.956000,0.68358,0.68313,45,60
2021-05-26 14:36:12.327000,0.68363,0.68318,56,100
2021-05-26 14:36:14.190000,0.68368,0.68323,112,60
2021-05-26 14:36:14.520000,0.68358,0.68314,45,262
2021-05-26 14:36:14.674000,0.68358,0.68313,45,60
2021-05-26 14:36:15.291000,0.68363,0.68318,112,60
2021-05-26 14:36:16.948000,0.68358,0.68314,56,262
2021-05-26 14:36:17.049000,0.68358,0.68313,56,60
2021-05-26 14:36:18.172000,0.68358,0.68308,45,112
2021-05-26 14:36:20.225000,0.68353,0.68303,45,45
2021-05-26 14:36:20.337000,0.68353,0.68303,45,60
2021-05-26 14:36:21.055000,0.68343,0.68293,45,56
2021-05-26 14:36:21.177000,0.68343,0.68293,45,60
2021-05-26 14:36:21.442000,0.68348,0.68298,409,112
2021-05-26 14:36:22.777000,0.68343,0.68293,45,60
2021-05-26 14:36:22.889000,0.68348,0.68298,449,100
2021-05-26 14:36:22.992000,0.68353,0.68303,409,60
2021-05-26 14:36:23.132000,0.68353,0.68303,45,60
2021-05-26 14:36:23.546000,0.68348,0.68298,56,75
2021-05-26 14:36:24.224000,0.68353,0.68303,409,60
2021-05-26 14:36:24.274000,0.68353,0.68303,45,60
2021-05-26 14:36:25.642000,0.68346,0.68296,262,60
2021-05-26 14:36:25.693000,0.68348,0.68298,500,112
2021-05-26 14:36:25.948000,0.68353,0.68303,409,100
2021-05-26 14:36:25.998000,0.68353,0.68303,45,100
2021-05-26 14:36:28.919000,0.68343,0.68293,45,45
2021-05-26 14:36:29.022000,0.68343,0.68293,45,60
2021-05-26 14:36:30.291000,0.68348,0.68298,409,112
2021-05-26 14:36:30.397000,0.68353,0.68303,45,60
2021-05-26 14:36:31.124000,0.68358,0.68308,449,112
2021-05-26 14:36:31.275000,0.68358,0.68313,56,60
2021-05-26 14:36:31.418000,0.68363,0.68318,56,100
2021-05-26 14:36:31.560000,0.68358,0.68314,45,262
2021-05-26 14:36:31.940000,0.68363,0.68318,112,75
2021-05-26 14:36:33.928000,0.68368,0.68323,56,60
2021-05-26 14:36:34.120000,0.68368,0.68324,45,262
2021-05-26 14:36:34.220000,0.68378,0.68333,45,60
2021-05-26 14:36:35.271000,0.68378,0.68334,45,262
2021-05-26 14:36:35.437000,0.68378,0.68333,45,60
2021-05-26 14:36:37.686000,0.68378,0.68334,45,262
2021-05-26 14:36:38.070000,0.68388,0.68343,56,60
2021-05-26 14:36:38.387000,0.68398,0.68348,500,112
2021-05-26 14:36:39.837000,0.68388,0.68344,45,262
2021-05-26 14:36:40.090000,0.68388,0.68343,45,60
2021-05-26 14:36:42.169000,0.68388,0.68344,45,262
2021-05-26 14:36:42.219000,0.68403,0.68353,45,60
2021-05-26 14:36:42.476000,0.68404,0.68354,45,262
2021-05-26 14:36:42.879000,0.68412,0.68359,75,60
2021-05-26 14:36:45.214000,0.68418,0.68368,449,100
2021-05-26 14:36:45.495000,0.68412,0.68362,45,45
2021-05-26 14:36:45.565000,0.68412,0.68362,45,60
2021-05-26 14:36:45.750000,0.68403,0.68353,45,45
2021-05-26 14:36:45.876000,0.68403,0.68353,45,60
2021-05-26 14:36:46.154000,0.68408,0.68358,449,112
2021-05-26 14:36:46.678000,0.68403,0.68353,45,56
2021-05-26 14:36:46.932000,0.68403,0.68353,45,100
2021-05-26 14:36:47.057000,0.68398,0.68348,425,100
2021-05-26 14:36:47.796000,0.68393,0.68343,45,45
2021-05-26 14:36:48.203000,0.68398,0.68348,112,100
2021-05-26 14:36:48.986000,0.68393,0.68343,45,100
2021-05-26 14:36:49.833000,0.68388,0.68338,56,75
2021-05-26 14:36:50.140000,0.68383,0.68333,45,60
2021-05-26 14:36:50.702000,0.68376,0.68326,262,60
2021-05-26 14:36:50.756000,0.68378,0.68328,409,112
2021-05-26 14:36:50.852000,0.68383,0.68333,409,60
2021-05-26 14:36:50.903000,0.68383,0.68333,45,60
2021-05-26 14:36:51.083000,0.68378,0.68328,56,112
2021-05-26 14:36:51.311000,0.68383,0.68333,45,60
2021-05-26 14:36:52.033000,0.68398,0.68348,575,60
2021-05-26 14:36:52.191000,0.68398,0.68348,169,60
2021-05-26 14:36:54.512000,0.68393,0.68343,45,45
2021-05-26 14:36:54.613000,0.68393,0.68343,45,60
2021-05-26 14:36:54.837000,0.68394,0.68344,45,262
2021-05-26 14:36:54.887000,0.68398,0.68348,112,75
2021-05-26 14:36:55.012000,0.68403,0.68353,112,60
2021-05-26 14:36:55.260000,0.68398,0.68348,112,100
2021-05-26 14:36:56.158000,0.68403,0.68353,45,60
2021-05-26 14:36:56.262000,0.68412,0.68359,409,60
2021-05-26 14:36:56.397000,0.68412,0.68362,45,60
2021-05-26 14:36:56.825000,0.68423,0.68373,425,60
2021-05-26 14:36:56.878000,0.68423,0.68373,56,60
2021-05-26 14:36:57.547000,0.68424,0.68374,45,262
2021-05-26 14:36:57.703000,0.68433,0.68383,45,60
2021-05-26 14:36:58.616000,0.68443,0.68393,409,60
2021-05-26 14:36:58.751000,0.68433,0.68383,45,60
2021-05-26 14:36:59.336000,0.68438,0.68388,575,60
2021-05-26 14:36:59.437000,0.68433,0.68383,45,60
2021-05-26 14:37:00.468000,0.68428,0.68378,75,112
2021-05-26 14:37:00.868000,0.68433,0.68383,45,60
2021-05-26 14:37:01.153000,0.68428,0.68378,75,112
2021-05-26 14:37:01.645000,0.68423,0.68373,45,60
2021-05-26 14:37:03.137000,0.68428,0.68378,500,75
2021-05-26 14:37:05.180000,0.68423,0.68373,45,60
2021-05-26 14:37:05.398000,0.68418,0.68368,45,112
2021-05-26 14:37:06.011000,0.68412,0.68362,45,45
2021-05-26 14:37:06.139000,0.68408,0.68358,45,169
2021-05-26 14:37:06.265000,0.68408,0.68358,45,169
2021-05-26 14:37:08.364000,0.68403,0.68353,45,169
2021-05-26 14:37:08.494000,0.68408,0.68358,500,169
2021-05-26 14:37:08.896000,0.68403,0.68353,45,112
2021-05-26 14:37:09.061000,0.68398,0.68348,112,100
2021-05-26 14:37:09.973000,0.68403,0.68353,45,60
2021-05-26 14:37:10.302000,0.68396,0.68346,262,60
2021-05-26 14:37:10.352000,0.68393,0.68343,45,75
2021-05-26 14:37:11.387000,0.68386,0.68336,262,60
2021-05-26 14:37:11.545000,0.68383,0.68333,45,281
2021-05-26 14:37:12.205000,0.68393,0.68343,409,60
2021-05-26 14:37:12.255000,0.68393,0.68343,45,60
2021-05-26 14:37:12.536000,0.68388,0.68338,45,281
2021-05-26 14:37:13.214000,0.68393,0.68343,45,60
2021-05-26 14:37:14.440000,0.68394,0.68344,45,262
2021-05-26 14:37:14.846000,0.68393,0.68343,45,75
2021-05-26 14:37:15.727000,0.68388,0.68338,45,225
2021-05-26 14:37:16.027000,0.68393,0.68343,45,60
2021-05-26 14:37:16.242000,0.68398,0.68348,500,100
2021-05-26 14:37:17.595000,0.68393,0.68343,45,45
2021-05-26 14:37:17.766000,0.68393,0.68343,45,60
2021-05-26 14:37:19.798000,0.68403,0.68353,409,60
2021-05-26 14:37:19.849000,0.68403,0.68353,45,60
2021-05-26 14:37:20.348000,0.68398,0.68348,56,112
2021-05-26 14:37:21.118000,0.68403,0.68353,45,60
2021-05-26 14:37:21.702000,0.68408,0.68358,500,60
2021-05-26 14:37:22.290000,0.68403,0.68353,45,60
2021-05-26 14:37:22.426000,0.68393,0.68343,45,100
2021-05-26 14:37:24.962000,0.68398,0.68348,500,60
2021-05-26 14:37:25.246000,0.68393,0.68343,45,45
2021-05-26 14:37:25.358000,0.68393,0.68343,45,60
2021-05-26 14:37:26.401000,0.68388,0.68338,112,225
2021-05-26 14:37:26.810000,0.68383,0.68333,45,225
2021-05-26 14:37:26.934000,0.68383,0.68333,45,225
2021-05-26 14:37:27.035000,0.68388,0.68338,500,225
2021-05-26 14:37:27.308000,0.68383,0.68333,45,225
2021-05-26 14:37:27.417000,0.68383,0.68333,45,225
2021-05-26 14:37:27.737000,0.68388,0.68338,500,225
2021-05-26 14:37:28.050000,0.68393,0.68343,45,60
2021-05-26 14:37:28.151000,0.68388,0.68338,112,225
2021-05-26 14:37:29.494000,0.68393,0.68343,45,60
2021-05-26 14:37:29.738000,0.68388,0.68338,112,225
2021-05-26 14:37:29.945000,0.68383,0.68333,45,225
2021-05-26 14:37:30.046000,0.68383,0.68333,45,225
2021-05-26 14:37:30.329000,0.68376,0.68326,262,225
2021-05-26 14:37:30.560000,0.68378,0.68328,500,112
2021-05-26 14:37:31.494000,0.68383,0.68333,45,60
2021-05-26 14:37:32.199000,0.68378,0.68328,75,112
2021-05-26 14:37:32.892000,0.68373,0.68323,45,112
2021-05-26 14:37:33.055000,0.68374,0.68324,45,262
2021-05-26 14:37:33.118000,0.68383,0.68333,45,60
2021-05-26 14:37:34.592000,0.68388,0.68338,500,75
2021-05-26 14:37:35.665000,0.68393,0.68343,45,60
2021-05-26 14:37:35.818000,0.68398,0.68348,56,100
2021-05-26 14:37:37.788000,0.68393,0.68343,45,45
2021-05-26 14:37:37.903000,0.68393,0.68343,45,60
2021-05-26 14:37:38.541000,0.68388,0.68338,56,75
2021-05-26 14:37:40.619000,0.68393,0.68343,45,60
2021-05-26 14:37:41.583000,0.68388,0.68338,75,112
2021-05-26 14:37:42.894000,0.68383,0.68333,45,60
2021-05-26 14:37:45.545000,0.68384,0.68334,45,262
2021-05-26 14:37:45.715000,0.68388,0.68338,75,112
2021-05-26 14:37:47.456000,0.68393,0.68343,45,60
2021-05-26 14:37:48.640000,0.68394,0.68344,45,262
2021-05-26 14:37:48.733000,0.68398,0.68348,112,112
2021-05-26 14:37:50.050000,0.68412,0.68362,500,60
2021-05-26 14:37:50.151000,0.68412,0.68362,112,60
2021-05-26 14:37:50.459000,0.68403,0.68353,45,75
2021-05-26 14:37:50.554000,0.68412,0.68362,112,60
2021-05-26 14:37:55.452000,0.68408,0.68358,112,100
2021-05-26 14:37:57.263000,0.68403,0.68353,45,60
2021-05-26 14:37:57.427000,0.68398,0.68348,56,112
2021-05-26 14:37:57.531000,0.68403,0.68353,45,60
2021-05-26 14:37:58.577000,0.68398,0.68348,45,112
2021-05-26 14:37:59.243000,0.68403,0.68353,45,60
2021-05-26 14:38:00.333000,0.68393,0.68343,45,45
2021-05-26 14:38:00.451000,0.68388,0.68338,75,169
2021-05-26 14:38:00.551000,0.68383,0.68333,45,112
2021-05-26 14:38:00.727000,0.68383,0.68333,45,112
2021-05-26 14:38:00.850000,0.68373,0.68323,45,60
2021-05-26 14:38:01.472000,0.68363,0.68313,45,45
2021-05-26 14:38:01.656000,0.68363,0.68313,45,60
2021-05-26 14:38:01.816000,0.68356,0.68306,262,100
2021-05-26 14:38:01.937000,0.68353,0.68303,45,100
2021-05-26 14:38:02.040000,0.68354,0.68304,45,262
2021-05-26 14:38:02.093000,0.68358,0.68308,56,100
2021-05-26 14:38:02.786000,0.68353,0.68303,45,75
2021-05-26 14:38:03.129000,0.68348,0.68298,56,75
2021-05-26 14:38:03.261000,0.68343,0.68293,45,45
2021-05-26 14:38:03.362000,0.68343,0.68293,45,60
2021-05-26 14:38:03.533000,0.68333,0.68283,75,60
2021-05-26 14:38:03.897000,0.68328,0.68278,112,75
2021-05-26 14:38:04.245000,0.68323,0.68273,45,45
2021-05-26 14:38:04.398000,0.68323,0.68273,45,60
2021-05-26 14:38:04.559000,0.68316,0.68266,262,60
2021-05-26 14:38:04.694000,0.68303,0.68253,45,75
2021-05-26 14:38:04.821000,0.68293,0.68243,45,45
2021-05-26 14:38:04.967000,0.68286,0.68236,262,60
2021-05-26 14:38:05.031000,0.68287,0.68237,425,100
2021-05-26 14:38:05.282000,0.68283,0.68233,45,75
2021-05-26 14:38:05.445000,0.68287,0.68237,75,75
2021-05-26 14:38:05.686000,0.68293,0.68243,409,60
2021-05-26 14:38:05.737000,0.68293,0.68243,45,60
2021-05-26 14:38:06.139000,0.68287,0.68237,56,100
2021-05-26 14:38:07.039000,0.68283,0.68233,75,60
2021-05-26 14:38:07.331000,0.68276,0.68226,262,60
2021-05-26 14:38:07.381000,0.68273,0.68223,45,60
2021-05-26 14:38:07.581000,0.68283,0.68233,75,60
2021-05-26 14:38:07.990000,0.68276,0.68226,262,60
2021-05-26 14:38:08.040000,0.68268,0.68218,112,100
2021-05-26 14:38:08.260000,0.68263,0.68213,56,45
2021-05-26 14:38:08.386000,0.68257,0.68207,56,100
2021-05-26 14:38:08.980000,0.68263,0.68213,45,60
2021-05-26 14:38:09.256000,0.68264,0.68214,45,262
2021-05-26 14:38:09.357000,0.68273,0.68223,45,60
2021-05-26 14:38:09.451000,0.68278,0.68228,409,112
2021-05-26 14:38:10.058000,0.68287,0.68237,425,60
2021-05-26 14:38:10.173000,0.68283,0.68233,45,60
2021-05-26 14:38:10.430000,0.68293,0.68243,425,60
2021-05-26 14:38:10.631000,0.68293,0.68243,56,60
2021-05-26 14:38:11.291000,0.68286,0.68236,262,60
2021-05-26 14:38:11.341000,0.68287,0.68237,500,60
2021-05-26 14:38:12.281000,0.68293,0.68243,56,60
2021-05-26 14:38:12.428000,0.68286,0.68236,262,75
2021-05-26 14:38:12.888000,0.68293,0.68243,409,60
2021-05-26 14:38:12.988000,0.68293,0.68243,45,60
2021-05-26 14:38:13.043000,0.68298,0.68248,500,75
2021-05-26 14:38:13.662000,0.68287,0.68237,75,56
2021-05-26 14:38:13.756000,0.68286,0.68236,262,75
2021-05-26 14:38:14.591000,0.68298,0.68248,500,60
2021-05-26 14:38:14.658000,0.68298,0.68248,112,60
2021-05-26 14:38:16.452000,0.68303,0.68253,75,60
2021-05-26 14:38:17.147000,0.68298,0.68248,112,75
2021-05-26 14:38:19.280000,0.68293,0.68243,45,60
2021-05-26 14:38:19.821000,0.68287,0.68237,75,75
2021-05-26 14:38:21.433000,0.68283,0.68233,45,75
2021-05-26 14:38:21.687000,0.68287,0.68237,500,60
2021-05-26 14:38:22.397000,0.68283,0.68233,45,60
2021-05-26 14:38:22.537000,0.68278,0.68228,75,112
2021-05-26 14:38:22.844000,0.68287,0.68237,500,75
2021-05-26 14:38:25.912000,0.68293,0.68243,409,60
2021-05-26 14:38:25.962000,0.68293,0.68243,45,60
2021-05-26 14:38:26.704000,0.68298,0.68248,500,60
2021-05-26 14:38:26.855000,0.68293,0.68243,45,45
2021-05-26 14:38:27.046000,0.68298,0.68248,500,60
2021-05-26 14:38:27.393000,0.68303,0.68253,45,60
2021-05-26 14:38:27.953000,0.68298,0.68248,45,100
2021-05-26 14:38:28.557000,0.68303,0.68253,45,60
2021-05-26 14:38:28.813000,0.68298,0.68248,45,75
2021-05-26 14:38:29.195000,0.68303,0.68253,45,60
2021-05-26 14:38:29.322000,0.68308,0.68258,75,60
2021-05-26 14:38:29.448000,0.68303,0.68253,45,60
2021-05-26 14:38:29.850000,0.68298,0.68248,45,75
2021-05-26 14:38:30.034000,0.68303,0.68253,45,60
2021-05-26 14:38:30.154000,0.68308,0.68258,449,60
2021-05-26 14:38:31.206000,0.68303,0.68253,45,45
2021-05-26 14:38:31.379000,0.68303,0.68253,45,60
2021-05-26 14:38:33.253000,0.68308,0.68258,425,60
2021-05-26 14:38:33.581000,0.68313,0.68263,56,60
2021-05-26 14:38:33.891000,0.68308,0.68258,75,100
2021-05-26 14:38:34.261000,0.68303,0.68253,45,45
2021-05-26 14:38:34.362000,0.68303,0.68253,45,60
2021-05-26 14:38:37.227000,0.68308,0.68258,425,100
2021-05-26 14:38:37.639000,0.68318,0.68268,449,75
2021-05-26 14:38:37.863000,0.68323,0.68273,409,60
2021-05-26 14:38:37.913000,0.68323,0.68273,45,60
2021-05-26 14:38:38.479000,0.68333,0.68283,409,60
2021-05-26 14:38:38.529000,0.68333,0.68283,45,60
2021-05-26 14:38:38.607000,0.68338,0.68288,500,60
2021-05-26 14:38:39.070000,0.68328,0.68278,75,100
2021-05-26 14:38:39.680000,0.68333,0.68283,45,45
2021-05-26 14:38:39.777000,0.68338,0.68288,112,60
2021-05-26 14:38:40.189000,0.68333,0.68283,45,60
2021-05-26 14:38:40.353000,0.68334,0.68284,45,262
2021-05-26 14:38:40.488000,0.68338,0.68288,75,75
2021-05-26 14:38:41.669000,0.68328,0.68278,45,112
2021-05-26 14:38:41.808000,0.68328,0.68278,45,112
2021-05-26 14:38:43.898000,0.68323,0.68273,45,45
2021-05-26 14:38:43.999000,0.68323,0.68273,45,60
2021-05-26 14:38:44.114000,0.68328,0.68278,112,60
2021-05-26 14:38:44.252000,0.68323,0.68273,45,45
2021-05-26 14:38:44.582000,0.68323,0.68273,45,60
2021-05-26 14:38:44.803000,0.68328,0.68278,449,60
2021-05-26 14:38:44.962000,0.68323,0.68273,45,45
2021-05-26 14:38:45.080000,0.68323,0.68273,45,60
2021-05-26 14:38:45.412000,0.68324,0.68274,45,262
2021-05-26 14:38:45.463000,0.68333,0.68283,45,60
2021-05-26 14:38:45.631000,0.68328,0.68278,45,112
2021-05-26 14:38:46.042000,0.68333,0.68283,45,60
2021-05-26 14:38:47.429000,0.68328,0.68278,112,75
2021-05-26 14:38:48.349000,0.68333,0.68283,45,60
2021-05-26 14:38:49.040000,0.68338,0.68288,425,75
2021-05-26 14:38:49.331000,0.68343,0.68293,45,60
2021-05-26 14:38:49.613000,0.68348,0.68298,425,100
2021-05-26 14:38:50.107000,0.68353,0.68303,409,60
2021-05-26 14:38:50.182000,0.68353,0.68303,45,60
2021-05-26 14:38:50.749000,0.68348,0.68298,45,100
2021-05-26 14:38:52.715000,0.68358,0.68308,449,60
2021-05-26 14:38:52.831000,0.68363,0.68313,409,60
2021-05-26 14:38:52.882000,0.68363,0.68313,45,60
2021-05-26 14:38:53.226000,0.68368,0.68318,500,60
2021-05-26 14:38:53.328000,0.68373,0.68323,409,60
2021-05-26 14:38:53.379000,0.68373,0.68323,45,60
2021-05-26 14:38:54.290000,0.68368,0.68318,45,75
2021-05-26 14:38:54.567000,0.68378,0.68328,449,100
2021-05-26 14:38:55.320000,0.68373,0.68323,45,60
2021-05-26 14:38:56.849000,0.68378,0.68328,500,60
2021-05-26 14:38:57.512000,0.68373,0.68323,45,60
2021-05-26 14:38:58.105000,0.68378,0.68328,500,75
2021-05-26 14:38:59.252000,0.68383,0.68333,409,60
2021-05-26 14:38:59.303000,0.68383,0.68333,45,60
2021-05-26 14:38:59.667000,0.68378,0.68328,75,75
2021-05-26 14:39:00.174000,0.68383,0.68333,409,60
2021-05-26 14:39:00.225000,0.68383,0.68333,45,60
2021-05-26 14:39:00.741000,0.68393,0.68343,409,60
2021-05-26 14:39:00.971000,0.68398,0.68348,500,60
2021-05-26 14:39:01.145000,0.68396,0.68346,262,60
2021-05-26 14:39:01.196000,0.68393,0.68343,45,60
2021-05-26 14:39:02.670000,0.68388,0.68338,75,112
2021-05-26 14:39:03.126000,0.68393,0.68343,45,60
2021-05-26 14:39:03.941000,0.68388,0.68338,112,75
2021-05-26 14:39:04.142000,0.68383,0.68333,45,56
2021-05-26 14:39:04.283000,0.68383,0.68333,45,75
2021-05-26 14:39:04.396000,0.68393,0.68343,409,60
2021-05-26 14:39:04.450000,0.68393,0.68343,45,60
2021-05-26 14:39:05.198000,0.68393,0.68343,45,409
2021-05-26 14:39:05.249000,0.68412,0.68362,112,60
2021-05-26 14:39:05.858000,0.68433,0.68383,409,60
2021-05-26 14:39:05.908000,0.68433,0.68383,45,60
2021-05-26 14:39:06.158000,0.68428,0.68378,112,60
2021-05-26 14:39:06.483000,0.68423,0.68373,45,45
2021-05-26 14:39:06.614000,0.68418,0.68368,56,75
2021-05-26 14:39:06.757000,0.68423,0.68373,75,60
2021-05-26 14:39:07.424000,0.68418,0.68368,75,100
2021-05-26 14:39:07.708000,0.68412,0.68362,56,60
2021-05-26 14:39:08.076000,0.68403,0.68353,45,45
2021-05-26 14:39:08.356000,0.68403,0.68353,45,60
2021-05-26 14:39:08.623000,0.68396,0.68346,262,60
2021-05-26 14:39:08.673000,0.68393,0.68343,45,60
2021-05-26 14:39:08.954000,0.68388,0.68338,45,75
2021-05-26 14:39:09.469000,0.68383,0.68333,45,45
2021-05-26 14:39:09.599000,0.68376,0.68326,262,60
2021-05-26 14:39:09.726000,0.68368,0.68318,45,100
2021-05-26 14:39:10.211000,0.68378,0.68328,425,60
2021-05-26 14:39:13.466000,0.68373,0.68323,45,60
2021-05-26 14:39:13.791000,0.68368,0.68318,56,75
2021-05-26 14:39:14.903000,0.68363,0.68313,45,100
2021-05-26 14:39:15.004000,0.68353,0.68303,45,45
2021-05-26 14:39:15.337000,0.68358,0.68308,112,60
2021-05-26 14:39:15.493000,0.68353,0.68303,45,45
2021-05-26 14:39:15.617000,0.68353,0.68303,45,60
2021-05-26 14:39:16.849000,0.68343,0.68293,45,45
2021-05-26 14:39:16.951000,0.68343,0.68293,45,60
2021-05-26 14:39:17.220000,0.68338,0.68288,56,112
2021-05-26 14:39:17.348000,0.68348,0.68298,449,75
2021-05-26 14:39:17.677000,0.68353,0.68303,409,60
2021-05-26 14:39:17.728000,0.68353,0.68303,45,60
2021-05-26 14:39:18.171000,0.68348,0.68298,75,75
2021-05-26 14:39:20.160000,0.68338,0.68288,45,112
2021-05-26 14:39:23.171000,0.68348,0.68298,449,60
2021-05-26 14:39:23.378000,0.68353,0.68303,409,60
2021-05-26 14:39:23.492000,0.68353,0.68303,45,60
2021-05-26 14:39:23.624000,0.68358,0.68308,500,100
2021-05-26 14:39:24.686000,0.68353,0.68303,45,60
2021-05-26 14:39:24.916000,0.68348,0.68298,56,100
2021-05-26 14:39:26.432000,0.68353,0.68303,45,60
2021-05-26 14:39:28.431000,0.68354,0.68304,45,262
2021-05-26 14:39:28.548000,0.68358,0.68308,112,60
2021-05-26 14:39:29.132000,0.68363,0.68313,75,60
2021-05-26 14:39:30.198000,0.68358,0.68308,75,112
2021-05-26 14:39:32.509000,0.68353,0.68303,45,60
2021-05-26 14:39:33.959000,0.68358,0.68308,425,60
2021-05-26 14:39:34.998000,0.68353,0.68303,45,60
2021-05-26 14:39:35.479000,0.68358,0.68308,112,60
2021-05-26 14:39:35.618000,0.68353,0.68303,45,60
2021-05-26 14:39:38.393000,0.68354,0.68304,45,262
2021-05-26 14:39:38.868000,0.68358,0.68308,75,60
2021-05-26 14:39:39.110000,0.68363,0.68313,45,60
2021-05-26 14:39:39.277000,0.68358,0.68308,112,60
2021-05-26 14:39:39.441000,0.68353,0.68303,45,45
2021-05-26 14:39:39.720000,0.68353,0.68303,45,60
2021-05-26 14:39:40.325000,0.68358,0.68308,500,60
2021-05-26 14:39:42.901000,0.68353,0.68303,45,60
2021-05-26 14:39:43.007000,0.68358,0.68308,500,75
2021-05-26 14:39:44.112000,0.68353,0.68303,45,60
2021-05-26 14:39:45.866000,0.68348,0.68298,56,100
2021-05-26 14:39:46.042000,0.68343,0.68293,56,60
2021-05-26 14:39:47.200000,0.68338,0.68288,56,100
2021-05-26 14:39:47.595000,0.68348,0.68298,500,60
2021-05-26 14:39:47.964000,0.68343,0.68293,45,60
2021-05-26 14:39:48.198000,0.68338,0.68288,56,75
2021-05-26 14:39:50.136000,0.68333,0.68283,45,75
2021-05-26 14:39:50.255000,0.68333,0.68283,45,60
2021-05-26 14:39:50.393000,0.68343,0.68293,409,60
2021-05-26 14:39:50.460000,0.68343,0.68293,45,60
2021-05-26 14:39:51.014000,0.68348,0.68298,500,60
2021-05-26 14:39:51.354000,0.68343,0.68293,45,60
2021-05-26 14:39:51.822000,0.68348,0.68298,500,60
2021-05-26 14:39:53.304000,0.68338,0.68288,45,112
2021-05-26 14:39:53.635000,0.68348,0.68298,500,60
2021-05-26 14:39:53.791000,0.68353,0.68303,409,60
2021-05-26 14:39:53.915000,0.68353,0.68303,45,60
2021-05-26 14:39:56.606000,0.68346,0.68296,262,60
2021-05-26 14:39:56.760000,0.68348,0.68298,449,60
2021-05-26 14:39:56.842000,0.68353,0.68303,409,60
2021-05-26 14:39:56.943000,0.68353,0.68303,45,60
2021-05-26 14:39:57.026000,0.68348,0.68298,45,75
2021-05-26 14:39:57.139000,0.68343,0.68293,45,75
2021-05-26 14:39:57.324000,0.68348,0.68298,425,100
2021-05-26 14:39:57.824000,0.68353,0.68303,409,60
2021-05-26 14:39:57.927000,0.68354,0.68304,45,262
2021-05-26 14:39:57.978000,0.68358,0.68308,56,100
2021-05-26 14:39:58.329000,0.68363,0.68313,45,60
2021-05-26 14:39:58.639000,0.68358,0.68308,56,100
2021-05-26 14:39:58.918000,0.68353,0.68303,45,60
2021-05-26 14:39:59.060000,0.68354,0.68304,45,262
2021-05-26 14:39:59.283000,0.68353,0.68303,45,60
2021-05-26 14:39:59.444000,0.68346,0.68296,262,60
2021-05-26 14:39:59.581000,0.68348,0.68298,409,75
2021-05-26 14:40:00.339000,0.68353,0.68303,45,60
2021-05-26 14:40:02.410000,0.68363,0.68313,409,60
2021-05-26 14:40:02.550000,0.68363,0.68313,45,60
2021-05-26 14:40:03.209000,0.68373,0.68323,409,60
2021-05-26 14:40:03.314000,0.68378,0.68328,500,60
2021-05-26 14:40:03.365000,0.68376,0.68326,262,60
2021-05-26 14:40:03.966000,0.68383,0.68333,409,60
2021-05-26 14:40:04.016000,0.68383,0.68333,45,60
2021-05-26 14:40:04.072000,0.68378,0.68328,45,75
2021-05-26 14:40:05.394000,0.68373,0.68323,45,75
2021-05-26 14:40:05.519000,0.68373,0.68323,45,100
2021-05-26 14:40:05.849000,0.68378,0.68328,500,100
2021-05-26 14:40:05.972000,0.68373,0.68323,45,60
2021-05-26 14:40:06.405000,0.68378,0.68328,425,100
2021-05-26 14:40:08.270000,0.68383,0.68333,409,60
2021-05-26 14:40:08.320000,0.68383,0.68333,45,60
2021-05-26 14:40:09.809000,0.68378,0.68328,112,100
2021-05-26 14:40:10.139000,0.68383,0.68333,449,60
2021-05-26 14:40:10.189000,0.68383,0.68333,75,60
2021-05-26 14:40:10.324000,0.68376,0.68326,262,60
2021-05-26 14:40:10.374000,0.68378,0.68328,500,75
2021-05-26 14:40:10.964000,0.68373,0.68323,45,60
2021-05-26 14:40:11.133000,0.68366,0.68316,262,60
2021-05-26 14:40:11.216000,0.68358,0.68308,112,60
2021-05-26 14:40:12.126000,0.68363,0.68313,45,60
2021-05-26 14:40:12.268000,0.68358,0.68308,45,112
2021-05-26 14:40:12.892000,0.68353,0.68303,45,45
2021-05-26 14:40:13.059000,0.68353,0.68303,45,60
2021-05-26 14:40:14.771000,0.68348,0.68298,45,112
2021-05-26 14:40:16.920000,0.68343,0.68293,45,100
2021-05-26 14:40:18.504000,0.68338,0.68288,45,75
2021-05-26 14:40:19.232000,0.68343,0.68293,45,60
2021-05-26 14:40:20.864000,0.68338,0.68288,45,112
2021-05-26 14:40:24.991000,0.68333,0.68283,45,45
2021-05-26 14:40:25.098000,0.68338,0.68288,409,112
2021-05-26 14:40:29.394000,0.68343,0.68293,45,60
2021-05-26 14:40:29.646000,0.68348,0.68298,449,75
2021-05-26 14:40:29.881000,0.68363,0.68313,45,60
2021-05-26 14:40:30.179000,0.68358,0.68308,45,112
2021-05-26 14:40:31.494000,0.68363,0.68313,45,60
2021-05-26 14:40:31.923000,0.68364,0.68314,56,262
2021-05-26 14:40:32.100000,0.68373,0.68323,45,60
2021-05-26 14:40:32.489000,0.68368,0.68318,75,112
2021-05-26 14:40:32.959000,0.68363,0.68313,45,56
2021-05-26 14:40:33.168000,0.68363,0.68313,45,100
2021-05-26 14:40:33.299000,0.68358,0.68308,75,60
2021-05-26 14:40:33.982000,0.68353,0.68303,45,60
2021-05-26 14:40:35.252000,0.68348,0.68298,45,112
2021-05-26 14:40:35.808000,0.68358,0.68308,425,60
2021-05-26 14:40:35.950000,0.68356,0.68306,262,60
2021-05-26 14:40:36.424000,0.68353,0.68303,45,60
2021-05-26 14:40:37.021000,0.68346,0.68296,262,60
2021-05-26 14:40:37.071000,0.68348,0.68298,409,112
2021-05-26 14:40:37.774000,0.68353,0.68303,45,60
2021-05-26 14:40:38.923000,0.68348,0.68298,45,112
2021-05-26 14:40:39.344000,0.68353,0.68303,409,60
2021-05-26 14:40:39.405000,0.68353,0.68303,45,60
2021-05-26 14:40:39.589000,0.68348,0.68298,45,112
2021-05-26 14:40:40.332000,0.68353,0.68303,409,60
2021-05-26 14:40:40.382000,0.68353,0.68303,45,60
2021-05-26 14:40:40.528000,0.68354,0.68304,45,262
2021-05-26 14:40:40.602000,0.68358,0.68308,75,112
2021-05-26 14:40:42.212000,0.68363,0.68313,45,60
2021-05-26 14:40:42.886000,0.68358,0.68308,56,112
2021-05-26 14:40:44.823000,0.68363,0.68313,56,60
2021-05-26 14:40:45.054000,0.68358,0.68308,45,169
2021-05-26 14:40:45.551000,0.68353,0.68303,45,169
2021-05-26 14:40:45.739000,0.68353,0.68303,45,169
2021-05-26 14:40:46.063000,0.68358,0.68308,409,169
2021-05-26 14:40:46.214000,0.68353,0.68303,45,169
2021-05-26 14:40:46.303000,0.68358,0.68308,45,169
2021-05-26 14:40:46.450000,0.68363,0.68313,45,60
2021-05-26 14:40:46.561000,0.68358,0.68308,45,169
2021-05-26 14:40:46.664000,0.68363,0.68313,45,60
2021-05-26 14:40:48.182000,0.68358,0.68308,45,112
2021-05-26 14:40:48.506000,0.68363,0.68313,45,60
2021-05-26 14:40:48.936000,0.68358,0.68308,45,112
2021-05-26 14:40:49.420000,0.68353,0.68303,45,60
2021-05-26 14:40:50.741000,0.68348,0.68298,75,112
2021-05-26 14:40:50.847000,0.68333,0.68283,45,60
2021-05-26 14:40:51.071000,0.68323,0.68273,45,112
2021-05-26 14:40:51.194000,0.68323,0.68273,409,60
2021-05-26 14:40:51.304000,0.68324,0.68274,45,262
2021-05-26 14:40:51.404000,0.68328,0.68278,112,75
2021-05-26 14:40:51.513000,0.68323,0.68273,45,100
2021-05-26 14:40:51.627000,0.68324,0.68274,45,262
2021-05-26 14:40:51.677000,0.68328,0.68278,75,112
2021-05-26 14:40:52.194000,0.68323,0.68273,45,45
2021-05-26 14:40:52.342000,0.68323,0.68273,45,60
2021-05-26 14:40:52.460000,0.68316,0.68266,262,75
2021-05-26 14:40:53.052000,0.68328,0.68278,409,112
2021-05-26 14:40:53.103000,0.68328,0.68278,45,112
2021-05-26 14:40:53.627000,0.68323,0.68273,45,45
2021-05-26 14:40:53.728000,0.68323,0.68273,45,60
2021-05-26 14:40:54.247000,0.68328,0.68278,409,112
2021-05-26 14:40:54.486000,0.68333,0.68283,45,60
2021-05-26 14:40:54.652000,0.68334,0.68284,45,262
2021-05-26 14:40:54.775000,0.68333,0.68283,45,60
2021-05-26 14:40:55.427000,0.68328,0.68278,45,112
2021-05-26 14:40:56.264000,0.68333,0.68283,45,60
2021-05-26 14:40:56.391000,0.68328,0.68278,45,112
2021-05-26 14:40:57.343000,0.68333,0.68283,45,60
2021-05-26 14:40:57.477000,0.68338,0.68288,75,100
2021-05-26 14:40:58.094000,0.68348,0.68298,500,75
2021-05-26 14:40:58.229000,0.68343,0.68293,45,60
2021-05-26 14:40:59.675000,0.68348,0.68298,500,100
2021-05-26 14:41:00.282000,0.68343,0.68293,45,60
2021-05-26 14:41:01.444000,0.68338,0.68288,45,112
2021-05-26 14:41:01.736000,0.68343,0.68293,45,60
2021-05-26 14:41:01.858000,0.68358,0.68308,56,75
2021-05-26 14:41:02.329000,0.68363,0.68313,45,60
2021-05-26 14:41:03.339000,0.68356,0.68306,262,60
2021-05-26 14:41:03.389000,0.68353,0.68303,45,60
2021-05-26 14:41:03.540000,0.68363,0.68313,409,60
2021-05-26 14:41:03.659000,0.68363,0.68313,45,60
2021-05-26 14:41:03.710000,0.68368,0.68318,409,75
2021-05-26 14:41:04.626000,0.68373,0.68323,45,60
2021-05-26 14:41:06.425000,0.68378,0.68328,449,112
2021-05-26 14:41:06.769000,0.68366,0.68316,262,75
2021-05-26 14:41:06.819000,0.68363,0.68313,45,60
2021-05-26 14:41:07.052000,0.68368,0.68318,425,60
2021-05-26 14:41:07.449000,0.68373,0.68323,45,60
2021-05-26 14:41:08.015000,0.68368,0.68318,45,112
2021-05-26 14:41:08.161000,0.68373,0.68323,45,60
2021-05-26 14:41:09.157000,0.68368,0.68318,56,100
2021-05-26 14:41:10.725000,0.68373,0.68323,45,60
2021-05-26 14:41:11.801000,0.68378,0.68328,425,112
2021-05-26 14:41:12.546000,0.68383,0.68333,75,60
2021-05-26 14:41:12.689000,0.68384,0.68334,75,262
2021-05-26 14:41:12.826000,0.68408,0.68358,449,60
2021-05-26 14:41:12.876000,0.68403,0.68353,45,60
2021-05-26 14:41:14.197000,0.68393,0.68343,45,75
2021-05-26 14:41:14.303000,0.68398,0.68348,409,112
2021-05-26 14:41:14.543000,0.68393,0.68343,45,56
2021-05-26 14:41:14.706000,0.68393,0.68343,45,75
2021-05-26 14:41:16.959000,0.68383,0.68333,45,45
2021-05-26 14:41:17.116000,0.68383,0.68333,45,60
2021-05-26 14:41:17.930000,0.68388,0.68338,425,100
2021-05-26 14:41:19.359000,0.68383,0.68333,45,60
2021-05-26 14:41:20.240000,0.68378,0.68328,75,112
2021-05-26 14:41:20.364000,0.68373,0.68323,45,60
2021-05-26 14:41:20.466000,0.68378,0.68328,425,100
2021-05-26 14:41:22.710000,0.68388,0.68338,425,75
2021-05-26 14:41:22.760000,0.68388,0.68338,56,75
2021-05-26 14:41:24.643000,0.68383,0.68333,45,60
2021-05-26 14:41:27.093000,0.68388,0.68338,449,60
2021-05-26 14:41:27.251000,0.68383,0.68333,45,45
2021-05-26 14:41:27.352000,0.68383,0.68333,45,60
2021-05-26 14:41:31.516000,0.68388,0.68338,409,75
2021-05-26 14:41:31.771000,0.68393,0.68343,45,60
2021-05-26 14:41:33.011000,0.68388,0.68338,56,112
2021-05-26 14:41:33.154000,0.68383,0.68333,45,56
2021-05-26 14:41:33.292000,0.68383,0.68333,45,75
2021-05-26 14:41:35.765000,0.68393,0.68343,449,60
2021-05-26 14:41:35.815000,0.68393,0.68343,75,60
2021-05-26 14:41:38.186000,0.68403,0.68353,409,100
2021-05-26 14:41:38.292000,0.68404,0.68354,45,262
2021-05-26 14:41:38.356000,0.68408,0.68358,75,75
2021-05-26 14:41:38.743000,0.68403,0.68353,45,75
2021-05-26 14:41:38.902000,0.68403,0.68353,45,100
2021-05-26 14:41:39.367000,0.68398,0.68348,75,112
2021-05-26 14:41:42.163000,0.68393,0.68343,56,45
2021-05-26 14:41:42.381000,0.68393,0.68343,45,60
2021-05-26 14:41:48.633000,0.68383,0.68333,45,45
2021-05-26 14:41:49.200000,0.68393,0.68343,56,60
2021-05-26 14:41:54.188000,0.68394,0.68344,45,262
2021-05-26 14:41:54.239000,0.68398,0.68348,169,75
2021-05-26 14:41:54.397000,0.68393,0.68343,45,60
2021-05-26 14:41:54.510000,0.68394,0.68344,45,262
2021-05-26 14:41:54.618000,0.68398,0.68348,112,60
2021-05-26 14:41:55.296000,0.68393,0.68343,45,56
2021-05-26 14:41:55.432000,0.68393,0.68343,45,75
2021-05-26 14:41:56.883000,0.68383,0.68333,75,45
2021-05-26 14:41:57.048000,0.68376,0.68326,262,60
2021-05-26 14:41:57.355000,0.68373,0.68323,75,60
2021-05-26 14:41:57.405000,0.68353,0.68303,45,500
2021-05-26 14:41:57.539000,0.68346,0.68296,262,112
2021-05-26 14:41:57.589000,0.68353,0.68303,409,60
2021-05-26 14:41:57.689000,0.68353,0.68303,45,60
2021-05-26 14:41:58.099000,0.68363,0.68313,409,60
2021-05-26 14:41:58.150000,0.68363,0.68313,45,60
2021-05-26 14:42:00.158000,0.68358,0.68308,75,112
2021-05-26 14:42:01.152000,0.68353,0.68303,45,75
2021-05-26 14:42:01.349000,0.68353,0.68303,45,100
2021-05-26 14:42:02.389000,0.68343,0.68293,45,45
2021-05-26 14:42:02.515000,0.68338,0.68288,56,112
2021-05-26 14:42:04.370000,0.68353,0.68303,409,75
2021-05-26 14:42:04.527000,0.68353,0.68303,45,75
2021-05-26 14:42:04.873000,0.68358,0.68308,425,169
2021-05-26 14:42:05.161000,0.68363,0.68313,45,60
2021-05-26 14:42:05.689000,0.68368,0.68318,449,60
2021-05-26 14:42:09.860000,0.68373,0.68323,45,60
2021-05-26 14:42:09.981000,0.68368,0.68318,56,112
2021-05-26 14:42:10.571000,0.68363,0.68313,45,60
2021-05-26 14:42:11.093000,0.68366,0.68304,349,349
2021-05-26 14:42:11.143000,0.68358,0.68308,425,60
2021-05-26 14:42:12.132000,0.68368,0.68318,425,100
2021-05-26 14:42:12.622000,0.68353,0.68303,45,409
2021-05-26 14:42:12.673000,0.68353,0.68303,45,60
2021-05-26 14:42:13.612000,0.68348,0.68298,45,169
2021-05-26 14:42:17.937000,0.68353,0.68303,75,60
2021-05-26 14:42:19.947000,0.68348,0.68298,45,112
2021-05-26 14:42:20.875000,0.68353,0.68303,409,60
2021-05-26 14:42:20.981000,0.68358,0.68308,500,60
2021-05-26 14:42:21.032000,0.68358,0.68308,112,60
2021-05-26 14:42:21.596000,0.68363,0.68313,45,60
2021-05-26 14:42:21.766000,0.68358,0.68308,56,112
2021-05-26 14:42:24.208000,0.68373,0.68323,409,60
2021-05-26 14:42:24.341000,0.68378,0.68328,500,100
2021-05-26 14:42:24.392000,0.68376,0.68326,262,100
2021-05-26 14:42:25.027000,0.68373,0.68323,45,60
2021-05-26 14:42:25.829000,0.68363,0.68313,45,56
2021-05-26 14:42:25.976000,0.68363,0.68313,45,75
2021-05-26 14:42:27.081000,0.68358,0.68308,45,112
2021-05-26 14:42:31.870000,0.68353,0.68303,45,112
2021-05-26 14:42:32.039000,0.68353,0.68303,45,100
2021-05-26 14:42:32.829000,0.68358,0.68308,425,112
2021-05-26 14:42:33.647000,0.68353,0.68303,45,75
2021-05-26 14:42:33.748000,0.68353,0.68303,45,100
2021-05-26 14:42:33.901000,0.68358,0.68308,425,60
2021-05-26 14:42:35.155000,0.68353,0.68303,45,112
2021-05-26 14:42:35.419000,0.68363,0.68313,45,60
2021-05-26 14:42:36.190000,0.68368,0.68318,425,60
2021-05-26 14:42:37.466000,0.68373,0.68323,45,60
2021-05-26 14:42:37.714000,0.68378,0.68328,500,100
2021-05-26 14:42:43.325000,0.68373,0.68323,45,60
2021-05-26 14:42:44.316000,0.68363,0.68313,45,45
2021-05-26 14:42:44.416000,0.68368,0.68318,75,100
2021-05-26 14:42:45.966000,0.68378,0.68328,500,60
2021-05-26 14:42:46.659000,0.68373,0.68323,45,60
2021-05-26 14:42:48.081000,0.68378,0.68328,500,60
2021-05-26 14:42:48.279000,0.68373,0.68323,45,60
2021-05-26 14:42:49.727000,0.68368,0.68318,75,75
2021-05-26 14:42:51.741000,0.68363,0.68313,45,60
2021-05-26 14:42:52.254000,0.68364,0.68314,45,262
2021-05-26 14:42:52.432000,0.68368,0.68318,56,100
2021-05-26 14:42:58.219000,0.68363,0.68313,45,75
2021-05-26 14:42:58.456000,0.68363,0.68313,45,100
2021-05-26 14:42:58.592000,0.68368,0.68318,56,100
2021-05-26 14:42:58.708000,0.68363,0.68313,45,100
2021-05-26 14:43:00.166000,0.68368,0.68318,425,112
2021-05-26 14:43:01.156000,0.68363,0.68313,45,45
2021-05-26 14:43:01.428000,0.68363,0.68313,45,60
2021-05-26 14:43:01.587000,0.68348,0.68298,409,112
2021-05-26 14:43:01.968000,0.68353,0.68303,45,60
2021-05-26 14:43:02.081000,0.68358,0.68308,500,75
2021-05-26 14:43:02.202000,0.68353,0.68303,45,75
2021-05-26 14:43:02.336000,0.68343,0.68293,45,112
2021-05-26 14:43:02.467000,0.68348,0.68298,45,100
2021-05-26 14:43:03.173000,0.68343,0.68293,45,60
2021-05-26 14:43:03.487000,0.68338,0.68288,56,112
2021-05-26 14:43:04.300000,0.68343,0.68293,45,60
2021-05-26 14:43:04.674000,0.68338,0.68288,45,169
2021-05-26 14:43:05.438000,0.68343,0.68293,45,60
2021-05-26 14:43:05.695000,0.68348,0.68298,449,112
2021-05-26 14:43:06.848000,0.68353,0.68303,409,75
2021-05-26 14:43:06.901000,0.68353,0.68303,45,75
2021-05-26 14:43:07.568000,0.68348,0.68298,45,112
2021-05-26 14:43:11.866000,0.68353,0.68303,409,60
2021-05-26 14:43:12.416000,0.68348,0.68298,409,112
2021-05-26 14:43:20.256000,0.68353,0.68303,45,60
2021-05-26 14:43:20.619000,0.68358,0.68308,449,75
2021-05-26 14:43:22.297000,0.68363,0.68313,45,60
2021-05-26 14:43:22.825000,0.68364,0.68314,45,262
2021-05-26 14:43:22.875000,0.68368,0.68318,45,112
2021-05-26 14:43:23.451000,0.68373,0.68323,45,60
2021-05-26 14:43:29.932000,0.68363,0.68313,45,45
2021-05-26 14:43:30.100000,0.68363,0.68313,45,60
2021-05-26 14:43:30.359000,0.68353,0.68303,45,45
2021-05-26 14:43:30.499000,0.68353,0.68303,45,60
2021-05-26 14:43:30.885000,0.68358,0.68308,500,60
2021-05-26 14:43:31.870000,0.68353,0.68303,45,45
2021-05-26 14:43:32.149000,0.68353,0.68303,45,60
2021-05-26 14:43:32.543000,0.68358,0.68308,500,60
2021-05-26 14:43:32.756000,0.68353,0.68303,45,60
2021-05-26 14:43:33.195000,0.68358,0.68308,500,100
2021-05-26 14:43:34.044000,0.68353,0.68303,45,60
2021-05-26 14:43:35.710000,0.68358,0.68308,500,60
2021-05-26 14:43:37.506000,0.68353,0.68303,45,45
2021-05-26 14:43:37.670000,0.68358,0.68308,112,60
2021-05-26 14:43:37.812000,0.68353,0.68303,45,45
2021-05-26 14:43:38.026000,0.68353,0.68303,75,60
2021-05-26 14:43:39.406000,0.68358,0.68308,500,100
2021-05-26 14:43:42.249000,0.68363,0.68313,45,60
2021-05-26 14:43:42.433000,0.68358,0.68308,45,112
2021-05-26 14:43:42.631000,0.68363,0.68313,45,60
2021-05-26 14:43:44.779000,0.68353,0.68303,45,56
2021-05-26 14:43:44.880000,0.68353,0.68303,45,75
2021-05-26 14:43:45.024000,0.68358,0.68308,500,100
2021-05-26 14:43:47.331000,0.68353,0.68303,45,45
2021-05-26 14:43:47.663000,0.68353,0.68303,45,60
2021-05-26 14:43:49.814000,0.68343,0.68293,45,112
2021-05-26 14:43:49.941000,0.68343,0.68293,45,60
2021-05-26 14:43:50.473000,0.68338,0.68288,75,112
2021-05-26 14:43:50.583000,0.68333,0.68283,45,112
2021-05-26 14:43:50.684000,0.68333,0.68283,45,112
2021-05-26 14:43:50.814000,0.68343,0.68293,409,60
2021-05-26 14:43:50.864000,0.68343,0.68293,45,60
2021-05-26 14:43:51.366000,0.68338,0.68288,56,169
2021-05-26 14:43:51.548000,0.68343,0.68293,45,60
2021-05-26 14:43:51.896000,0.68348,0.68298,449,100
2021-05-26 14:43:52.110000,0.68353,0.68303,75,60
2021-05-26 14:43:52.221000,0.68348,0.68298,75,75
2021-05-26 14:43:52.452000,0.68353,0.68303,409,60
2021-05-26 14:43:52.544000,0.68354,0.68304,45,262
2021-05-26 14:43:52.595000,0.68358,0.68308,56,100
2021-05-26 14:43:52.833000,0.68363,0.68313,56,60
2021-05-26 14:43:53.072000,0.68358,0.68308,75,100
2021-05-26 14:43:53.453000,0.68353,0.68303,45,45
2021-05-26 14:43:53.605000,0.68353,0.68303,45,60
2021-05-26 14:43:58.711000,0.68353,0.68303,45,409
2021-05-26 14:43:58.761000,0.68368,0.68318,75,75
2021-05-26 14:44:00.649000,0.68373,0.68323,45,60
2021-05-26 14:44:01.471000,0.68368,0.68318,112,100
2021-05-26 14:44:02.045000,0.68363,0.68313,45,100
2021-05-26 14:44:02.438000,0.68373,0.68323,409,60
2021-05-26 14:44:02.488000,0.68373,0.68323,45,60
2021-05-26 14:44:02.753000,0.68378,0.68328,409,112
2021-05-26 14:44:04.037000,0.68383,0.68333,449,60
2021-05-26 14:44:04.088000,0.68383,0.68333,75,60
2021-05-26 14:44:04.154000,0.68373,0.68323,45,112
2021-05-26 14:44:04.498000,0.68373,0.68323,45,112
2021-05-26 14:44:05.209000,0.68383,0.68333,409,60
2021-05-26 14:44:05.287000,0.68378,0.68328,425,169
2021-05-26 14:44:06.064000,0.68373,0.68323,45,60
2021-05-26 14:44:06.249000,0.68368,0.68318,56,112
2021-05-26 14:44:06.677000,0.68363,0.68313,45,75
2021-05-26 14:44:06.826000,0.68363,0.68313,45,75
2021-05-26 14:44:07.351000,0.68358,0.68308,75,112
2021-05-26 14:44:07.755000,0.68353,0.68303,45,75
2021-05-26 14:44:07.947000,0.68346,0.68296,262,100
2021-05-26 14:44:07.997000,0.68348,0.68298,425,112
2021-05-26 14:44:09.034000,0.68353,0.68303,409,60
2021-05-26 14:44:09.084000,0.68353,0.68303,45,60
2021-05-26 14:44:09.185000,0.68358,0.68308,500,112
2021-05-26 14:44:09.659000,0.68363,0.68313,75,60
2021-05-26 14:44:11.480000,0.68368,0.68318,425,60
2021-05-26 14:44:11.585000,0.68363,0.68313,45,60
2021-05-26 14:44:12.324000,0.68368,0.68318,425,100
2021-05-26 14:44:12.597000,0.68363,0.68313,45,60
2021-05-26 14:44:13.129000,0.68368,0.68318,449,60
2021-05-26 14:44:13.625000,0.68363,0.68313,45,60
2021-05-26 14:44:14.330000,0.68353,0.68303,45,45
2021-05-26 14:44:14.449000,0.68353,0.68303,45,60
2021-05-26 14:44:15.025000,0.68346,0.68296,262,60
2021-05-26 14:44:15.159000,0.68348,0.68298,449,75
2021-05-26 14:44:15.568000,0.68353,0.68303,409,60
2021-05-26 14:44:15.627000,0.68353,0.68303,45,60
2021-05-26 14:44:15.789000,0.68346,0.68296,262,60
2021-05-26 14:44:16.136000,0.68343,0.68293,45,60
2021-05-26 14:44:16.771000,0.68348,0.68298,500,60
2021-05-26 14:44:18.338000,0.68353,0.68303,409,60
2021-05-26 14:44:18.388000,0.68353,0.68303,45,60
2021-05-26 14:44:19.072000,0.68348,0.68298,45,112
2021-05-26 14:44:19.276000,0.68343,0.68293,45,100
2021-05-26 14:44:19.666000,0.68338,0.68288,45,75
2021-05-26 14:44:19.961000,0.68343,0.68293,45,60
2021-05-26 14:44:20.079000,0.68338,0.68288,56,112
2021-05-26 14:44:20.666000,0.68348,0.68298,409,75
2021-05-26 14:44:21.583000,0.68358,0.68308,500,60
2021-05-26 14:44:21.891000,0.68363,0.68313,45,60
2021-05-26 14:44:22.286000,0.68358,0.68308,75,75
2021-05-26 14:44:22.825000,0.68353,0.68303,45,60
2021-05-26 14:44:23.032000,0.68354,0.68304,45,262
2021-05-26 14:44:23.864000,0.68358,0.68308,56,75
2021-05-26 14:44:31.707000,0.68363,0.68313,45,60
2021-05-26 14:44:32.080000,0.68368,0.68318,409,75
2021-05-26 14:44:32.187000,0.68363,0.68313,45,100
2021-05-26 14:44:32.838000,0.68368,0.68318,425,75
2021-05-26 14:44:33.597000,0.68363,0.68313,45,45
2021-05-26 14:44:33.718000,0.68358,0.68308,45,112
2021-05-26 14:44:33.803000,0.68363,0.68313,45,60
2021-05-26 14:44:33.995000,0.68368,0.68318,500,60
2021-05-26 14:44:34.120000,0.68363,0.68313,45,45
2021-05-26 14:44:34.228000,0.68363,0.68313,45,60
2021-05-26 14:44:34.433000,0.68358,0.68308,56,112
2021-05-26 14:44:34.649000,0.68363,0.68313,45,60
2021-05-26 14:44:34.918000,0.68358,0.68308,56,75
2021-05-26 14:44:36.502000,0.68368,0.68318,500,60
2021-05-26 14:44:37.354000,0.68363,0.68313,45,60
2021-05-26 14:44:37.508000,0.68358,0.68308,56,112
2021-05-26 14:44:37.828000,0.68364,0.68314,56,262
2021-05-26 14:44:37.878000,0.68368,0.68318,112,60
2021-05-26 14:44:38.462000,0.68363,0.68313,45,45
2021-05-26 14:44:38.828000,0.68363,0.68313,45,60
2021-05-26 14:44:39.137000,0.68364,0.68314,45,262
2021-05-26 14:44:39.237000,0.68368,0.68318,112,75
2021-05-26 14:44:39.612000,0.68373,0.68323,45,60
2021-05-26 14:44:40.998000,0.68383,0.68333,409,60
2021-05-26 14:44:41.188000,0.68378,0.68328,425,60
2021-05-26 14:44:41.978000,0.68383,0.68333,409,60
2021-05-26 14:44:42.028000,0.68383,0.68333,45,60
2021-05-26 14:44:43.041000,0.68388,0.68338,500,60
2021-05-26 14:44:45.550000,0.68393,0.68343,45,60
2021-05-26 14:44:46.814000,0.68398,0.68348,425,100
2021-05-26 14:44:49.480000,0.68408,0.68358,409,75
2021-05-26 14:44:49.620000,0.68418,0.68368,425,75
2021-05-26 14:44:49.748000,0.68423,0.68373,75,60
2021-05-26 14:44:49.955000,0.68418,0.68368,75,100
2021-05-26 14:44:50.258000,0.68423,0.68373,45,60
2021-05-26 14:44:50.495000,0.68418,0.68368,112,100
2021-05-26 14:44:50.877000,0.68423,0.68373,75,60
2021-05-26 14:44:51.194000,0.68418,0.68368,112,100
2021-05-26 14:44:51.426000,0.68412,0.68362,45,45
2021-05-26 14:44:51.513000,0.68412,0.68362,45,60
2021-05-26 14:44:52.086000,0.68408,0.68358,112,100
2021-05-26 14:44:52.207000,0.68418,0.68368,75,100
2021-05-26 14:44:52.523000,0.68412,0.68362,45,45
2021-05-26 14:44:52.641000,0.68412,0.68362,45,60
2021-05-26 14:44:52.895000,0.68408,0.68358,56,100
2021-05-26 14:44:53.337000,0.68403,0.68353,45,60
2021-05-26 14:44:53.511000,0.68398,0.68348,56,112
2021-05-26 14:44:55.004000,0.68403,0.68353,45,60
2021-05-26 14:44:55.133000,0.68408,0.68358,449,60
2021-05-26 14:44:57.764000,0.68418,0.68368,500,100
2021-05-26 14:44:59.468000,0.68408,0.68358,45,112
2021-05-26 14:44:59.681000,0.68408,0.68358,45,112
2021-05-26 14:45:00.233000,0.68428,0.68378,449,375
