time,ask,bid,ask_volume,bid_volume
2020-09-10 14:55:00.315000,0.40546,0.40495,60,337
2020-09-10 14:55:02.116000,0.40555,0.40495,262,307
2020-09-10 14:55:02.261000,0.40535,0.40485,60,75
2020-09-10 14:55:02.334000,0.40535,0.40485,60,337
2020-09-10 14:55:05.688000,0.40515,0.40465,169,56
2020-09-10 14:55:05.824000,0.40525,0.40475,112,307
2020-09-10 14:55:06.889000,0.40515,0.40455,262,307
2020-09-10 14:55:07.090000,0.40516,0.40465,75,307
2020-09-10 14:55:07.488000,0.40515,0.40465,60,337
2020-09-10 14:55:09.335000,0.40516,0.40465,60,307
2020-09-10 14:55:09.830000,0.40525,0.40465,262,307
2020-09-10 14:55:10.064000,0.40526,0.40475,112,307
2020-09-10 14:55:10.195000,0.40516,0.40465,60,337
2020-09-10 14:55:10.374000,0.40521,0.40465,169,319
2020-09-10 14:55:10.775000,0.40516,0.40465,75,307
2020-09-10 14:55:13.669000,0.40521,0.40465,169,319
2020-09-10 14:55:13.935000,0.40516,0.40465,60,337
2020-09-10 14:55:14.206000,0.40521,0.40465,169,337
2020-09-10 14:55:14.350000,0.40516,0.40465,75,307
2020-09-10 14:55:17.494000,0.40511,0.40455,112,319
2020-09-10 14:55:18.788000,0.40516,0.40455,112,307
2020-09-10 14:55:24.164000,0.40521,0.40465,169,307
2020-09-10 14:55:24.390000,0.40516,0.40465,60,307
2020-09-10 14:55:26.288000,0.40521,0.40465,112,337
2020-09-10 14:55:26.822000,0.40526,0.40475,60,307
2020-09-10 14:55:27.147000,0.4053,0.4048,112,112
2020-09-10 14:55:27.298000,0.40526,0.40465,112,307
2020-09-10 14:55:28.065000,0.40536,0.40485,112,307
2020-09-10 14:55:29.517000,0.40531,0.40475,112,319
2020-09-10 14:55:32.268000,0.40526,0.40475,60,337
2020-09-10 14:55:35.644000,0.40525,0.40475,60,307
2020-09-10 14:55:35.868000,0.40521,0.40465,112,307
2020-09-10 14:55:36.880000,0.40515,0.40455,262,319
2020-09-10 14:55:36.981000,0.40506,0.40455,112,307
2020-09-10 14:55:38.613000,0.40505,0.40455,75,307
2020-09-10 14:55:40.518000,0.40505,0.40445,262,307
2020-09-10 14:55:40.686000,0.40506,0.40455,75,307
2020-09-10 14:55:46.600000,0.40501,0.40445,112,319
2020-09-10 14:55:47.923000,0.40506,0.40445,75,307
2020-09-10 14:55:48.181000,0.40501,0.40445,75,375
2020-09-10 14:55:48.733000,0.40506,0.40455,75,307
2020-09-10 14:56:03.257000,0.40501,0.40445,112,375
2020-09-10 14:56:04.719000,0.40506,0.40445,75,307
2020-09-10 14:56:16.859000,0.4051,0.4046,112,112
2020-09-10 14:56:18.438000,0.40496,0.40445,60,319
2020-09-10 14:56:29.388000,0.40495,0.40435,262,307
2020-09-10 14:56:29.438000,0.40491,0.40435,112,319
2020-09-10 14:56:29.555000,0.40486,0.40435,60,337
2020-09-10 14:56:29.671000,0.40491,0.40435,112,337
2020-09-10 14:56:30.464000,0.40496,0.40435,112,307
2020-09-10 14:56:32.899000,0.40485,0.40435,60,45
2020-09-10 14:56:33.081000,0.40476,0.40425,60,307
2020-09-10 14:56:34.162000,0.4048,0.4043,60,112
2020-09-10 14:56:34.398000,0.40476,0.40425,75,307
2020-09-10 14:56:45.958000,0.40475,0.40425,60,307
2020-09-10 14:56:49.242000,0.4047,0.4042,75,75
2020-09-10 14:56:49.538000,0.40466,0.40405,75,307
2020-09-10 14:56:53.285000,0.40475,0.40415,262,337
2020-09-10 14:56:53.409000,0.40476,0.40425,60,337
2020-09-10 14:56:57.912000,0.40475,0.40415,262,337
2020-09-10 14:56:58.124000,0.40466,0.40415,60,307
2020-09-10 14:57:01.261000,0.4047,0.4042,75,100
2020-09-10 14:57:01.744000,0.40456,0.40405,60,307
2020-09-10 14:57:02.831000,0.40461,0.40405,75,319
2020-09-10 14:57:03.393000,0.40466,0.40415,75,307
2020-09-10 14:57:11.717000,0.40465,0.40415,60,319
2020-09-10 14:57:12.843000,0.40465,0.40405,262,307
2020-09-10 14:57:13.086000,0.4047,0.4042,75,75
2020-09-10 14:57:13.245000,0.40466,0.40415,75,307
2020-09-10 14:57:13.346000,0.40465,0.40415,60,319
2020-09-10 14:57:14.236000,0.40465,0.40405,262,307
2020-09-10 14:57:14.472000,0.40466,0.40415,75,307
2020-09-10 14:57:14.651000,0.4047,0.4042,75,112
2020-09-10 14:57:14.777000,0.40466,0.40405,75,307
2020-09-10 14:57:15.034000,0.40455,0.40405,225,45
2020-09-10 14:57:15.171000,0.40446,0.40395,225,307
2020-09-10 14:57:15.789000,0.40441,0.40385,281,375
2020-09-10 14:57:16.155000,0.40436,0.40385,60,337
2020-09-10 14:57:17.387000,0.40441,0.40385,281,375
2020-09-10 14:57:17.643000,0.40446,0.40385,225,307
2020-09-10 14:57:17.755000,0.4045,0.404,225,112
2020-09-10 14:57:18.135000,0.40446,0.40395,225,307
2020-09-10 14:57:21.325000,0.40455,0.40395,262,319
2020-09-10 14:57:22.068000,0.40456,0.40405,60,375
2020-09-10 14:57:23.705000,0.40465,0.40405,262,307
2020-09-10 14:57:23.837000,0.40466,0.40415,75,307
2020-09-10 14:57:24.163000,0.40465,0.40415,60,337
2020-09-10 14:57:26.198000,0.40461,0.40405,75,375
2020-09-10 14:57:27.152000,0.40456,0.40405,60,375
2020-09-10 14:57:27.705000,0.40461,0.40405,75,375
2020-09-10 14:57:28.861000,0.40456,0.40405,60,375
2020-09-10 14:57:28.986000,0.40461,0.40405,112,375
2020-09-10 14:57:30.150000,0.40456,0.40405,60,375
2020-09-10 14:57:31.810000,0.4046,0.4041,60,100
2020-09-10 14:57:31.923000,0.40446,0.40395,225,307
2020-09-10 14:57:32.219000,0.40445,0.40385,262,307
2020-09-10 14:57:32.270000,0.40436,0.40385,60,307
2020-09-10 14:57:41.139000,0.40445,0.40385,262,307
2020-09-10 14:57:41.253000,0.40446,0.40395,60,307
2020-09-10 14:57:42.297000,0.4045,0.404,60,60
2020-09-10 14:57:42.401000,0.40436,0.40385,60,307
2020-09-10 14:57:42.540000,0.40446,0.40395,60,307
2020-09-10 14:57:46.067000,0.40455,0.40395,262,307
2020-09-10 14:57:46.277000,0.40456,0.40405,60,307
2020-09-10 14:57:47.246000,0.40461,0.40405,60,307
2020-09-10 14:57:48.660000,0.40466,0.40405,75,307
2020-09-10 14:57:49.228000,0.40461,0.40405,60,319
2020-09-10 14:57:50.364000,0.40466,0.40415,75,307
2020-09-10 14:57:50.738000,0.40465,0.40405,262,307
2020-09-10 14:57:51.063000,0.40456,0.40405,60,307
2020-09-10 14:57:51.668000,0.40465,0.40405,262,307
2020-09-10 14:57:51.782000,0.40455,0.40395,262,307
2020-09-10 14:57:52.147000,0.40456,0.40405,60,307
2020-09-10 14:57:56.357000,0.40466,0.40415,60,307
2020-09-10 14:57:57.244000,0.40475,0.40415,262,307
2020-09-10 14:57:57.429000,0.40476,0.40425,60,307
2020-09-10 14:57:57.588000,0.40466,0.40415,60,307
2020-09-10 14:57:57.759000,0.40471,0.40415,75,307
2020-09-10 14:57:58.058000,0.40475,0.40425,60,307
2020-09-10 14:57:58.261000,0.4048,0.4043,60,60
2020-09-10 14:57:58.389000,0.40476,0.40415,60,307
2020-09-10 14:58:00.183000,0.4048,0.4043,60,60
2020-09-10 14:58:01.806000,0.40466,0.40415,60,307
2020-09-10 14:58:03.473000,0.40461,0.40405,60,307
2020-09-10 14:58:03.641000,0.40456,0.40405,60,307
2020-09-10 14:58:04.269000,0.40461,0.40405,60,307
2020-09-10 14:58:04.602000,0.40456,0.40405,60,307
2020-09-10 14:58:06.703000,0.40455,0.40395,262,307
2020-09-10 14:58:08.231000,0.40446,0.40395,60,307
2020-09-10 14:58:08.282000,0.40435,0.40385,75,112
2020-09-10 14:58:08.349000,0.40426,0.40375,75,375
2020-09-10 14:58:20.878000,0.40435,0.40375,262,307
2020-09-10 14:58:21.003000,0.40436,0.40385,60,307
2020-09-10 14:58:21.170000,0.40441,0.40385,60,307
2020-09-10 14:58:21.833000,0.40436,0.40385,60,307
2020-09-10 14:58:22.044000,0.40441,0.40385,60,307
2020-09-10 14:58:26.970000,0.40446,0.40385,60,307
2020-09-10 14:58:30.252000,0.4045,0.404,60,60
2020-09-10 14:58:31.094000,0.40436,0.40385,60,307
2020-09-10 14:58:34.251000,0.40441,0.40385,60,307
2020-09-10 14:58:34.371000,0.40451,0.40385,60,307
2020-09-10 14:58:36.214000,0.40456,0.40395,60,307
2020-09-10 14:58:40.489000,0.40461,0.40405,60,307
2020-09-10 14:58:43.501000,0.40456,0.40405,60,307
2020-09-10 14:58:45.451000,0.40441,0.40385,60,307
2020-09-10 14:58:45.803000,0.40446,0.40385,60,307
2020-09-10 14:58:48.464000,0.4045,0.404,60,60
2020-09-10 14:58:48.607000,0.40436,0.40385,60,307
2020-09-10 14:58:48.881000,0.40441,0.40385,60,307
2020-09-10 14:58:49.879000,0.40446,0.40385,60,307
2020-09-10 14:58:50.915000,0.40451,0.40395,60,337
2020-09-10 14:58:51.133000,0.40455,0.40395,262,307
2020-09-10 14:58:52.070000,0.40455,0.40395,262,307
2020-09-10 14:58:54.107000,0.40456,0.40395,60,307
2020-09-10 14:58:54.330000,0.40461,0.40405,60,307
2020-09-10 14:58:57.674000,0.40456,0.40405,60,375
2020-09-10 14:58:58.910000,0.40461,0.40395,60,307
2020-09-10 14:58:59.465000,0.40466,0.40405,60,307
2020-09-10 14:59:00.737000,0.40476,0.40425,60,307
2020-09-10 14:59:01.459000,0.40471,0.40415,60,307
2020-09-10 14:59:02.901000,0.40476,0.40415,60,307
2020-09-10 14:59:03.042000,0.4048,0.4043,75,75
2020-09-10 14:59:04.523000,0.40476,0.40425,60,307
2020-09-10 14:59:04.935000,0.40475,0.40415,262,307
2020-09-10 14:59:05.106000,0.40476,0.40415,60,307
2020-09-10 14:59:05.463000,0.40471,0.40415,60,307
2020-09-10 14:59:05.842000,0.40481,0.40425,60,307
2020-09-10 14:59:07.824000,0.40476,0.40425,60,337
2020-09-10 14:59:10.464000,0.4048,0.4043,60,60
2020-09-10 14:59:13.183000,0.40466,0.40415,60,307
2020-09-10 14:59:13.806000,0.40471,0.40415,60,307
2020-09-10 14:59:18.118000,0.40466,0.40415,60,319
2020-09-10 14:59:18.318000,0.40471,0.40415,75,319
2020-09-10 14:59:18.957000,0.40466,0.40415,60,337
2020-09-10 14:59:22.601000,0.40475,0.40415,262,262
2020-09-10 14:59:26.844000,0.40465,0.40415,60,307
2020-09-10 14:59:27.172000,0.4047,0.4042,60,60
2020-09-10 14:59:29.332000,0.40456,0.40405,60,307
2020-09-10 14:59:36.219000,0.40466,0.40415,60,307
2020-09-10 14:59:36.591000,0.4047,0.4042,60,60
2020-09-10 14:59:36.760000,0.40466,0.40405,60,307
2020-09-10 14:59:40.668000,0.40475,0.40415,262,307
2020-09-10 14:59:40.789000,0.40476,0.40425,60,307
2020-09-10 14:59:41.402000,0.40475,0.40425,60,307
2020-09-10 14:59:44.217000,0.40471,0.40415,60,307
2020-09-10 14:59:44.386000,0.40476,0.40415,60,307
2020-09-10 14:59:45.324000,0.40475,0.40425,60,307
2020-09-10 14:59:51.070000,0.40476,0.40425,60,307
2020-09-10 14:59:52.913000,0.40463,0.40413,60,262
2020-09-10 14:59:53.050000,0.40461,0.40395,60,307
2020-09-10 14:59:53.195000,0.40456,0.40395,60,307
2020-09-10 14:59:53.872000,0.40451,0.40395,60,307
2020-09-10 14:59:54.371000,0.40456,0.40405,60,307
2020-09-10 14:59:55.259000,0.40461,0.40405,60,307
2020-09-10 14:59:55.577000,0.40466,0.40405,60,307
2020-09-10 14:59:57.150000,0.40461,0.40405,60,307
2020-09-10 14:59:59.926000,0.40466,0.40405,60,307
2020-09-10 15:00:00.675000,0.40466,0.40365,307,307
2020-09-10 15:00:00.845000,0.40466,0.40345,307,307
2020-09-10 15:00:01.660000,0.40406,0.40335,60,307
2020-09-10 15:00:01.765000,0.40396,0.40335,60,307
2020-09-10 15:00:01.988000,0.40386,0.40335,60,307
2020-09-10 15:00:02.484000,0.40391,0.40335,60,307
2020-09-10 15:00:03.286000,0.40396,0.40335,60,307
2020-09-10 15:00:03.393000,0.40401,0.40345,60,307
2020-09-10 15:00:03.544000,0.40391,0.40335,60,307
2020-09-10 15:00:04.253000,0.40386,0.40335,60,307
2020-09-10 15:00:04.371000,0.4039,0.4034,60,60
2020-09-10 15:00:04.937000,0.40376,0.40325,60,307
2020-09-10 15:00:05.082000,0.40386,0.40325,60,307
2020-09-10 15:00:06.127000,0.40405,0.40325,262,307
2020-09-10 15:00:06.295000,0.40406,0.40345,60,307
2020-09-10 15:00:06.514000,0.40423,0.40365,60,307
2020-09-10 15:00:06.740000,0.40431,0.40375,60,307
2020-09-10 15:00:06.927000,0.40426,0.40365,60,307
2020-09-10 15:00:07.031000,0.40413,0.40355,60,307
2020-09-10 15:00:07.435000,0.40406,0.40345,60,307
2020-09-10 15:00:07.759000,0.40416,0.40345,60,307
2020-09-10 15:00:08.366000,0.4042,0.4037,60,60
2020-09-10 15:00:11.283000,0.40405,0.40345,262,307
2020-09-10 15:00:11.659000,0.40396,0.40345,60,307
2020-09-10 15:00:11.930000,0.404,0.4035,60,60
2020-09-10 15:00:12.252000,0.40396,0.40345,60,307
2020-09-10 15:00:12.409000,0.404,0.4035,60,60
2020-09-10 15:00:13.567000,0.40396,0.40345,60,307
2020-09-10 15:00:13.669000,0.40401,0.40345,60,307
2020-09-10 15:00:14.274000,0.40413,0.40345,60,307
2020-09-10 15:00:16.925000,0.40406,0.40345,60,307
2020-09-10 15:00:18.470000,0.40401,0.40345,60,307
2020-09-10 15:00:19.934000,0.40396,0.40345,60,307
2020-09-10 15:00:20.040000,0.40415,0.40345,262,307
2020-09-10 15:00:20.190000,0.40426,0.40355,60,307
2020-09-10 15:00:20.309000,0.40431,0.40375,60,307
2020-09-10 15:00:21.625000,0.40426,0.40365,60,307
2020-09-10 15:00:21.960000,0.40421,0.40365,60,307
2020-09-10 15:00:22.126000,0.40436,0.40375,60,307
2020-09-10 15:00:22.463000,0.40431,0.40375,60,307
2020-09-10 15:00:22.802000,0.40436,0.40385,60,307
2020-09-10 15:00:23.013000,0.4044,0.4039,60,60
2020-09-10 15:00:23.257000,0.40426,0.40375,60,307
2020-09-10 15:00:24.210000,0.40435,0.40375,262,307
2020-09-10 15:00:24.321000,0.40431,0.40375,60,319
2020-09-10 15:00:25.731000,0.40436,0.40375,60,307
2020-09-10 15:00:25.855000,0.40431,0.40375,60,319
2020-09-10 15:00:26.229000,0.40436,0.40385,60,307
2020-09-10 15:00:26.721000,0.40456,0.40385,307,307
2020-09-10 15:00:26.786000,0.40456,0.40405,60,307
2020-09-10 15:00:27.846000,0.40451,0.40395,60,307
2020-09-10 15:00:30.155000,0.40446,0.40395,60,307
2020-09-10 15:00:30.458000,0.40451,0.40395,60,307
2020-09-10 15:00:30.577000,0.40446,0.40395,60,307
2020-09-10 15:00:30.681000,0.40445,0.40395,60,319
2020-09-10 15:00:30.782000,0.40425,0.40375,60,45
2020-09-10 15:00:30.858000,0.40416,0.40365,60,307
2020-09-10 15:00:31.341000,0.40421,0.40365,60,307
2020-09-10 15:00:31.572000,0.4042,0.4037,60,60
2020-09-10 15:00:31.795000,0.40416,0.40365,60,307
2020-09-10 15:00:32.002000,0.40411,0.40355,60,307
2020-09-10 15:00:32.263000,0.40406,0.40355,60,307
2020-09-10 15:00:33.057000,0.40396,0.40345,60,307
2020-09-10 15:00:33.379000,0.40401,0.40345,60,307
2020-09-10 15:00:33.540000,0.40406,0.40355,60,307
2020-09-10 15:00:33.984000,0.4041,0.4036,60,60
2020-09-10 15:00:34.382000,0.40396,0.40345,60,307
2020-09-10 15:00:35.308000,0.40406,0.40355,60,307
2020-09-10 15:00:35.961000,0.40405,0.40355,60,307
2020-09-10 15:00:36.532000,0.40401,0.40345,60,307
2020-09-10 15:00:37.465000,0.40406,0.40355,60,307
2020-09-10 15:00:37.630000,0.40411,0.40355,60,307
2020-09-10 15:00:37.805000,0.40421,0.40365,60,307
2020-09-10 15:00:38.781000,0.40431,0.40375,60,307
2020-09-10 15:00:39.261000,0.40446,0.40395,60,307
2020-09-10 15:00:39.921000,0.40451,0.40395,60,307
2020-09-10 15:00:40.075000,0.40456,0.40395,60,307
2020-09-10 15:00:40.252000,0.40461,0.40405,75,307
2020-09-10 15:00:40.852000,0.40456,0.40405,60,307
2020-09-10 15:00:41.249000,0.40461,0.40405,112,307
2020-09-10 15:00:41.448000,0.40465,0.40405,262,307
2020-09-10 15:00:41.719000,0.40475,0.40415,262,307
2020-09-10 15:00:41.838000,0.40476,0.40425,60,307
2020-09-10 15:00:42.099000,0.40466,0.40415,60,307
2020-09-10 15:00:42.310000,0.40465,0.40415,60,307
2020-09-10 15:00:42.710000,0.40465,0.40405,262,307
2020-09-10 15:00:42.833000,0.40466,0.40415,75,307
2020-09-10 15:00:43.059000,0.40471,0.40415,60,307
2020-09-10 15:00:43.271000,0.40461,0.40405,60,307
2020-09-10 15:00:44.277000,0.40456,0.40405,60,307
2020-09-10 15:00:45.056000,0.40446,0.40395,60,307
2020-09-10 15:00:45.767000,0.40451,0.40395,75,307
2020-09-10 15:00:45.880000,0.40456,0.40395,60,307
2020-09-10 15:00:46.015000,0.40446,0.40395,60,307
2020-09-10 15:00:46.131000,0.40435,0.40385,60,45
2020-09-10 15:00:46.304000,0.40435,0.40385,60,307
2020-09-10 15:00:46.354000,0.40436,0.40385,60,307
2020-09-10 15:00:46.761000,0.4044,0.4039,60,60
2020-09-10 15:00:46.986000,0.40436,0.40385,60,307
2020-09-10 15:00:47.405000,0.40435,0.40385,60,307
2020-09-10 15:00:48.264000,0.4044,0.4039,60,75
2020-09-10 15:00:48.400000,0.40436,0.40375,60,307
2020-09-10 15:00:48.625000,0.40441,0.40385,225,307
2020-09-10 15:00:48.970000,0.40436,0.40385,60,307
2020-09-10 15:00:51.411000,0.4044,0.4039,60,60
2020-09-10 15:00:51.712000,0.40445,0.40385,262,307
2020-09-10 15:00:51.813000,0.40446,0.40395,225,307
2020-09-10 15:00:56.274000,0.40451,0.40395,60,307
2020-09-10 15:00:56.802000,0.40446,0.40395,60,307
2020-09-10 15:00:57.128000,0.40451,0.40395,60,307
2020-09-10 15:00:57.270000,0.40456,0.40395,60,307
2020-09-10 15:00:57.573000,0.40455,0.40395,262,307
2020-09-10 15:00:57.649000,0.40446,0.40395,60,307
2020-09-10 15:00:57.795000,0.40451,0.40395,60,307
2020-09-10 15:00:58.409000,0.40456,0.40405,60,307
2020-09-10 15:00:59.450000,0.4046,0.4041,75,60
2020-09-10 15:01:00.600000,0.40456,0.40395,60,307
2020-09-10 15:01:00.934000,0.40455,0.40405,60,307
2020-09-10 15:01:01.085000,0.40445,0.40395,60,307
2020-09-10 15:01:01.202000,0.40426,0.40375,60,307
2020-09-10 15:01:01.519000,0.40431,0.40375,75,307
2020-09-10 15:01:01.621000,0.40426,0.40375,60,307
2020-09-10 15:01:02.281000,0.40431,0.40375,75,337
2020-09-10 15:01:02.482000,0.40425,0.40375,60,307
2020-09-10 15:01:02.626000,0.4041,0.4036,75,60
2020-09-10 15:01:02.727000,0.40405,0.40355,60,307
2020-09-10 15:01:02.912000,0.40395,0.40345,60,307
2020-09-10 15:01:03.072000,0.40405,0.40345,262,307
2020-09-10 15:01:03.200000,0.4041,0.4036,60,60
2020-09-10 15:01:03.304000,0.40396,0.40345,60,307
2020-09-10 15:01:03.617000,0.40401,0.40345,60,307
2020-09-10 15:01:03.941000,0.40406,0.40345,60,307
2020-09-10 15:01:04.891000,0.4041,0.4036,75,60
2020-09-10 15:01:05.042000,0.40396,0.40345,60,307
2020-09-10 15:01:05.367000,0.40401,0.40345,75,307
2020-09-10 15:01:05.789000,0.40406,0.40355,75,307
2020-09-10 15:01:07.777000,0.40405,0.40345,262,307
2020-09-10 15:01:07.982000,0.40395,0.40335,262,262
2020-09-10 15:01:08.062000,0.40386,0.40335,60,307
2020-09-10 15:01:08.317000,0.40396,0.40345,60,307
2020-09-10 15:01:08.655000,0.40406,0.40355,60,307
2020-09-10 15:01:08.768000,0.40416,0.40355,60,307
2020-09-10 15:01:08.994000,0.40411,0.40355,75,307
2020-09-10 15:01:09.198000,0.40406,0.40355,60,307
2020-09-10 15:01:09.354000,0.4041,0.4036,60,60
2020-09-10 15:01:09.479000,0.40396,0.40345,60,307
2020-09-10 15:01:09.607000,0.40406,0.40355,60,307
2020-09-10 15:01:09.753000,0.40395,0.40345,60,56
2020-09-10 15:01:09.964000,0.40386,0.40335,60,307
2020-09-10 15:01:12.403000,0.40385,0.40325,262,307
2020-09-10 15:01:12.604000,0.40376,0.40325,60,307
2020-09-10 15:01:13.594000,0.40375,0.40315,262,307
2020-09-10 15:01:13.924000,0.40376,0.40325,60,307
2020-09-10 15:01:14.354000,0.40385,0.40325,262,307
2020-09-10 15:01:14.585000,0.40386,0.40335,60,307
2020-09-10 15:01:14.933000,0.40396,0.40345,60,307
2020-09-10 15:01:15.051000,0.404,0.4035,75,60
2020-09-10 15:01:15.836000,0.40386,0.40335,60,307
2020-09-10 15:01:16.173000,0.40385,0.40335,60,307
2020-09-10 15:01:16.403000,0.40381,0.40325,75,337
2020-09-10 15:01:16.597000,0.40386,0.40325,60,307
2020-09-10 15:01:17.452000,0.40391,0.40335,112,307
2020-09-10 15:01:17.726000,0.40396,0.40345,60,307
2020-09-10 15:01:17.838000,0.40405,0.40345,262,307
2020-09-10 15:01:17.888000,0.40411,0.40355,75,307
2020-09-10 15:01:17.943000,0.40416,0.40355,60,307
2020-09-10 15:01:18.055000,0.40425,0.40355,262,307
2020-09-10 15:01:18.242000,0.40426,0.40375,60,307
2020-09-10 15:01:18.387000,0.40421,0.40365,60,319
2020-09-10 15:01:18.877000,0.40416,0.40365,60,307
2020-09-10 15:01:19.012000,0.4042,0.4037,112,60
2020-09-10 15:01:19.129000,0.40416,0.40355,75,307
2020-09-10 15:01:19.696000,0.40426,0.40375,60,307
2020-09-10 15:01:21.681000,0.40425,0.40375,60,307
2020-09-10 15:01:22.178000,0.40415,0.40365,60,337
2020-09-10 15:01:22.507000,0.40411,0.40355,75,337
2020-09-10 15:01:22.608000,0.40416,0.40355,60,307
2020-09-10 15:01:22.740000,0.40426,0.40375,60,307
2020-09-10 15:01:23.903000,0.40435,0.40375,262,307
2020-09-10 15:01:24.110000,0.40436,0.40385,60,307
2020-09-10 15:01:24.359000,0.40441,0.40385,75,307
2020-09-10 15:01:24.510000,0.40436,0.40385,60,307
2020-09-10 15:01:24.931000,0.40435,0.40375,262,307
2020-09-10 15:01:24.981000,0.40426,0.40375,60,307
2020-09-10 15:01:25.149000,0.40425,0.40365,262,307
2020-09-10 15:01:25.292000,0.40421,0.40365,75,319
2020-09-10 15:01:25.551000,0.40416,0.40365,60,307
2020-09-10 15:01:25.666000,0.40425,0.40365,262,307
2020-09-10 15:01:25.771000,0.40426,0.40375,60,307
2020-09-10 15:01:25.921000,0.40431,0.40375,75,307
2020-09-10 15:01:26.022000,0.40435,0.40375,262,307
2020-09-10 15:01:26.139000,0.40436,0.40385,75,307
2020-09-10 15:01:26.299000,0.4044,0.4039,60,100
2020-09-10 15:01:26.557000,0.40426,0.40375,60,307
2020-09-10 15:01:27.187000,0.40435,0.40375,262,307
2020-09-10 15:01:27.377000,0.40436,0.40385,75,307
2020-09-10 15:01:29.155000,0.4044,0.4039,60,75
2020-09-10 15:01:29.439000,0.40436,0.40375,60,307
2020-09-10 15:01:29.899000,0.4044,0.4039,75,60
2020-09-10 15:01:31.419000,0.40426,0.40375,60,307
2020-09-10 15:01:31.969000,0.4044,0.4039,75,75
2020-09-10 15:01:32.213000,0.40436,0.40375,75,307
2020-09-10 15:01:32.332000,0.40441,0.40385,75,307
2020-09-10 15:01:32.852000,0.40446,0.40395,60,307
2020-09-10 15:01:33.070000,0.40451,0.40395,112,307
2020-09-10 15:01:33.289000,0.40456,0.40395,75,307
2020-09-10 15:01:33.908000,0.40461,0.40405,75,319
2020-09-10 15:01:34.060000,0.40456,0.40405,60,307
2020-09-10 15:01:34.235000,0.40466,0.40415,75,307
2020-09-10 15:01:35.051000,0.40461,0.40405,75,307
2020-09-10 15:01:35.181000,0.40466,0.40405,75,307
2020-09-10 15:01:35.848000,0.40475,0.40415,262,307
2020-09-10 15:01:35.960000,0.40476,0.40425,60,307
2020-09-10 15:01:36.128000,0.40471,0.40415,75,337
2020-09-10 15:01:36.541000,0.40475,0.40425,60,307
2020-09-10 15:01:37.496000,0.40471,0.40415,75,307
2020-09-10 15:01:38.164000,0.40476,0.40425,60,307
2020-09-10 15:01:38.279000,0.40481,0.40425,75,337
2020-09-10 15:01:38.420000,0.40486,0.40425,60,307
2020-09-10 15:01:39.013000,0.4049,0.4044,75,75
2020-09-10 15:01:39.203000,0.40476,0.40425,60,307
2020-09-10 15:01:39.428000,0.40475,0.40425,60,307
2020-09-10 15:01:39.601000,0.40471,0.40415,75,319
2020-09-10 15:01:39.732000,0.40476,0.40415,60,307
2020-09-10 15:01:40.126000,0.40471,0.40415,60,319
2020-09-10 15:01:40.272000,0.40466,0.40415,60,307
2020-09-10 15:01:40.411000,0.40471,0.40415,75,307
2020-09-10 15:01:40.546000,0.40466,0.40415,60,307
2020-09-10 15:01:41.168000,0.40471,0.40415,75,307
2020-09-10 15:01:41.323000,0.40466,0.40415,60,307
2020-09-10 15:01:41.476000,0.40471,0.40415,75,319
2020-09-10 15:01:41.587000,0.40476,0.40415,75,307
2020-09-10 15:01:42.193000,0.40481,0.40425,75,307
2020-09-10 15:01:42.345000,0.40476,0.40425,60,307
2020-09-10 15:01:42.461000,0.40481,0.40425,75,319
2020-09-10 15:01:42.708000,0.40485,0.40425,262,307
2020-09-10 15:01:42.828000,0.40486,0.40435,60,307
2020-09-10 15:01:42.957000,0.40496,0.40445,60,307
2020-09-10 15:01:43.855000,0.40506,0.40445,60,307
2020-09-10 15:01:44.014000,0.4051,0.4046,75,100
2020-09-10 15:01:44.221000,0.40495,0.40445,60,307
2020-09-10 15:01:44.565000,0.40491,0.40435,75,337
2020-09-10 15:01:44.858000,0.40495,0.40445,60,307
2020-09-10 15:01:45.509000,0.40485,0.40425,262,307
2020-09-10 15:01:45.616000,0.40476,0.40425,60,307
2020-09-10 15:01:45.727000,0.40481,0.40425,75,319
2020-09-10 15:01:46.168000,0.40476,0.40425,60,307
2020-09-10 15:01:46.319000,0.40481,0.40425,75,319
2020-09-10 15:01:46.443000,0.40476,0.40425,60,307
2020-09-10 15:01:46.552000,0.40475,0.40415,262,307
2020-09-10 15:01:46.721000,0.40476,0.40425,75,307
2020-09-10 15:01:48.018000,0.40486,0.40435,60,307
2020-09-10 15:01:48.207000,0.40491,0.40435,112,307
2020-09-10 15:01:48.337000,0.40496,0.40435,60,307
2020-09-10 15:01:48.758000,0.405,0.4045,75,75
2020-09-10 15:01:49.364000,0.40496,0.40445,60,307
2020-09-10 15:01:49.619000,0.40495,0.40435,262,307
2020-09-10 15:01:49.688000,0.40491,0.40435,112,307
2020-09-10 15:01:49.948000,0.40496,0.40445,60,307
2020-09-10 15:01:50.100000,0.40491,0.40435,75,307
2020-09-10 15:01:50.228000,0.40496,0.40435,60,307
2020-09-10 15:01:50.867000,0.405,0.4045,60,60
2020-09-10 15:01:51.007000,0.40496,0.40435,60,307
2020-09-10 15:01:51.160000,0.40516,0.40445,307,307
2020-09-10 15:01:51.270000,0.40516,0.40465,60,307
2020-09-10 15:01:51.320000,0.40525,0.40465,262,307
2020-09-10 15:01:51.398000,0.40516,0.40465,60,307
2020-09-10 15:01:51.548000,0.40535,0.40465,262,307
2020-09-10 15:01:51.864000,0.40526,0.40475,60,637
2020-09-10 15:01:52.194000,0.40531,0.40475,112,637
2020-09-10 15:01:52.337000,0.40536,0.40475,60,307
2020-09-10 15:01:52.447000,0.4054,0.4049,75,375
2020-09-10 15:01:53.182000,0.40536,0.40485,60,307
2020-09-10 15:01:53.734000,0.4054,0.4049,75,375
2020-09-10 15:01:53.842000,0.40536,0.40475,60,307
2020-09-10 15:01:54.248000,0.40541,0.40485,112,307
2020-09-10 15:01:54.391000,0.40536,0.40485,60,307
2020-09-10 15:01:54.781000,0.4054,0.4049,75,375
2020-09-10 15:01:55.035000,0.40536,0.40485,75,307
2020-09-10 15:01:55.675000,0.40541,0.40485,112,307
2020-09-10 15:01:55.829000,0.40536,0.40485,60,307
2020-09-10 15:01:56.047000,0.40541,0.40485,112,307
2020-09-10 15:01:56.159000,0.40536,0.40485,60,307
2020-09-10 15:01:58.034000,0.40545,0.40485,262,307
2020-09-10 15:01:58.201000,0.40536,0.40485,75,307
2020-09-10 15:01:59.097000,0.40535,0.40475,262,307
2020-09-10 15:01:59.288000,0.40536,0.40475,60,307
2020-09-10 15:01:59.533000,0.4054,0.4049,75,169
2020-09-10 15:01:59.872000,0.40536,0.40485,60,307
2020-09-10 15:02:00.003000,0.40535,0.40475,262,307
2020-09-10 15:02:00.098000,0.40526,0.40475,60,375
2020-09-10 15:02:01.111000,0.40515,0.40465,60,112
2020-09-10 15:02:01.161000,0.40515,0.40465,60,375
2020-09-10 15:02:01.529000,0.40515,0.40455,262,307
2020-09-10 15:02:01.715000,0.40511,0.40455,112,319
2020-09-10 15:02:01.830000,0.40506,0.40455,60,307
2020-09-10 15:02:01.958000,0.40511,0.40455,75,319
2020-09-10 15:02:02.160000,0.40506,0.40455,60,319
2020-09-10 15:02:02.261000,0.40515,0.40455,262,307
2020-09-10 15:02:02.392000,0.40516,0.40465,60,307
2020-09-10 15:02:03.894000,0.40521,0.40465,75,337
2020-09-10 15:02:04.018000,0.40526,0.40465,60,307
2020-09-10 15:02:04.308000,0.4053,0.4048,60,112
2020-09-10 15:02:04.623000,0.40526,0.40475,60,307
2020-09-10 15:02:04.891000,0.40535,0.40475,262,307
2020-09-10 15:02:05.017000,0.40536,0.40485,60,307
2020-09-10 15:02:05.678000,0.40531,0.40475,75,319
2020-09-10 15:02:05.949000,0.40536,0.40475,75,307
2020-09-10 15:02:06.790000,0.40556,0.40485,307,307
2020-09-10 15:02:06.956000,0.40556,0.40505,75,307
2020-09-10 15:02:07.969000,0.40561,0.40505,112,307
2020-09-10 15:02:08.080000,0.40565,0.40505,262,307
2020-09-10 15:02:08.181000,0.40566,0.40515,60,307
2020-09-10 15:02:09.200000,0.40571,0.40515,112,319
2020-09-10 15:02:09.315000,0.40575,0.40515,262,307
2020-09-10 15:02:09.432000,0.40576,0.40525,60,307
2020-09-10 15:02:09.565000,0.40575,0.40525,60,337
2020-09-10 15:02:09.707000,0.40576,0.40525,60,307
2020-09-10 15:02:09.878000,0.4058,0.4053,75,75
2020-09-10 15:02:10.366000,0.40576,0.40525,75,307
2020-09-10 15:02:10.752000,0.40581,0.40525,75,319
2020-09-10 15:02:10.883000,0.40576,0.40525,60,307
2020-09-10 15:02:11.393000,0.4058,0.4053,75,100
2020-09-10 15:02:12.122000,0.40565,0.40515,60,307
2020-09-10 15:02:12.307000,0.40561,0.40505,75,319
2020-09-10 15:02:12.498000,0.40566,0.40505,75,307
2020-09-10 15:02:12.784000,0.40575,0.40515,262,307
2020-09-10 15:02:13.004000,0.40576,0.40525,60,307
2020-09-10 15:02:13.514000,0.4058,0.4053,75,100
2020-09-10 15:02:14.053000,0.40566,0.40515,60,319
2020-09-10 15:02:14.425000,0.40565,0.40515,60,337
2020-09-10 15:02:14.901000,0.40566,0.40515,60,307
2020-09-10 15:02:15.161000,0.4057,0.4052,60,75
2020-09-10 15:02:15.423000,0.40566,0.40515,60,307
2020-09-10 15:02:16.033000,0.40565,0.40515,60,319
2020-09-10 15:02:16.414000,0.40565,0.40505,262,307
2020-09-10 15:02:16.533000,0.40566,0.40515,60,307
2020-09-10 15:02:17.472000,0.4057,0.4052,75,100
2020-09-10 15:02:17.594000,0.40565,0.40515,60,307
2020-09-10 15:02:18.209000,0.40555,0.40505,60,337
2020-09-10 15:02:18.443000,0.40551,0.40495,60,337
2020-09-10 15:02:18.751000,0.40556,0.40505,60,307
2020-09-10 15:02:18.896000,0.4056,0.4051,75,75
2020-09-10 15:02:19.120000,0.40546,0.40495,60,319
2020-09-10 15:02:20.259000,0.40555,0.40495,262,307
2020-09-10 15:02:20.359000,0.40561,0.40505,60,375
2020-09-10 15:02:20.777000,0.40566,0.40515,60,307
2020-09-10 15:02:20.920000,0.40571,0.40515,75,307
2020-09-10 15:02:21.091000,0.40566,0.40515,60,307
2020-09-10 15:02:21.206000,0.40571,0.40515,75,337
2020-09-10 15:02:21.447000,0.40576,0.40515,60,307
2020-09-10 15:02:21.593000,0.4058,0.4053,60,112
2020-09-10 15:02:21.873000,0.40576,0.40525,60,307
2020-09-10 15:02:22.318000,0.40581,0.40525,75,307
2020-09-10 15:02:22.851000,0.40576,0.40525,60,307
2020-09-10 15:02:23.386000,0.4059,0.4054,75,60
2020-09-10 15:02:23.532000,0.40576,0.40525,60,307
2020-09-10 15:02:24.623000,0.40581,0.40525,75,307
2020-09-10 15:02:24.738000,0.4058,0.4053,60,112
2020-09-10 15:02:25.299000,0.40566,0.40515,60,307
2020-09-10 15:02:26.330000,0.40576,0.40525,60,307
2020-09-10 15:02:27.256000,0.4058,0.4053,60,112
2020-09-10 15:02:27.406000,0.40576,0.40515,60,307
2020-09-10 15:02:28.576000,0.4058,0.4053,60,112
2020-09-10 15:02:28.712000,0.40566,0.40515,60,337
2020-09-10 15:02:29.897000,0.40565,0.40505,262,307
2020-09-10 15:02:30.049000,0.40566,0.40515,60,307
2020-09-10 15:02:30.604000,0.40585,0.40535,60,262
2020-09-10 15:02:30.793000,0.40595,0.40535,262,262
2020-09-10 15:02:30.843000,0.40586,0.40535,60,307
2020-09-10 15:02:33.373000,0.40595,0.40535,262,307
2020-09-10 15:02:33.645000,0.40596,0.40545,60,307
2020-09-10 15:02:33.908000,0.40605,0.40545,262,307
2020-09-10 15:02:34.138000,0.40606,0.40555,60,307
2020-09-10 15:02:36.304000,0.40605,0.40545,262,307
2020-09-10 15:02:36.431000,0.40596,0.40545,60,307
2020-09-10 15:02:37.854000,0.40595,0.40535,262,307
2020-09-10 15:02:38.841000,0.40595,0.40535,262,262
2020-09-10 15:02:38.945000,0.40605,0.40535,262,262
2020-09-10 15:02:38.995000,0.40591,0.40535,112,307
2020-09-10 15:02:40.290000,0.40596,0.40545,75,307
2020-09-10 15:02:40.392000,0.40601,0.40545,75,307
2020-09-10 15:02:40.519000,0.40605,0.40555,60,307
2020-09-10 15:02:41.693000,0.40601,0.40545,75,307
2020-09-10 15:02:41.899000,0.40606,0.40545,60,307
2020-09-10 15:02:42.380000,0.40626,0.40555,307,307
2020-09-10 15:02:42.480000,0.40626,0.40575,60,307
2020-09-10 15:02:42.542000,0.40625,0.40575,60,307
2020-09-10 15:02:42.660000,0.40615,0.40565,60,262
2020-09-10 15:02:42.714000,0.4061,0.4056,75,75
2020-09-10 15:02:42.815000,0.40601,0.40545,75,337
2020-09-10 15:02:42.999000,0.40606,0.40555,60,307
2020-09-10 15:02:43.490000,0.40611,0.40555,75,307
2020-09-10 15:02:44.671000,0.40606,0.40555,60,307
2020-09-10 15:02:44.785000,0.4061,0.4056,60,100
2020-09-10 15:02:44.955000,0.40606,0.40545,60,307
2020-09-10 15:02:45.368000,0.4061,0.4056,56,100
2020-09-10 15:02:45.755000,0.40605,0.40545,262,307
2020-09-10 15:02:45.979000,0.40605,0.40555,60,319
2020-09-10 15:02:46.292000,0.40601,0.40545,56,319
2020-09-10 15:02:46.918000,0.40606,0.40555,56,307
2020-09-10 15:02:47.170000,0.40616,0.40555,60,307
2020-09-10 15:02:47.305000,0.40611,0.40555,75,375
2020-09-10 15:02:47.736000,0.40606,0.40555,60,307
2020-09-10 15:02:47.859000,0.40611,0.40555,112,307
2020-09-10 15:02:47.977000,0.40606,0.40555,60,307
2020-09-10 15:02:48.716000,0.40601,0.40545,75,337
2020-09-10 15:02:48.833000,0.40606,0.40555,60,307
2020-09-10 15:02:48.955000,0.4061,0.4056,60,112
2020-09-10 15:02:49.141000,0.40606,0.40545,60,307
2020-09-10 15:02:50.318000,0.40611,0.40555,112,375
2020-09-10 15:02:50.635000,0.40616,0.40565,60,307
2020-09-10 15:02:50.743000,0.40625,0.40565,262,319
2020-09-10 15:02:50.870000,0.40626,0.40575,60,319
2020-09-10 15:02:51.265000,0.40625,0.40575,60,307
2020-09-10 15:02:52.165000,0.40621,0.40565,75,307
2020-09-10 15:02:52.562000,0.40616,0.40565,60,319
2020-09-10 15:02:52.839000,0.4062,0.4057,75,112
2020-09-10 15:02:53.361000,0.40606,0.40555,60,337
2020-09-10 15:02:53.574000,0.40611,0.40555,75,319
2020-09-10 15:02:54.211000,0.40606,0.40555,60,337
2020-09-10 15:02:54.483000,0.40611,0.40555,75,319
2020-09-10 15:02:54.906000,0.40616,0.40565,60,319
2020-09-10 15:02:55.190000,0.40626,0.40575,60,307
2020-09-10 15:02:55.327000,0.4063,0.4058,60,75
2020-09-10 15:02:55.905000,0.40616,0.40565,60,319
2020-09-10 15:02:56.558000,0.4062,0.4057,60,112
2020-09-10 15:02:58.339000,0.40616,0.40565,60,307
2020-09-10 15:02:58.735000,0.40611,0.40555,56,375
2020-09-10 15:03:00.779000,0.40616,0.40555,60,307
2020-09-10 15:03:01.704000,0.40635,0.40575,262,307
2020-09-10 15:03:01.814000,0.40636,0.40575,75,307
2020-09-10 15:03:02.040000,0.40631,0.40575,75,375
2020-09-10 15:03:02.149000,0.40626,0.40575,60,337
2020-09-10 15:03:02.299000,0.40631,0.40575,75,375
2020-09-10 15:03:02.533000,0.40626,0.40575,60,307
2020-09-10 15:03:02.745000,0.4063,0.4058,75,75
2020-09-10 15:03:03.020000,0.40616,0.40565,60,307
2020-09-10 15:03:04.009000,0.4062,0.4057,60,112
2020-09-10 15:03:04.173000,0.40615,0.40565,60,319
2020-09-10 15:03:09.414000,0.40595,0.40545,60,45
2020-09-10 15:03:09.648000,0.40586,0.40535,56,307
2020-09-10 15:03:09.913000,0.40591,0.40535,56,337
2020-09-10 15:03:10.199000,0.40596,0.40535,75,307
2020-09-10 15:03:10.404000,0.40601,0.40545,56,307
2020-09-10 15:03:10.929000,0.40596,0.40545,60,307
2020-09-10 15:03:11.738000,0.406,0.4055,56,100
2020-09-10 15:03:12.024000,0.40596,0.40545,56,307
2020-09-10 15:03:12.269000,0.406,0.4055,56,100
2020-09-10 15:03:12.549000,0.40586,0.40535,60,319
2020-09-10 15:03:14.436000,0.40596,0.40545,56,307
2020-09-10 15:03:14.900000,0.40595,0.40535,262,307
2020-09-10 15:03:14.974000,0.40586,0.40535,60,307
2020-09-10 15:03:17.538000,0.40575,0.40525,56,45
2020-09-10 15:03:17.730000,0.40555,0.40505,60,45
2020-09-10 15:03:17.783000,0.40546,0.40495,60,307
2020-09-10 15:03:17.833000,0.40545,0.40495,60,307
2020-09-10 15:03:17.941000,0.4054,0.4049,56,56
2020-09-10 15:03:17.991000,0.40531,0.40475,56,319
2020-09-10 15:03:18.111000,0.40526,0.40475,56,307
2020-09-10 15:03:18.518000,0.40535,0.40475,262,307
2020-09-10 15:03:18.620000,0.40536,0.40485,75,307
2020-09-10 15:03:18.888000,0.40535,0.40475,262,307
2020-09-10 15:03:18.974000,0.40526,0.40475,60,307
2020-09-10 15:03:19.357000,0.40536,0.40485,75,307
2020-09-10 15:03:19.519000,0.40535,0.40485,60,307
2020-09-10 15:03:20.664000,0.40531,0.40475,112,307
2020-09-10 15:03:20.822000,0.40526,0.40475,60,307
2020-09-10 15:03:21.568000,0.40525,0.40475,60,307
2020-09-10 15:03:21.873000,0.40521,0.40465,112,307
2020-09-10 15:03:22.122000,0.40526,0.40475,112,307
2020-09-10 15:03:22.228000,0.40525,0.40465,262,307
2020-09-10 15:03:22.542000,0.40516,0.40465,60,307
2020-09-10 15:03:22.958000,0.4052,0.4047,75,100
2020-09-10 15:03:23.111000,0.40506,0.40455,60,307
2020-09-10 15:03:23.265000,0.40515,0.40455,262,307
2020-09-10 15:03:23.391000,0.40516,0.40465,60,307
2020-09-10 15:03:24.524000,0.40515,0.40455,262,307
2020-09-10 15:03:24.574000,0.40511,0.40455,112,337
2020-09-10 15:03:24.713000,0.40506,0.40455,60,307
2020-09-10 15:03:25.373000,0.40511,0.40455,112,307
2020-09-10 15:03:25.891000,0.40506,0.40455,60,307
2020-09-10 15:03:26.464000,0.40515,0.40455,262,307
2020-09-10 15:03:26.643000,0.40516,0.40465,56,307
2020-09-10 15:03:26.880000,0.40505,0.40445,262,307
2020-09-10 15:03:26.930000,0.40496,0.40445,60,307
2020-09-10 15:03:27.499000,0.40495,0.40445,60,307
2020-09-10 15:03:27.630000,0.40495,0.40435,262,307
2020-09-10 15:03:27.731000,0.40496,0.40445,60,307
2020-09-10 15:03:28.014000,0.405,0.4045,60,100
2020-09-10 15:03:28.197000,0.40495,0.40435,262,307
2020-09-10 15:03:28.248000,0.40486,0.40435,60,307
2020-09-10 15:03:28.941000,0.40491,0.40435,75,307
2020-09-10 15:03:29.098000,0.40495,0.40435,262,307
2020-09-10 15:03:29.283000,0.40496,0.40445,75,307
2020-09-10 15:03:29.664000,0.405,0.4045,75,75
2020-09-10 15:03:29.862000,0.40486,0.40435,60,307
2020-09-10 15:03:30.013000,0.40495,0.40435,262,307
2020-09-10 15:03:30.273000,0.40496,0.40445,75,307
2020-09-10 15:03:31.143000,0.405,0.4045,60,75
2020-09-10 15:03:31.324000,0.40496,0.40435,75,307
2020-09-10 15:03:31.878000,0.40505,0.40445,262,307
2020-09-10 15:03:32.029000,0.40506,0.40445,56,307
2020-09-10 15:03:32.315000,0.40505,0.40445,262,307
2020-09-10 15:03:32.634000,0.40496,0.40445,60,319
2020-09-10 15:03:33.515000,0.40486,0.40435,60,307
2020-09-10 15:03:36.940000,0.40485,0.40425,262,307
2020-09-10 15:03:37.004000,0.40476,0.40425,60,307
2020-09-10 15:03:37.343000,0.40475,0.40415,262,307
2020-09-10 15:03:37.637000,0.40476,0.40425,75,319
2020-09-10 15:03:39.163000,0.40481,0.40425,56,319
2020-09-10 15:03:39.345000,0.40486,0.40425,75,307
2020-09-10 15:03:41.219000,0.40481,0.40425,60,375
2020-09-10 15:03:41.447000,0.40476,0.40425,60,319
2020-09-10 15:03:43.479000,0.40475,0.40425,60,307
2020-09-10 15:03:44.007000,0.4047,0.4042,75,100
2020-09-10 15:03:44.121000,0.40466,0.40405,60,307
2020-09-10 15:03:44.278000,0.4047,0.4042,60,75
2020-09-10 15:03:44.723000,0.40466,0.40405,75,307
2020-09-10 15:03:45.225000,0.4047,0.4042,75,100
2020-09-10 15:03:45.393000,0.40466,0.40405,60,307
2020-09-10 15:03:46.658000,0.4046,0.4041,60,112
2020-09-10 15:03:46.709000,0.4046,0.4041,60,112
2020-09-10 15:03:46.918000,0.40446,0.40395,60,307
2020-09-10 15:03:48.231000,0.40445,0.40395,60,307
2020-09-10 15:03:49.058000,0.40441,0.40385,75,337
2020-09-10 15:03:49.269000,0.40436,0.40385,60,307
2020-09-10 15:03:49.858000,0.40431,0.40375,75,375
2020-09-10 15:03:50.258000,0.40426,0.40375,60,319
2020-09-10 15:03:50.648000,0.40425,0.40365,262,319
2020-09-10 15:03:50.846000,0.40421,0.40365,112,319
2020-09-10 15:03:50.962000,0.40426,0.40365,60,307
2020-09-10 15:03:51.636000,0.4043,0.4038,60,75
2020-09-10 15:03:51.846000,0.40426,0.40365,60,307
2020-09-10 15:03:53.216000,0.4043,0.4038,60,112
2020-09-10 15:03:53.321000,0.40426,0.40365,60,307
2020-09-10 15:03:55.879000,0.40425,0.40375,60,337
2020-09-10 15:03:56.276000,0.40426,0.40365,75,307
2020-09-10 15:03:56.540000,0.40431,0.40375,112,319
2020-09-10 15:03:57.693000,0.40455,0.40385,262,307
2020-09-10 15:03:57.842000,0.40456,0.40405,60,307
2020-09-10 15:03:57.980000,0.40451,0.40395,75,319
2020-09-10 15:03:58.151000,0.40445,0.40385,262,307
2020-09-10 15:03:58.208000,0.40436,0.40385,60,319
2020-09-10 15:03:58.568000,0.40441,0.40385,75,337
2020-09-10 15:03:58.715000,0.40446,0.40395,60,307
2020-09-10 15:03:58.865000,0.4045,0.404,60,100
2020-09-10 15:03:59.274000,0.40446,0.40385,60,307
2020-09-10 15:03:59.920000,0.40445,0.40395,60,319
2020-09-10 15:04:00.398000,0.40431,0.40375,56,375
2020-09-10 15:04:00.585000,0.40426,0.40375,169,307
2020-09-10 15:04:02.150000,0.40431,0.40375,112,319
2020-09-10 15:04:03.248000,0.40436,0.40375,56,307
2020-09-10 15:04:05.158000,0.40441,0.40385,60,337
2020-09-10 15:04:05.416000,0.40436,0.40385,60,337
2020-09-10 15:04:06.344000,0.40431,0.40375,56,375
2020-09-10 15:04:06.464000,0.40426,0.40375,60,375
2020-09-10 15:04:07.576000,0.40421,0.40365,75,375
2020-09-10 15:04:08.544000,0.40416,0.40365,60,307
2020-09-10 15:04:08.645000,0.4042,0.4037,60,112
2020-09-10 15:04:09.175000,0.40406,0.40355,60,375
2020-09-10 15:04:09.611000,0.40405,0.40355,60,375
2020-09-10 15:04:09.740000,0.40406,0.40355,60,307
2020-09-10 15:04:10.619000,0.40405,0.40355,60,375
2020-09-10 15:04:11.724000,0.40405,0.40345,262,307
2020-09-10 15:04:11.866000,0.40406,0.40355,56,307
2020-09-10 15:04:11.975000,0.40405,0.40345,262,307
2020-09-10 15:04:12.025000,0.40396,0.40345,60,319
2020-09-10 15:04:12.906000,0.40401,0.40345,75,319
2020-09-10 15:04:13.046000,0.40396,0.40345,60,307
2020-09-10 15:04:13.267000,0.40401,0.40345,56,337
2020-09-10 15:04:13.567000,0.40396,0.40345,60,319
2020-09-10 15:04:15.546000,0.40395,0.40335,262,307
2020-09-10 15:04:15.676000,0.40396,0.40345,60,307
2020-09-10 15:04:15.915000,0.40405,0.40345,262,262
2020-09-10 15:04:18.517000,0.404,0.4035,60,112
2020-09-10 15:04:18.931000,0.40396,0.40345,60,307
2020-09-10 15:04:22.018000,0.40406,0.40355,60,307
2020-09-10 15:04:22.214000,0.40401,0.40345,60,319
2020-09-10 15:04:22.356000,0.40406,0.40355,60,307
2020-09-10 15:04:22.538000,0.40405,0.40345,262,307
2020-09-10 15:04:22.614000,0.40396,0.40345,60,307
2020-09-10 15:04:23.993000,0.40395,0.40335,262,307
2020-09-10 15:04:24.458000,0.40396,0.40335,60,307
2020-09-10 15:04:24.679000,0.40405,0.40335,262,262
2020-09-10 15:04:24.730000,0.40391,0.40335,60,375
2020-09-10 15:04:24.839000,0.40396,0.40335,60,307
2020-09-10 15:04:26.142000,0.404,0.4035,60,169
2020-09-10 15:04:26.769000,0.40395,0.40345,60,375
2020-09-10 15:04:26.949000,0.40396,0.40345,75,307
2020-09-10 15:04:27.427000,0.404,0.4035,56,75
2020-09-10 15:04:28.214000,0.40396,0.40345,60,307
2020-09-10 15:04:28.928000,0.40405,0.40345,262,307
2020-09-10 15:04:29.077000,0.4041,0.4036,75,100
2020-09-10 15:04:29.328000,0.40406,0.40345,56,307
2020-09-10 15:04:29.478000,0.40405,0.40355,60,375
2020-09-10 15:04:29.602000,0.40406,0.40355,75,307
2020-09-10 15:04:29.738000,0.40401,0.40345,56,375
2020-09-10 15:04:30.004000,0.40396,0.40345,60,307
2020-09-10 15:04:30.733000,0.40395,0.40335,262,307
2020-09-10 15:04:30.828000,0.40391,0.40335,56,319
2020-09-10 15:04:31.887000,0.40396,0.40335,60,307
2020-09-10 15:04:32.255000,0.40391,0.40335,75,319
2020-09-10 15:04:32.611000,0.40386,0.40335,60,337
2020-09-10 15:04:32.761000,0.40391,0.40335,75,319
2020-09-10 15:04:33.333000,0.40401,0.40345,75,307
2020-09-10 15:04:33.634000,0.40406,0.40345,60,307
2020-09-10 15:04:33.967000,0.40415,0.40355,262,307
2020-09-10 15:04:34.089000,0.40416,0.40365,60,307
2020-09-10 15:04:34.334000,0.40426,0.40365,75,307
2020-09-10 15:04:34.447000,0.4043,0.4038,56,100
2020-09-10 15:04:34.562000,0.40416,0.40365,60,307
2020-09-10 15:04:34.718000,0.40415,0.40355,262,307
2020-09-10 15:04:34.768000,0.40406,0.40355,60,307
2020-09-10 15:04:34.901000,0.40411,0.40355,75,337
2020-09-10 15:04:36.095000,0.40406,0.40355,60,337
2020-09-10 15:04:36.369000,0.40411,0.40355,75,319
2020-09-10 15:04:36.698000,0.40406,0.40355,60,337
2020-09-10 15:04:37.835000,0.40411,0.40355,112,307
2020-09-10 15:04:38.017000,0.40406,0.40355,60,319
2020-09-10 15:04:38.772000,0.40405,0.40355,60,307
2020-09-10 15:04:38.879000,0.404,0.4035,56,112
2020-09-10 15:04:39.175000,0.40386,0.40335,60,337
2020-09-10 15:04:39.393000,0.4039,0.4034,56,112
2020-09-10 15:04:39.522000,0.40385,0.40335,60,375
2020-09-10 15:04:39.798000,0.40386,0.40335,60,307
2020-09-10 15:04:40.048000,0.40391,0.40335,112,307
2020-09-10 15:04:40.213000,0.40386,0.40335,60,307
2020-09-10 15:04:40.582000,0.40391,0.40335,112,307
2020-09-10 15:04:40.733000,0.40386,0.40335,60,307
2020-09-10 15:04:41.082000,0.40391,0.40335,112,319
2020-09-10 15:04:41.570000,0.40396,0.40335,60,307
2020-09-10 15:04:41.774000,0.40376,0.40325,60,319
2020-09-10 15:04:42.666000,0.40385,0.40325,262,319
2020-09-10 15:04:42.811000,0.40386,0.40335,60,319
2020-09-10 15:04:42.918000,0.40391,0.40335,112,375
2020-09-10 15:04:43.183000,0.40386,0.40335,60,337
2020-09-10 15:04:43.679000,0.40391,0.40335,112,319
2020-09-10 15:04:43.805000,0.40396,0.40335,60,307
2020-09-10 15:04:44.178000,0.404,0.4035,60,100
2020-09-10 15:04:44.563000,0.40386,0.40335,60,307
2020-09-10 15:04:44.667000,0.4039,0.4034,60,112
2020-09-10 15:04:44.861000,0.40386,0.40325,60,307
2020-09-10 15:04:45.092000,0.4039,0.4034,60,112
2020-09-10 15:04:45.616000,0.40386,0.40335,60,307
2020-09-10 15:04:45.993000,0.40385,0.40325,262,307
2020-09-10 15:04:46.048000,0.40376,0.40325,60,319
2020-09-10 15:04:47.037000,0.40381,0.40325,75,375
2020-09-10 15:04:47.407000,0.40376,0.40325,60,337
2020-09-10 15:04:48.610000,0.40381,0.40325,112,319
2020-09-10 15:04:48.723000,0.40376,0.40325,60,337
2020-09-10 15:04:52.329000,0.40375,0.40325,60,319
2020-09-10 15:04:52.444000,0.4038,0.4033,56,112
2020-09-10 15:04:52.702000,0.40376,0.40315,56,307
2020-09-10 15:04:53.433000,0.40385,0.40325,262,307
2020-09-10 15:04:53.534000,0.40386,0.40335,56,307
2020-09-10 15:04:53.660000,0.40391,0.40335,112,319
2020-09-10 15:04:54.214000,0.40396,0.40335,56,307
2020-09-10 15:04:54.710000,0.40401,0.40345,112,307
2020-09-10 15:04:54.964000,0.40396,0.40345,60,307
2020-09-10 15:04:55.080000,0.404,0.4035,56,112
2020-09-10 15:04:55.315000,0.40396,0.40335,56,307
2020-09-10 15:04:55.443000,0.404,0.4035,56,112
2020-09-10 15:04:55.594000,0.40396,0.40335,56,307
2020-09-10 15:04:56.209000,0.40401,0.40345,112,337
2020-09-10 15:04:56.554000,0.40406,0.40345,56,307
2020-09-10 15:04:59.671000,0.40415,0.40355,262,307
2020-09-10 15:04:59.779000,0.40416,0.40365,56,307
2020-09-10 15:05:00.043000,0.40425,0.40365,262,307
2020-09-10 15:05:00.144000,0.40426,0.40375,75,307
2020-09-10 15:05:00.510000,0.4043,0.4038,75,112
2020-09-10 15:05:00.628000,0.40416,0.40365,60,337
2020-09-10 15:05:00.776000,0.4042,0.4037,60,112
2020-09-10 15:05:00.880000,0.40415,0.40365,60,307
2020-09-10 15:05:01.056000,0.40411,0.40345,112,319
2020-09-10 15:05:01.207000,0.40406,0.40355,60,307
2020-09-10 15:05:01.502000,0.40401,0.40345,60,375
2020-09-10 15:05:01.846000,0.40396,0.40345,60,307
2020-09-10 15:05:02.034000,0.40401,0.40345,75,337
2020-09-10 15:05:02.278000,0.40396,0.40345,60,307
2020-09-10 15:05:02.519000,0.40395,0.40345,60,307
2020-09-10 15:05:04.412000,0.4039,0.4034,75,112
2020-09-10 15:05:05.843000,0.40376,0.40325,60,337
2020-09-10 15:05:06.125000,0.40381,0.40325,112,375
2020-09-10 15:05:06.251000,0.40376,0.40325,60,375
2020-09-10 15:05:06.511000,0.40375,0.40325,60,337
2020-09-10 15:05:06.776000,0.40355,0.40305,60,112
2020-09-10 15:05:06.833000,0.4036,0.4031,169,56
2020-09-10 15:05:06.941000,0.40355,0.40305,75,45
2020-09-10 15:05:07.527000,0.40345,0.40295,60,112
2020-09-10 15:05:07.766000,0.40355,0.40305,112,45
2020-09-10 15:05:08.004000,0.40345,0.40295,60,112
2020-09-10 15:05:08.149000,0.4035,0.403,112,112
2020-09-10 15:05:08.234000,0.40355,0.40305,112,45
2020-09-10 15:05:08.334000,0.40345,0.40295,60,112
2020-09-10 15:05:08.475000,0.4035,0.403,112,112
2020-09-10 15:05:08.603000,0.40355,0.40305,75,45
2020-09-10 15:05:08.834000,0.40365,0.40315,60,45
2020-09-10 15:05:08.960000,0.40375,0.40325,60,319
2020-09-10 15:05:09.086000,0.4038,0.4033,112,100
2020-09-10 15:05:09.226000,0.40375,0.40325,60,307
2020-09-10 15:05:09.416000,0.4038,0.4033,112,100
2020-09-10 15:05:09.641000,0.40376,0.40325,56,307
2020-09-10 15:05:10.098000,0.40375,0.40315,262,319
2020-09-10 15:05:10.259000,0.40376,0.40325,60,319
2020-09-10 15:05:10.405000,0.40381,0.40325,169,319
2020-09-10 15:05:10.590000,0.40386,0.40325,75,307
2020-09-10 15:05:10.931000,0.40391,0.40335,112,337
2020-09-10 15:05:11.103000,0.40396,0.40335,112,307
2020-09-10 15:05:11.562000,0.40401,0.40345,112,319
2020-09-10 15:05:11.726000,0.40396,0.40345,60,337
2020-09-10 15:05:11.893000,0.40405,0.40345,262,307
2020-09-10 15:05:12.013000,0.40406,0.40355,112,307
2020-09-10 15:05:12.323000,0.40415,0.40355,262,307
2020-09-10 15:05:12.637000,0.40416,0.40365,112,307
2020-09-10 15:05:12.865000,0.40411,0.40355,112,337
2020-09-10 15:05:13.926000,0.40406,0.40355,60,319
2020-09-10 15:05:14.107000,0.40411,0.40355,112,375
2020-09-10 15:05:14.225000,0.40416,0.40355,60,307
2020-09-10 15:05:15.247000,0.40425,0.40365,262,307
2020-09-10 15:05:15.348000,0.40426,0.40375,56,307
2020-09-10 15:05:15.451000,0.40421,0.40365,75,319
2020-09-10 15:05:15.578000,0.40416,0.40365,60,337
2020-09-10 15:05:16.069000,0.4042,0.4037,56,112
2020-09-10 15:05:16.347000,0.40406,0.40355,60,307
2020-09-10 15:05:16.459000,0.40416,0.40355,60,307
2020-09-10 15:05:16.561000,0.40406,0.40355,60,337
2020-09-10 15:05:16.909000,0.4041,0.4036,112,100
2020-09-10 15:05:17.150000,0.40396,0.40345,60,319
2020-09-10 15:05:17.408000,0.40401,0.40345,75,375
2020-09-10 15:05:17.831000,0.40396,0.40345,60,337
2020-09-10 15:05:18.150000,0.40406,0.40355,60,307
2020-09-10 15:05:19.214000,0.40405,0.40345,262,307
2020-09-10 15:05:19.266000,0.40396,0.40345,60,319
2020-09-10 15:05:20.129000,0.40386,0.40335,60,337
2020-09-10 15:05:20.727000,0.40401,0.40345,112,319
2020-09-10 15:05:22.007000,0.40396,0.40345,60,375
2020-09-10 15:05:22.290000,0.40406,0.40355,75,307
2020-09-10 15:05:22.447000,0.40401,0.40345,75,375
2020-09-10 15:05:22.619000,0.40396,0.40345,60,319
2020-09-10 15:05:22.752000,0.40401,0.40345,112,319
2020-09-10 15:05:23.341000,0.40406,0.40355,60,307
2020-09-10 15:05:26.634000,0.40405,0.40355,60,307
2020-09-10 15:05:26.925000,0.40401,0.40345,112,319
2020-09-10 15:05:27.125000,0.40396,0.40345,60,319
2020-09-10 15:05:28.180000,0.40395,0.40335,262,307
2020-09-10 15:05:28.281000,0.40386,0.40335,60,319
2020-09-10 15:05:28.414000,0.40406,0.40335,375,307
2020-09-10 15:05:28.543000,0.40406,0.40355,60,307
2020-09-10 15:05:35.043000,0.40401,0.40345,112,337
2020-09-10 15:05:35.218000,0.40396,0.40345,60,319
2020-09-10 15:05:35.720000,0.40401,0.40345,75,375
2020-09-10 15:05:35.871000,0.40406,0.40345,75,307
2020-09-10 15:05:36.179000,0.4041,0.4036,56,112
2020-09-10 15:05:36.363000,0.40396,0.40345,60,319
2020-09-10 15:05:36.514000,0.40395,0.40345,60,307
2020-09-10 15:05:36.634000,0.40385,0.40335,60,375
2020-09-10 15:05:36.858000,0.40381,0.40325,56,375
2020-09-10 15:05:36.962000,0.40386,0.40335,60,307
2020-09-10 15:05:38.401000,0.40391,0.40335,112,319
2020-09-10 15:05:38.790000,0.40396,0.40345,60,307
2020-09-10 15:05:42.875000,0.404,0.4035,56,112
2020-09-10 15:05:43.274000,0.40386,0.40335,60,337
2020-09-10 15:05:43.501000,0.40385,0.40335,60,319
2020-09-10 15:05:45.232000,0.40375,0.40325,75,375
2020-09-10 15:05:46.751000,0.4037,0.4032,56,169
2020-09-10 15:05:46.911000,0.40355,0.40305,60,307
2020-09-10 15:05:47.031000,0.4035,0.403,60,112
2020-09-10 15:05:47.379000,0.40336,0.40285,60,337
2020-09-10 15:05:47.810000,0.40341,0.40285,56,319
2020-09-10 15:05:47.952000,0.40336,0.40285,60,337
2020-09-10 15:05:49.194000,0.4034,0.4029,112,169
2020-09-10 15:05:49.360000,0.4033,0.4028,60,112
2020-09-10 15:05:49.546000,0.40331,0.40275,112,307
2020-09-10 15:05:49.696000,0.40326,0.40275,60,307
2020-09-10 15:05:50.171000,0.40336,0.40275,60,307
2020-09-10 15:05:50.378000,0.40335,0.40275,262,307
2020-09-10 15:05:50.428000,0.40326,0.40275,60,375
2020-09-10 15:05:50.625000,0.40331,0.40275,112,375
2020-09-10 15:05:50.776000,0.40326,0.40275,60,375
2020-09-10 15:05:51.210000,0.40331,0.40275,112,375
2020-09-10 15:05:51.878000,0.40326,0.40275,60,375
2020-09-10 15:05:52.029000,0.40331,0.40275,112,375
2020-09-10 15:05:52.314000,0.40336,0.40285,75,307
2020-09-10 15:05:52.832000,0.40335,0.40285,60,431
2020-09-10 15:05:52.994000,0.40331,0.40275,112,431
2020-09-10 15:05:53.113000,0.40326,0.40275,60,375
2020-09-10 15:05:53.363000,0.40315,0.40265,60,45
2020-09-10 15:05:53.413000,0.40315,0.40265,60,307
2020-09-10 15:05:53.480000,0.40321,0.40265,56,337
2020-09-10 15:05:53.620000,0.40326,0.40265,56,307
2020-09-10 15:05:53.751000,0.40321,0.40265,60,375
2020-09-10 15:05:53.907000,0.40316,0.40265,56,307
2020-09-10 15:05:54.813000,0.40325,0.40265,262,307
2020-09-10 15:05:54.938000,0.40326,0.40275,60,307
2020-09-10 15:05:56.011000,0.40331,0.40275,169,319
2020-09-10 15:05:56.163000,0.40326,0.40275,60,319
2020-09-10 15:05:56.313000,0.40331,0.40275,112,319
2020-09-10 15:05:57.020000,0.40326,0.40275,60,307
2020-09-10 15:05:57.469000,0.40331,0.40275,112,319
2020-09-10 15:05:57.694000,0.40326,0.40275,60,319
2020-09-10 15:05:57.841000,0.40336,0.40285,75,307
2020-09-10 15:05:58.981000,0.40346,0.40295,75,307
2020-09-10 15:05:59.261000,0.40345,0.40285,262,307
2020-09-10 15:05:59.311000,0.40336,0.40285,60,307
2020-09-10 15:05:59.529000,0.40341,0.40285,56,337
2020-09-10 15:05:59.921000,0.40336,0.40285,60,307
2020-09-10 15:06:00.144000,0.40341,0.40285,56,319
2020-09-10 15:06:00.260000,0.4034,0.4029,75,75
2020-09-10 15:06:00.970000,0.40336,0.40285,56,307
2020-09-10 15:06:01.075000,0.40345,0.40285,262,307
2020-09-10 15:06:01.485000,0.40336,0.40285,60,307
2020-09-10 15:06:01.744000,0.40331,0.40275,112,375
2020-09-10 15:06:01.987000,0.40336,0.40275,112,307
2020-09-10 15:06:02.114000,0.4034,0.4029,56,75
2020-09-10 15:06:02.555000,0.40326,0.40275,60,319
2020-09-10 15:06:04.115000,0.40325,0.40275,60,319
2020-09-10 15:06:05.212000,0.4032,0.4027,169,100
2020-09-10 15:06:05.317000,0.40316,0.40265,169,307
2020-09-10 15:06:05.979000,0.40325,0.40265,262,307
2020-09-10 15:06:06.145000,0.40326,0.40275,56,307
2020-09-10 15:06:06.533000,0.40336,0.40275,75,307
2020-09-10 15:06:06.665000,0.40341,0.40275,112,307
2020-09-10 15:06:06.892000,0.40336,0.40285,60,307
2020-09-10 15:06:06.997000,0.40335,0.40285,60,319
2020-09-10 15:06:07.267000,0.40335,0.40275,262,307
2020-09-10 15:06:07.424000,0.40326,0.40275,60,307
2020-09-10 15:06:07.575000,0.40336,0.40275,112,307
2020-09-10 15:06:07.884000,0.4034,0.4029,112,112
2020-09-10 15:06:08.176000,0.40326,0.40275,60,337
2020-09-10 15:06:08.557000,0.40331,0.40275,112,319
2020-09-10 15:06:08.841000,0.40326,0.40275,60,319
2020-09-10 15:06:11.070000,0.40325,0.40275,60,319
2020-09-10 15:06:12.139000,0.40321,0.40265,112,375
2020-09-10 15:06:12.601000,0.40326,0.40275,75,307
2020-09-10 15:06:14.877000,0.40336,0.40285,60,307
2020-09-10 15:06:15.109000,0.40341,0.40285,112,337
2020-09-10 15:06:15.528000,0.40346,0.40295,75,307
2020-09-10 15:06:15.644000,0.40345,0.40295,60,307
2020-09-10 15:06:15.827000,0.40341,0.40285,112,337
2020-09-10 15:06:16.134000,0.40346,0.40295,75,307
2020-09-10 15:06:16.252000,0.40341,0.40285,56,375
2020-09-10 15:06:16.421000,0.40336,0.40285,60,307
2020-09-10 15:06:16.600000,0.40341,0.40285,112,307
2020-09-10 15:06:16.832000,0.40346,0.40285,60,307
2020-09-10 15:06:16.996000,0.40351,0.40295,112,337
2020-09-10 15:06:17.147000,0.40346,0.40295,60,307
2020-09-10 15:06:18.157000,0.40351,0.40295,56,375
2020-09-10 15:06:18.259000,0.40355,0.40295,262,307
2020-09-10 15:06:18.369000,0.40356,0.40305,60,307
2020-09-10 15:06:19.220000,0.40351,0.40295,75,375
2020-09-10 15:06:19.622000,0.40356,0.40295,75,307
2020-09-10 15:06:19.773000,0.4036,0.4031,75,169
2020-09-10 15:06:20.127000,0.40346,0.40295,60,337
2020-09-10 15:06:20.778000,0.40355,0.40295,262,307
2020-09-10 15:06:20.898000,0.40355,0.40305,60,375
2020-09-10 15:06:21.110000,0.40351,0.40295,112,375
2020-09-10 15:06:21.271000,0.40356,0.40305,60,307
2020-09-10 15:06:21.433000,0.40361,0.40305,112,337
2020-09-10 15:06:21.535000,0.40356,0.40305,60,319
2020-09-10 15:06:22.373000,0.40355,0.40295,262,307
2020-09-10 15:06:22.424000,0.40346,0.40295,60,307
2020-09-10 15:06:23.693000,0.40356,0.40305,112,307
2020-09-10 15:06:23.823000,0.40355,0.40305,60,337
2020-09-10 15:06:23.929000,0.40355,0.40295,262,307
2020-09-10 15:06:24.030000,0.40356,0.40305,56,307
2020-09-10 15:06:24.456000,0.40355,0.40305,60,307
2020-09-10 15:06:24.734000,0.40335,0.40285,60,112
2020-09-10 15:06:24.837000,0.40326,0.40275,60,375
2020-09-10 15:06:24.887000,0.40331,0.40275,112,319
2020-09-10 15:06:25.264000,0.40326,0.40275,60,337
2020-09-10 15:06:25.414000,0.40336,0.40285,60,319
2020-09-10 15:06:25.570000,0.4034,0.4029,56,112
2020-09-10 15:06:25.757000,0.40326,0.40275,60,319
2020-09-10 15:06:27.173000,0.40331,0.40275,112,319
2020-09-10 15:06:27.323000,0.40336,0.40275,112,307
2020-09-10 15:06:27.560000,0.4034,0.4029,56,112
2020-09-10 15:06:28.881000,0.40345,0.40285,262,307
2020-09-10 15:06:28.982000,0.40346,0.40295,75,307
2020-09-10 15:06:29.255000,0.40345,0.40295,60,319
2020-09-10 15:06:29.463000,0.40341,0.40285,112,337
2020-09-10 15:06:29.966000,0.40346,0.40295,56,307
2020-09-10 15:06:30.428000,0.4035,0.403,56,100
2020-09-10 15:06:31.006000,0.40346,0.40295,75,307
2020-09-10 15:06:31.235000,0.40345,0.40295,60,337
2020-09-10 15:06:31.477000,0.40341,0.40285,56,319
2020-09-10 15:06:32.179000,0.40336,0.40285,56,307
2020-09-10 15:06:33.686000,0.40335,0.40275,262,307
2020-09-10 15:06:33.736000,0.40326,0.40275,60,307
2020-09-10 15:06:34.409000,0.40335,0.40275,262,307
2020-09-10 15:06:34.527000,0.40336,0.40285,60,307
2020-09-10 15:06:34.952000,0.40345,0.40285,262,307
2020-09-10 15:06:35.068000,0.40351,0.40295,112,307
2020-09-10 15:06:35.191000,0.40356,0.40295,112,307
2020-09-10 15:06:35.779000,0.4036,0.4031,56,100
2020-09-10 15:06:36.239000,0.40346,0.40295,60,337
2020-09-10 15:06:37.151000,0.40355,0.40295,262,307
2020-09-10 15:06:37.252000,0.40356,0.40305,60,307
2020-09-10 15:06:37.625000,0.4036,0.4031,75,112
2020-09-10 15:06:38.329000,0.40356,0.40305,60,307
2020-09-10 15:06:39.537000,0.40346,0.40295,60,337
2020-09-10 15:06:41.786000,0.4035,0.403,75,75
2020-09-10 15:06:42.131000,0.40346,0.40295,60,307
2020-09-10 15:06:42.236000,0.40356,0.40305,75,307
2020-09-10 15:06:43.704000,0.40355,0.40295,262,307
2020-09-10 15:06:43.755000,0.40346,0.40295,60,375
2020-09-10 15:06:45.288000,0.40345,0.40285,262,307
2020-09-10 15:06:45.402000,0.40336,0.40285,60,307
2020-09-10 15:06:45.551000,0.4034,0.4029,112,112
2020-09-10 15:06:45.970000,0.40336,0.40275,60,307
2020-09-10 15:06:47.290000,0.40331,0.40275,112,337
2020-09-10 15:06:47.802000,0.40326,0.40275,60,307
2020-09-10 15:06:48.123000,0.40316,0.40265,60,307
2020-09-10 15:06:48.687000,0.40321,0.40265,112,319
2020-09-10 15:06:49.224000,0.40331,0.40275,112,337
2020-09-10 15:06:49.625000,0.40336,0.40275,75,307
2020-09-10 15:06:49.988000,0.40331,0.40275,112,319
2020-09-10 15:06:50.564000,0.40336,0.40275,75,307
2020-09-10 15:06:50.814000,0.40331,0.40275,75,375
2020-09-10 15:06:50.924000,0.40326,0.40275,60,337
2020-09-10 15:06:51.333000,0.40331,0.40275,112,337
2020-09-10 15:06:51.650000,0.40326,0.40275,56,307
2020-09-10 15:06:51.819000,0.40331,0.40275,112,319
2020-09-10 15:06:51.964000,0.40326,0.40275,60,307
2020-09-10 15:06:53.138000,0.40325,0.40275,60,375
2020-09-10 15:06:53.289000,0.40325,0.40265,262,307
2020-09-10 15:06:53.991000,0.40326,0.40275,60,307
2020-09-10 15:06:57.110000,0.40346,0.40275,337,307
2020-09-10 15:06:57.308000,0.40346,0.40295,60,307
2020-09-10 15:06:58.213000,0.40356,0.40305,56,307
2020-09-10 15:07:00.337000,0.40351,0.40295,56,375
2020-09-10 15:07:01.497000,0.40346,0.40295,60,319
2020-09-10 15:07:01.878000,0.40345,0.40285,262,307
2020-09-10 15:07:02.052000,0.40336,0.40285,60,307
2020-09-10 15:07:02.146000,0.40341,0.40285,56,319
2020-09-10 15:07:02.368000,0.40346,0.40295,60,307
2020-09-10 15:07:02.648000,0.40351,0.40295,112,375
2020-09-10 15:07:02.986000,0.40346,0.40295,60,375
2020-09-10 15:07:03.308000,0.40351,0.40295,112,319
2020-09-10 15:07:03.453000,0.40346,0.40295,60,307
2020-09-10 15:07:05.381000,0.40351,0.40295,112,337
2020-09-10 15:07:06.328000,0.40346,0.40295,56,307
2020-09-10 15:07:07.672000,0.40345,0.40295,60,307
2020-09-10 15:07:07.928000,0.40326,0.40275,60,307
2020-09-10 15:07:08.259000,0.4033,0.4028,112,112
2020-09-10 15:07:08.612000,0.40326,0.40265,60,307
2020-09-10 15:07:08.860000,0.40335,0.40275,262,307
2020-09-10 15:07:08.979000,0.40336,0.40285,56,307
2020-09-10 15:07:09.127000,0.40345,0.40285,262,307
2020-09-10 15:07:09.228000,0.40346,0.40295,56,307
2020-09-10 15:07:09.402000,0.40336,0.40285,60,319
2020-09-10 15:07:10.068000,0.40341,0.40285,56,375
2020-09-10 15:07:10.238000,0.40345,0.40285,262,307
2020-09-10 15:07:10.518000,0.40346,0.40295,75,307
2020-09-10 15:07:10.633000,0.40345,0.40285,262,307
2020-09-10 15:07:10.764000,0.40336,0.40285,60,375
2020-09-10 15:07:11.768000,0.40341,0.40285,75,375
2020-09-10 15:07:11.967000,0.40336,0.40285,60,337
2020-09-10 15:07:13.715000,0.40341,0.40285,56,319
2020-09-10 15:07:13.871000,0.40346,0.40285,75,307
2020-09-10 15:07:14.341000,0.40355,0.40295,262,307
2020-09-10 15:07:14.484000,0.40351,0.40295,112,319
2020-09-10 15:07:14.581000,0.40346,0.40295,60,319
2020-09-10 15:07:17.606000,0.40351,0.40295,56,375
2020-09-10 15:07:18.225000,0.40346,0.40295,60,337
2020-09-10 15:07:18.895000,0.40351,0.40295,56,375
2020-09-10 15:07:19.813000,0.40346,0.40295,60,337
2020-09-10 15:07:20.950000,0.40356,0.40305,56,307
2020-09-10 15:07:21.188000,0.40346,0.40295,60,337
2020-09-10 15:07:21.583000,0.40351,0.40295,112,375
2020-09-10 15:07:21.878000,0.40346,0.40295,60,319
2020-09-10 15:07:24.017000,0.40351,0.40295,112,375
2020-09-10 15:07:24.626000,0.40356,0.40295,56,307
2020-09-10 15:07:25.329000,0.40355,0.40305,60,375
2020-09-10 15:07:25.562000,0.40351,0.40295,56,375
2020-09-10 15:07:25.991000,0.40346,0.40295,60,375
2020-09-10 15:07:26.118000,0.40351,0.40295,112,375
2020-09-10 15:07:26.989000,0.40346,0.40295,60,375
2020-09-10 15:07:27.961000,0.40351,0.40295,112,375
2020-09-10 15:07:28.124000,0.40355,0.40295,262,319
2020-09-10 15:07:28.235000,0.40356,0.40305,60,375
2020-09-10 15:07:29.391000,0.40355,0.40295,262,307
2020-09-10 15:07:29.442000,0.40346,0.40295,60,337
2020-09-10 15:07:29.733000,0.40345,0.40285,262,319
2020-09-10 15:07:29.878000,0.40336,0.40285,60,307
2020-09-10 15:07:31.367000,0.4034,0.4029,75,112
2020-09-10 15:07:31.543000,0.40336,0.40285,60,307
2020-09-10 15:07:31.974000,0.40326,0.40275,60,375
2020-09-10 15:07:32.075000,0.40336,0.40275,60,307
2020-09-10 15:07:34.398000,0.40355,0.40305,60,262
2020-09-10 15:07:34.449000,0.40356,0.40305,60,307
2020-09-10 15:07:34.895000,0.40361,0.40305,75,375
2020-09-10 15:07:35.465000,0.40356,0.40305,60,319
2020-09-10 15:07:37.147000,0.40361,0.40305,56,375
2020-09-10 15:07:37.547000,0.40366,0.40305,60,307
2020-09-10 15:07:38.507000,0.40371,0.40315,112,319
2020-09-10 15:07:39.080000,0.40366,0.40315,60,307
2020-09-10 15:07:39.364000,0.4037,0.4032,56,112
2020-09-10 15:07:39.501000,0.40356,0.40305,60,319
2020-09-10 15:07:41.336000,0.40361,0.40305,75,319
2020-09-10 15:07:41.496000,0.40356,0.40305,60,307
2020-09-10 15:07:42.188000,0.40361,0.40305,56,319
2020-09-10 15:07:42.632000,0.40366,0.40305,60,307
2020-09-10 15:07:42.817000,0.40371,0.40315,112,337
2020-09-10 15:07:42.972000,0.40366,0.40315,60,337
2020-09-10 15:07:43.193000,0.40371,0.40315,56,375
2020-09-10 15:07:43.346000,0.40366,0.40315,60,375
2020-09-10 15:07:43.707000,0.40375,0.40315,262,307
2020-09-10 15:07:43.817000,0.40371,0.40315,75,375
2020-09-10 15:07:43.968000,0.40366,0.40315,60,375
2020-09-10 15:07:44.243000,0.40375,0.40315,262,307
2020-09-10 15:07:44.413000,0.40376,0.40325,60,307
2020-09-10 15:07:44.795000,0.4038,0.4033,75,112
2020-09-10 15:07:44.962000,0.40376,0.40315,56,307
2020-09-10 15:07:45.311000,0.40381,0.40325,75,337
2020-09-10 15:07:45.503000,0.40376,0.40325,60,337
2020-09-10 15:07:47.542000,0.40375,0.40325,60,307
2020-09-10 15:07:48.908000,0.4037,0.4032,60,169
2020-09-10 15:07:49.035000,0.40356,0.40305,60,307
2020-09-10 15:07:49.304000,0.40355,0.40295,262,307
2020-09-10 15:07:49.445000,0.40356,0.40305,60,307
2020-09-10 15:07:50.078000,0.40355,0.40295,262,307
2020-09-10 15:07:50.222000,0.40346,0.40295,60,319
2020-09-10 15:07:50.393000,0.40351,0.40295,56,375
2020-09-10 15:07:51.968000,0.40346,0.40295,60,319
2020-09-10 15:07:52.083000,0.40351,0.40295,75,375
2020-09-10 15:07:52.363000,0.40356,0.40305,60,307
2020-09-10 15:07:52.551000,0.4036,0.4031,56,112
2020-09-10 15:07:53.419000,0.40346,0.40295,60,319
2020-09-10 15:07:53.521000,0.40351,0.40295,75,375
2020-09-10 15:07:54.144000,0.40346,0.40295,60,319
2020-09-10 15:07:55.109000,0.40356,0.40295,60,307
2020-09-10 15:07:56.834000,0.40361,0.40305,56,375
2020-09-10 15:07:57.260000,0.40356,0.40305,60,375
2020-09-10 15:07:58.254000,0.40366,0.40315,75,307
2020-09-10 15:07:58.365000,0.40361,0.40305,56,375
2020-09-10 15:07:58.529000,0.40366,0.40315,60,319
2020-09-10 15:08:01.581000,0.40375,0.40315,262,337
2020-09-10 15:08:01.632000,0.40381,0.40325,56,337
2020-09-10 15:08:01.738000,0.40376,0.40325,60,307
2020-09-10 15:08:02.225000,0.40371,0.40315,56,431
2020-09-10 15:08:03.428000,0.40366,0.40315,60,375
2020-09-10 15:08:03.612000,0.40371,0.40315,75,375
2020-09-10 15:08:04.209000,0.40366,0.40315,60,375
2020-09-10 15:08:04.466000,0.40361,0.40305,56,375
2020-09-10 15:08:04.588000,0.40356,0.40305,60,319
2020-09-10 15:08:06.359000,0.40361,0.40305,75,375
2020-09-10 15:08:06.771000,0.40356,0.40305,60,319
2020-09-10 15:08:07.069000,0.40361,0.40305,56,337
2020-09-10 15:08:07.355000,0.40366,0.40305,56,307
2020-09-10 15:08:07.525000,0.4037,0.4032,75,112
2020-09-10 15:08:08.154000,0.40366,0.40305,60,307
2020-09-10 15:08:09.782000,0.4037,0.4032,75,112
2020-09-10 15:08:11.073000,0.40356,0.40305,60,337
2020-09-10 15:08:11.357000,0.40361,0.40305,75,319
2020-09-10 15:08:11.486000,0.40356,0.40305,60,337
2020-09-10 15:08:11.640000,0.40361,0.40305,56,375
2020-09-10 15:08:11.752000,0.40356,0.40305,60,319
2020-09-10 15:08:12.311000,0.40361,0.40305,56,375
2020-09-10 15:08:12.417000,0.40366,0.40305,60,307
2020-09-10 15:08:12.567000,0.4035,0.403,56,112
2020-09-10 15:08:12.718000,0.40341,0.40285,112,375
2020-09-10 15:08:12.775000,0.40336,0.40285,60,307
2020-09-10 15:08:13.454000,0.40341,0.40285,112,319
2020-09-10 15:08:13.872000,0.40336,0.40285,60,307
2020-09-10 15:08:14.382000,0.40341,0.40285,112,337
2020-09-10 15:08:14.498000,0.40346,0.40285,56,307
2020-09-10 15:08:15.759000,0.4035,0.403,112,75
2020-09-10 15:08:16.260000,0.40351,0.40285,112,375
2020-09-10 15:08:20.992000,0.40341,0.40285,112,319
2020-09-10 15:08:21.166000,0.40336,0.40285,60,337
2020-09-10 15:08:21.302000,0.40341,0.40285,112,337
2020-09-10 15:08:22.220000,0.40336,0.40285,60,307
2020-09-10 15:08:22.449000,0.4034,0.4029,112,75
2020-09-10 15:08:23.080000,0.40326,0.40275,60,307
2020-09-10 15:08:23.192000,0.4033,0.4028,75,112
2020-09-10 15:08:23.298000,0.40326,0.40265,75,307
2020-09-10 15:08:24.589000,0.40331,0.40275,112,319
2020-09-10 15:08:25.952000,0.4033,0.4028,112,112
2020-09-10 15:08:26.085000,0.40326,0.40275,56,307
2020-09-10 15:08:26.368000,0.40321,0.40265,56,375
2020-09-10 15:08:26.489000,0.40316,0.40265,60,375
2020-09-10 15:08:26.866000,0.40311,0.40255,112,319
2020-09-10 15:08:27.493000,0.40316,0.40265,75,307
2020-09-10 15:08:27.918000,0.4032,0.4027,112,112
2020-09-10 15:08:28.373000,0.40306,0.40255,60,337
2020-09-10 15:08:28.492000,0.40311,0.40255,112,319
2020-09-10 15:08:29.295000,0.40306,0.40255,60,319
2020-09-10 15:08:29.499000,0.40311,0.40255,112,319
2020-09-10 15:08:29.674000,0.40306,0.40255,60,319
2020-09-10 15:08:30.124000,0.40311,0.40255,112,375
2020-09-10 15:08:30.871000,0.40316,0.40265,56,307
2020-09-10 15:08:30.986000,0.4032,0.4027,112,112
2020-09-10 15:08:31.444000,0.40316,0.40265,56,307
2020-09-10 15:08:31.874000,0.40311,0.40255,56,375
2020-09-10 15:08:31.995000,0.40316,0.40255,56,307
2020-09-10 15:08:33.922000,0.4032,0.4027,112,112
2020-09-10 15:08:34.026000,0.40306,0.40255,60,375
2020-09-10 15:08:36.206000,0.40315,0.40255,262,307
2020-09-10 15:08:36.312000,0.40316,0.40265,56,307
2020-09-10 15:08:36.828000,0.40315,0.40265,60,375
2020-09-10 15:08:37.784000,0.40311,0.40255,112,319
2020-09-10 15:08:39.037000,0.40306,0.40255,60,337
2020-09-10 15:08:40.080000,0.40305,0.40245,262,307
2020-09-10 15:08:40.131000,0.40296,0.40245,60,337
2020-09-10 15:08:40.505000,0.40305,0.40245,262,307
2020-09-10 15:08:40.610000,0.40296,0.40245,60,319
2020-09-10 15:08:41.382000,0.40301,0.40245,112,375
2020-09-10 15:08:41.492000,0.40305,0.40245,262,319
2020-09-10 15:08:41.542000,0.40295,0.40245,60,431
2020-09-10 15:08:41.666000,0.40305,0.40255,56,262
2020-09-10 15:08:41.829000,0.40286,0.40235,75,337
2020-09-10 15:08:46.439000,0.40306,0.40235,319,319
2020-09-10 15:08:46.552000,0.40316,0.40235,307,337
2020-09-10 15:08:46.602000,0.40316,0.40265,60,337
2020-09-10 15:08:46.994000,0.40315,0.40255,262,307
2020-09-10 15:08:47.067000,0.40306,0.40255,60,319
2020-09-10 15:08:48.213000,0.4031,0.4026,56,112
2020-09-10 15:08:48.711000,0.40306,0.40255,60,307
2020-09-10 15:08:49.070000,0.4031,0.4026,56,112
2020-09-10 15:08:49.385000,0.40306,0.40255,60,307
2020-09-10 15:08:50.379000,0.40315,0.40255,262,307
2020-09-10 15:08:51.251000,0.40316,0.40265,60,307
2020-09-10 15:08:51.910000,0.4032,0.4027,112,75
2020-09-10 15:08:52.275000,0.40315,0.40265,60,337
2020-09-10 15:08:52.570000,0.4032,0.4027,112,75
2020-09-10 15:08:53.307000,0.40316,0.40265,75,307
2020-09-10 15:08:53.827000,0.4032,0.4027,112,75
2020-09-10 15:08:56.532000,0.40316,0.40265,75,307
2020-09-10 15:08:56.688000,0.4032,0.4027,112,112
2020-09-10 15:08:57.078000,0.40316,0.40255,56,307
2020-09-10 15:08:57.521000,0.40311,0.40255,112,375
2020-09-10 15:08:57.771000,0.40316,0.40265,75,307
2020-09-10 15:08:58.415000,0.40331,0.40265,112,337
2020-09-10 15:08:58.579000,0.40326,0.40275,60,319
2020-09-10 15:08:59.327000,0.40331,0.40275,112,319
2020-09-10 15:08:59.502000,0.40326,0.40275,60,319
2020-09-10 15:09:00,0.40331,0.40275,112,375
2020-09-10 15:09:00.581000,0.40326,0.40275,60,319
2020-09-10 15:09:00.969000,0.40325,0.40265,262,307
2020-09-10 15:09:01.049000,0.4032,0.4027,112,112
2020-09-10 15:09:01.484000,0.40306,0.40255,60,375
2020-09-10 15:09:02.144000,0.40311,0.40255,112,375
2020-09-10 15:09:02.245000,0.40316,0.40255,60,307
2020-09-10 15:09:03.234000,0.40311,0.40255,112,375
2020-09-10 15:09:03.645000,0.40306,0.40255,60,307
2020-09-10 15:09:04.236000,0.40301,0.40245,56,375
2020-09-10 15:09:04.411000,0.40296,0.40245,60,307
2020-09-10 15:09:06.833000,0.40306,0.40255,60,307
2020-09-10 15:09:07.775000,0.40311,0.40255,112,337
2020-09-10 15:09:07.919000,0.40306,0.40255,60,307
2020-09-10 15:09:08.418000,0.40311,0.40255,112,337
2020-09-10 15:09:08.785000,0.40306,0.40255,60,337
2020-09-10 15:09:09.130000,0.40311,0.40255,112,337
2020-09-10 15:09:09.244000,0.40306,0.40255,60,307
2020-09-10 15:09:10.439000,0.40315,0.40255,262,307
2020-09-10 15:09:10.603000,0.40316,0.40265,60,319
2020-09-10 15:09:10.739000,0.40321,0.40265,112,319
2020-09-10 15:09:10.918000,0.40316,0.40265,60,319
2020-09-10 15:09:13.864000,0.40311,0.40255,75,375
2020-09-10 15:09:14.028000,0.40316,0.40265,75,307
2020-09-10 15:09:14.185000,0.40311,0.40255,75,375
2020-09-10 15:09:14.599000,0.40316,0.40255,75,307
2020-09-10 15:09:14.819000,0.4032,0.4027,56,112
2020-09-10 15:09:15.227000,0.40316,0.40255,75,307
2020-09-10 15:09:15.869000,0.4032,0.4027,112,75
2020-09-10 15:09:16.020000,0.40306,0.40255,60,307
2020-09-10 15:09:16.141000,0.40311,0.40255,112,319
2020-09-10 15:09:16.707000,0.40306,0.40255,56,307
2020-09-10 15:09:18.376000,0.40311,0.40255,56,375
2020-09-10 15:09:18.739000,0.40316,0.40265,60,307
2020-09-10 15:09:18.886000,0.40321,0.40265,112,375
2020-09-10 15:09:19.035000,0.40326,0.40265,112,307
2020-09-10 15:09:19.538000,0.40331,0.40275,112,319
2020-09-10 15:09:20.114000,0.40326,0.40275,60,319
2020-09-10 15:09:21.772000,0.4033,0.4028,112,112
2020-09-10 15:09:22.283000,0.40326,0.40265,75,307
2020-09-10 15:09:22.731000,0.40331,0.40275,112,375
2020-09-10 15:09:22.885000,0.40336,0.40275,75,307
2020-09-10 15:09:23.302000,0.40341,0.40285,112,375
2020-09-10 15:09:23.418000,0.40346,0.40285,60,307
2020-09-10 15:09:24.991000,0.40351,0.40295,112,337
2020-09-10 15:09:25.134000,0.40346,0.40295,60,307
2020-09-10 15:09:26.018000,0.40355,0.40295,262,307
2020-09-10 15:09:26.143000,0.40355,0.40305,60,307
2020-09-10 15:09:26.771000,0.40351,0.40295,112,375
2020-09-10 15:09:27.235000,0.40346,0.40295,60,337
2020-09-10 15:09:27.956000,0.4035,0.403,112,112
2020-09-10 15:09:29.463000,0.40336,0.40285,60,307
2020-09-10 15:09:29.960000,0.40341,0.40285,112,337
2020-09-10 15:09:30.099000,0.40336,0.40285,60,307
2020-09-10 15:09:32.775000,0.40335,0.40285,60,337
2020-09-10 15:09:33.910000,0.40331,0.40275,112,319
2020-09-10 15:09:34.274000,0.40326,0.40275,60,337
2020-09-10 15:09:35.266000,0.40331,0.40275,112,375
2020-09-10 15:09:35.485000,0.40336,0.40285,112,307
2020-09-10 15:09:36,0.40341,0.40285,112,337
2020-09-10 15:09:36.674000,0.40346,0.40295,112,307
2020-09-10 15:09:38.722000,0.40351,0.40295,169,307
2020-09-10 15:09:38.834000,0.40346,0.40295,75,307
2020-09-10 15:09:39.998000,0.40345,0.40295,60,307
2020-09-10 15:09:40.214000,0.40341,0.40285,112,337
2020-09-10 15:09:40.607000,0.40336,0.40285,60,307
2020-09-10 15:09:40.766000,0.40341,0.40285,112,337
2020-09-10 15:09:40.888000,0.40336,0.40285,60,307
2020-09-10 15:09:41.314000,0.40341,0.40285,112,319
2020-09-10 15:09:41.668000,0.40336,0.40285,60,307
2020-09-10 15:09:46.207000,0.40341,0.40285,112,319
2020-09-10 15:09:46.328000,0.40346,0.40295,112,307
2020-09-10 15:09:47.949000,0.40345,0.40295,60,319
2020-09-10 15:09:48.064000,0.40346,0.40295,112,307
2020-09-10 15:09:48.179000,0.40351,0.40295,112,375
2020-09-10 15:09:48.630000,0.40356,0.40305,56,307
2020-09-10 15:09:48.891000,0.40361,0.40305,112,307
2020-09-10 15:09:49.541000,0.40366,0.40305,56,307
2020-09-10 15:09:49.692000,0.4037,0.4032,112,112
2020-09-10 15:09:49.795000,0.40366,0.40305,75,307
2020-09-10 15:09:50.261000,0.40371,0.40315,112,319
2020-09-10 15:09:50.490000,0.40375,0.40315,262,307
2020-09-10 15:09:50.605000,0.40371,0.40315,112,319
2020-09-10 15:09:50.832000,0.40375,0.40315,262,307
2020-09-10 15:09:51.573000,0.40385,0.40335,60,45
2020-09-10 15:09:52.821000,0.40381,0.40325,112,319
2020-09-10 15:09:53.311000,0.40386,0.40325,56,307
2020-09-10 15:09:53.641000,0.40381,0.40325,112,375
2020-09-10 15:09:53.972000,0.40386,0.40325,60,307
2020-09-10 15:09:54.208000,0.40391,0.40335,112,307
2020-09-10 15:09:54.704000,0.40386,0.40335,60,307
2020-09-10 15:09:55.107000,0.4039,0.4034,56,112
2020-09-10 15:09:55.217000,0.40385,0.40335,60,375
2020-09-10 15:09:55.519000,0.40381,0.40325,112,375
2020-09-10 15:09:55.622000,0.40376,0.40325,60,319
2020-09-10 15:09:56.118000,0.40375,0.40315,262,319
2020-09-10 15:09:56.173000,0.40366,0.40315,60,307
2020-09-10 15:09:56.519000,0.40371,0.40315,112,375
2020-09-10 15:09:56.821000,0.40376,0.40315,112,307
2020-09-10 15:09:57.103000,0.40375,0.40315,262,307
2020-09-10 15:09:57.271000,0.40376,0.40325,56,307
2020-09-10 15:09:57.482000,0.4038,0.4033,112,75
2020-09-10 15:09:58.921000,0.40366,0.40315,60,337
2020-09-10 15:09:59.052000,0.40371,0.40315,56,319
2020-09-10 15:10:02.185000,0.40366,0.40315,60,375
2020-09-10 15:10:02.320000,0.40371,0.40315,112,375
2020-09-10 15:10:02.491000,0.40366,0.40315,60,319
2020-09-10 15:10:02.660000,0.40371,0.40315,169,319
2020-09-10 15:10:02.925000,0.40366,0.40315,60,319
2020-09-10 15:10:03.110000,0.40371,0.40315,112,319
2020-09-10 15:10:03.211000,0.40366,0.40315,60,319
2020-09-10 15:10:03.492000,0.40371,0.40315,112,319
2020-09-10 15:10:04.049000,0.40366,0.40315,60,319
2020-09-10 15:10:04.287000,0.40371,0.40315,112,319
2020-09-10 15:10:04.534000,0.40376,0.40325,56,307
2020-09-10 15:10:04.739000,0.40381,0.40325,112,375
2020-09-10 15:10:04.863000,0.40391,0.40335,112,544
2020-09-10 15:10:05.243000,0.40386,0.40335,112,431
2020-09-10 15:10:06.412000,0.40385,0.40335,112,307
2020-09-10 15:10:06.524000,0.40386,0.40335,112,307
2020-09-10 15:10:06.718000,0.40385,0.40325,262,307
2020-09-10 15:10:06.769000,0.40376,0.40325,60,375
2020-09-10 15:10:08.241000,0.40371,0.40315,112,375
2020-09-10 15:10:08.874000,0.40366,0.40315,60,337
2020-09-10 15:10:09.580000,0.40365,0.40315,56,307
2020-09-10 15:10:09.836000,0.40355,0.40305,60,337
2020-09-10 15:10:10.161000,0.40351,0.40295,112,319
2020-09-10 15:10:11.331000,0.40356,0.40295,112,307
2020-09-10 15:10:11.481000,0.4036,0.4031,112,112
2020-09-10 15:10:11.672000,0.40356,0.40295,60,319
2020-09-10 15:10:11.833000,0.40361,0.40305,112,375
2020-09-10 15:10:12.919000,0.40385,0.40315,262,262
2020-09-10 15:10:12.969000,0.40376,0.40315,75,307
2020-09-10 15:10:13.120000,0.4038,0.4033,112,112
2020-09-10 15:10:13.221000,0.40376,0.40315,75,307
2020-09-10 15:10:13.880000,0.40386,0.40335,60,307
2020-09-10 15:10:14.542000,0.40395,0.40335,262,307
2020-09-10 15:10:14.652000,0.40391,0.40335,112,375
2020-09-10 15:10:15.147000,0.40386,0.40335,60,307
2020-09-10 15:10:17.455000,0.40385,0.40325,262,307
2020-09-10 15:10:17.547000,0.40376,0.40325,75,307
2020-09-10 15:10:19.023000,0.40366,0.40315,60,337
2020-09-10 15:10:19.418000,0.40375,0.40315,262,307
2020-09-10 15:10:19.545000,0.40376,0.40325,60,319
2020-09-10 15:10:19.662000,0.40381,0.40325,169,337
2020-09-10 15:10:19.778000,0.40385,0.40325,262,307
2020-09-10 15:10:19.962000,0.40386,0.40335,169,307
2020-09-10 15:10:21.694000,0.40381,0.40325,112,337
2020-09-10 15:10:21.835000,0.40376,0.40325,60,337
2020-09-10 15:10:22.179000,0.40381,0.40325,112,319
2020-09-10 15:10:22.463000,0.40386,0.40335,112,307
2020-09-10 15:10:24.292000,0.40381,0.40325,112,319
2020-09-10 15:10:24.864000,0.40386,0.40325,112,307
2020-09-10 15:10:25.015000,0.40385,0.40335,60,319
2020-09-10 15:10:25.116000,0.40375,0.40325,75,307
2020-09-10 15:10:25.377000,0.40365,0.40315,60,319
2020-09-10 15:10:25.938000,0.40351,0.40295,112,375
2020-09-10 15:10:26.145000,0.40356,0.40295,75,307
2020-09-10 15:10:27.117000,0.40361,0.40305,169,337
2020-09-10 15:10:27.220000,0.40356,0.40305,60,319
2020-09-10 15:10:27.417000,0.40361,0.40305,112,319
2020-09-10 15:10:27.652000,0.40356,0.40305,60,307
2020-09-10 15:10:28.673000,0.40355,0.40295,262,307
2020-09-10 15:10:28.901000,0.40356,0.40295,75,307
2020-09-10 15:10:29.245000,0.40365,0.40305,262,262
2020-09-10 15:10:29.296000,0.40356,0.40305,60,307
2020-09-10 15:10:29.454000,0.40361,0.40305,56,375
2020-09-10 15:10:29.894000,0.40365,0.40305,262,307
2020-09-10 15:10:30.102000,0.40366,0.40305,112,307
2020-09-10 15:10:30.783000,0.40361,0.40305,112,375
2020-09-10 15:10:30.950000,0.40366,0.40315,60,319
2020-09-10 15:10:35.722000,0.40371,0.40315,112,337
2020-09-10 15:10:35.902000,0.40366,0.40315,60,319
2020-09-10 15:10:37.223000,0.40365,0.40315,60,375
2020-09-10 15:10:37.482000,0.40361,0.40305,56,375
2020-09-10 15:10:37.679000,0.40366,0.40305,56,307
2020-09-10 15:10:41.107000,0.40365,0.40315,60,319
2020-09-10 15:10:41.883000,0.40351,0.40295,112,375
2020-09-10 15:10:42.242000,0.40356,0.40295,75,307
2020-09-10 15:10:42.572000,0.4036,0.4031,112,112
2020-09-10 15:10:42.966000,0.40356,0.40295,56,307
2020-09-10 15:10:43.644000,0.4036,0.4031,112,112
2020-09-10 15:10:44.006000,0.40346,0.40295,60,375
2020-09-10 15:10:44.157000,0.40351,0.40295,112,375
2020-09-10 15:10:44.815000,0.40356,0.40305,112,307
2020-09-10 15:10:45.148000,0.40366,0.40305,60,307
2020-09-10 15:10:46.215000,0.40361,0.40305,112,375
2020-09-10 15:10:46.487000,0.40356,0.40305,60,319
2020-09-10 15:10:46.656000,0.40361,0.40305,112,375
2020-09-10 15:10:47.456000,0.40356,0.40305,60,337
2020-09-10 15:10:48.119000,0.40361,0.40305,112,375
2020-09-10 15:10:48.358000,0.40356,0.40305,60,337
2020-09-10 15:10:49.515000,0.40361,0.40305,112,337
2020-09-10 15:10:49.623000,0.40356,0.40305,60,337
2020-09-10 15:10:51.746000,0.40355,0.40305,60,375
2020-09-10 15:10:52.257000,0.40351,0.40295,112,375
2020-09-10 15:10:52.457000,0.40346,0.40295,60,375
2020-09-10 15:10:53.748000,0.40351,0.40295,112,375
2020-09-10 15:10:53.964000,0.40346,0.40295,60,319
2020-09-10 15:11:00.339000,0.40345,0.40295,60,337
2020-09-10 15:11:01.899000,0.40345,0.40285,262,307
2020-09-10 15:11:02.003000,0.40345,0.40295,60,375
2020-09-10 15:11:02.151000,0.40341,0.40285,112,375
2020-09-10 15:11:02.263000,0.40346,0.40295,56,307
2020-09-10 15:11:04.694000,0.40351,0.40295,112,375
2020-09-10 15:11:04.806000,0.40356,0.40295,112,307
2020-09-10 15:11:06.273000,0.40365,0.40305,262,307
2020-09-10 15:11:06.374000,0.40371,0.40315,112,375
2020-09-10 15:11:07.158000,0.40376,0.40315,60,307
2020-09-10 15:11:07.499000,0.40381,0.40325,112,375
2020-09-10 15:11:09.466000,0.40385,0.40325,262,262
2020-09-10 15:11:09.675000,0.40376,0.40325,56,307
2020-09-10 15:11:10.329000,0.40381,0.40325,112,319
2020-09-10 15:11:10.473000,0.40386,0.40325,56,307
2020-09-10 15:11:11.265000,0.40381,0.40325,112,375
2020-09-10 15:11:11.883000,0.40386,0.40335,60,307
2020-09-10 15:11:12.451000,0.40376,0.40325,60,319
2020-09-10 15:11:12.620000,0.40381,0.40325,112,375
2020-09-10 15:11:13.075000,0.40386,0.40335,60,307
2020-09-10 15:11:14.713000,0.40391,0.40335,112,375
2020-09-10 15:11:15.020000,0.40386,0.40335,60,337
2020-09-10 15:11:15.267000,0.40391,0.40335,112,319
2020-09-10 15:11:15.666000,0.40386,0.40335,60,307
2020-09-10 15:11:15.836000,0.40391,0.40335,112,375
2020-09-10 15:11:16.054000,0.40396,0.40335,112,307
2020-09-10 15:11:16.342000,0.40401,0.40345,112,375
2020-09-10 15:11:16.464000,0.40406,0.40355,60,319
2020-09-10 15:11:16.846000,0.40411,0.40355,169,319
2020-09-10 15:11:16.993000,0.40406,0.40355,112,307
2020-09-10 15:11:17.506000,0.40401,0.40345,169,375
2020-09-10 15:11:17.649000,0.40396,0.40345,60,307
2020-09-10 15:11:18.445000,0.40401,0.40345,112,375
2020-09-10 15:11:18.826000,0.40396,0.40345,60,319
2020-09-10 15:11:20.906000,0.40401,0.40345,112,319
2020-09-10 15:11:21.054000,0.40406,0.40345,60,307
2020-09-10 15:11:21.584000,0.40411,0.40355,56,375
2020-09-10 15:11:21.796000,0.40416,0.40365,112,307
2020-09-10 15:11:22.013000,0.4042,0.4037,112,112
2020-09-10 15:11:22.407000,0.40416,0.40355,60,319
2020-09-10 15:11:22.841000,0.4042,0.4037,112,169
2020-09-10 15:11:22.971000,0.40416,0.40355,60,337
2020-09-10 15:11:23.396000,0.40426,0.40375,56,307
2020-09-10 15:11:23.513000,0.4043,0.4038,112,112
2020-09-10 15:11:23.876000,0.40426,0.40375,60,319
2020-09-10 15:11:25.524000,0.4043,0.4038,112,112
2020-09-10 15:11:25.991000,0.40416,0.40365,60,337
2020-09-10 15:11:27.895000,0.4042,0.4037,112,112
2020-09-10 15:11:28.104000,0.40406,0.40355,60,307
2020-09-10 15:11:28.304000,0.40411,0.40355,169,319
2020-09-10 15:11:29.166000,0.40406,0.40355,60,337
2020-09-10 15:11:29.278000,0.40411,0.40355,112,319
2020-09-10 15:11:31.286000,0.40421,0.40365,112,375
2020-09-10 15:11:31.448000,0.40425,0.40365,262,307
2020-09-10 15:11:31.604000,0.40426,0.40375,60,319
2020-09-10 15:11:33.185000,0.4043,0.4038,112,112
2020-09-10 15:11:33.479000,0.40416,0.40365,60,319
2020-09-10 15:11:33.695000,0.40421,0.40365,112,375
2020-09-10 15:11:34.039000,0.40416,0.40365,60,337
2020-09-10 15:11:34.247000,0.40421,0.40365,112,375
2020-09-10 15:11:34.489000,0.40416,0.40365,60,319
2020-09-10 15:11:34.895000,0.40421,0.40365,112,375
2020-09-10 15:11:36.183000,0.40416,0.40365,60,337
2020-09-10 15:11:36.522000,0.40426,0.40365,56,307
2020-09-10 15:11:41.600000,0.40425,0.40375,60,375
2020-09-10 15:11:41.967000,0.4043,0.4038,112,112
2020-09-10 15:11:42.540000,0.40426,0.40365,60,307
2020-09-10 15:11:49.698000,0.40445,0.40395,60,262
2020-09-10 15:11:49.748000,0.40446,0.40395,56,307
2020-09-10 15:11:50.666000,0.4045,0.404,112,112
2020-09-10 15:11:50.977000,0.40436,0.40385,60,375
2020-09-10 15:11:51.360000,0.40441,0.40385,112,375
2020-09-10 15:11:52.394000,0.40446,0.40395,112,307
2020-09-10 15:11:52.750000,0.40451,0.40395,112,319
2020-09-10 15:11:53.004000,0.40456,0.40395,75,307
2020-09-10 15:11:53.195000,0.4046,0.4041,56,112
2020-09-10 15:11:53.298000,0.40456,0.40395,60,337
2020-09-10 15:11:53.535000,0.40465,0.40405,262,307
2020-09-10 15:11:53.665000,0.40466,0.40415,60,337
2020-09-10 15:11:59.149000,0.40465,0.40405,262,307
2020-09-10 15:12:01.330000,0.40465,0.40405,262,262
2020-09-10 15:12:01.430000,0.40456,0.40405,60,337
2020-09-10 15:12:01.537000,0.40465,0.40405,262,307
2020-09-10 15:12:01.641000,0.40465,0.40415,60,337
2020-09-10 15:12:01.747000,0.4047,0.4042,112,100
2020-09-10 15:12:01.862000,0.40456,0.40405,60,337
2020-09-10 15:12:02.345000,0.40466,0.40415,112,307
2020-09-10 15:12:02.771000,0.4047,0.4042,112,112
2020-09-10 15:12:02.889000,0.40466,0.40405,60,307
2020-09-10 15:12:04.782000,0.40471,0.40415,56,375
2020-09-10 15:12:04.969000,0.40466,0.40415,60,375
2020-09-10 15:12:05.196000,0.40465,0.40405,262,375
2020-09-10 15:12:05.406000,0.40466,0.40415,60,307
2020-09-10 15:12:06.402000,0.40471,0.40415,112,375
2020-09-10 15:12:06.632000,0.40466,0.40415,60,375
2020-09-10 15:12:08.674000,0.40471,0.40415,112,319
2020-09-10 15:12:08.826000,0.40466,0.40415,60,337
2020-09-10 15:12:09.385000,0.40471,0.40415,112,375
2020-09-10 15:12:10.468000,0.40476,0.40415,75,307
2020-09-10 15:12:10.581000,0.40481,0.40425,112,375
2020-09-10 15:12:10.796000,0.40486,0.40435,112,307
2020-09-10 15:12:11.469000,0.40495,0.40435,262,307
2020-09-10 15:12:11.594000,0.40496,0.40445,60,307
2020-09-10 15:12:13.292000,0.40506,0.40455,112,307
2020-09-10 15:12:13.526000,0.40501,0.40445,169,337
2020-09-10 15:12:13.820000,0.40506,0.40455,112,307
2020-09-10 15:12:13.949000,0.40501,0.40445,112,319
2020-09-10 15:12:14.171000,0.40496,0.40445,60,337
2020-09-10 15:12:14.284000,0.40501,0.40445,112,319
2020-09-10 15:12:14.614000,0.40496,0.40445,60,319
2020-09-10 15:12:14.771000,0.40501,0.40445,112,375
2020-09-10 15:12:14.879000,0.40506,0.40445,56,307
2020-09-10 15:12:15.030000,0.4051,0.4046,112,112
2020-09-10 15:12:15.275000,0.40496,0.40445,60,375
2020-09-10 15:12:15.449000,0.40501,0.40445,112,375
2020-09-10 15:12:16.198000,0.40506,0.40445,75,307
2020-09-10 15:12:17.431000,0.40511,0.40455,112,375
2020-09-10 15:12:18.579000,0.40506,0.40455,60,337
2020-09-10 15:12:18.707000,0.4051,0.4046,56,169
2020-09-10 15:12:18.904000,0.40506,0.40445,75,307
2020-09-10 15:12:20.753000,0.40511,0.40455,112,375
2020-09-10 15:12:20.886000,0.40516,0.40465,75,307
2020-09-10 15:12:23.748000,0.40521,0.40465,112,375
2020-09-10 15:12:23.856000,0.40516,0.40465,60,375
2020-09-10 15:12:25.845000,0.40515,0.40455,262,319
2020-09-10 15:12:25.956000,0.40511,0.40455,169,431
2020-09-10 15:12:26.063000,0.40516,0.40455,169,307
2020-09-10 15:12:26.333000,0.4052,0.4047,169,169
2020-09-10 15:12:26.496000,0.40516,0.40455,169,307
2020-09-10 15:12:26.827000,0.40515,0.40465,60,319
2020-09-10 15:12:27.207000,0.40511,0.40455,169,375
2020-09-10 15:12:27.338000,0.40516,0.40455,169,307
2020-09-10 15:12:27.760000,0.4052,0.4047,169,169
2020-09-10 15:12:28.930000,0.40516,0.40455,169,307
2020-09-10 15:12:29.467000,0.40521,0.40465,112,375
2020-09-10 15:12:30.864000,0.40526,0.40465,112,307
2020-09-10 15:12:31.448000,0.40536,0.40485,56,307
2020-09-10 15:12:31.589000,0.40541,0.40485,169,319
2020-09-10 15:12:31.729000,0.40546,0.40485,112,307
2020-09-10 15:12:33.248000,0.40555,0.40495,262,544
2020-09-10 15:12:33.374000,0.40556,0.40505,75,544
2020-09-10 15:12:35.974000,0.40555,0.40495,262,544
2020-09-10 15:12:36.025000,0.40546,0.40495,169,307
2020-09-10 15:12:36.752000,0.4055,0.405,112,112
2020-09-10 15:12:37.126000,0.40536,0.40485,60,375
2020-09-10 15:12:38.541000,0.40535,0.40475,262,307
2020-09-10 15:12:38.613000,0.40526,0.40475,56,307
2020-09-10 15:12:41.413000,0.40525,0.40475,60,307
2020-09-10 15:12:44.765000,0.40525,0.40465,262,307
2020-09-10 15:12:44.931000,0.40526,0.40475,75,307
2020-09-10 15:12:45.121000,0.40521,0.40465,112,375
2020-09-10 15:12:45.326000,0.40526,0.40465,112,307
2020-09-10 15:12:45.751000,0.4053,0.4048,112,169
2020-09-10 15:12:45.863000,0.40526,0.40465,56,307
2020-09-10 15:12:46.427000,0.40521,0.40465,112,375
2020-09-10 15:12:46.669000,0.40525,0.40475,60,375
2020-09-10 15:12:47.648000,0.40511,0.40455,169,375
2020-09-10 15:12:47.749000,0.40506,0.40455,60,337
2020-09-10 15:12:48.369000,0.40516,0.40465,56,307
2020-09-10 15:12:48.525000,0.4052,0.4047,75,169
2020-09-10 15:12:48.638000,0.40516,0.40455,60,307
2020-09-10 15:12:49.319000,0.40525,0.40465,262,307
2020-09-10 15:12:49.448000,0.40526,0.40475,60,319
2020-09-10 15:12:51.172000,0.40521,0.40465,112,375
2020-09-10 15:12:52.513000,0.40526,0.40475,56,307
2020-09-10 15:12:53.114000,0.40546,0.40475,375,307
2020-09-10 15:12:53.164000,0.40546,0.40495,112,307
2020-09-10 15:12:53.462000,0.40545,0.40485,262,307
2020-09-10 15:12:53.513000,0.40536,0.40485,60,375
2020-09-10 15:12:53.605000,0.40541,0.40485,112,375
2020-09-10 15:12:53.746000,0.40536,0.40485,60,375
2020-09-10 15:12:53.900000,0.40541,0.40485,112,375
2020-09-10 15:12:54.020000,0.40546,0.40495,112,307
2020-09-10 15:12:54.132000,0.4055,0.405,112,112
2020-09-10 15:12:54.658000,0.40546,0.40485,56,307
2020-09-10 15:12:54.812000,0.4055,0.405,112,169
2020-09-10 15:12:54.955000,0.40536,0.40485,60,375
2020-09-10 15:12:55.076000,0.40541,0.40485,169,375
2020-09-10 15:12:55.269000,0.40546,0.40495,112,307
2020-09-10 15:12:55.397000,0.4055,0.405,112,112
2020-09-10 15:12:56.693000,0.40546,0.40495,75,319
2020-09-10 15:12:58.103000,0.40556,0.40505,60,319
2020-09-10 15:12:58.229000,0.40565,0.40505,262,307
2020-09-10 15:12:59.058000,0.40565,0.40505,262,375
2020-09-10 15:12:59.278000,0.4058,0.4053,112,112
2020-09-10 15:12:59.475000,0.40566,0.40515,60,375
2020-09-10 15:12:59.693000,0.40576,0.40525,112,307
2020-09-10 15:13:00.645000,0.40581,0.40525,112,375
2020-09-10 15:13:00.752000,0.40576,0.40525,60,375
2020-09-10 15:13:01.640000,0.40571,0.40515,112,375
2020-09-10 15:13:01.808000,0.40566,0.40515,60,375
2020-09-10 15:13:05.098000,0.4058,0.4053,75,225
2020-09-10 15:13:05.270000,0.40576,0.40515,75,307
2020-09-10 15:13:05.434000,0.4058,0.4053,56,225
2020-09-10 15:13:05.795000,0.40576,0.40525,56,307
2020-09-10 15:13:06.255000,0.40586,0.40535,112,307
2020-09-10 15:13:06.384000,0.40591,0.40535,337,375
2020-09-10 15:13:06.542000,0.40586,0.40535,60,375
2020-09-10 15:13:06.711000,0.40596,0.40545,337,307
2020-09-10 15:13:07.841000,0.40595,0.40535,262,307
2020-09-10 15:13:07.891000,0.40586,0.40535,60,337
2020-09-10 15:13:09.009000,0.40595,0.40535,262,307
2020-09-10 15:13:09.131000,0.40596,0.40535,281,337
2020-09-10 15:13:09.403000,0.40606,0.40555,60,319
2020-09-10 15:13:09.604000,0.4062,0.4057,112,112
2020-09-10 15:13:09.821000,0.40606,0.40555,112,307
2020-09-10 15:13:10.066000,0.4061,0.4056,112,112
2020-09-10 15:13:10.213000,0.40596,0.40545,60,375
2020-09-10 15:13:10.814000,0.40595,0.40535,262,307
2020-09-10 15:13:10.905000,0.40586,0.40535,60,375
2020-09-10 15:13:11.118000,0.40591,0.40535,112,375
2020-09-10 15:13:11.397000,0.40596,0.40535,56,307
2020-09-10 15:13:11.516000,0.406,0.4055,112,169
2020-09-10 15:13:11.859000,0.40586,0.40535,60,375
2020-09-10 15:13:12.406000,0.40585,0.40525,262,337
2020-09-10 15:13:13.036000,0.40586,0.40525,60,337
2020-09-10 15:13:13.402000,0.40595,0.40525,262,262
2020-09-10 15:13:13.452000,0.40586,0.40525,112,307
2020-09-10 15:13:13.633000,0.40585,0.40535,60,375
2020-09-10 15:13:15.050000,0.40571,0.40515,112,375
2020-09-10 15:13:16.229000,0.40566,0.40515,60,375
2020-09-10 15:13:16.466000,0.40571,0.40515,112,375
2020-09-10 15:13:16.693000,0.40566,0.40515,60,375
2020-09-10 15:13:17.217000,0.40571,0.40515,112,375
2020-09-10 15:13:18.245000,0.40576,0.40525,60,337
2020-09-10 15:13:18.415000,0.40586,0.40525,112,307
2020-09-10 15:13:18.752000,0.40591,0.40535,112,375
2020-09-10 15:13:18.894000,0.40586,0.40535,60,319
2020-09-10 15:13:18.995000,0.40591,0.40535,112,337
2020-09-10 15:13:19.259000,0.40586,0.40535,60,337
2020-09-10 15:13:19.765000,0.40591,0.40535,112,375
2020-09-10 15:13:19.891000,0.40586,0.40535,75,307
2020-09-10 15:13:20.977000,0.40591,0.40535,112,375
2020-09-10 15:13:21.307000,0.40586,0.40535,60,319
2020-09-10 15:13:22.202000,0.40591,0.40535,112,375
2020-09-10 15:13:22.628000,0.40586,0.40535,60,375
2020-09-10 15:13:24.545000,0.40585,0.40535,60,375
2020-09-10 15:13:25.503000,0.4059,0.4054,169,112
2020-09-10 15:13:25.704000,0.40576,0.40525,60,375
2020-09-10 15:13:25.983000,0.40581,0.40525,112,375
2020-09-10 15:13:26.258000,0.40585,0.40525,262,307
2020-09-10 15:13:26.377000,0.40586,0.40535,56,307
2020-09-10 15:13:26.764000,0.40581,0.40525,112,375
2020-09-10 15:13:27.332000,0.40576,0.40525,60,375
2020-09-10 15:13:27.865000,0.40566,0.40515,60,375
2020-09-10 15:13:28.001000,0.40576,0.40525,75,307
2020-09-10 15:13:28.178000,0.4058,0.4053,56,169
2020-09-10 15:13:28.570000,0.40565,0.40505,262,375
2020-09-10 15:13:28.620000,0.40556,0.40505,60,375
2020-09-10 15:13:28.682000,0.40561,0.40505,112,375
2020-09-10 15:13:28.849000,0.40565,0.40515,60,375
2020-09-10 15:13:29.138000,0.40561,0.40505,169,375
2020-09-10 15:13:29.487000,0.40556,0.40505,60,375
2020-09-10 15:13:33.751000,0.40555,0.40495,262,307
2020-09-10 15:13:33.854000,0.40551,0.40495,112,319
2020-09-10 15:13:34.374000,0.40546,0.40495,60,337
2020-09-10 15:13:34.617000,0.40551,0.40495,112,375
2020-09-10 15:13:35.031000,0.40556,0.40505,60,337
2020-09-10 15:13:36.316000,0.40565,0.40505,262,307
2020-09-10 15:13:36.496000,0.40566,0.40515,60,307
2020-09-10 15:13:36.674000,0.40571,0.40515,112,375
2020-09-10 15:13:37.287000,0.40566,0.40515,60,337
2020-09-10 15:13:39.186000,0.40556,0.40505,60,375
2020-09-10 15:13:39.871000,0.40561,0.40505,169,375
2020-09-10 15:13:40.011000,0.40556,0.40505,60,307
2020-09-10 15:13:40.528000,0.4056,0.4051,56,112
2020-09-10 15:13:40.941000,0.40546,0.40495,60,337
2020-09-10 15:13:41.116000,0.40551,0.40495,112,375
2020-09-10 15:13:41.253000,0.4055,0.405,112,112
2020-09-10 15:13:41.364000,0.40545,0.40495,60,337
2020-09-10 15:13:42.065000,0.40541,0.40485,112,337
2020-09-10 15:13:42.437000,0.40546,0.40495,56,307
2020-09-10 15:13:42.963000,0.40551,0.40495,169,375
2020-09-10 15:13:43.115000,0.40556,0.40495,60,307
2020-09-10 15:13:43.247000,0.40561,0.40505,169,375
2020-09-10 15:13:45.407000,0.40571,0.40505,112,337
2020-09-10 15:13:45.686000,0.40566,0.40515,60,307
2020-09-10 15:13:50.408000,0.40561,0.40505,112,375
2020-09-10 15:13:50.743000,0.40566,0.40505,56,307
2020-09-10 15:13:53.545000,0.4057,0.4052,169,112
2020-09-10 15:13:54.199000,0.40566,0.40505,112,307
2020-09-10 15:13:54.300000,0.40593,0.40505,375,307
2020-09-10 15:13:54.350000,0.40606,0.40515,307,262
2020-09-10 15:13:54.478000,0.40606,0.40535,307,352
2020-09-10 15:13:54.648000,0.40606,0.40555,60,337
2020-09-10 15:13:54.978000,0.40611,0.40555,112,375
2020-09-10 15:13:55.159000,0.40606,0.40555,60,375
2020-09-10 15:13:55.510000,0.40601,0.40545,75,375
2020-09-10 15:13:56.459000,0.40606,0.40555,60,307
2020-09-10 15:13:56.882000,0.4061,0.4056,112,112
2020-09-10 15:13:58.004000,0.40596,0.40545,60,337
2020-09-10 15:13:58.120000,0.40605,0.40545,262,307
2020-09-10 15:13:58.240000,0.40606,0.40555,56,307
2020-09-10 15:13:59.385000,0.40601,0.40545,60,375
2020-09-10 15:13:59.523000,0.40606,0.40555,60,307
2020-09-10 15:13:59.949000,0.40616,0.40565,60,319
2020-09-10 15:14:00.590000,0.40621,0.40565,112,375
2020-09-10 15:14:00.999000,0.40626,0.40565,75,307
2020-09-10 15:14:01.283000,0.40625,0.40575,60,319
2020-09-10 15:14:01.964000,0.40615,0.40565,60,375
2020-09-10 15:14:03.808000,0.40616,0.40565,60,375
2020-09-10 15:14:04.802000,0.40611,0.40555,60,431
2020-09-10 15:14:04.953000,0.40616,0.40565,60,307
2020-09-10 15:14:05.425000,0.40615,0.40555,262,307
2020-09-10 15:14:05.541000,0.40606,0.40555,60,375
2020-09-10 15:14:05.760000,0.40596,0.40545,60,375
2020-09-10 15:14:06.362000,0.40601,0.40545,56,375
2020-09-10 15:14:06.480000,0.40596,0.40545,60,375
2020-09-10 15:14:07.191000,0.40601,0.40545,75,375
2020-09-10 15:14:07.299000,0.40596,0.40545,60,375
2020-09-10 15:14:07.681000,0.40601,0.40545,75,375
2020-09-10 15:14:07.851000,0.40596,0.40545,60,375
2020-09-10 15:14:08.244000,0.40601,0.40545,56,375
2020-09-10 15:14:08.641000,0.40596,0.40545,60,375
2020-09-10 15:14:08.925000,0.40601,0.40545,56,375
2020-09-10 15:14:09.729000,0.40596,0.40545,60,375
2020-09-10 15:14:11.050000,0.40606,0.40555,56,307
2020-09-10 15:14:12.599000,0.40615,0.40555,262,307
2020-09-10 15:14:12.711000,0.40616,0.40565,60,319
2020-09-10 15:14:12.829000,0.40615,0.40555,262,319
2020-09-10 15:14:12.879000,0.40611,0.40555,60,375
2020-09-10 15:14:13.049000,0.40616,0.40555,60,307
2020-09-10 15:14:13.345000,0.40606,0.40555,60,375
2020-09-10 15:14:13.842000,0.40611,0.40555,60,375
2020-09-10 15:14:13.982000,0.40606,0.40555,60,307
2020-09-10 15:14:15.926000,0.40616,0.40565,112,307
2020-09-10 15:14:17.289000,0.40615,0.40565,60,375
2020-09-10 15:14:17.423000,0.40616,0.40565,112,307
2020-09-10 15:14:17.524000,0.4062,0.4057,112,169
2020-09-10 15:14:17.684000,0.40616,0.40555,112,307
2020-09-10 15:14:17.792000,0.40611,0.40555,112,375
2020-09-10 15:14:17.930000,0.40616,0.40555,112,307
2020-09-10 15:14:18.472000,0.40611,0.40555,112,375
2020-09-10 15:14:18.618000,0.40616,0.40555,112,307
2020-09-10 15:14:18.829000,0.4062,0.4057,112,169
2020-09-10 15:14:19.197000,0.40606,0.40555,60,319
2020-09-10 15:14:24.084000,0.4061,0.4056,56,169
2020-09-10 15:14:24.293000,0.40606,0.40545,60,307
2020-09-10 15:14:31.293000,0.40605,0.40555,60,375
2020-09-10 15:14:37.297000,0.40595,0.40545,60,431
2020-09-10 15:14:39.599000,0.40591,0.40535,75,431
2020-09-10 15:14:40.444000,0.40586,0.40535,60,431
2020-09-10 15:14:41.852000,0.40595,0.40535,262,375
2020-09-10 15:14:41.974000,0.40605,0.40545,262,307
2020-09-10 15:14:42.048000,0.40596,0.40545,60,375
2020-09-10 15:14:42.532000,0.40606,0.40555,60,375
2020-09-10 15:14:44.320000,0.40616,0.40565,60,319
2020-09-10 15:14:44.646000,0.40621,0.40565,75,375
2020-09-10 15:14:44.768000,0.40616,0.40565,60,375
2020-09-10 15:14:45.155000,0.40615,0.40565,60,375
2020-09-10 15:14:46.950000,0.4062,0.4057,75,112
2020-09-10 15:14:47.120000,0.40616,0.40555,56,307
2020-09-10 15:14:47.329000,0.4062,0.4057,75,169
2020-09-10 15:14:47.548000,0.40616,0.40555,60,319
2020-09-10 15:14:48.256000,0.40621,0.40565,56,375
2020-09-10 15:14:48.472000,0.40616,0.40565,60,307
2020-09-10 15:14:49.116000,0.40621,0.40565,75,431
2020-09-10 15:14:49.776000,0.40616,0.40565,60,375
2020-09-10 15:14:50.108000,0.40621,0.40565,112,375
2020-09-10 15:14:50.230000,0.40616,0.40565,60,375
2020-09-10 15:14:50.902000,0.4062,0.4057,75,112
2020-09-10 15:14:51.067000,0.40606,0.40555,60,375
2020-09-10 15:14:51.580000,0.40611,0.40555,75,431
2020-09-10 15:14:52.137000,0.40615,0.40565,60,431
2020-09-10 15:14:53.824000,0.40611,0.40555,56,431
2020-09-10 15:14:54.016000,0.40616,0.40565,60,307
2020-09-10 15:14:54.129000,0.40606,0.40555,60,431
2020-09-10 15:14:54.315000,0.40611,0.40555,56,431
2020-09-10 15:14:54.428000,0.40616,0.40555,60,337
2020-09-10 15:14:54.776000,0.40611,0.40555,75,431
2020-09-10 15:14:55.822000,0.40616,0.40565,60,307
2020-09-10 15:14:56.315000,0.40615,0.40565,60,375
2020-09-10 15:14:56.707000,0.40611,0.40555,75,375
2020-09-10 15:14:57.221000,0.40616,0.40555,56,307
2020-09-10 15:14:57.525000,0.40621,0.40565,112,375
2020-09-10 15:14:57.641000,0.40616,0.40565,60,319
2020-09-10 15:14:57.792000,0.40621,0.40565,112,375
2020-09-10 15:14:57.959000,0.40626,0.40575,75,307
2020-09-10 15:14:58.466000,0.40625,0.40575,60,431
2020-09-10 15:14:58.739000,0.40631,0.40575,112,375
2020-09-10 15:14:59.349000,0.40626,0.40575,60,375
2020-09-10 15:14:59.586000,0.40631,0.40575,112,375
2020-09-10 15:14:59.687000,0.40626,0.40575,60,375
2020-09-10 15:15:00.340000,0.40625,0.40565,262,375
