time,ask,bid,ask_volume,bid_volume
2019-01-16 15:25:00.054000,0.60596,0.60546,337,150
2019-01-16 15:25:00.248000,0.60605,0.60551,487,150
2019-01-16 15:25:01.007000,0.60606,0.60556,487,100
2019-01-16 15:25:01.159000,0.60605,0.60551,487,150
2019-01-16 15:25:01.362000,0.60606,0.60556,412,100
2019-01-16 15:25:04.699000,0.60615,0.60561,337,100
2019-01-16 15:25:04.843000,0.60616,0.60566,337,100
2019-01-16 15:25:07.026000,0.60621,0.60571,450,100
2019-01-16 15:25:07.262000,0.60616,0.60566,337,100
2019-01-16 15:25:07.531000,0.60621,0.60571,337,150
2019-01-16 15:25:08.001000,0.60625,0.60566,337,100
2019-01-16 15:25:09.196000,0.60615,0.60556,337,187
2019-01-16 15:25:09.414000,0.60615,0.60561,412,187
2019-01-16 15:25:09.539000,0.60616,0.60566,337,100
2019-01-16 15:25:12.291000,0.60621,0.60571,450,100
2019-01-16 15:25:13.202000,0.60625,0.60566,337,100
2019-01-16 15:25:15.200000,0.60615,0.60561,337,187
2019-01-16 15:25:15.727000,0.60616,0.60566,337,100
2019-01-16 15:25:16.113000,0.60615,0.60561,375,150
2019-01-16 15:25:16.214000,0.60615,0.60556,337,150
2019-01-16 15:25:17.593000,0.60615,0.60561,412,100
2019-01-16 15:25:17.917000,0.60606,0.60556,375,100
2019-01-16 15:25:21.100000,0.60605,0.60551,375,150
2019-01-16 15:25:21.554000,0.60605,0.60546,337,150
2019-01-16 15:25:21.870000,0.60606,0.60556,337,100
2019-01-16 15:25:22.897000,0.60605,0.60551,412,100
2019-01-16 15:25:23.526000,0.60606,0.60556,337,100
2019-01-16 15:25:25.176000,0.60611,0.60561,412,150
2019-01-16 15:25:25.465000,0.60616,0.60566,337,100
2019-01-16 15:25:26.254000,0.60615,0.60561,337,300
2019-01-16 15:25:26.385000,0.60621,0.60571,375,150
2019-01-16 15:25:27.315000,0.60625,0.60575,337,100
2019-01-16 15:25:28.254000,0.60625,0.60575,262,100
2019-01-16 15:25:28.421000,0.60645,0.60595,337,100
2019-01-16 15:25:29.804000,0.60636,0.60586,337,150
2019-01-16 15:25:30.465000,0.60641,0.60591,375,150
2019-01-16 15:25:30.871000,0.60646,0.60596,337,100
2019-01-16 15:25:31.067000,0.60645,0.60591,337,150
2019-01-16 15:25:32.365000,0.60635,0.60585,337,100
2019-01-16 15:25:32.697000,0.60645,0.60591,412,100
2019-01-16 15:25:34.411000,0.60636,0.60586,337,100
2019-01-16 15:25:34.900000,0.60635,0.60576,337,100
2019-01-16 15:25:35.151000,0.60625,0.60571,337,100
2019-01-16 15:25:35.287000,0.60616,0.60566,337,150
2019-01-16 15:25:35.410000,0.60615,0.60561,337,300
2019-01-16 15:25:35.676000,0.60616,0.60566,337,100
2019-01-16 15:25:35.946000,0.60615,0.60565,262,100
2019-01-16 15:25:35.997000,0.60635,0.60585,375,100
2019-01-16 15:25:40.071000,0.60635,0.60581,375,150
2019-01-16 15:25:40.336000,0.60635,0.60585,262,100
2019-01-16 15:25:40.450000,0.60655,0.60601,375,100
2019-01-16 15:25:40.536000,0.60656,0.60606,337,100
2019-01-16 15:25:41.157000,0.60666,0.60616,337,100
2019-01-16 15:25:41.752000,0.60676,0.60626,375,150
2019-01-16 15:25:41.875000,0.60695,0.60645,337,100
2019-01-16 15:25:42.275000,0.60701,0.60651,337,150
2019-01-16 15:25:42.444000,0.60696,0.60646,337,150
2019-01-16 15:25:43.139000,0.60705,0.60651,412,150
2019-01-16 15:25:43.537000,0.60696,0.60646,337,150
2019-01-16 15:25:43.736000,0.60705,0.60651,412,150
2019-01-16 15:25:44.949000,0.60696,0.60646,337,150
2019-01-16 15:25:45.168000,0.60695,0.60641,337,150
2019-01-16 15:25:45.468000,0.60696,0.60646,337,100
2019-01-16 15:25:46.515000,0.60695,0.60641,337,150
2019-01-16 15:25:46.698000,0.60696,0.60646,337,100
2019-01-16 15:25:46.809000,0.60695,0.60641,337,100
2019-01-16 15:25:47.250000,0.60695,0.60636,337,100
2019-01-16 15:25:47.367000,0.60695,0.60641,375,150
2019-01-16 15:25:47.894000,0.60695,0.60636,337,150
2019-01-16 15:25:48.752000,0.60685,0.60631,412,100
2019-01-16 15:25:48.862000,0.60685,0.60626,337,100
2019-01-16 15:25:49.030000,0.60685,0.60631,337,150
2019-01-16 15:25:49.802000,0.60686,0.60636,337,100
2019-01-16 15:25:50.248000,0.60695,0.60641,375,150
2019-01-16 15:25:50.678000,0.60695,0.60636,337,150
2019-01-16 15:25:50.815000,0.60685,0.60631,375,150
2019-01-16 15:25:50.967000,0.60685,0.60635,262,100
2019-01-16 15:25:51.192000,0.60695,0.60645,450,100
2019-01-16 15:25:51.400000,0.60696,0.60646,337,150
2019-01-16 15:25:51.533000,0.60695,0.60641,337,150
2019-01-16 15:25:51.638000,0.60701,0.60651,525,100
2019-01-16 15:25:51.959000,0.60705,0.60646,337,100
2019-01-16 15:25:52.526000,0.60705,0.60651,450,187
2019-01-16 15:25:54.441000,0.60696,0.60646,337,150
2019-01-16 15:25:55.123000,0.60695,0.60641,337,150
2019-01-16 15:25:55.293000,0.60696,0.60646,337,100
2019-01-16 15:25:55.563000,0.60686,0.60636,337,100
2019-01-16 15:25:55.696000,0.60685,0.60626,337,100
2019-01-16 15:25:56.185000,0.60675,0.60621,337,100
2019-01-16 15:25:57.865000,0.60675,0.60625,262,100
2019-01-16 15:25:58.023000,0.60675,0.60625,262,150
2019-01-16 15:25:58.074000,0.60695,0.60641,337,150
2019-01-16 15:25:58.125000,0.60695,0.60636,337,100
2019-01-16 15:25:58.331000,0.60685,0.60631,375,150
2019-01-16 15:25:58.462000,0.60686,0.60636,337,100
2019-01-16 15:25:58.838000,0.60695,0.60641,375,100
2019-01-16 15:26:00.467000,0.60696,0.60646,337,100
2019-01-16 15:26:01.045000,0.60706,0.60656,337,100
2019-01-16 15:26:02.660000,0.60705,0.60646,337,100
2019-01-16 15:26:03.538000,0.60695,0.60641,337,100
2019-01-16 15:26:04.222000,0.60675,0.60625,262,100
2019-01-16 15:26:04.279000,0.60676,0.60626,337,100
2019-01-16 15:26:05.379000,0.60675,0.60621,337,150
2019-01-16 15:26:05.710000,0.60676,0.60626,337,100
2019-01-16 15:26:06.744000,0.60685,0.60631,375,100
2019-01-16 15:26:07.125000,0.60676,0.60626,337,100
2019-01-16 15:26:07.650000,0.60681,0.60631,412,100
2019-01-16 15:26:08.321000,0.60676,0.60626,337,100
2019-01-16 15:26:09.381000,0.60685,0.60631,337,150
2019-01-16 15:26:10.061000,0.60686,0.60636,337,100
2019-01-16 15:26:11.407000,0.60695,0.60641,450,100
2019-01-16 15:26:11.785000,0.60686,0.60636,337,100
2019-01-16 15:26:12.194000,0.60685,0.60626,525,225
2019-01-16 15:26:12.310000,0.60686,0.60636,375,100
2019-01-16 15:26:12.710000,0.60681,0.60631,412,100
2019-01-16 15:26:13.315000,0.60676,0.60626,337,100
2019-01-16 15:26:15.153000,0.60685,0.60631,412,100
2019-01-16 15:26:15.335000,0.60685,0.60626,337,100
2019-01-16 15:26:15.504000,0.60685,0.60621,375,150
2019-01-16 15:26:16.387000,0.60676,0.60626,337,100
2019-01-16 15:26:19.876000,0.60685,0.60631,450,100
2019-01-16 15:26:21.041000,0.60665,0.60615,262,100
2019-01-16 15:26:21.106000,0.60666,0.60616,337,100
2019-01-16 15:26:21.527000,0.60675,0.60621,487,100
2019-01-16 15:26:22.709000,0.60666,0.60616,337,100
2019-01-16 15:26:22.813000,0.60665,0.60601,412,337
2019-01-16 15:26:22.863000,0.60655,0.60601,412,100
2019-01-16 15:26:23.043000,0.60655,0.60596,337,100
2019-01-16 15:26:23.535000,0.60645,0.60586,375,100
2019-01-16 15:26:23.966000,0.60645,0.60591,375,100
2019-01-16 15:26:24.183000,0.60635,0.60585,375,100
2019-01-16 15:26:24.413000,0.60646,0.60596,337,100
2019-01-16 15:26:24.836000,0.60645,0.60591,375,150
2019-01-16 15:26:25.501000,0.60665,0.60611,525,100
2019-01-16 15:26:25.621000,0.60665,0.60601,487,100
2019-01-16 15:26:26.201000,0.60655,0.60596,337,100
2019-01-16 15:26:26.303000,0.60651,0.60601,487,100
2019-01-16 15:26:26.605000,0.60655,0.60596,337,100
2019-01-16 15:26:27.036000,0.60655,0.60601,487,100
2019-01-16 15:26:27.851000,0.60655,0.60596,337,100
2019-01-16 15:26:27.952000,0.60651,0.60601,487,100
2019-01-16 15:26:28.064000,0.60646,0.60596,337,100
2019-01-16 15:26:28.345000,0.60645,0.60581,450,375
2019-01-16 15:26:28.564000,0.60645,0.60576,337,337
2019-01-16 15:26:28.617000,0.60625,0.60575,337,100
2019-01-16 15:26:29.734000,0.60636,0.60586,375,100
2019-01-16 15:26:29.885000,0.60641,0.60591,375,100
2019-01-16 15:26:30.604000,0.60646,0.60596,375,100
2019-01-16 15:26:30.905000,0.60645,0.60591,375,150
2019-01-16 15:26:31.013000,0.60646,0.60596,375,100
2019-01-16 15:26:31.117000,0.60655,0.60605,337,100
2019-01-16 15:26:31.233000,0.60661,0.60611,450,100
2019-01-16 15:26:31.909000,0.60665,0.60606,337,100
2019-01-16 15:26:32.026000,0.60661,0.60611,450,100
2019-01-16 15:26:32.822000,0.60666,0.60616,337,100
2019-01-16 15:26:32.950000,0.60671,0.60621,487,100
2019-01-16 15:26:33.794000,0.60685,0.60621,412,337
2019-01-16 15:26:33.938000,0.60686,0.60636,337,100
2019-01-16 15:26:34.563000,0.60676,0.60626,337,100
2019-01-16 15:26:34.733000,0.60685,0.60631,412,100
2019-01-16 15:26:37.797000,0.60675,0.60625,337,100
2019-01-16 15:26:38.786000,0.60685,0.60631,412,100
2019-01-16 15:26:39.691000,0.60675,0.60621,337,150
2019-01-16 15:26:39.980000,0.60676,0.60626,337,100
2019-01-16 15:26:40.120000,0.60681,0.60631,412,100
2019-01-16 15:26:41.426000,0.60675,0.60621,450,150
2019-01-16 15:26:43.141000,0.60676,0.60626,337,100
2019-01-16 15:26:43.480000,0.60685,0.60631,487,100
2019-01-16 15:26:43.817000,0.60676,0.60626,337,100
2019-01-16 15:26:44.023000,0.60681,0.60631,487,100
2019-01-16 15:26:44.378000,0.60676,0.60626,337,100
2019-01-16 15:26:44.486000,0.60681,0.60631,525,100
2019-01-16 15:26:45.010000,0.60676,0.60626,337,100
2019-01-16 15:26:45.143000,0.60675,0.60625,262,100
2019-01-16 15:26:45.419000,0.60675,0.60625,262,100
2019-01-16 15:26:45.642000,0.60705,0.60655,375,100
2019-01-16 15:26:46.293000,0.60696,0.60646,337,100
2019-01-16 15:26:46.501000,0.60695,0.60641,337,187
2019-01-16 15:26:46.629000,0.60695,0.60596,337,337
2019-01-16 15:26:46.732000,0.60695,0.60591,375,375
2019-01-16 15:26:46.817000,0.60695,0.60586,337,337
2019-01-16 15:26:46.905000,0.60645,0.60586,337,100
2019-01-16 15:26:47.636000,0.60645,0.60591,412,100
2019-01-16 15:26:47.835000,0.60645,0.60586,337,100
2019-01-16 15:26:48.048000,0.60645,0.60591,525,100
2019-01-16 15:26:49.040000,0.60646,0.60596,450,100
2019-01-16 15:26:50.808000,0.60665,0.60606,337,100
2019-01-16 15:26:50.990000,0.60665,0.60611,412,100
2019-01-16 15:26:51.683000,0.60666,0.60616,337,100
2019-01-16 15:26:51.815000,0.60671,0.60621,375,100
2019-01-16 15:26:52.077000,0.60666,0.60616,337,100
2019-01-16 15:26:52.598000,0.60675,0.60621,375,100
2019-01-16 15:26:54.182000,0.60676,0.60626,337,100
2019-01-16 15:26:54.318000,0.60681,0.60631,337,100
2019-01-16 15:26:56.933000,0.60676,0.60626,337,100
2019-01-16 15:26:57.486000,0.60675,0.60621,375,100
2019-01-16 15:26:59.335000,0.60676,0.60626,375,100
2019-01-16 15:26:59.809000,0.60675,0.60621,375,100
2019-01-16 15:27:00.453000,0.60675,0.60616,337,100
2019-01-16 15:27:00.597000,0.60671,0.60621,412,100
2019-01-16 15:27:01.680000,0.60666,0.60616,337,100
2019-01-16 15:27:02.261000,0.60665,0.60611,337,150
2019-01-16 15:27:02.379000,0.60666,0.60616,337,100
2019-01-16 15:27:03.524000,0.60671,0.60621,525,100
2019-01-16 15:27:03.628000,0.60675,0.60616,337,100
2019-01-16 15:27:04,0.60665,0.60611,375,100
2019-01-16 15:27:04.127000,0.60666,0.60616,375,100
2019-01-16 15:27:07.549000,0.60665,0.60611,412,100
2019-01-16 15:27:07.721000,0.60656,0.60606,337,100
2019-01-16 15:27:09.494000,0.60665,0.60611,562,100
2019-01-16 15:27:09.651000,0.60665,0.60606,337,100
2019-01-16 15:27:09.945000,0.60661,0.60611,600,100
2019-01-16 15:27:10.155000,0.60665,0.60606,337,100
2019-01-16 15:27:10.485000,0.60665,0.60611,562,100
2019-01-16 15:27:10.589000,0.60665,0.60606,337,100
2019-01-16 15:27:12.896000,0.60665,0.60611,412,150
2019-01-16 15:27:13.007000,0.60666,0.60616,375,100
2019-01-16 15:27:13.249000,0.60665,0.60611,375,100
2019-01-16 15:27:13.373000,0.60666,0.60616,375,100
2019-01-16 15:27:13.511000,0.60665,0.60611,450,100
2019-01-16 15:27:13.633000,0.60666,0.60616,337,100
2019-01-16 15:27:14.368000,0.60676,0.60626,412,100
2019-01-16 15:27:16.060000,0.60681,0.60631,450,100
2019-01-16 15:27:16.764000,0.60685,0.60626,337,100
2019-01-16 15:27:16.865000,0.60681,0.60631,487,100
2019-01-16 15:27:18.374000,0.60685,0.60621,412,100
2019-01-16 15:27:18.591000,0.60675,0.60616,337,100
2019-01-16 15:27:19.235000,0.60675,0.60621,487,100
2019-01-16 15:27:19.430000,0.60665,0.60615,337,100
2019-01-16 15:27:20.670000,0.60665,0.60615,262,100
2019-01-16 15:27:20.721000,0.60685,0.60631,562,100
2019-01-16 15:27:21.705000,0.60676,0.60626,337,150
2019-01-16 15:27:22.280000,0.60686,0.60636,562,100
2019-01-16 15:27:22.699000,0.60685,0.60631,562,150
2019-01-16 15:27:23.281000,0.60676,0.60626,337,100
2019-01-16 15:27:24.331000,0.60666,0.60616,337,100
2019-01-16 15:27:25.089000,0.60665,0.60606,337,150
2019-01-16 15:27:25.193000,0.60665,0.60611,375,100
2019-01-16 15:27:25.340000,0.60666,0.60616,337,100
2019-01-16 15:27:25.611000,0.60665,0.60611,375,100
2019-01-16 15:27:27.561000,0.60655,0.60601,412,100
2019-01-16 15:27:27.816000,0.60655,0.60586,337,100
2019-01-16 15:27:31.544000,0.60635,0.60581,375,150
2019-01-16 15:27:32.207000,0.60636,0.60586,487,100
2019-01-16 15:27:32.735000,0.60646,0.60596,337,100
2019-01-16 15:27:33.282000,0.60645,0.60591,412,100
2019-01-16 15:27:33.402000,0.60645,0.60586,375,100
2019-01-16 15:27:33.553000,0.60635,0.60581,375,150
2019-01-16 15:27:34.581000,0.60635,0.60576,450,100
2019-01-16 15:27:34.735000,0.60631,0.60581,337,100
2019-01-16 15:27:34.836000,0.60626,0.60576,337,100
2019-01-16 15:27:41.811000,0.60635,0.60585,375,100
2019-01-16 15:27:42.015000,0.60625,0.60575,337,100
2019-01-16 15:27:42.530000,0.60635,0.60566,337,100
2019-01-16 15:27:42.683000,0.60625,0.60571,450,100
2019-01-16 15:27:42.811000,0.60615,0.60565,337,100
2019-01-16 15:27:43.160000,0.60626,0.60576,375,100
2019-01-16 15:27:43.364000,0.60625,0.60566,337,150
2019-01-16 15:27:43.551000,0.60625,0.60571,375,100
2019-01-16 15:27:43.783000,0.60625,0.60556,337,100
2019-01-16 15:27:44.051000,0.60605,0.60551,412,100
2019-01-16 15:27:44.360000,0.60615,0.60556,337,100
2019-01-16 15:27:44.730000,0.60616,0.60566,337,100
2019-01-16 15:27:45.559000,0.60615,0.60556,337,100
2019-01-16 15:27:45.739000,0.60615,0.60561,337,100
2019-01-16 15:27:45.932000,0.60616,0.60566,337,100
2019-01-16 15:27:46.442000,0.60615,0.60561,337,100
2019-01-16 15:27:46.707000,0.60616,0.60566,337,100
2019-01-16 15:27:46.955000,0.60615,0.60565,262,100
2019-01-16 15:27:47.006000,0.60635,0.60581,412,100
2019-01-16 15:27:48.021000,0.60626,0.60576,337,100
2019-01-16 15:27:48.175000,0.60625,0.60566,337,100
2019-01-16 15:27:48.585000,0.60626,0.60576,337,100
2019-01-16 15:27:48.799000,0.60631,0.60581,487,100
2019-01-16 15:27:50.182000,0.60635,0.60576,337,100
2019-01-16 15:27:50.397000,0.60635,0.60581,450,187
2019-01-16 15:27:51.323000,0.60636,0.60586,412,100
2019-01-16 15:27:51.461000,0.60635,0.60581,412,150
2019-01-16 15:27:51.627000,0.60636,0.60586,412,100
2019-01-16 15:27:52.272000,0.60646,0.60596,375,100
2019-01-16 15:27:52.628000,0.60651,0.60601,337,150
2019-01-16 15:27:53.088000,0.60655,0.60596,337,150
2019-01-16 15:27:53.827000,0.60655,0.60601,337,150
2019-01-16 15:27:56.679000,0.60656,0.60606,337,100
2019-01-16 15:27:56.799000,0.60661,0.60611,487,150
2019-01-16 15:27:57.328000,0.60665,0.60606,337,150
2019-01-16 15:27:58.094000,0.60665,0.60611,487,150
2019-01-16 15:27:58.586000,0.60666,0.60616,337,100
2019-01-16 15:27:59.322000,0.60671,0.60621,337,150
2019-01-16 15:28:00.162000,0.60676,0.60626,337,150
2019-01-16 15:28:00.327000,0.60675,0.60625,262,150
2019-01-16 15:28:00.450000,0.60675,0.60625,262,100
2019-01-16 15:28:00.573000,0.60675,0.60625,262,100
2019-01-16 15:28:00.698000,0.60716,0.60666,337,100
2019-01-16 15:28:00.764000,0.60726,0.60676,337,100
2019-01-16 15:28:00.900000,0.60725,0.60671,412,100
2019-01-16 15:28:01.246000,0.60726,0.60676,375,100
2019-01-16 15:28:01.500000,0.60731,0.60681,450,100
2019-01-16 15:28:01.660000,0.60726,0.60676,337,100
2019-01-16 15:28:01.929000,0.60736,0.60686,337,100
2019-01-16 15:28:02.534000,0.60746,0.60696,412,100
2019-01-16 15:28:02.769000,0.60755,0.60705,375,100
2019-01-16 15:28:02.954000,0.60755,0.60705,337,100
2019-01-16 15:28:03.178000,0.60755,0.60705,337,100
2019-01-16 15:28:03.422000,0.60761,0.60711,375,150
2019-01-16 15:28:03.621000,0.60766,0.60716,337,100
2019-01-16 15:28:03.772000,0.60765,0.60711,337,150
2019-01-16 15:28:04.036000,0.60765,0.60691,337,337
2019-01-16 15:28:04.137000,0.60765,0.60705,337,100
2019-01-16 15:28:04.479000,0.60761,0.60711,412,150
2019-01-16 15:28:04.587000,0.60766,0.60716,375,100
2019-01-16 15:28:04.699000,0.60765,0.60705,337,337
2019-01-16 15:28:04.802000,0.60765,0.60711,375,150
2019-01-16 15:28:04.957000,0.60766,0.60716,337,150
2019-01-16 15:28:05.359000,0.60765,0.60705,337,337
2019-01-16 15:28:05.576000,0.60765,0.60711,375,150
2019-01-16 15:28:05.739000,0.60755,0.60705,337,100
2019-01-16 15:28:05.961000,0.60755,0.60701,375,100
2019-01-16 15:28:06.140000,0.60755,0.60705,375,100
2019-01-16 15:28:06.608000,0.60755,0.60701,412,100
2019-01-16 15:28:06.709000,0.60755,0.60705,412,100
2019-01-16 15:28:07.155000,0.60766,0.60716,337,100
2019-01-16 15:28:08.077000,0.60771,0.60721,750,100
2019-01-16 15:28:08.221000,0.60775,0.60725,675,100
2019-01-16 15:28:08.370000,0.60775,0.60696,337,337
2019-01-16 15:28:08.444000,0.60745,0.60695,337,100
2019-01-16 15:28:08.858000,0.60755,0.60705,337,100
2019-01-16 15:28:10.203000,0.60755,0.60701,412,100
2019-01-16 15:28:10.340000,0.60755,0.60705,375,100
2019-01-16 15:28:11.136000,0.60755,0.60701,375,150
2019-01-16 15:28:11.313000,0.60755,0.60705,337,100
2019-01-16 15:28:12.213000,0.60766,0.60716,337,100
2019-01-16 15:28:12.599000,0.60776,0.60726,600,100
2019-01-16 15:28:12.750000,0.60786,0.60736,337,100
2019-01-16 15:28:12.878000,0.60795,0.60741,1000,100
2019-01-16 15:28:12.981000,0.60795,0.60736,337,100
2019-01-16 15:28:13.129000,0.60791,0.60741,1000,150
2019-01-16 15:28:13.311000,0.60796,0.60746,337,100
2019-01-16 15:28:13.461000,0.60806,0.60756,337,100
2019-01-16 15:28:13.869000,0.60815,0.60761,375,100
2019-01-16 15:28:14.010000,0.60806,0.60756,337,100
2019-01-16 15:28:14.189000,0.60805,0.60746,337,100
2019-01-16 15:28:14.372000,0.60805,0.60751,412,100
2019-01-16 15:28:14.674000,0.60806,0.60756,337,100
2019-01-16 15:28:14.873000,0.60805,0.60751,337,100
2019-01-16 15:28:15.032000,0.60806,0.60756,337,100
2019-01-16 15:28:15.133000,0.60805,0.60755,375,100
2019-01-16 15:28:15.273000,0.60805,0.60751,375,100
2019-01-16 15:28:15.412000,0.60795,0.60741,337,100
2019-01-16 15:28:15.843000,0.60796,0.60746,337,100
2019-01-16 15:28:16.194000,0.60801,0.60751,375,150
2019-01-16 15:28:16.491000,0.60806,0.60756,337,100
2019-01-16 15:28:17.026000,0.60816,0.60766,375,100
2019-01-16 15:28:17.127000,0.60821,0.60771,862,100
2019-01-16 15:28:17.570000,0.60825,0.60761,412,100
2019-01-16 15:28:17.770000,0.60816,0.60766,337,100
2019-01-16 15:28:17.976000,0.60825,0.60771,825,100
2019-01-16 15:28:18.157000,0.60826,0.60776,862,100
2019-01-16 15:28:18.408000,0.60825,0.60766,337,100
2019-01-16 15:28:18.559000,0.60815,0.60761,337,150
2019-01-16 15:28:18.826000,0.60816,0.60766,337,100
2019-01-16 15:28:18.953000,0.60826,0.60776,750,150
2019-01-16 15:28:20.463000,0.60825,0.60771,525,150
2019-01-16 15:28:20.613000,0.60826,0.60776,525,100
2019-01-16 15:28:20.776000,0.60825,0.60771,525,187
2019-01-16 15:28:20.954000,0.60826,0.60776,487,100
2019-01-16 15:28:21.083000,0.60825,0.60771,487,150
2019-01-16 15:28:21.397000,0.60825,0.60766,337,100
2019-01-16 15:28:21.524000,0.60826,0.60776,525,100
2019-01-16 15:28:21.887000,0.60825,0.60766,337,100
2019-01-16 15:28:22.571000,0.60815,0.60751,337,375
2019-01-16 15:28:22.725000,0.60805,0.60751,337,150
2019-01-16 15:28:22.849000,0.60806,0.60756,337,100
2019-01-16 15:28:23.028000,0.60805,0.60751,337,100
2019-01-16 15:28:23.323000,0.60805,0.60746,337,100
2019-01-16 15:28:23.905000,0.60795,0.60741,450,100
2019-01-16 15:28:24.039000,0.60795,0.60736,337,100
2019-01-16 15:28:24.163000,0.60796,0.60746,375,150
2019-01-16 15:28:24.663000,0.60795,0.60736,337,100
2019-01-16 15:28:24.776000,0.60785,0.60731,337,150
2019-01-16 15:28:24.900000,0.60786,0.60736,337,100
2019-01-16 15:28:25.170000,0.60785,0.60731,337,100
2019-01-16 15:28:25.590000,0.60786,0.60736,337,100
2019-01-16 15:28:25.730000,0.60776,0.60726,337,100
2019-01-16 15:28:25.887000,0.60786,0.60736,337,100
2019-01-16 15:28:26.726000,0.60785,0.60735,262,100
2019-01-16 15:28:26.827000,0.60805,0.60755,337,100
2019-01-16 15:28:26.975000,0.60811,0.60761,337,100
2019-01-16 15:28:27.730000,0.60806,0.60756,337,100
2019-01-16 15:28:27.890000,0.60815,0.60746,337,100
2019-01-16 15:28:28.356000,0.60801,0.60751,412,100
2019-01-16 15:28:28.597000,0.60805,0.60746,337,100
2019-01-16 15:28:29.247000,0.60801,0.60751,450,100
2019-01-16 15:28:29.503000,0.60816,0.60766,337,100
2019-01-16 15:28:29.659000,0.60821,0.60771,450,100
2019-01-16 15:28:30.313000,0.60826,0.60776,450,100
2019-01-16 15:28:31.400000,0.60836,0.60786,487,100
2019-01-16 15:28:31.874000,0.60835,0.60781,450,150
2019-01-16 15:28:32.119000,0.60836,0.60786,337,100
2019-01-16 15:28:32.262000,0.60845,0.60795,337,100
2019-01-16 15:28:33.018000,0.60845,0.60786,337,100
2019-01-16 15:28:33.181000,0.60835,0.60776,337,100
2019-01-16 15:28:33.282000,0.60835,0.60785,375,100
2019-01-16 15:28:33.799000,0.60846,0.60796,562,100
2019-01-16 15:28:33.902000,0.60836,0.60786,337,100
2019-01-16 15:28:34.136000,0.60835,0.60776,450,100
2019-01-16 15:28:37.597000,0.60836,0.60786,375,100
2019-01-16 15:28:38.332000,0.60846,0.60796,450,100
2019-01-16 15:28:39.539000,0.60855,0.60801,412,150
2019-01-16 15:28:40.177000,0.60856,0.60806,337,100
2019-01-16 15:28:40.609000,0.60855,0.60801,337,100
2019-01-16 15:28:40.785000,0.60855,0.60796,337,100
2019-01-16 15:28:40.964000,0.60856,0.60806,337,100
2019-01-16 15:28:41.272000,0.60861,0.60811,487,100
2019-01-16 15:28:41.531000,0.60865,0.60806,337,100
2019-01-16 15:28:41.912000,0.60855,0.60796,337,100
2019-01-16 15:28:42.057000,0.60855,0.60801,600,100
2019-01-16 15:28:42.683000,0.60855,0.60796,337,100
2019-01-16 15:28:42.917000,0.60856,0.60806,337,100
2019-01-16 15:28:43.168000,0.60855,0.60805,262,100
2019-01-16 15:28:43.218000,0.60875,0.60821,487,100
2019-01-16 15:28:43.294000,0.60875,0.60816,337,100
2019-01-16 15:28:43.543000,0.60875,0.60821,487,150
2019-01-16 15:28:43.931000,0.60875,0.60816,337,100
2019-01-16 15:28:44.176000,0.60865,0.60806,337,150
2019-01-16 15:28:44.294000,0.60866,0.60816,337,100
2019-01-16 15:28:44.583000,0.60865,0.60811,375,100
2019-01-16 15:28:44.744000,0.60866,0.60816,337,100
2019-01-16 15:28:45.193000,0.60865,0.60811,337,100
2019-01-16 15:28:45.519000,0.60866,0.60816,337,100
2019-01-16 15:28:46.005000,0.60876,0.60826,487,100
2019-01-16 15:28:47.244000,0.60886,0.60836,337,100
2019-01-16 15:28:47.500000,0.60885,0.60831,337,150
2019-01-16 15:28:47.944000,0.60886,0.60836,337,100
2019-01-16 15:28:48.258000,0.60891,0.60841,412,100
2019-01-16 15:28:48.493000,0.60896,0.60846,337,100
2019-01-16 15:28:48.707000,0.60885,0.60835,262,100
2019-01-16 15:28:48.820000,0.60905,0.60855,712,100
2019-01-16 15:28:50.352000,0.60905,0.60846,337,100
2019-01-16 15:28:50.471000,0.60905,0.60851,337,100
2019-01-16 15:28:50.728000,0.60906,0.60856,337,100
2019-01-16 15:28:51.131000,0.60905,0.60851,337,100
2019-01-16 15:28:51.321000,0.60906,0.60856,337,100
2019-01-16 15:28:51.650000,0.60896,0.60846,337,100
2019-01-16 15:28:51.919000,0.60905,0.60826,337,337
2019-01-16 15:28:52.039000,0.60905,0.60831,337,337
2019-01-16 15:28:52.090000,0.60885,0.60831,337,100
2019-01-16 15:28:52.214000,0.60885,0.60816,337,100
2019-01-16 15:28:52.570000,0.60871,0.60821,412,100
2019-01-16 15:28:52.885000,0.60866,0.60816,375,100
2019-01-16 15:28:53.062000,0.60871,0.60821,375,100
2019-01-16 15:28:53.163000,0.60875,0.60816,337,100
2019-01-16 15:28:53.315000,0.60875,0.60821,375,100
2019-01-16 15:28:53.475000,0.60865,0.60811,375,100
2019-01-16 15:28:53.609000,0.60875,0.60821,412,100
2019-01-16 15:28:53.751000,0.60876,0.60826,375,100
2019-01-16 15:28:53.858000,0.60855,0.60805,337,150
2019-01-16 15:28:54.052000,0.60861,0.60811,450,100
2019-01-16 15:28:54.207000,0.60865,0.60786,337,337
2019-01-16 15:28:54.422000,0.60835,0.60785,337,100
2019-01-16 15:28:54.807000,0.60841,0.60791,375,100
2019-01-16 15:28:54.945000,0.60835,0.60785,262,100
2019-01-16 15:28:55.045000,0.60845,0.60795,412,100
2019-01-16 15:28:55.186000,0.60846,0.60796,337,100
2019-01-16 15:28:55.337000,0.60851,0.60801,487,100
2019-01-16 15:28:55.466000,0.60846,0.60796,375,150
2019-01-16 15:28:55.662000,0.60856,0.60806,487,100
2019-01-16 15:28:56.304000,0.60865,0.60811,450,100
2019-01-16 15:28:57.115000,0.60875,0.60821,375,100
2019-01-16 15:28:57.363000,0.60866,0.60816,337,100
2019-01-16 15:28:57.776000,0.60865,0.60815,450,100
2019-01-16 15:28:58.017000,0.60885,0.60831,487,100
2019-01-16 15:28:58.333000,0.60886,0.60836,375,100
2019-01-16 15:29:00.180000,0.60885,0.60835,262,100
2019-01-16 15:29:00.353000,0.60906,0.60856,337,100
2019-01-16 15:29:00.403000,0.60896,0.60846,337,100
2019-01-16 15:29:00.562000,0.60905,0.60855,337,100
2019-01-16 15:29:00.839000,0.60915,0.60861,375,187
2019-01-16 15:29:01.023000,0.60916,0.60866,337,100
2019-01-16 15:29:01.407000,0.60926,0.60876,337,100
2019-01-16 15:29:01.817000,0.60925,0.60861,412,450
2019-01-16 15:29:01.867000,0.60915,0.60861,412,187
2019-01-16 15:29:02.183000,0.60926,0.60876,375,100
2019-01-16 15:29:02.576000,0.60936,0.60886,375,100
2019-01-16 15:29:02.780000,0.60931,0.60881,375,100
2019-01-16 15:29:03.201000,0.60936,0.60886,337,100
2019-01-16 15:29:04.904000,0.60946,0.60896,375,100
2019-01-16 15:29:05.143000,0.60956,0.60906,375,100
2019-01-16 15:29:05.398000,0.60955,0.60901,487,150
2019-01-16 15:29:05.699000,0.60955,0.60905,337,100
2019-01-16 15:29:05.947000,0.60955,0.60896,337,100
2019-01-16 15:29:06.144000,0.60955,0.60901,412,100
2019-01-16 15:29:06.267000,0.60956,0.60906,375,100
2019-01-16 15:29:06.406000,0.60955,0.60896,337,100
2019-01-16 15:29:06.507000,0.60945,0.60891,337,150
2019-01-16 15:29:06.688000,0.60946,0.60896,337,100
2019-01-16 15:29:06.885000,0.60956,0.60906,337,100
2019-01-16 15:29:07.027000,0.60946,0.60896,337,100
2019-01-16 15:29:07.168000,0.60951,0.60901,375,100
2019-01-16 15:29:07.295000,0.60956,0.60906,337,100
2019-01-16 15:29:07.538000,0.60966,0.60916,637,100
2019-01-16 15:29:07.639000,0.60965,0.60906,337,100
2019-01-16 15:29:07.775000,0.60955,0.60891,375,337
2019-01-16 15:29:07.876000,0.60955,0.60886,337,375
2019-01-16 15:29:07.944000,0.60945,0.60886,337,150
2019-01-16 15:29:07.994000,0.60945,0.60891,375,150
2019-01-16 15:29:08.124000,0.60946,0.60896,337,100
2019-01-16 15:29:08.345000,0.60956,0.60906,337,100
2019-01-16 15:29:08.505000,0.60961,0.60911,600,100
2019-01-16 15:29:08.633000,0.60955,0.60901,337,100
2019-01-16 15:29:08.820000,0.60956,0.60906,337,100
2019-01-16 15:29:09.122000,0.60955,0.60896,337,100
2019-01-16 15:29:09.579000,0.60951,0.60901,450,100
2019-01-16 15:29:09.818000,0.60956,0.60906,412,100
2019-01-16 15:29:10.517000,0.60971,0.60921,750,100
2019-01-16 15:29:10.694000,0.60965,0.60911,412,100
2019-01-16 15:29:10.876000,0.60965,0.60906,375,100
2019-01-16 15:29:10.994000,0.60945,0.60886,337,100
2019-01-16 15:29:11.095000,0.60945,0.60891,375,150
2019-01-16 15:29:11.243000,0.60956,0.60906,375,100
2019-01-16 15:29:11.496000,0.60955,0.60901,412,100
2019-01-16 15:29:11.837000,0.60955,0.60871,337,337
2019-01-16 15:29:11.946000,0.60925,0.60871,337,100
2019-01-16 15:29:12.118000,0.60931,0.60881,412,100
2019-01-16 15:29:12.255000,0.60936,0.60886,337,100
2019-01-16 15:29:12.694000,0.60935,0.60871,375,337
2019-01-16 15:29:12.764000,0.60925,0.60871,375,100
2019-01-16 15:29:13.208000,0.60925,0.60866,337,100
2019-01-16 15:29:13.384000,0.60921,0.60871,337,100
2019-01-16 15:29:13.582000,0.60925,0.60861,375,100
2019-01-16 15:29:13.847000,0.60916,0.60866,337,100
2019-01-16 15:29:14.649000,0.60926,0.60876,412,150
2019-01-16 15:29:14.922000,0.60931,0.60881,562,100
2019-01-16 15:29:15.217000,0.60936,0.60886,412,100
2019-01-16 15:29:15.957000,0.60941,0.60891,375,100
2019-01-16 15:29:16.058000,0.60946,0.60896,337,100
2019-01-16 15:29:16.204000,0.60945,0.60871,375,337
2019-01-16 15:29:16.351000,0.60915,0.60861,450,150
2019-01-16 15:29:16.494000,0.60916,0.60866,337,100
2019-01-16 15:29:16.658000,0.60926,0.60876,375,100
2019-01-16 15:29:16.909000,0.60915,0.60861,375,100
2019-01-16 15:29:17.057000,0.60915,0.60851,1000,100
2019-01-16 15:29:17.158000,0.60905,0.60846,337,100
2019-01-16 15:29:17.400000,0.60906,0.60856,1000,100
2019-01-16 15:29:17.872000,0.60916,0.60866,337,100
2019-01-16 15:29:18.048000,0.60905,0.60846,337,100
2019-01-16 15:29:18.211000,0.60906,0.60856,375,100
2019-01-16 15:29:18.758000,0.60905,0.60846,337,100
2019-01-16 15:29:19.257000,0.60905,0.60851,412,100
2019-01-16 15:29:19.405000,0.60906,0.60856,412,100
2019-01-16 15:29:19.523000,0.60896,0.60846,337,100
2019-01-16 15:29:19.684000,0.60901,0.60851,412,100
2019-01-16 15:29:19.817000,0.60905,0.60841,337,150
2019-01-16 15:29:20.077000,0.60895,0.60831,412,150
2019-01-16 15:29:20.257000,0.60886,0.60836,337,100
2019-01-16 15:29:20.386000,0.60891,0.60841,450,100
2019-01-16 15:29:20.508000,0.60885,0.60831,450,100
2019-01-16 15:29:20.730000,0.60885,0.60835,337,100
2019-01-16 15:29:20.883000,0.60885,0.60831,337,100
2019-01-16 15:29:21.283000,0.60886,0.60836,450,100
2019-01-16 15:29:21.393000,0.60896,0.60846,375,100
2019-01-16 15:29:21.864000,0.60906,0.60856,375,100
2019-01-16 15:29:22.287000,0.60916,0.60866,487,100
2019-01-16 15:29:22.527000,0.60911,0.60861,450,100
2019-01-16 15:29:23.025000,0.60921,0.60871,637,100
2019-01-16 15:29:23.143000,0.60915,0.60856,337,100
2019-01-16 15:29:23.364000,0.60915,0.60861,412,100
2019-01-16 15:29:23.754000,0.60916,0.60866,412,100
2019-01-16 15:29:23.958000,0.60905,0.60855,337,100
2019-01-16 15:29:24.347000,0.60916,0.60866,375,150
2019-01-16 15:29:24.473000,0.60921,0.60871,637,100
2019-01-16 15:29:24.643000,0.60926,0.60876,600,100
2019-01-16 15:29:26.972000,0.60925,0.60871,337,100
2019-01-16 15:29:27.268000,0.60926,0.60876,412,100
2019-01-16 15:29:28.222000,0.60936,0.60886,375,100
2019-01-16 15:29:28.921000,0.60945,0.60891,487,100
2019-01-16 15:29:29.050000,0.60946,0.60896,487,100
2019-01-16 15:29:29.310000,0.60945,0.60886,337,100
2019-01-16 15:29:29.538000,0.60935,0.60881,337,100
2019-01-16 15:29:29.838000,0.60946,0.60896,337,100
2019-01-16 15:29:30.671000,0.60956,0.60906,337,100
2019-01-16 15:29:31.525000,0.60961,0.60911,975,100
2019-01-16 15:29:31.669000,0.60966,0.60916,337,150
2019-01-16 15:29:31.805000,0.60976,0.60926,750,100
2019-01-16 15:29:31.916000,0.60975,0.60921,825,150
2019-01-16 15:29:32.120000,0.60975,0.60925,825,100
2019-01-16 15:29:32.548000,0.60986,0.60936,337,100
2019-01-16 15:29:33.547000,0.60996,0.60946,412,150
2019-01-16 15:29:33.893000,0.60995,0.60926,337,337
2019-01-16 15:29:33.955000,0.60995,0.60936,375,100
2019-01-16 15:29:34.143000,0.60976,0.60926,337,100
2019-01-16 15:29:34.394000,0.60975,0.60916,337,100
2019-01-16 15:29:34.528000,0.60986,0.60936,337,100
2019-01-16 15:29:34.629000,0.60976,0.60926,337,100
2019-01-16 15:29:34.911000,0.60981,0.60931,412,100
2019-01-16 15:29:35.020000,0.60986,0.60936,337,100
2019-01-16 15:29:35.184000,0.60985,0.60931,412,100
2019-01-16 15:29:35.286000,0.60985,0.60921,1000,375
2019-01-16 15:29:35.336000,0.60975,0.60921,1000,150
2019-01-16 15:29:35.387000,0.60975,0.60916,337,100
2019-01-16 15:29:35.501000,0.60975,0.60921,1000,150
2019-01-16 15:29:35.691000,0.60966,0.60916,337,150
2019-01-16 15:29:36.240000,0.60976,0.60926,1000,150
2019-01-16 15:29:36.748000,0.60975,0.60925,262,100
2019-01-16 15:29:36.872000,0.60986,0.60936,337,100
2019-01-16 15:29:37.832000,0.60991,0.60941,337,150
2019-01-16 15:29:37.944000,0.60996,0.60946,337,150
2019-01-16 15:29:38.085000,0.60985,0.60935,262,150
2019-01-16 15:29:38.235000,0.61005,0.60955,487,100
2019-01-16 15:29:38.815000,0.61005,0.60936,337,375
2019-01-16 15:29:38.907000,0.61005,0.60946,337,100
2019-01-16 15:29:39.187000,0.61005,0.60955,525,100
2019-01-16 15:29:39.296000,0.61005,0.60936,337,375
2019-01-16 15:29:39.399000,0.61005,0.60931,375,525
2019-01-16 15:29:39.450000,0.60985,0.60931,375,262
2019-01-16 15:29:39.654000,0.60986,0.60936,375,100
2019-01-16 15:29:40.153000,0.60996,0.60946,412,100
2019-01-16 15:29:40.306000,0.60995,0.60936,375,100
2019-01-16 15:29:40.555000,0.60996,0.60946,375,100
2019-01-16 15:29:41.501000,0.61005,0.60951,1000,150
2019-01-16 15:29:41.604000,0.61005,0.60955,1000,100
2019-01-16 15:29:42.238000,0.61016,0.60966,337,187
2019-01-16 15:29:43.812000,0.61005,0.60955,375,100
2019-01-16 15:29:43.974000,0.61005,0.60936,337,337
2019-01-16 15:29:44.046000,0.60985,0.60935,337,100
2019-01-16 15:29:44.809000,0.60995,0.60945,525,100
2019-01-16 15:29:45.049000,0.61005,0.60955,337,100
2019-01-16 15:29:45.365000,0.60996,0.60946,337,100
2019-01-16 15:29:45.801000,0.61005,0.60955,337,100
2019-01-16 15:29:46.116000,0.60996,0.60946,337,100
2019-01-16 15:29:46.476000,0.60995,0.60931,375,412
2019-01-16 15:29:46.527000,0.60985,0.60931,375,150
2019-01-16 15:29:46.793000,0.60985,0.60926,337,100
2019-01-16 15:29:46.992000,0.60985,0.60935,337,100
2019-01-16 15:29:47.093000,0.60985,0.60931,337,150
2019-01-16 15:29:47.242000,0.60985,0.60935,337,100
2019-01-16 15:29:47.364000,0.60985,0.60931,375,150
2019-01-16 15:29:47.600000,0.60985,0.60921,412,150
2019-01-16 15:29:47.728000,0.60985,0.60916,337,100
2019-01-16 15:29:47.845000,0.60965,0.60911,337,225
2019-01-16 15:29:47.960000,0.60966,0.60916,337,100
2019-01-16 15:29:48.121000,0.60965,0.60906,337,100
2019-01-16 15:29:48.240000,0.60966,0.60916,337,100
2019-01-16 15:29:48.821000,0.60965,0.60911,375,150
2019-01-16 15:29:49.102000,0.60966,0.60916,337,100
2019-01-16 15:29:49.221000,0.60965,0.60911,375,150
2019-01-16 15:29:49.349000,0.60965,0.60896,337,100
2019-01-16 15:29:49.544000,0.60955,0.60876,337,375
2019-01-16 15:29:49.657000,0.60955,0.60881,375,337
2019-01-16 15:29:49.794000,0.60935,0.60881,375,100
2019-01-16 15:29:49.861000,0.60936,0.60886,337,100
2019-01-16 15:29:50.427000,0.60946,0.60896,375,100
2019-01-16 15:29:50.595000,0.60945,0.60895,262,100
2019-01-16 15:29:50.646000,0.60966,0.60916,450,100
2019-01-16 15:29:50.815000,0.60961,0.60911,450,100
2019-01-16 15:29:51.005000,0.60956,0.60906,337,100
2019-01-16 15:29:51.151000,0.60966,0.60916,412,100
2019-01-16 15:29:51.366000,0.60956,0.60906,337,100
2019-01-16 15:29:51.796000,0.60966,0.60916,337,100
2019-01-16 15:29:51.996000,0.60965,0.60906,337,100
2019-01-16 15:29:52.119000,0.60966,0.60916,337,100
2019-01-16 15:29:52.245000,0.60965,0.60911,337,100
2019-01-16 15:29:52.550000,0.60956,0.60906,337,100
2019-01-16 15:29:52.729000,0.60966,0.60916,337,100
2019-01-16 15:29:53.059000,0.60965,0.60906,337,100
2019-01-16 15:29:53.202000,0.60965,0.60911,337,100
2019-01-16 15:29:53.310000,0.60966,0.60916,337,100
2019-01-16 15:29:55.151000,0.60976,0.60926,487,100
2019-01-16 15:29:55.457000,0.60981,0.60931,375,100
2019-01-16 15:29:55.607000,0.60985,0.60926,337,100
2019-01-16 15:29:56.197000,0.60981,0.60931,450,150
2019-01-16 15:29:56.314000,0.60976,0.60926,337,100
2019-01-16 15:29:57.235000,0.60986,0.60936,337,100
2019-01-16 15:29:57.627000,0.60985,0.60926,337,100
2019-01-16 15:29:57.878000,0.60985,0.60931,412,100
2019-01-16 15:29:58.028000,0.60986,0.60936,450,100
2019-01-16 15:29:58.200000,0.60985,0.60926,337,100
2019-01-16 15:29:58.728000,0.60975,0.60916,337,100
2019-01-16 15:29:58.959000,0.60976,0.60926,412,100
2019-01-16 15:29:59.087000,0.60971,0.60921,450,100
2019-01-16 15:29:59.195000,0.60966,0.60916,337,100
2019-01-16 15:29:59.301000,0.60975,0.60906,337,337
2019-01-16 15:29:59.436000,0.60975,0.60911,375,337
2019-01-16 15:29:59.537000,0.60965,0.60911,375,100
2019-01-16 15:29:59.606000,0.60965,0.60906,337,150
2019-01-16 15:29:59.983000,0.60955,0.60896,337,100
2019-01-16 15:30:00.265000,0.60945,0.60895,562,100
2019-01-16 15:30:00.437000,0.60956,0.60906,562,100
2019-01-16 15:30:00.547000,0.60945,0.60895,262,100
2019-01-16 15:30:00.789000,0.60955,0.60905,262,100
2019-01-16 15:30:00.890000,0.60966,0.60916,337,100
2019-01-16 15:30:01.466000,0.60975,0.60911,337,100
2019-01-16 15:30:01.644000,0.60975,0.60921,412,100
2019-01-16 15:30:01.917000,0.60975,0.60916,337,100
2019-01-16 15:30:02.022000,0.60975,0.60921,375,100
2019-01-16 15:30:02.127000,0.60975,0.60906,337,337
2019-01-16 15:30:02.263000,0.60975,0.60906,337,100
2019-01-16 15:30:02.314000,0.60975,0.60901,337,375
2019-01-16 15:30:02.402000,0.60975,0.60906,337,100
2019-01-16 15:30:02.993000,0.60955,0.60886,337,375
2019-01-16 15:30:03.043000,0.60935,0.60885,337,150
2019-01-16 15:30:03.208000,0.60935,0.60881,337,150
2019-01-16 15:30:03.373000,0.60936,0.60886,337,100
2019-01-16 15:30:03.528000,0.60935,0.60881,375,100
2019-01-16 15:30:03.805000,0.60935,0.60885,337,100
2019-01-16 15:30:04.376000,0.60946,0.60896,337,100
2019-01-16 15:30:04.870000,0.60956,0.60906,337,100
2019-01-16 15:30:05.048000,0.60955,0.60901,412,100
2019-01-16 15:30:05.225000,0.60956,0.60906,337,100
2019-01-16 15:30:05.403000,0.60955,0.60876,525,525
2019-01-16 15:30:05.579000,0.60955,0.60881,412,337
2019-01-16 15:30:05.630000,0.60955,0.60876,337,337
2019-01-16 15:30:05.748000,0.60925,0.60875,337,100
2019-01-16 15:30:06.045000,0.60935,0.60881,375,100
2019-01-16 15:30:06.314000,0.60946,0.60896,375,100
2019-01-16 15:30:06.934000,0.60945,0.60891,450,100
2019-01-16 15:30:07.184000,0.60935,0.60871,412,337
2019-01-16 15:30:07.385000,0.60915,0.60865,412,100
2019-01-16 15:30:07.683000,0.60925,0.60861,337,150
2019-01-16 15:30:07.824000,0.60925,0.60866,337,100
2019-01-16 15:30:08.026000,0.60906,0.60856,337,100
2019-01-16 15:30:08.184000,0.60915,0.60861,412,100
2019-01-16 15:30:08.809000,0.60906,0.60856,337,100
2019-01-16 15:30:09.027000,0.60905,0.60851,375,225
2019-01-16 15:30:09.393000,0.60906,0.60856,337,100
2019-01-16 15:30:09.544000,0.60905,0.60851,375,187
2019-01-16 15:30:09.719000,0.60906,0.60856,337,100
2019-01-16 15:30:09.855000,0.60911,0.60861,675,100
2019-01-16 15:30:09.972000,0.60916,0.60866,862,100
2019-01-16 15:30:10.113000,0.60915,0.60861,975,100
2019-01-16 15:30:10.552000,0.60921,0.60871,375,100
2019-01-16 15:30:10.659000,0.60926,0.60876,337,100
2019-01-16 15:30:11.071000,0.60936,0.60886,337,100
2019-01-16 15:30:11.281000,0.60935,0.60881,412,262
2019-01-16 15:30:11.457000,0.60936,0.60886,412,100
2019-01-16 15:30:11.634000,0.60926,0.60876,337,262
2019-01-16 15:30:12.414000,0.60936,0.60886,412,100
2019-01-16 15:30:13.086000,0.60935,0.60881,375,225
2019-01-16 15:30:13.705000,0.60935,0.60876,337,225
2019-01-16 15:30:14.607000,0.60935,0.60881,450,187
2019-01-16 15:30:14.734000,0.60935,0.60871,337,100
2019-01-16 15:30:15.228000,0.60925,0.60866,337,100
2019-01-16 15:30:15.586000,0.60906,0.60856,337,100
2019-01-16 15:30:15.881000,0.60905,0.60846,337,150
2019-01-16 15:30:17.573000,0.60895,0.60841,487,100
2019-01-16 15:30:17.806000,0.60886,0.60836,337,100
2019-01-16 15:30:18.435000,0.60885,0.60816,337,450
2019-01-16 15:30:18.528000,0.60885,0.60821,487,412
2019-01-16 15:30:18.670000,0.60866,0.60816,337,150
2019-01-16 15:30:18.847000,0.60865,0.60806,337,100
2019-01-16 15:30:19.090000,0.60865,0.60811,337,150
2019-01-16 15:30:19.370000,0.60865,0.60806,337,100
2019-01-16 15:30:19.672000,0.60866,0.60816,375,100
2019-01-16 15:30:19.811000,0.60865,0.60811,412,150
2019-01-16 15:30:19.921000,0.60865,0.60806,375,100
2019-01-16 15:30:20.412000,0.60855,0.60801,375,150
2019-01-16 15:30:20.627000,0.60846,0.60796,375,100
2019-01-16 15:30:21.568000,0.60855,0.60801,412,100
2019-01-16 15:30:21.698000,0.60855,0.60796,337,100
2019-01-16 15:30:22.102000,0.60836,0.60786,337,100
2019-01-16 15:30:22.229000,0.60841,0.60791,337,100
2019-01-16 15:30:22.427000,0.60835,0.60781,450,150
2019-01-16 15:30:22.628000,0.60835,0.60776,337,150
2019-01-16 15:30:22.797000,0.60835,0.60781,450,100
2019-01-16 15:30:22.973000,0.60835,0.60766,937,100
2019-01-16 15:30:23.352000,0.60815,0.60756,337,150
2019-01-16 15:30:23.473000,0.60815,0.60761,337,150
2019-01-16 15:30:23.641000,0.60816,0.60766,337,100
2019-01-16 15:30:23.806000,0.60815,0.60761,375,100
2019-01-16 15:30:23.919000,0.60816,0.60766,337,100
2019-01-16 15:30:24.132000,0.60821,0.60771,337,100
2019-01-16 15:30:24.248000,0.60816,0.60766,337,100
2019-01-16 15:30:24.781000,0.60825,0.60771,375,100
2019-01-16 15:30:24.939000,0.60825,0.60775,337,100
2019-01-16 15:30:25.291000,0.60825,0.60761,375,337
2019-01-16 15:30:25.561000,0.60815,0.60761,412,100
2019-01-16 15:30:25.811000,0.60815,0.60756,337,100
2019-01-16 15:30:26.121000,0.60811,0.60761,450,100
2019-01-16 15:30:26.514000,0.60816,0.60766,337,100
2019-01-16 15:30:26.619000,0.60815,0.60756,337,100
2019-01-16 15:30:26.732000,0.60815,0.60751,412,337
2019-01-16 15:30:26.890000,0.60805,0.60726,337,337
2019-01-16 15:30:26.992000,0.60805,0.60731,337,337
2019-01-16 15:30:27.044000,0.60785,0.60731,337,100
2019-01-16 15:30:27.698000,0.60791,0.60741,525,100
2019-01-16 15:30:27.800000,0.60795,0.60736,337,100
2019-01-16 15:30:27.959000,0.60795,0.60741,412,100
2019-01-16 15:30:28.060000,0.60795,0.60721,375,337
2019-01-16 15:30:28.212000,0.60765,0.60711,375,100
2019-01-16 15:30:28.312000,0.60771,0.60721,375,100
2019-01-16 15:30:28.462000,0.60765,0.60711,375,150
2019-01-16 15:30:28.573000,0.60771,0.60721,412,100
2019-01-16 15:30:28.687000,0.60766,0.60716,337,100
2019-01-16 15:30:28.804000,0.60771,0.60721,375,100
2019-01-16 15:30:29.110000,0.60775,0.60716,337,100
2019-01-16 15:30:29.346000,0.60776,0.60726,337,100
2019-01-16 15:30:29.458000,0.60765,0.60715,262,150
2019-01-16 15:30:29.509000,0.60785,0.60731,337,150
2019-01-16 15:30:29.614000,0.60786,0.60736,337,100
2019-01-16 15:30:30.121000,0.60791,0.60741,412,100
2019-01-16 15:30:30.523000,0.60806,0.60756,675,100
2019-01-16 15:30:30.627000,0.60795,0.60745,262,150
2019-01-16 15:30:30.787000,0.60805,0.60755,262,150
2019-01-16 15:30:30.869000,0.60806,0.60756,337,100
2019-01-16 15:30:31.111000,0.60816,0.60766,337,150
2019-01-16 15:30:31.270000,0.60805,0.60755,262,100
2019-01-16 15:30:31.323000,0.60825,0.60775,337,100
2019-01-16 15:30:31.751000,0.60836,0.60786,337,100
2019-01-16 15:30:32.017000,0.60831,0.60781,337,100
2019-01-16 15:30:32.441000,0.60835,0.60776,337,100
2019-01-16 15:30:32.601000,0.60835,0.60766,337,150
2019-01-16 15:30:33.280000,0.60825,0.60771,375,150
2019-01-16 15:30:33.729000,0.60816,0.60766,337,150
2019-01-16 15:30:33.870000,0.60821,0.60771,562,100
2019-01-16 15:30:33.989000,0.60816,0.60766,337,100
2019-01-16 15:30:34.447000,0.60826,0.60776,337,100
2019-01-16 15:30:34.823000,0.60836,0.60786,337,100
2019-01-16 15:30:35.099000,0.60846,0.60796,337,100
2019-01-16 15:30:35.855000,0.60845,0.60786,337,100
2019-01-16 15:30:36.143000,0.60841,0.60791,337,100
2019-01-16 15:30:37.183000,0.60846,0.60796,337,100
2019-01-16 15:30:37.714000,0.60855,0.60801,337,100
2019-01-16 15:30:38.011000,0.60856,0.60806,337,100
2019-01-16 15:30:38.413000,0.60865,0.60811,337,150
2019-01-16 15:30:38.550000,0.60866,0.60816,337,100
2019-01-16 15:30:38.663000,0.60865,0.60801,375,100
2019-01-16 15:30:39.273000,0.60856,0.60806,337,100
2019-01-16 15:30:39.394000,0.60855,0.60801,337,150
2019-01-16 15:30:39.567000,0.60866,0.60816,337,100
2019-01-16 15:30:40.009000,0.60876,0.60826,337,100
2019-01-16 15:30:40.292000,0.60886,0.60836,337,100
2019-01-16 15:30:40.508000,0.60885,0.60831,337,150
2019-01-16 15:30:40.621000,0.60886,0.60836,337,100
2019-01-16 15:30:40.809000,0.60891,0.60841,375,100
2019-01-16 15:30:41.556000,0.60886,0.60836,337,100
2019-01-16 15:30:41.858000,0.60885,0.60826,337,100
2019-01-16 15:30:42.262000,0.60881,0.60831,337,100
2019-01-16 15:30:42.417000,0.60876,0.60826,337,100
2019-01-16 15:30:42.594000,0.60875,0.60821,337,487
2019-01-16 15:30:43.096000,0.60876,0.60826,337,100
2019-01-16 15:30:43.371000,0.60865,0.60811,337,100
2019-01-16 15:30:43.621000,0.60855,0.60796,337,150
2019-01-16 15:30:43.755000,0.60855,0.60791,337,562
2019-01-16 15:30:43.944000,0.60845,0.60791,337,300
2019-01-16 15:30:44.135000,0.60851,0.60801,375,100
2019-01-16 15:30:44.264000,0.60846,0.60796,337,100
2019-01-16 15:30:45.111000,0.60845,0.60791,337,300
2019-01-16 15:30:45.724000,0.60845,0.60776,337,262
2019-01-16 15:30:45.829000,0.60845,0.60786,337,100
2019-01-16 15:30:46.478000,0.60835,0.60781,337,150
2019-01-16 15:30:46.619000,0.60836,0.60786,337,100
2019-01-16 15:30:46.892000,0.60845,0.60791,337,100
2019-01-16 15:30:47.031000,0.60845,0.60786,337,100
2019-01-16 15:30:47.964000,0.60835,0.60781,337,100
2019-01-16 15:30:49.548000,0.60826,0.60776,337,100
2019-01-16 15:30:50.091000,0.60831,0.60781,375,100
2019-01-16 15:30:50.234000,0.60826,0.60776,337,100
2019-01-16 15:30:50.398000,0.60825,0.60775,262,100
2019-01-16 15:30:50.530000,0.60845,0.60791,337,150
2019-01-16 15:30:50.591000,0.60846,0.60796,337,100
2019-01-16 15:30:50.728000,0.60851,0.60801,375,100
2019-01-16 15:30:51.548000,0.60856,0.60806,337,100
2019-01-16 15:30:51.667000,0.60866,0.60816,337,100
2019-01-16 15:30:52.310000,0.60876,0.60826,337,100
2019-01-16 15:30:52.486000,0.60886,0.60836,337,100
2019-01-16 15:30:52.617000,0.60896,0.60846,337,100
2019-01-16 15:30:52.728000,0.60901,0.60851,337,100
2019-01-16 15:30:52.873000,0.60905,0.60846,337,100
2019-01-16 15:30:53.244000,0.60906,0.60856,337,100
2019-01-16 15:30:54.366000,0.60916,0.60866,337,100
2019-01-16 15:30:54.632000,0.60921,0.60871,1000,100
2019-01-16 15:30:54.783000,0.60915,0.60865,337,150
2019-01-16 15:30:55.040000,0.60915,0.60861,412,150
2019-01-16 15:30:55.201000,0.60915,0.60856,337,150
2019-01-16 15:30:56.018000,0.60915,0.60861,337,150
2019-01-16 15:30:56.494000,0.60916,0.60866,337,100
2019-01-16 15:30:57.056000,0.60915,0.60861,375,150
2019-01-16 15:30:57.195000,0.60905,0.60846,337,100
2019-01-16 15:30:57.445000,0.60895,0.60841,337,150
2019-01-16 15:30:57.716000,0.60896,0.60846,337,100
2019-01-16 15:30:58.491000,0.60895,0.60841,450,100
2019-01-16 15:30:58.700000,0.60885,0.60835,337,100
2019-01-16 15:30:58.942000,0.60885,0.60826,337,100
2019-01-16 15:30:59.281000,0.60875,0.60821,337,525
2019-01-16 15:30:59.543000,0.60876,0.60826,337,100
2019-01-16 15:30:59.644000,0.60875,0.60825,262,100
2019-01-16 15:30:59.935000,0.60905,0.60855,337,100
2019-01-16 15:31:00.038000,0.60916,0.60866,412,100
2019-01-16 15:31:00.537000,0.60925,0.60856,337,337
2019-01-16 15:31:00.696000,0.60905,0.60855,337,100
2019-01-16 15:31:01.724000,0.60916,0.60866,337,100
2019-01-16 15:31:02.103000,0.60926,0.60876,1000,100
2019-01-16 15:31:02.617000,0.60936,0.60886,337,100
2019-01-16 15:31:03.401000,0.60941,0.60891,450,100
2019-01-16 15:31:03.844000,0.60935,0.60881,375,100
2019-01-16 15:31:03.972000,0.60935,0.60871,337,412
2019-01-16 15:31:04.023000,0.60925,0.60871,337,150
2019-01-16 15:31:04.308000,0.60926,0.60876,337,100
2019-01-16 15:31:05.106000,0.60925,0.60871,337,100
2019-01-16 15:31:05.249000,0.60925,0.60866,337,100
2019-01-16 15:31:05.810000,0.60921,0.60871,375,100
2019-01-16 15:31:06.098000,0.60916,0.60866,337,100
2019-01-16 15:31:06.733000,0.60905,0.60855,337,100
2019-01-16 15:31:08.211000,0.60905,0.60855,262,100
2019-01-16 15:31:08.384000,0.60905,0.60855,262,100
2019-01-16 15:31:08.543000,0.60935,0.60881,375,100
2019-01-16 15:31:08.593000,0.60936,0.60886,337,100
2019-01-16 15:31:09.144000,0.60935,0.60866,337,562
2019-01-16 15:31:09.266000,0.60935,0.60876,337,100
2019-01-16 15:31:09.403000,0.60935,0.60871,375,375
2019-01-16 15:31:09.453000,0.60925,0.60871,375,150
2019-01-16 15:31:09.557000,0.60925,0.60866,337,150
2019-01-16 15:31:09.702000,0.60925,0.60875,337,100
2019-01-16 15:31:09.892000,0.60925,0.60871,337,187
2019-01-16 15:31:10.551000,0.60926,0.60876,337,100
2019-01-16 15:31:11.008000,0.60936,0.60886,337,100
2019-01-16 15:31:11.635000,0.60935,0.60876,337,100
2019-01-16 15:31:11.822000,0.60931,0.60881,375,100
2019-01-16 15:31:12.005000,0.60925,0.60875,337,100
2019-01-16 15:31:12.106000,0.60931,0.60881,375,150
2019-01-16 15:31:12.539000,0.60936,0.60886,337,100
2019-01-16 15:31:13.168000,0.60946,0.60896,337,100
2019-01-16 15:31:13.297000,0.60936,0.60886,337,150
2019-01-16 15:31:13.466000,0.60941,0.60891,375,150
2019-01-16 15:31:13.605000,0.60946,0.60896,337,100
2019-01-16 15:31:13.845000,0.60945,0.60891,337,150
2019-01-16 15:31:14.107000,0.60956,0.60906,337,100
2019-01-16 15:31:14.954000,0.60966,0.60916,337,150
2019-01-16 15:31:15.506000,0.60961,0.60911,375,100
2019-01-16 15:31:15.991000,0.60966,0.60916,337,150
2019-01-16 15:31:16.855000,0.60971,0.60921,412,150
2019-01-16 15:31:16.981000,0.60975,0.60916,337,100
2019-01-16 15:31:17.686000,0.60965,0.60911,337,150
2019-01-16 15:31:17.797000,0.60966,0.60916,337,100
2019-01-16 15:31:18.085000,0.60965,0.60911,337,150
2019-01-16 15:31:18.775000,0.60966,0.60916,337,100
2019-01-16 15:31:18.934000,0.60971,0.60921,375,100
2019-01-16 15:31:19.198000,0.60966,0.60916,337,100
2019-01-16 15:31:19.591000,0.60965,0.60911,337,150
2019-01-16 15:31:20.046000,0.60955,0.60905,337,100
2019-01-16 15:31:20.773000,0.60955,0.60901,375,525
2019-01-16 15:31:20.892000,0.60945,0.60895,262,150
2019-01-16 15:31:21.075000,0.60965,0.60911,375,150
2019-01-16 15:31:22.184000,0.60965,0.60906,337,100
2019-01-16 15:31:22.704000,0.60955,0.60891,337,337
2019-01-16 15:31:22.805000,0.60945,0.60891,337,100
2019-01-16 15:31:22.939000,0.60946,0.60896,337,100
2019-01-16 15:31:23.581000,0.60945,0.60891,337,150
2019-01-16 15:31:23.749000,0.60946,0.60896,337,100
2019-01-16 15:31:25.249000,0.60945,0.60891,337,150
2019-01-16 15:31:25.399000,0.60945,0.60886,337,100
2019-01-16 15:31:26.521000,0.60935,0.60876,337,100
2019-01-16 15:31:27.239000,0.60925,0.60871,337,100
2019-01-16 15:31:27.827000,0.60926,0.60876,337,100
2019-01-16 15:31:28.039000,0.60931,0.60881,375,100
2019-01-16 15:31:28.186000,0.60935,0.60871,337,150
2019-01-16 15:31:28.504000,0.60925,0.60866,337,100
2019-01-16 15:31:28.641000,0.60911,0.60861,412,100
2019-01-16 15:31:28.872000,0.60915,0.60851,337,100
2019-01-16 15:31:30.169000,0.60896,0.60846,337,100
2019-01-16 15:31:30.299000,0.60901,0.60851,375,100
2019-01-16 15:31:30.487000,0.60905,0.60846,337,100
2019-01-16 15:31:31.012000,0.60905,0.60851,412,100
2019-01-16 15:31:31.226000,0.60905,0.60836,337,100
2019-01-16 15:31:32.822000,0.60885,0.60826,337,100
2019-01-16 15:31:33.088000,0.60886,0.60836,337,100
2019-01-16 15:31:33.244000,0.60885,0.60831,337,100
2019-01-16 15:31:33.381000,0.60885,0.60826,337,100
2019-01-16 15:31:34.194000,0.60885,0.60831,412,100
2019-01-16 15:31:34.709000,0.60876,0.60826,337,100
2019-01-16 15:31:35.648000,0.60866,0.60816,337,150
2019-01-16 15:31:36.823000,0.60871,0.60821,337,150
2019-01-16 15:31:36.938000,0.60876,0.60826,337,100
2019-01-16 15:31:37.081000,0.60881,0.60831,337,100
2019-01-16 15:31:37.222000,0.60885,0.60826,337,100
2019-01-16 15:31:37.462000,0.60881,0.60831,337,100
2019-01-16 15:31:37.691000,0.60885,0.60821,337,150
2019-01-16 15:31:39.060000,0.60866,0.60816,337,100
2019-01-16 15:31:40.699000,0.60875,0.60821,412,100
2019-01-16 15:31:41.119000,0.60875,0.60816,337,100
2019-01-16 15:31:41.238000,0.60871,0.60821,412,100
2019-01-16 15:31:42.385000,0.60866,0.60816,375,100
2019-01-16 15:31:44.961000,0.60875,0.60821,412,150
2019-01-16 15:31:47.048000,0.60876,0.60826,375,100
2019-01-16 15:31:47.389000,0.60875,0.60821,337,150
2019-01-16 15:31:48.730000,0.60886,0.60836,412,100
2019-01-16 15:31:48.996000,0.60885,0.60826,337,100
2019-01-16 15:31:49.644000,0.60885,0.60831,337,100
2019-01-16 15:31:49.816000,0.60885,0.60826,337,100
2019-01-16 15:31:50.030000,0.60875,0.60821,337,100
2019-01-16 15:31:51.228000,0.60875,0.60816,412,100
2019-01-16 15:31:52.292000,0.60871,0.60821,412,100
2019-01-16 15:31:52.466000,0.60875,0.60816,375,100
2019-01-16 15:31:57.505000,0.60871,0.60821,412,100
2019-01-16 15:32:00.026000,0.60875,0.60816,337,100
2019-01-16 15:32:00.161000,0.60876,0.60826,337,100
2019-01-16 15:32:00.741000,0.60866,0.60816,337,100
2019-01-16 15:32:02.509000,0.60876,0.60826,412,100
2019-01-16 15:32:03.240000,0.60886,0.60836,337,100
2019-01-16 15:32:04.008000,0.60885,0.60831,375,150
2019-01-16 15:32:04.121000,0.60886,0.60836,337,100
2019-01-16 15:32:05.103000,0.60885,0.60831,337,150
2019-01-16 15:32:06.214000,0.60886,0.60836,337,100
2019-01-16 15:32:08.202000,0.60895,0.60841,375,100
2019-01-16 15:32:08.340000,0.60895,0.60836,337,100
2019-01-16 15:32:08.532000,0.60891,0.60841,375,100
2019-01-16 15:32:11.324000,0.60895,0.60831,337,150
2019-01-16 15:32:13.847000,0.60886,0.60836,337,100
2019-01-16 15:32:15.165000,0.60885,0.60831,337,150
2019-01-16 15:32:15.637000,0.60885,0.60826,337,100
2019-01-16 15:32:16.214000,0.60885,0.60831,337,100
2019-01-16 15:32:16.454000,0.60876,0.60826,337,100
2019-01-16 15:32:18.215000,0.60881,0.60831,450,100
2019-01-16 15:32:19.360000,0.60885,0.60826,337,100
2019-01-16 15:32:20.268000,0.60885,0.60826,375,100
2019-01-16 15:32:20.887000,0.60891,0.60836,562,100
2019-01-16 15:32:21.543000,0.60896,0.60841,337,100
2019-01-16 15:32:21.799000,0.60895,0.60841,337,150
2019-01-16 15:32:22.061000,0.60896,0.60841,337,100
2019-01-16 15:32:22.241000,0.60895,0.60841,337,150
2019-01-16 15:32:23.021000,0.60886,0.60836,337,100
2019-01-16 15:32:25.011000,0.60876,0.60826,337,100
2019-01-16 15:32:25.182000,0.60885,0.60831,337,100
2019-01-16 15:32:25.744000,0.60886,0.60836,337,100
2019-01-16 15:32:27.095000,0.60885,0.60831,337,150
2019-01-16 15:32:28.136000,0.60885,0.60826,337,150
2019-01-16 15:32:28.809000,0.60881,0.60831,337,150
2019-01-16 15:32:29.567000,0.60895,0.60841,450,100
2019-01-16 15:32:29.735000,0.60885,0.60835,337,100
2019-01-16 15:32:30.031000,0.60895,0.60841,450,100
2019-01-16 15:32:34.788000,0.60886,0.60836,337,100
2019-01-16 15:32:34.999000,0.60895,0.60836,487,100
2019-01-16 15:32:35.199000,0.60906,0.60851,337,100
2019-01-16 15:32:39.801000,0.60911,0.60861,375,100
2019-01-16 15:32:39.925000,0.60916,0.60866,337,100
2019-01-16 15:32:40.828000,0.60915,0.60856,337,100
2019-01-16 15:32:40.953000,0.60916,0.60866,337,100
2019-01-16 15:32:41.128000,0.60915,0.60861,412,100
2019-01-16 15:32:42.170000,0.60906,0.60856,337,100
2019-01-16 15:32:42.670000,0.60905,0.60851,375,100
2019-01-16 15:32:43.092000,0.60905,0.60846,337,100
2019-01-16 15:32:43.639000,0.60895,0.60841,337,100
2019-01-16 15:32:43.740000,0.60886,0.60836,337,100
2019-01-16 15:32:45.746000,0.60885,0.60826,337,100
2019-01-16 15:32:46.929000,0.60866,0.60816,337,100
2019-01-16 15:32:47.598000,0.60871,0.60821,450,100
2019-01-16 15:32:49.499000,0.60875,0.60816,337,100
2019-01-16 15:32:49.860000,0.60875,0.60821,412,100
2019-01-16 15:32:52.632000,0.60876,0.60826,337,100
2019-01-16 15:32:52.821000,0.60875,0.60821,337,100
2019-01-16 15:32:53.012000,0.60876,0.60826,337,150
2019-01-16 15:32:55.157000,0.60886,0.60836,337,100
2019-01-16 15:32:55.341000,0.60875,0.60825,262,187
2019-01-16 15:32:55.422000,0.60895,0.60845,337,187
2019-01-16 15:32:55.950000,0.60905,0.60851,412,187
2019-01-16 15:32:56.217000,0.60905,0.60846,337,187
2019-01-16 15:32:56.334000,0.60895,0.60841,450,100
2019-01-16 15:32:57.488000,0.60896,0.60846,337,100
2019-01-16 15:32:57.601000,0.60895,0.60836,337,100
2019-01-16 15:32:59.583000,0.60891,0.60841,375,100
2019-01-16 15:32:59.773000,0.60895,0.60845,487,100
2019-01-16 15:32:59.894000,0.60896,0.60846,337,100
2019-01-16 15:33:00.029000,0.60905,0.60851,375,150
2019-01-16 15:33:00.242000,0.60916,0.60866,337,100
2019-01-16 15:33:00.436000,0.60921,0.60871,375,100
2019-01-16 15:33:00.622000,0.60916,0.60866,337,100
2019-01-16 15:33:01.448000,0.60921,0.60871,450,100
2019-01-16 15:33:01.893000,0.60916,0.60866,337,100
2019-01-16 15:33:02.124000,0.60915,0.60861,412,100
2019-01-16 15:33:03.720000,0.60916,0.60866,337,100
2019-01-16 15:33:04.110000,0.60915,0.60861,337,100
2019-01-16 15:33:04.283000,0.60916,0.60866,337,100
2019-01-16 15:33:05.606000,0.60911,0.60861,337,100
2019-01-16 15:33:06.011000,0.60916,0.60866,337,100
2019-01-16 15:33:06.281000,0.60905,0.60855,337,150
2019-01-16 15:33:06.445000,0.60916,0.60866,337,100
2019-01-16 15:33:07.313000,0.60926,0.60871,375,100
2019-01-16 15:33:08.069000,0.60925,0.60866,337,100
2019-01-16 15:33:09.084000,0.60915,0.60861,337,100
2019-01-16 15:33:10.938000,0.60906,0.60856,337,100
2019-01-16 15:33:11.824000,0.60916,0.60861,337,100
2019-01-16 15:33:12.762000,0.60915,0.60861,337,150
2019-01-16 15:33:14.407000,0.60916,0.60861,337,100
2019-01-16 15:33:14.997000,0.60915,0.60861,337,150
2019-01-16 15:33:17.437000,0.60906,0.60856,337,100
2019-01-16 15:33:18.604000,0.60895,0.60841,337,150
2019-01-16 15:33:18.711000,0.60896,0.60846,337,100
2019-01-16 15:33:18.917000,0.60895,0.60841,337,150
2019-01-16 15:33:19.171000,0.60896,0.60846,337,100
2019-01-16 15:33:19.500000,0.60895,0.60841,337,150
2019-01-16 15:33:19.611000,0.60896,0.60846,337,100
2019-01-16 15:33:19.951000,0.60895,0.60841,337,150
2019-01-16 15:33:20.160000,0.60896,0.60841,337,100
2019-01-16 15:33:20.405000,0.60901,0.60846,375,100
2019-01-16 15:33:20.565000,0.60905,0.60846,337,100
2019-01-16 15:33:21.666000,0.60905,0.60846,375,100
2019-01-16 15:33:24.982000,0.60905,0.60846,337,100
2019-01-16 15:33:25.152000,0.60901,0.60851,337,100
2019-01-16 15:33:25.313000,0.60905,0.60846,337,100
2019-01-16 15:33:25.463000,0.60905,0.60841,337,100
2019-01-16 15:33:26.290000,0.60895,0.60826,337,100
2019-01-16 15:33:27.756000,0.60881,0.60831,412,100
2019-01-16 15:33:28.095000,0.60886,0.60836,337,100
2019-01-16 15:33:28.308000,0.60891,0.60841,375,100
2019-01-16 15:33:29.033000,0.60896,0.60846,412,100
2019-01-16 15:33:29.335000,0.60905,0.60851,337,100
2019-01-16 15:33:29.436000,0.60905,0.60846,337,100
2019-01-16 15:33:31.173000,0.60905,0.60846,375,100
2019-01-16 15:33:32.496000,0.60885,0.60835,262,100
2019-01-16 15:33:32.546000,0.60896,0.60841,337,100
2019-01-16 15:33:32.620000,0.60885,0.60831,337,100
2019-01-16 15:33:34.113000,0.60895,0.60841,337,100
2019-01-16 15:33:34.216000,0.60895,0.60836,337,100
2019-01-16 15:33:39.140000,0.60885,0.60831,337,150
2019-01-16 15:33:39.366000,0.60896,0.60846,337,100
2019-01-16 15:33:39.559000,0.60905,0.60851,487,100
2019-01-16 15:33:39.748000,0.60896,0.60846,337,100
2019-01-16 15:33:48.133000,0.60901,0.60851,337,150
2019-01-16 15:33:50.275000,0.60906,0.60856,337,100
2019-01-16 15:33:53.425000,0.60916,0.60866,375,100
2019-01-16 15:33:55.155000,0.60905,0.60855,337,100
2019-01-16 15:33:56.241000,0.60905,0.60851,337,100
2019-01-16 15:33:56.474000,0.60906,0.60856,337,100
2019-01-16 15:33:57.697000,0.60916,0.60866,337,100
2019-01-16 15:34:00.247000,0.60915,0.60861,375,100
2019-01-16 15:34:00.372000,0.60915,0.60856,337,100
2019-01-16 15:34:01.757000,0.60915,0.60861,487,100
2019-01-16 15:34:02.279000,0.60916,0.60866,337,100
2019-01-16 15:34:02.928000,0.60926,0.60876,337,100
2019-01-16 15:34:05.282000,0.60925,0.60866,337,100
2019-01-16 15:34:05.387000,0.60925,0.60871,375,187
2019-01-16 15:34:05.489000,0.60926,0.60876,375,100
2019-01-16 15:34:06.080000,0.60925,0.60866,337,100
2019-01-16 15:34:10.273000,0.60921,0.60871,412,100
2019-01-16 15:34:10.426000,0.60926,0.60876,337,100
2019-01-16 15:34:24.487000,0.60925,0.60856,337,375
2019-01-16 15:34:24.726000,0.60915,0.60856,337,100
2019-01-16 15:34:24.956000,0.60915,0.60861,337,150
2019-01-16 15:34:27.328000,0.60906,0.60856,337,100
2019-01-16 15:34:28.384000,0.60905,0.60851,337,150
2019-01-16 15:34:30.413000,0.60906,0.60856,337,150
2019-01-16 15:34:33.450000,0.60905,0.60851,337,150
2019-01-16 15:34:33.551000,0.60906,0.60856,337,100
2019-01-16 15:34:36.003000,0.60916,0.60866,337,150
2019-01-16 15:34:36.703000,0.60926,0.60876,337,100
2019-01-16 15:34:37.708000,0.60925,0.60866,337,100
2019-01-16 15:34:38.021000,0.60921,0.60871,412,100
2019-01-16 15:34:38.358000,0.60916,0.60866,337,100
2019-01-16 15:34:38.628000,0.60925,0.60871,412,100
2019-01-16 15:34:38.768000,0.60926,0.60876,337,100
2019-01-16 15:34:39.130000,0.60925,0.60866,337,100
2019-01-16 15:34:39.278000,0.60926,0.60876,337,100
2019-01-16 15:34:49.833000,0.60931,0.60881,375,100
2019-01-16 15:34:49.944000,0.60936,0.60886,337,100
2019-01-16 15:35:07.428000,0.60946,0.60896,337,100
2019-01-16 15:35:08.105000,0.60951,0.60901,600,100
2019-01-16 15:35:08.394000,0.60946,0.60896,337,100
2019-01-16 15:35:08.737000,0.60956,0.60906,487,100
2019-01-16 15:35:09.043000,0.60965,0.60911,337,150
2019-01-16 15:35:09.356000,0.60965,0.60906,337,150
2019-01-16 15:35:09.477000,0.60961,0.60911,337,150
2019-01-16 15:35:09.960000,0.60966,0.60916,337,100
2019-01-16 15:35:10.193000,0.60965,0.60906,337,150
2019-01-16 15:35:10.415000,0.60966,0.60916,337,100
2019-01-16 15:35:11,0.60971,0.60921,450,100
2019-01-16 15:35:11.107000,0.60976,0.60926,412,100
2019-01-16 15:35:15.399000,0.60981,0.60931,375,100
2019-01-16 15:35:15.969000,0.60986,0.60936,337,100
2019-01-16 15:35:16.070000,0.60985,0.60931,337,225
2019-01-16 15:35:16.237000,0.60986,0.60936,375,100
2019-01-16 15:35:16.339000,0.60985,0.60931,375,150
2019-01-16 15:35:16.705000,0.60985,0.60926,337,150
2019-01-16 15:35:21.048000,0.60986,0.60936,337,100
2019-01-16 15:35:21.707000,0.60985,0.60935,262,100
2019-01-16 15:35:21.763000,0.60995,0.60945,450,100
2019-01-16 15:35:21.814000,0.60996,0.60946,337,150
2019-01-16 15:35:22.905000,0.61005,0.60955,375,187
2019-01-16 15:35:24.210000,0.61011,0.60961,412,225
2019-01-16 15:35:24.407000,0.61015,0.60955,337,100
2019-01-16 15:35:24.917000,0.61015,0.60961,412,150
2019-01-16 15:35:25.503000,0.61005,0.60955,337,100
2019-01-16 15:35:25.871000,0.61015,0.60961,412,100
2019-01-16 15:35:26.164000,0.61005,0.60955,337,100
2019-01-16 15:35:27.327000,0.61011,0.60961,450,100
2019-01-16 15:35:27.647000,0.61015,0.60955,337,100
2019-01-16 15:35:28.057000,0.61015,0.60961,450,100
2019-01-16 15:35:28.235000,0.61015,0.60955,337,100
2019-01-16 15:35:28.341000,0.61015,0.60961,412,150
2019-01-16 15:35:28.705000,0.61005,0.60955,337,100
2019-01-16 15:35:29.463000,0.61015,0.60961,412,100
2019-01-16 15:35:30.236000,0.61016,0.60966,375,100
2019-01-16 15:35:32.019000,0.61015,0.60961,337,187
2019-01-16 15:35:32.173000,0.61016,0.60966,337,100
2019-01-16 15:35:33.095000,0.61015,0.60955,450,337
2019-01-16 15:35:33.294000,0.61016,0.60966,337,150
2019-01-16 15:35:33.451000,0.61015,0.60961,375,150
2019-01-16 15:35:34.493000,0.61005,0.60955,375,100
2019-01-16 15:35:34.839000,0.60996,0.60946,375,150
2019-01-16 15:35:34.967000,0.60995,0.60941,412,150
2019-01-16 15:35:35.231000,0.60995,0.60936,337,100
2019-01-16 15:35:35.856000,0.60996,0.60946,337,100
2019-01-16 15:35:36.823000,0.61005,0.60955,337,100
2019-01-16 15:35:37.843000,0.61011,0.60961,375,150
2019-01-16 15:35:38.193000,0.61015,0.60955,337,150
2019-01-16 15:35:41.918000,0.61016,0.60966,337,150
2019-01-16 15:35:42.146000,0.61021,0.60971,712,187
2019-01-16 15:35:43.737000,0.61016,0.60966,337,150
2019-01-16 15:35:46.296000,0.61015,0.60961,450,150
2019-01-16 15:35:46.804000,0.61005,0.60955,337,100
2019-01-16 15:35:47.366000,0.61015,0.60961,375,100
2019-01-16 15:35:48.971000,0.61016,0.60966,337,100
2019-01-16 15:35:50.991000,0.61005,0.60955,337,100
2019-01-16 15:35:53.456000,0.61016,0.60966,375,100
2019-01-16 15:35:57.104000,0.61026,0.60976,900,100
2019-01-16 15:35:58.764000,0.61025,0.60971,337,150
2019-01-16 15:35:58.883000,0.61026,0.60976,337,100
2019-01-16 15:36:03.084000,0.61025,0.60966,337,100
2019-01-16 15:36:03.243000,0.61021,0.60971,412,100
2019-01-16 15:36:03.479000,0.61025,0.60966,337,100
2019-01-16 15:36:03.706000,0.61026,0.60976,375,150
2019-01-16 15:36:04.315000,0.61035,0.60981,412,100
2019-01-16 15:36:04.692000,0.61036,0.60986,375,100
2019-01-16 15:36:05.068000,0.61035,0.60981,412,100
2019-01-16 15:36:06.959000,0.61036,0.60986,375,100
2019-01-16 15:36:07.615000,0.61035,0.60985,262,100
2019-01-16 15:36:07.703000,0.61035,0.60985,262,100
2019-01-16 15:36:07.879000,0.61056,0.61006,337,150
2019-01-16 15:36:07.929000,0.61045,0.60995,262,150
2019-01-16 15:36:07.980000,0.61065,0.61011,375,150
2019-01-16 15:36:08.030000,0.61066,0.61016,375,100
2019-01-16 15:36:08.191000,0.61065,0.61011,375,187
2019-01-16 15:36:08.528000,0.61056,0.61006,337,100
2019-01-16 15:36:09.184000,0.61055,0.61001,337,187
2019-01-16 15:36:09.546000,0.61055,0.60996,337,187
2019-01-16 15:36:09.797000,0.61056,0.61006,337,100
2019-01-16 15:36:10.477000,0.61065,0.61011,375,150
2019-01-16 15:36:10.598000,0.61066,0.61016,375,100
2019-01-16 15:36:11.746000,0.61076,0.61026,375,150
2019-01-16 15:36:12.779000,0.61086,0.61036,375,100
2019-01-16 15:36:12.896000,0.61085,0.61026,337,150
2019-01-16 15:36:13.174000,0.61086,0.61036,337,100
2019-01-16 15:36:14.213000,0.61085,0.61035,262,100
2019-01-16 15:36:14.470000,0.61085,0.61035,262,100
2019-01-16 15:36:14.546000,0.61085,0.61035,262,150
2019-01-16 15:36:14.663000,0.61085,0.61035,262,150
2019-01-16 15:36:14.796000,0.61115,0.61056,337,100
2019-01-16 15:36:15.325000,0.61116,0.61066,337,100
2019-01-16 15:36:15.931000,0.61121,0.61071,600,187
2019-01-16 15:36:16.505000,0.61126,0.61076,375,225
2019-01-16 15:36:16.624000,0.61115,0.61061,375,150
2019-01-16 15:36:16.934000,0.61115,0.61056,337,150
2019-01-16 15:36:17.139000,0.61111,0.61061,412,150
2019-01-16 15:36:17.755000,0.61106,0.61056,337,150
2019-01-16 15:36:18.100000,0.61126,0.61076,337,150
2019-01-16 15:36:18.510000,0.61136,0.61086,337,100
2019-01-16 15:36:18.754000,0.61135,0.61081,412,150
2019-01-16 15:36:19.065000,0.61146,0.61096,337,100
2019-01-16 15:36:19.384000,0.61136,0.61086,637,100
2019-01-16 15:36:20.341000,0.61146,0.61096,337,100
2019-01-16 15:36:20.582000,0.61145,0.61086,337,100
2019-01-16 15:36:21.828000,0.61135,0.61066,337,337
2019-01-16 15:36:21.878000,0.61125,0.61066,337,100
2019-01-16 15:36:21.997000,0.61125,0.61061,337,150
2019-01-16 15:36:22.149000,0.61115,0.61056,337,100
2019-01-16 15:36:23.327000,0.61105,0.61051,337,150
2019-01-16 15:36:23.447000,0.61106,0.61056,337,100
2019-01-16 15:36:23.588000,0.61115,0.61061,337,150
2019-01-16 15:36:24.195000,0.61115,0.61065,262,100
2019-01-16 15:36:24.379000,0.61135,0.61085,337,100
2019-01-16 15:36:24.548000,0.61135,0.61081,337,187
2019-01-16 15:36:25.331000,0.61135,0.61071,337,100
2019-01-16 15:36:25.535000,0.61126,0.61076,337,100
2019-01-16 15:36:26.067000,0.61125,0.61071,375,100
2019-01-16 15:36:26.174000,0.61125,0.61066,337,100
2019-01-16 15:36:26.365000,0.61121,0.61071,337,100
2019-01-16 15:36:26.510000,0.61126,0.61076,337,100
2019-01-16 15:36:27.415000,0.61125,0.61071,412,100
2019-01-16 15:36:28.041000,0.61126,0.61076,337,100
2019-01-16 15:36:28.436000,0.61125,0.61071,337,150
2019-01-16 15:36:28.600000,0.61125,0.61066,337,100
2019-01-16 15:36:28.931000,0.61121,0.61071,487,100
2019-01-16 15:36:29.033000,0.61116,0.61066,337,100
2019-01-16 15:36:30.271000,0.61105,0.61055,375,150
2019-01-16 15:36:30.473000,0.61106,0.61056,412,150
2019-01-16 15:36:32.911000,0.61116,0.61066,337,100
2019-01-16 15:36:34.144000,0.61115,0.61061,375,150
2019-01-16 15:36:34.563000,0.61106,0.61056,337,100
2019-01-16 15:36:35.666000,0.61105,0.61046,337,150
2019-01-16 15:36:35.930000,0.61106,0.61056,450,100
2019-01-16 15:36:36.133000,0.61085,0.61035,262,187
2019-01-16 15:36:36.193000,0.61115,0.61061,487,187
2019-01-16 15:36:36.294000,0.61116,0.61066,412,100
2019-01-16 15:36:37.960000,0.61115,0.61061,337,150
2019-01-16 15:36:38.570000,0.61115,0.61056,337,100
2019-01-16 15:36:38.944000,0.61105,0.61051,337,100
2019-01-16 15:36:39.892000,0.61111,0.61061,412,100
2019-01-16 15:36:39.995000,0.61105,0.61051,337,225
2019-01-16 15:36:40.597000,0.61115,0.61051,337,450
2019-01-16 15:36:40.813000,0.61116,0.61066,412,150
2019-01-16 15:36:41.452000,0.61121,0.61071,337,150
2019-01-16 15:36:41.872000,0.61116,0.61066,337,150
2019-01-16 15:36:43.022000,0.61121,0.61071,375,100
2019-01-16 15:36:43.388000,0.61126,0.61076,375,100
2019-01-16 15:36:43.760000,0.61125,0.61071,412,262
2019-01-16 15:36:43.861000,0.61125,0.61066,337,262
2019-01-16 15:36:44.061000,0.61121,0.61071,375,225
2019-01-16 15:36:45.339000,0.61116,0.61066,337,262
2019-01-16 15:36:46.992000,0.61121,0.61071,375,300
2019-01-16 15:36:47.904000,0.61126,0.61076,337,100
2019-01-16 15:36:48.250000,0.61136,0.61086,337,100
2019-01-16 15:36:49.144000,0.61141,0.61091,375,100
2019-01-16 15:36:49.478000,0.61145,0.61086,337,100
2019-01-16 15:36:51.874000,0.61146,0.61096,337,100
2019-01-16 15:36:52.314000,0.61156,0.61106,337,100
2019-01-16 15:36:52.559000,0.61155,0.61101,337,225
2019-01-16 15:36:53.645000,0.61156,0.61106,337,150
2019-01-16 15:36:56.241000,0.61161,0.61111,375,150
2019-01-16 15:36:56.685000,0.61156,0.61106,337,150
2019-01-16 15:36:56.851000,0.61161,0.61111,337,100
2019-01-16 15:36:57.374000,0.61156,0.61106,337,100
2019-01-16 15:36:57.731000,0.61155,0.61096,337,100
2019-01-16 15:36:57.833000,0.61155,0.61101,375,150
2019-01-16 15:36:58.038000,0.61155,0.61096,337,100
2019-01-16 15:36:59.423000,0.61155,0.61101,375,150
2019-01-16 15:36:59.922000,0.61146,0.61096,337,150
2019-01-16 15:37:01.013000,0.61155,0.61101,337,150
2019-01-16 15:37:01.778000,0.61146,0.61096,337,100
2019-01-16 15:37:02.104000,0.61155,0.61101,375,100
2019-01-16 15:37:02.661000,0.61156,0.61106,337,150
2019-01-16 15:37:02.934000,0.61155,0.61086,337,337
2019-01-16 15:37:03.079000,0.61155,0.61071,337,487
2019-01-16 15:37:03.220000,0.61155,0.61066,337,450
2019-01-16 15:37:03.281000,0.61155,0.61071,337,562
2019-01-16 15:37:03.348000,0.61115,0.61065,337,300
2019-01-16 15:37:03.398000,0.61126,0.61076,337,100
2019-01-16 15:37:03.896000,0.61131,0.61081,337,150
2019-01-16 15:37:04.094000,0.61125,0.61075,337,100
2019-01-16 15:37:04.345000,0.61115,0.61065,337,225
2019-01-16 15:37:04.446000,0.61126,0.61076,337,100
2019-01-16 15:37:04.895000,0.61125,0.61071,337,300
2019-01-16 15:37:05.223000,0.61125,0.61066,337,187
2019-01-16 15:37:06.340000,0.61115,0.61056,337,100
2019-01-16 15:37:07.204000,0.61105,0.61046,337,100
2019-01-16 15:37:07.942000,0.61101,0.61051,412,100
2019-01-16 15:37:08.648000,0.61096,0.61046,337,100
2019-01-16 15:37:08.813000,0.61095,0.61041,337,150
2019-01-16 15:37:09.008000,0.61086,0.61036,337,100
2019-01-16 15:37:09.139000,0.61096,0.61046,337,100
2019-01-16 15:37:09.293000,0.61095,0.61045,262,150
2019-01-16 15:37:09.442000,0.61095,0.61045,262,100
2019-01-16 15:37:09.493000,0.61115,0.61065,337,100
2019-01-16 15:37:09.688000,0.61126,0.61076,375,100
2019-01-16 15:37:10.592000,0.61136,0.61086,375,100
2019-01-16 15:37:11.094000,0.61135,0.61081,375,150
2019-01-16 15:37:11.313000,0.61135,0.61076,337,100
2019-01-16 15:37:11.576000,0.61125,0.61071,337,150
2019-01-16 15:37:13.073000,0.61125,0.61066,337,150
2019-01-16 15:37:13.684000,0.61115,0.61061,337,187
2019-01-16 15:37:13.905000,0.61116,0.61066,337,100
2019-01-16 15:37:14.037000,0.61121,0.61071,337,100
2019-01-16 15:37:16.742000,0.61131,0.61081,337,100
2019-01-16 15:37:17.408000,0.61135,0.61076,337,100
2019-01-16 15:37:17.571000,0.61135,0.61081,412,100
2019-01-16 15:37:17.820000,0.61136,0.61086,337,100
2019-01-16 15:37:18.377000,0.61145,0.61095,337,100
2019-01-16 15:37:18.498000,0.61145,0.61091,375,150
2019-01-16 15:37:18.674000,0.61136,0.61086,337,150
2019-01-16 15:37:18.867000,0.61145,0.61091,375,150
2019-01-16 15:37:19.680000,0.61136,0.61086,337,100
2019-01-16 15:37:21.503000,0.61145,0.61091,375,150
2019-01-16 15:37:21.758000,0.61145,0.61086,337,150
2019-01-16 15:37:21.912000,0.61145,0.61091,375,150
2019-01-16 15:37:22.806000,0.61145,0.61086,337,150
2019-01-16 15:37:24.533000,0.61146,0.61096,375,100
2019-01-16 15:37:24.667000,0.61145,0.61086,337,150
2019-01-16 15:37:25.137000,0.61145,0.61091,337,150
2019-01-16 15:37:25.504000,0.61136,0.61086,337,150
2019-01-16 15:37:25.965000,0.61135,0.61081,337,150
2019-01-16 15:37:26.199000,0.61135,0.61076,337,150
2019-01-16 15:37:26.304000,0.61135,0.61081,375,150
2019-01-16 15:37:27.601000,0.61135,0.61076,337,150
2019-01-16 15:37:28.543000,0.61125,0.61066,337,150
2019-01-16 15:37:30.827000,0.61126,0.61076,337,100
2019-01-16 15:37:31.697000,0.61131,0.61081,375,100
2019-01-16 15:37:31.803000,0.61135,0.61076,337,100
2019-01-16 15:37:32.442000,0.61125,0.61071,337,150
2019-01-16 15:37:32.772000,0.61105,0.61055,262,150
2019-01-16 15:37:32.822000,0.61106,0.61056,337,100
2019-01-16 15:37:37.765000,0.61116,0.61066,337,100
2019-01-16 15:37:37.872000,0.61105,0.61055,262,100
2019-01-16 15:37:37.923000,0.61126,0.61076,337,100
2019-01-16 15:37:38.226000,0.61135,0.61081,375,187
2019-01-16 15:37:39.048000,0.61136,0.61086,337,100
2019-01-16 15:37:39.446000,0.61145,0.61091,337,225
2019-01-16 15:37:39.655000,0.61145,0.61095,337,100
2019-01-16 15:37:44.397000,0.61135,0.61085,337,100
2019-01-16 15:37:45.136000,0.61135,0.61081,337,150
2019-01-16 15:37:45.610000,0.61136,0.61086,337,100
2019-01-16 15:37:47.385000,0.61135,0.61081,337,225
2019-01-16 15:37:47.882000,0.61136,0.61086,337,100
2019-01-16 15:37:48.392000,0.61146,0.61096,337,100
2019-01-16 15:37:48.867000,0.61156,0.61106,337,100
2019-01-16 15:37:49.895000,0.61166,0.61116,337,100
2019-01-16 15:37:51.393000,0.61176,0.61126,600,100
2019-01-16 15:37:51.496000,0.61171,0.61121,412,100
2019-01-16 15:37:51.949000,0.61175,0.61116,337,150
2019-01-16 15:37:52.226000,0.61165,0.61106,337,150
2019-01-16 15:37:52.338000,0.61165,0.61111,337,150
2019-01-16 15:37:52.718000,0.61166,0.61116,337,100
2019-01-16 15:37:53.460000,0.61171,0.61121,487,100
2019-01-16 15:37:53.867000,0.61175,0.61111,450,150
2019-01-16 15:37:54.034000,0.61165,0.61106,337,150
2019-01-16 15:37:54.458000,0.61165,0.61111,337,187
2019-01-16 15:37:54.599000,0.61166,0.61116,337,100
2019-01-16 15:37:54.851000,0.61165,0.61111,337,150
2019-01-16 15:37:54.984000,0.61165,0.61106,337,150
2019-01-16 15:37:55.095000,0.61166,0.61116,337,100
2019-01-16 15:37:55.894000,0.61165,0.61106,375,100
2019-01-16 15:37:56.166000,0.61155,0.61091,375,337
2019-01-16 15:37:56.217000,0.61145,0.61091,375,100
2019-01-16 15:37:57.011000,0.61146,0.61096,412,100
2019-01-16 15:37:57.203000,0.61145,0.61086,337,100
2019-01-16 15:37:57.699000,0.61145,0.61091,412,100
2019-01-16 15:37:58.443000,0.61145,0.61076,337,150
2019-01-16 15:37:58.567000,0.61105,0.61055,337,100
2019-01-16 15:37:58.722000,0.61105,0.61046,337,100
2019-01-16 15:37:58.860000,0.61085,0.61035,337,100
2019-01-16 15:37:59.832000,0.61076,0.61026,337,100
2019-01-16 15:38:00.178000,0.61086,0.61036,337,100
2019-01-16 15:38:00.343000,0.61091,0.61041,412,100
2019-01-16 15:38:00.722000,0.61086,0.61036,337,150
2019-01-16 15:38:01.232000,0.61085,0.61026,337,100
2019-01-16 15:38:01.408000,0.61085,0.61031,412,100
2019-01-16 15:38:02.162000,0.61095,0.61031,412,375
2019-01-16 15:38:02.252000,0.61096,0.61046,337,100
2019-01-16 15:38:02.523000,0.61101,0.61051,337,100
2019-01-16 15:38:02.728000,0.61105,0.61041,412,150
2019-01-16 15:38:02.908000,0.61095,0.61031,487,100
2019-01-16 15:38:03.444000,0.61076,0.61026,337,100
2019-01-16 15:38:03.577000,0.61081,0.61031,450,100
2019-01-16 15:38:04.178000,0.61085,0.61026,337,100
2019-01-16 15:38:04.322000,0.61085,0.61031,450,100
2019-01-16 15:38:04.589000,0.61076,0.61026,337,100
2019-01-16 15:38:04.721000,0.61075,0.61021,337,150
2019-01-16 15:38:04.985000,0.61075,0.61016,375,100
2019-01-16 15:38:05.431000,0.61056,0.61006,337,100
2019-01-16 15:38:05.657000,0.61055,0.61001,375,150
2019-01-16 15:38:05.856000,0.61045,0.60995,337,100
2019-01-16 15:38:06.028000,0.61045,0.60991,412,150
2019-01-16 15:38:06.414000,0.61036,0.60986,337,150
2019-01-16 15:38:06.877000,0.61035,0.60981,375,100
2019-01-16 15:38:06.985000,0.61035,0.60971,337,100
2019-01-16 15:38:07.162000,0.61025,0.60966,337,100
2019-01-16 15:38:07.263000,0.61025,0.60971,412,100
2019-01-16 15:38:07.420000,0.61026,0.60976,412,100
2019-01-16 15:38:07.538000,0.61035,0.60981,375,100
2019-01-16 15:38:07.737000,0.61036,0.60986,337,100
2019-01-16 15:38:07.838000,0.61051,0.61001,412,100
2019-01-16 15:38:08.335000,0.61056,0.61006,375,100
2019-01-16 15:38:08.453000,0.61055,0.61001,375,100
2019-01-16 15:38:09.318000,0.61061,0.61011,375,100
2019-01-16 15:38:09.844000,0.61056,0.61006,337,100
2019-01-16 15:38:12.471000,0.61046,0.60996,337,100
2019-01-16 15:38:12.752000,0.61036,0.60986,337,100
2019-01-16 15:38:12.872000,0.61041,0.60991,487,100
2019-01-16 15:38:13.189000,0.61036,0.60986,337,100
2019-01-16 15:38:13.361000,0.61046,0.60996,412,187
2019-01-16 15:38:14.821000,0.61045,0.60991,412,100
2019-01-16 15:38:15.135000,0.61045,0.60986,337,100
2019-01-16 15:38:15.478000,0.61035,0.60976,337,100
2019-01-16 15:38:15.952000,0.61035,0.60981,412,100
2019-01-16 15:38:16.055000,0.61026,0.60976,337,100
2019-01-16 15:38:16.676000,0.61035,0.60981,412,100
2019-01-16 15:38:17.123000,0.61035,0.60966,375,100
2019-01-16 15:38:18.964000,0.61005,0.60955,337,100
2019-01-16 15:38:20.382000,0.61016,0.60966,375,100
2019-01-16 15:38:20.645000,0.61026,0.60976,375,100
2019-01-16 15:38:20.979000,0.61025,0.60971,375,100
2019-01-16 15:38:21.080000,0.61026,0.60976,375,100
2019-01-16 15:38:21.739000,0.61035,0.60981,412,100
2019-01-16 15:38:22.068000,0.61026,0.60976,337,100
2019-01-16 15:38:22.183000,0.61031,0.60981,412,100
2019-01-16 15:38:22.876000,0.61026,0.60976,337,100
2019-01-16 15:38:24.032000,0.61025,0.60971,450,150
2019-01-16 15:38:24.378000,0.61026,0.60976,375,100
2019-01-16 15:38:24.493000,0.61025,0.60971,412,150
2019-01-16 15:38:24.596000,0.61025,0.60966,337,100
2019-01-16 15:38:25.097000,0.61021,0.60971,450,100
2019-01-16 15:38:25.483000,0.61025,0.60966,337,100
2019-01-16 15:38:25.888000,0.61026,0.60976,450,100
2019-01-16 15:38:26.418000,0.61025,0.60971,450,100
2019-01-16 15:38:26.636000,0.61025,0.60966,337,100
2019-01-16 15:38:27.278000,0.61026,0.60976,412,100
2019-01-16 15:38:28.067000,0.61035,0.60981,412,100
2019-01-16 15:38:28.257000,0.61035,0.60976,337,100
2019-01-16 15:38:28.654000,0.61025,0.60971,412,100
2019-01-16 15:38:30.179000,0.61016,0.60966,337,100
2019-01-16 15:38:30.617000,0.61021,0.60971,450,100
2019-01-16 15:38:31.365000,0.61031,0.60981,450,100
2019-01-16 15:38:32.201000,0.61036,0.60986,375,100
2019-01-16 15:38:32.598000,0.61045,0.60991,450,100
2019-01-16 15:38:33.328000,0.61045,0.60986,337,100
2019-01-16 15:38:33.523000,0.61041,0.60991,450,100
2019-01-16 15:38:34.131000,0.61036,0.60986,337,100
2019-01-16 15:38:34.406000,0.61045,0.60991,450,100
2019-01-16 15:38:34.628000,0.61045,0.60986,337,100
2019-01-16 15:38:35.037000,0.61045,0.60991,450,100
2019-01-16 15:38:35.588000,0.61045,0.60986,337,100
2019-01-16 15:38:36.213000,0.61035,0.60981,412,100
2019-01-16 15:38:36.494000,0.61036,0.60986,375,100
2019-01-16 15:38:36.653000,0.61045,0.60991,450,100
2019-01-16 15:38:37.845000,0.61036,0.60986,337,100
2019-01-16 15:38:37.999000,0.61035,0.60976,337,100
2019-01-16 15:38:40.279000,0.61025,0.60971,450,100
2019-01-16 15:38:40.589000,0.61015,0.60955,337,337
2019-01-16 15:38:43.505000,0.61005,0.60941,412,375
2019-01-16 15:38:43.632000,0.60995,0.60941,412,150
2019-01-16 15:38:44.173000,0.60996,0.60946,337,100
2019-01-16 15:38:44.321000,0.60995,0.60941,337,150
2019-01-16 15:38:44.506000,0.60996,0.60946,337,100
2019-01-16 15:38:44.611000,0.60995,0.60941,412,100
2019-01-16 15:38:45.221000,0.60996,0.60946,375,100
2019-01-16 15:38:45.385000,0.60995,0.60941,375,150
2019-01-16 15:38:45.704000,0.60995,0.60936,337,150
2019-01-16 15:38:45.865000,0.60976,0.60926,600,150
2019-01-16 15:38:46.578000,0.60975,0.60916,337,100
2019-01-16 15:38:46.891000,0.60975,0.60921,337,150
2019-01-16 15:38:48.280000,0.60976,0.60926,337,100
2019-01-16 15:38:48.381000,0.60975,0.60921,337,100
2019-01-16 15:38:48.619000,0.60985,0.60926,337,150
2019-01-16 15:38:48.821000,0.60985,0.60935,337,100
2019-01-16 15:38:51.357000,0.60996,0.60946,375,150
2019-01-16 15:38:51.761000,0.60995,0.60926,375,337
2019-01-16 15:38:51.981000,0.60975,0.60925,375,100
2019-01-16 15:38:52.551000,0.60975,0.60921,375,100
2019-01-16 15:38:52.702000,0.60975,0.60916,337,100
2019-01-16 15:38:53.725000,0.60965,0.60906,337,100
2019-01-16 15:38:53.897000,0.60961,0.60911,412,100
2019-01-16 15:38:54.216000,0.60966,0.60916,375,100
2019-01-16 15:38:54.494000,0.60965,0.60906,337,100
2019-01-16 15:38:54.893000,0.60955,0.60901,412,100
2019-01-16 15:38:55.098000,0.60955,0.60896,337,100
2019-01-16 15:38:55.239000,0.60945,0.60891,412,100
2019-01-16 15:38:55.423000,0.60936,0.60886,337,100
2019-01-16 15:38:55.714000,0.60946,0.60896,337,100
2019-01-16 15:38:56.205000,0.60945,0.60881,337,337
2019-01-16 15:38:56.377000,0.60935,0.60881,450,100
2019-01-16 15:38:56.443000,0.60936,0.60886,337,100
2019-01-16 15:38:56.581000,0.60935,0.60881,450,100
2019-01-16 15:38:56.705000,0.60936,0.60886,375,100
2019-01-16 15:38:56.806000,0.60935,0.60881,412,100
2019-01-16 15:38:57.092000,0.60935,0.60876,337,100
2019-01-16 15:38:57.278000,0.60931,0.60881,450,100
2019-01-16 15:38:57.498000,0.60935,0.60876,337,100
2019-01-16 15:38:57.603000,0.60935,0.60871,412,100
2019-01-16 15:38:57.920000,0.60916,0.60866,337,100
2019-01-16 15:38:58.235000,0.60925,0.60871,412,100
2019-01-16 15:38:58.435000,0.60916,0.60866,337,100
2019-01-16 15:38:58.540000,0.60921,0.60871,412,100
2019-01-16 15:38:58.790000,0.60925,0.60866,337,100
2019-01-16 15:38:59.172000,0.60915,0.60856,337,100
2019-01-16 15:38:59.923000,0.60896,0.60846,337,100
2019-01-16 15:39:00.997000,0.60895,0.60826,337,337
2019-01-16 15:39:01.100000,0.60895,0.60836,337,100
2019-01-16 15:39:01.251000,0.60891,0.60841,412,100
2019-01-16 15:39:01.501000,0.60886,0.60836,337,100
2019-01-16 15:39:01.646000,0.60875,0.60825,337,100
2019-01-16 15:39:02.733000,0.60875,0.60816,337,100
2019-01-16 15:39:03.077000,0.60875,0.60821,337,100
2019-01-16 15:39:03.415000,0.60881,0.60831,337,100
2019-01-16 15:39:03.682000,0.60885,0.60826,337,150
2019-01-16 15:39:03.988000,0.60881,0.60831,375,187
2019-01-16 15:39:04.652000,0.60886,0.60836,337,100
2019-01-16 15:39:05.730000,0.60896,0.60846,337,225
2019-01-16 15:39:05.899000,0.60906,0.60856,337,100
2019-01-16 15:39:07.368000,0.60896,0.60846,337,100
2019-01-16 15:39:07.491000,0.60901,0.60851,412,100
2019-01-16 15:39:08.186000,0.60906,0.60856,337,100
2019-01-16 15:39:08.337000,0.60916,0.60866,337,187
2019-01-16 15:39:08.468000,0.60921,0.60871,450,187
2019-01-16 15:39:08.727000,0.60925,0.60866,337,100
2019-01-16 15:39:08.921000,0.60915,0.60861,337,100
2019-01-16 15:39:09.163000,0.60915,0.60856,337,100
2019-01-16 15:39:09.447000,0.60905,0.60846,337,150
2019-01-16 15:39:10.402000,0.60895,0.60836,337,100
2019-01-16 15:39:10.571000,0.60891,0.60841,487,100
2019-01-16 15:39:11.061000,0.60895,0.60836,337,100
2019-01-16 15:39:11.291000,0.60885,0.60835,262,150
2019-01-16 15:39:11.435000,0.60896,0.60846,337,225
2019-01-16 15:39:11.673000,0.60901,0.60851,412,225
2019-01-16 15:39:12.281000,0.60895,0.60845,337,100
2019-01-16 15:39:12.716000,0.60901,0.60851,337,100
2019-01-16 15:39:13.368000,0.60906,0.60856,337,100
2019-01-16 15:39:15.852000,0.60911,0.60861,487,100
2019-01-16 15:39:15.953000,0.60916,0.60866,337,100
2019-01-16 15:39:16.173000,0.60925,0.60871,375,100
2019-01-16 15:39:16.487000,0.60926,0.60876,337,100
2019-01-16 15:39:18.262000,0.60916,0.60866,337,100
2019-01-16 15:39:18.974000,0.60925,0.60871,412,100
2019-01-16 15:39:19.422000,0.60916,0.60866,337,100
2019-01-16 15:39:19.554000,0.60915,0.60861,375,100
2019-01-16 15:39:20.860000,0.60906,0.60856,337,100
2019-01-16 15:39:20.961000,0.60911,0.60861,375,100
2019-01-16 15:39:21.372000,0.60916,0.60866,337,100
2019-01-16 15:39:21.940000,0.60925,0.60871,412,100
2019-01-16 15:39:24.149000,0.60926,0.60876,375,100
2019-01-16 15:39:26.899000,0.60916,0.60866,337,100
2019-01-16 15:39:27.602000,0.60925,0.60871,412,100
2019-01-16 15:39:30.899000,0.60926,0.60876,375,100
2019-01-16 15:39:31.872000,0.60936,0.60886,337,100
2019-01-16 15:39:32.651000,0.60941,0.60891,337,100
2019-01-16 15:39:34.624000,0.60946,0.60896,337,150
2019-01-16 15:39:34.730000,0.60951,0.60901,450,150
2019-01-16 15:39:34.970000,0.60955,0.60896,337,150
2019-01-16 15:39:35.139000,0.60945,0.60895,412,150
2019-01-16 15:39:35.240000,0.60946,0.60896,337,100
2019-01-16 15:39:36.319000,0.60951,0.60901,375,100
2019-01-16 15:39:36.513000,0.60946,0.60896,337,100
2019-01-16 15:39:36.708000,0.60951,0.60901,412,100
2019-01-16 15:39:36.934000,0.60955,0.60896,337,100
2019-01-16 15:39:37.038000,0.60951,0.60901,412,150
2019-01-16 15:39:37.346000,0.60956,0.60906,375,100
2019-01-16 15:39:37.482000,0.60955,0.60901,375,150
2019-01-16 15:39:38.066000,0.60956,0.60906,375,100
2019-01-16 15:39:38.325000,0.60955,0.60896,337,100
2019-01-16 15:39:39.143000,0.60951,0.60901,412,150
2019-01-16 15:39:39.465000,0.60946,0.60896,337,100
2019-01-16 15:39:39.585000,0.60951,0.60901,375,100
2019-01-16 15:39:39.717000,0.60946,0.60896,337,100
2019-01-16 15:39:40.345000,0.60955,0.60901,375,100
2019-01-16 15:39:40.989000,0.60956,0.60906,337,100
2019-01-16 15:39:41.095000,0.60955,0.60901,337,100
2019-01-16 15:39:41.322000,0.60946,0.60896,337,100
2019-01-16 15:39:42.146000,0.60945,0.60886,337,100
2019-01-16 15:39:42.271000,0.60945,0.60881,412,337
2019-01-16 15:39:42.396000,0.60935,0.60881,412,100
2019-01-16 15:39:43.504000,0.60936,0.60886,337,100
2019-01-16 15:39:43.654000,0.60935,0.60881,375,100
2019-01-16 15:39:43.849000,0.60935,0.60871,337,150
2019-01-16 15:39:44.395000,0.60916,0.60866,337,100
2019-01-16 15:39:44.797000,0.60926,0.60876,337,100
2019-01-16 15:39:45.059000,0.60931,0.60881,412,100
2019-01-16 15:39:46.704000,0.60926,0.60876,337,100
2019-01-16 15:39:46.836000,0.60935,0.60881,412,100
2019-01-16 15:39:50.333000,0.60936,0.60886,337,100
2019-01-16 15:39:51.387000,0.60941,0.60891,412,150
2019-01-16 15:39:54.041000,0.60936,0.60886,337,150
2019-01-16 15:39:54.168000,0.60935,0.60881,412,150
2019-01-16 15:39:54.281000,0.60925,0.60866,337,150
2019-01-16 15:39:57.321000,0.60915,0.60846,337,337
2019-01-16 15:39:57.643000,0.60895,0.60845,337,100
2019-01-16 15:39:58.855000,0.60895,0.60841,375,150
2019-01-16 15:39:59.293000,0.60885,0.60835,337,100
2019-01-16 15:39:59.508000,0.60895,0.60841,375,150
2019-01-16 15:40:00.071000,0.60886,0.60836,337,100
2019-01-16 15:40:00.284000,0.60891,0.60841,375,100
2019-01-16 15:40:00.496000,0.60895,0.60836,337,100
2019-01-16 15:40:03.096000,0.60891,0.60841,412,150
2019-01-16 15:40:03.686000,0.60895,0.60826,337,100
2019-01-16 15:40:04.115000,0.60875,0.60821,337,150
2019-01-16 15:40:04.345000,0.60876,0.60826,337,100
2019-01-16 15:40:06.076000,0.60875,0.60816,337,150
2019-01-16 15:40:06.221000,0.60875,0.60786,337,337
2019-01-16 15:40:06.381000,0.60875,0.60771,450,337
2019-01-16 15:40:06.471000,0.60855,0.60771,450,337
2019-01-16 15:40:06.653000,0.60855,0.60796,375,100
2019-01-16 15:40:07.062000,0.60836,0.60786,337,100
2019-01-16 15:40:07.197000,0.60845,0.60791,412,100
2019-01-16 15:40:07.342000,0.60846,0.60796,375,100
2019-01-16 15:40:07.860000,0.60845,0.60791,450,100
2019-01-16 15:40:08.052000,0.60845,0.60786,337,100
2019-01-16 15:40:08.281000,0.60846,0.60796,337,150
2019-01-16 15:40:08.509000,0.60845,0.60786,337,100
2019-01-16 15:40:11.025000,0.6083,0.60771,375,100
2019-01-16 15:40:11.160000,0.60826,0.60776,337,100
2019-01-16 15:40:11.556000,0.60826,0.60771,412,100
2019-01-16 15:40:11.819000,0.60821,0.60766,337,100
2019-01-16 15:40:12.069000,0.60826,0.60776,337,100
2019-01-16 15:40:12.171000,0.60826,0.60771,412,100
2019-01-16 15:40:12.319000,0.60835,0.60781,525,100
2019-01-16 15:40:12.495000,0.60835,0.60776,337,100
2019-01-16 15:40:12.676000,0.60835,0.60781,375,100
2019-01-16 15:40:14.259000,0.60835,0.60776,337,100
2019-01-16 15:40:14.949000,0.60825,0.60771,412,100
2019-01-16 15:40:15.274000,0.60825,0.60761,375,100
2019-01-16 15:40:15.375000,0.60815,0.60756,337,100
2019-01-16 15:40:15.515000,0.60815,0.60761,412,100
2019-01-16 15:40:15.620000,0.60816,0.60766,337,100
2019-01-16 15:40:15.892000,0.60815,0.60756,337,100
2019-01-16 15:40:16.021000,0.60816,0.60766,337,100
2019-01-16 15:40:16.431000,0.60826,0.60776,337,100
2019-01-16 15:40:16.648000,0.60831,0.60781,375,100
2019-01-16 15:40:17.057000,0.60836,0.60786,337,100
2019-01-16 15:40:17.269000,0.60835,0.60781,337,150
2019-01-16 15:40:17.410000,0.60836,0.60786,337,100
2019-01-16 15:40:17.554000,0.60835,0.60781,337,100
2019-01-16 15:40:17.895000,0.60835,0.60776,337,100
2019-01-16 15:40:18.064000,0.60825,0.60771,337,100
2019-01-16 15:40:18.218000,0.60825,0.60775,337,100
2019-01-16 15:40:18.319000,0.60825,0.60771,337,100
2019-01-16 15:40:18.472000,0.60815,0.60765,337,100
2019-01-16 15:40:18.771000,0.60825,0.60771,450,100
2019-01-16 15:40:19.587000,0.60826,0.60776,337,100
2019-01-16 15:40:19.704000,0.60831,0.60781,450,100
2019-01-16 15:40:20.264000,0.60836,0.60786,337,100
2019-01-16 15:40:21.090000,0.60841,0.60791,337,100
2019-01-16 15:40:21.371000,0.60851,0.60801,487,100
2019-01-16 15:40:21.473000,0.60856,0.60806,337,100
2019-01-16 15:40:21.764000,0.60855,0.60801,375,100
2019-01-16 15:40:22.926000,0.60846,0.60796,337,100
2019-01-16 15:40:23.063000,0.60851,0.60801,337,100
2019-01-16 15:40:23.372000,0.60856,0.60806,337,100
2019-01-16 15:40:23.545000,0.60865,0.60811,487,100
2019-01-16 15:40:25.856000,0.60866,0.60816,337,100
2019-01-16 15:40:26.933000,0.60865,0.60811,412,100
2019-01-16 15:40:27.218000,0.60866,0.60816,337,100
2019-01-16 15:40:28.155000,0.60865,0.60806,337,100
2019-01-16 15:40:28.513000,0.60861,0.60811,337,150
2019-01-16 15:40:28.627000,0.60866,0.60816,337,100
2019-01-16 15:40:30.593000,0.60865,0.60801,337,337
2019-01-16 15:40:30.732000,0.60855,0.60801,337,100
2019-01-16 15:40:31.559000,0.60856,0.60806,337,100
2019-01-16 15:40:34.329000,0.60865,0.60811,337,100
2019-01-16 15:40:34.457000,0.60865,0.60815,337,100
2019-01-16 15:40:34.744000,0.60865,0.60811,375,100
2019-01-16 15:40:35.409000,0.60856,0.60806,337,100
2019-01-16 15:40:36.437000,0.60861,0.60811,375,100
2019-01-16 15:40:37.173000,0.60865,0.60796,337,100
2019-01-16 15:40:37.301000,0.60865,0.60791,337,337
2019-01-16 15:40:37.352000,0.60845,0.60791,337,100
2019-01-16 15:40:37.410000,0.60845,0.60786,337,100
2019-01-16 15:40:37.723000,0.60845,0.60791,412,100
2019-01-16 15:40:38.843000,0.60846,0.60796,337,100
2019-01-16 15:40:39.336000,0.60856,0.60806,337,100
2019-01-16 15:40:39.539000,0.60855,0.60796,337,100
2019-01-16 15:40:40.151000,0.60855,0.60801,487,100
2019-01-16 15:40:42.485000,0.60856,0.60806,412,100
2019-01-16 15:40:42.785000,0.60855,0.60801,412,100
2019-01-16 15:40:43.597000,0.60856,0.60806,375,100
2019-01-16 15:40:43.829000,0.60861,0.60811,450,100
2019-01-16 15:40:44.111000,0.60845,0.60795,262,100
2019-01-16 15:40:44.859000,0.60855,0.60805,450,100
2019-01-16 15:40:44.910000,0.60855,0.60796,337,100
2019-01-16 15:40:45.109000,0.60855,0.60801,337,100
2019-01-16 15:40:45.429000,0.60856,0.60806,337,100
2019-01-16 15:40:45.641000,0.60855,0.60801,412,100
2019-01-16 15:40:46.662000,0.60846,0.60796,337,100
2019-01-16 15:40:46.780000,0.60851,0.60801,412,100
2019-01-16 15:40:47.835000,0.60846,0.60796,337,100
2019-01-16 15:40:47.986000,0.60856,0.60806,487,100
2019-01-16 15:40:49.107000,0.60855,0.60801,375,100
2019-01-16 15:40:49.415000,0.60856,0.60806,337,100
2019-01-16 15:40:49.643000,0.60855,0.60801,337,100
2019-01-16 15:40:50.835000,0.60856,0.60806,337,100
2019-01-16 15:40:51.208000,0.60846,0.60796,337,100
2019-01-16 15:40:51.309000,0.60856,0.60806,337,100
2019-01-16 15:40:53.701000,0.60851,0.60801,412,100
2019-01-16 15:40:54.534000,0.60855,0.60796,337,100
2019-01-16 15:40:55.877000,0.60836,0.60786,337,100
2019-01-16 15:40:56.415000,0.60835,0.60781,337,187
2019-01-16 15:40:56.539000,0.60835,0.60776,337,150
2019-01-16 15:41:07.777000,0.60845,0.60795,337,100
2019-01-16 15:41:08.196000,0.60851,0.60801,337,100
2019-01-16 15:41:08.430000,0.60855,0.60796,337,100
2019-01-16 15:41:08.969000,0.60855,0.60801,337,100
2019-01-16 15:41:13.840000,0.60835,0.60785,262,100
2019-01-16 15:41:13.965000,0.60836,0.60786,337,100
2019-01-16 15:41:14.355000,0.60846,0.60796,337,100
2019-01-16 15:41:15.758000,0.60845,0.60786,337,100
2019-01-16 15:41:18.962000,0.60845,0.60791,337,100
2019-01-16 15:41:19.277000,0.60846,0.60796,337,100
2019-01-16 15:41:20.132000,0.60855,0.60791,337,187
2019-01-16 15:41:20.997000,0.60846,0.60796,337,100
2019-01-16 15:41:23.358000,0.60845,0.60791,337,100
2019-01-16 15:41:24.259000,0.60846,0.60796,337,100
2019-01-16 15:41:24.841000,0.60836,0.60786,337,100
2019-01-16 15:41:24.962000,0.60846,0.60796,337,150
2019-01-16 15:41:34.264000,0.60845,0.60791,337,100
2019-01-16 15:41:34.779000,0.60846,0.60796,337,100
2019-01-16 15:41:34.930000,0.60845,0.60791,337,100
2019-01-16 15:41:35.585000,0.60845,0.60786,337,100
2019-01-16 15:41:37.392000,0.60825,0.60766,337,100
2019-01-16 15:41:38.556000,0.60815,0.60761,337,187
2019-01-16 15:41:38.885000,0.60815,0.60756,337,100
2019-01-16 15:41:39.606000,0.60815,0.60761,375,100
2019-01-16 15:41:39.765000,0.60805,0.60755,337,100
2019-01-16 15:41:40.794000,0.60815,0.60761,375,150
2019-01-16 15:41:41.100000,0.60816,0.60766,337,100
2019-01-16 15:41:41.866000,0.60815,0.60765,262,100
2019-01-16 15:41:42.074000,0.60835,0.60781,450,100
2019-01-16 15:41:46.225000,0.60835,0.60776,412,100
2019-01-16 15:41:52.427000,0.60835,0.60785,337,100
2019-01-16 15:41:53.480000,0.60845,0.60791,375,100
2019-01-16 15:41:54.091000,0.60836,0.60786,337,100
2019-01-16 15:41:55.149000,0.60845,0.60791,412,150
2019-01-16 15:41:55.901000,0.60846,0.60796,375,100
2019-01-16 15:41:57.495000,0.60851,0.60801,375,100
2019-01-16 15:41:57.905000,0.60855,0.60796,337,100
2019-01-16 15:42:02.791000,0.60845,0.60786,337,100
2019-01-16 15:42:02.949000,0.60835,0.60776,337,100
2019-01-16 15:42:03.279000,0.60836,0.60786,337,100
2019-01-16 15:42:03.775000,0.60835,0.60766,337,337
2019-01-16 15:42:03.919000,0.60815,0.60765,337,100
2019-01-16 15:42:03.970000,0.60821,0.60771,337,100
2019-01-16 15:42:06.409000,0.60826,0.60776,337,100
2019-01-16 15:42:06.513000,0.60831,0.60781,375,100
2019-01-16 15:42:06.812000,0.60835,0.60776,337,100
2019-01-16 15:42:11.723000,0.60825,0.60771,375,100
2019-01-16 15:42:12.054000,0.60816,0.60766,337,100
2019-01-16 15:42:15.981000,0.60815,0.60756,337,100
2019-01-16 15:42:16.268000,0.60795,0.60745,337,150
2019-01-16 15:42:17.706000,0.60811,0.60761,337,100
2019-01-16 15:42:18.734000,0.60821,0.60771,337,100
2019-01-16 15:42:20.103000,0.60816,0.60766,337,100
2019-01-16 15:42:20.254000,0.60815,0.60761,412,100
2019-01-16 15:42:23.770000,0.60816,0.60766,337,100
2019-01-16 15:42:25.063000,0.60815,0.60761,337,100
2019-01-16 15:42:26.102000,0.60816,0.60766,337,100
2019-01-16 15:42:26.239000,0.60821,0.60771,337,100
2019-01-16 15:42:28.193000,0.60826,0.60776,337,100
2019-01-16 15:42:28.454000,0.60825,0.60771,337,100
2019-01-16 15:42:28.729000,0.60825,0.60766,337,100
2019-01-16 15:42:29.682000,0.60815,0.60761,337,100
2019-01-16 15:42:29.903000,0.60816,0.60766,337,100
2019-01-16 15:42:30.029000,0.60815,0.60761,337,100
2019-01-16 15:42:30.242000,0.60821,0.60771,337,150
2019-01-16 15:42:33.651000,0.60835,0.60771,375,337
2019-01-16 15:42:34.061000,0.60836,0.60786,337,100
2019-01-16 15:42:34.656000,0.60841,0.60791,412,100
2019-01-16 15:42:34.880000,0.60836,0.60786,337,100
2019-01-16 15:42:35.247000,0.60846,0.60796,337,100
2019-01-16 15:42:35.352000,0.60856,0.60806,412,100
2019-01-16 15:42:35.712000,0.60845,0.60795,262,100
2019-01-16 15:42:35.763000,0.60865,0.60815,337,100
2019-01-16 15:42:35.962000,0.60875,0.60811,337,100
2019-01-16 15:42:36.158000,0.60875,0.60816,337,100
2019-01-16 15:42:36.495000,0.60865,0.60811,337,100
2019-01-16 15:42:36.646000,0.60871,0.60821,337,100
2019-01-16 15:42:37.788000,0.60875,0.60806,337,100
2019-01-16 15:42:37.943000,0.60875,0.60811,375,100
2019-01-16 15:42:38.326000,0.60871,0.60821,337,100
2019-01-16 15:42:38.566000,0.60876,0.60826,337,100
2019-01-16 15:42:38.682000,0.60875,0.60821,337,100
2019-01-16 15:42:38.814000,0.60875,0.60825,337,100
2019-01-16 15:42:39.016000,0.60875,0.60821,337,100
2019-01-16 15:42:43.633000,0.60875,0.60816,337,100
2019-01-16 15:42:44.027000,0.60865,0.60811,337,100
2019-01-16 15:42:46.352000,0.60866,0.60816,337,100
2019-01-16 15:42:47.283000,0.60875,0.60821,375,100
2019-01-16 15:42:48.147000,0.60885,0.60821,337,337
2019-01-16 15:42:48.197000,0.60886,0.60836,337,100
2019-01-16 15:42:48.274000,0.60891,0.60841,337,150
2019-01-16 15:42:49.426000,0.60885,0.60831,375,100
2019-01-16 15:42:49.984000,0.60885,0.60821,337,150
2019-01-16 15:42:50.649000,0.60885,0.60831,375,150
2019-01-16 15:42:54.901000,0.60886,0.60836,337,100
2019-01-16 15:42:55.098000,0.60885,0.60831,337,150
2019-01-16 15:42:55.348000,0.60886,0.60836,337,100
2019-01-16 15:42:56.148000,0.60891,0.60841,375,100
2019-01-16 15:42:56.325000,0.60895,0.60845,337,100
2019-01-16 15:42:56.542000,0.60895,0.60845,450,100
2019-01-16 15:42:56.705000,0.60896,0.60846,337,100
2019-01-16 15:42:57.184000,0.60886,0.60836,337,100
2019-01-16 15:42:57.316000,0.60885,0.60831,337,100
2019-01-16 15:42:59.757000,0.60885,0.60826,337,100
2019-01-16 15:43:00.084000,0.60885,0.60831,337,100
2019-01-16 15:43:00.288000,0.60875,0.60825,337,100
2019-01-16 15:43:00.448000,0.60881,0.60831,375,100
2019-01-16 15:43:00.948000,0.60885,0.60826,337,100
2019-01-16 15:43:02.929000,0.60895,0.60841,375,100
2019-01-16 15:43:03.156000,0.60896,0.60846,337,100
2019-01-16 15:43:04.075000,0.60895,0.60841,337,100
2019-01-16 15:43:04.824000,0.60896,0.60846,337,100
2019-01-16 15:43:04.937000,0.60895,0.60841,337,150
2019-01-16 15:43:05.237000,0.60895,0.60836,337,100
2019-01-16 15:43:05.415000,0.60891,0.60841,375,100
2019-01-16 15:43:06.702000,0.60896,0.60846,337,100
2019-01-16 15:43:07.412000,0.60895,0.60841,337,100
2019-01-16 15:43:09.540000,0.60895,0.60836,337,100
2019-01-16 15:43:09.711000,0.60891,0.60841,375,100
2019-01-16 15:43:10.038000,0.60895,0.60831,337,100
2019-01-16 15:43:10.176000,0.60886,0.60836,337,100
2019-01-16 15:43:11.352000,0.60895,0.60841,412,100
2019-01-16 15:43:15.247000,0.60896,0.60846,337,100
2019-01-16 15:43:16.681000,0.60916,0.60866,337,100
2019-01-16 15:43:16.798000,0.60905,0.60855,262,100
2019-01-16 15:43:16.868000,0.60925,0.60875,337,100
2019-01-16 15:43:16.926000,0.60925,0.60871,337,100
2019-01-16 15:43:17.257000,0.60925,0.60866,337,100
2019-01-16 15:43:17.459000,0.60921,0.60871,375,150
2019-01-16 15:43:17.582000,0.60926,0.60876,337,100
2019-01-16 15:43:17.722000,0.60925,0.60871,337,150
2019-01-16 15:43:17.979000,0.60926,0.60876,337,100
2019-01-16 15:43:18.453000,0.60925,0.60871,337,100
2019-01-16 15:43:19.287000,0.60916,0.60866,337,100
2019-01-16 15:43:23.399000,0.60915,0.60861,337,150
2019-01-16 15:43:23.500000,0.60916,0.60866,337,100
2019-01-16 15:43:25.459000,0.60915,0.60861,337,150
2019-01-16 15:43:26.002000,0.60916,0.60866,337,100
2019-01-16 15:43:26.344000,0.60921,0.60871,412,100
2019-01-16 15:43:26.449000,0.60916,0.60866,337,100
2019-01-16 15:43:26.567000,0.60915,0.60865,262,337
2019-01-16 15:43:26.728000,0.60935,0.60881,450,337
2019-01-16 15:43:26.982000,0.60926,0.60876,337,337
2019-01-16 15:43:27.138000,0.60925,0.60866,337,100
2019-01-16 15:43:27.273000,0.60921,0.60871,412,100
2019-01-16 15:43:27.529000,0.60925,0.60866,337,150
2019-01-16 15:43:27.984000,0.60925,0.60871,412,150
2019-01-16 15:43:28.445000,0.60916,0.60866,337,150
2019-01-16 15:43:28.634000,0.60925,0.60871,487,150
2019-01-16 15:43:31.107000,0.60925,0.60866,337,100
2019-01-16 15:43:31.242000,0.60915,0.60861,450,150
2019-01-16 15:43:31.840000,0.60916,0.60866,337,100
2019-01-16 15:43:32.025000,0.60926,0.60876,337,100
2019-01-16 15:43:32.972000,0.60936,0.60886,337,100
2019-01-16 15:43:33.406000,0.60935,0.60881,375,150
2019-01-16 15:43:33.776000,0.60936,0.60886,375,100
2019-01-16 15:43:38.850000,0.60941,0.60891,412,150
2019-01-16 15:43:39.028000,0.60936,0.60886,337,150
2019-01-16 15:43:41.468000,0.60941,0.60891,337,150
2019-01-16 15:43:41.807000,0.60946,0.60896,337,150
2019-01-16 15:43:42.120000,0.60956,0.60906,337,100
2019-01-16 15:43:43.849000,0.60966,0.60916,337,100
2019-01-16 15:43:44.662000,0.60971,0.60921,375,150
2019-01-16 15:43:44.816000,0.60966,0.60916,337,100
2019-01-16 15:43:44.963000,0.60971,0.60921,337,150
2019-01-16 15:43:45.086000,0.60976,0.60926,337,100
2019-01-16 15:43:45.542000,0.60975,0.60921,337,150
2019-01-16 15:43:45.916000,0.60976,0.60926,337,100
2019-01-16 15:43:48.155000,0.60981,0.60931,450,150
2019-01-16 15:43:48.721000,0.60976,0.60926,337,150
2019-01-16 15:43:48.826000,0.60981,0.60931,450,150
2019-01-16 15:43:49.113000,0.60985,0.60926,337,150
2019-01-16 15:43:50.169000,0.60981,0.60931,450,150
2019-01-16 15:43:50.359000,0.60986,0.60936,450,100
2019-01-16 15:43:50.513000,0.60985,0.60926,337,150
2019-01-16 15:43:51.339000,0.60985,0.60931,375,150
2019-01-16 15:43:51.575000,0.60986,0.60936,337,100
2019-01-16 15:43:53.028000,0.60996,0.60946,337,262
2019-01-16 15:43:53.141000,0.60995,0.60936,337,150
2019-01-16 15:43:53.310000,0.60996,0.60946,337,100
2019-01-16 15:43:54.097000,0.61005,0.60955,337,100
2019-01-16 15:43:55.475000,0.60996,0.60946,337,100
2019-01-16 15:43:55.669000,0.61005,0.60955,337,100
2019-01-16 15:43:55.777000,0.61005,0.60951,337,100
2019-01-16 15:43:56.325000,0.60996,0.60946,337,100
2019-01-16 15:43:56.469000,0.61001,0.60951,375,150
2019-01-16 15:43:58.403000,0.60996,0.60946,337,100
2019-01-16 15:43:58.795000,0.60995,0.60941,337,150
2019-01-16 15:43:59.181000,0.60996,0.60946,337,100
2019-01-16 15:44:02.256000,0.61005,0.60951,450,100
2019-01-16 15:44:02.417000,0.61005,0.60946,337,100
2019-01-16 15:44:08.225000,0.61005,0.60951,337,150
2019-01-16 15:44:09.104000,0.61005,0.60955,337,100
2019-01-16 15:44:10.994000,0.61016,0.60966,337,100
2019-01-16 15:44:12.144000,0.61025,0.60971,337,100
2019-01-16 15:44:12.395000,0.61026,0.60976,337,100
2019-01-16 15:44:13.040000,0.61025,0.60966,337,100
2019-01-16 15:44:13.546000,0.61026,0.60976,337,100
2019-01-16 15:44:15.509000,0.61036,0.60986,337,100
