time,ask,bid,ask_volume,bid_volume
2018-06-13 14:25:03.656000,0.75866,0.75816,187,45
2018-06-13 14:25:07.862000,0.7586,0.7581,45,375
2018-06-13 14:25:09.429000,0.75855,0.75805,187,637
2018-06-13 14:25:11.799000,0.75876,0.75826,307,375
2018-06-13 14:25:17.393000,0.75866,0.75816,45,187
2018-06-13 14:25:25.945000,0.75876,0.75826,307,375
2018-06-13 14:25:26.368000,0.75866,0.75816,187,375
2018-06-13 14:25:26.917000,0.75876,0.75826,450,45
2018-06-13 14:25:27.576000,0.75866,0.75816,187,45
2018-06-13 14:25:34.348000,0.75855,0.75805,45,450
2018-06-13 14:25:41.130000,0.75846,0.75796,45,187
2018-06-13 14:25:50.897000,0.75836,0.75786,187,45
2018-06-13 14:25:52.984000,0.75826,0.75776,45,187
2018-06-13 14:26:08.677000,0.75821,0.75771,45,45
2018-06-13 14:26:08.998000,0.75815,0.75765,45,307
2018-06-13 14:26:09.540000,0.75821,0.75771,45,45
2018-06-13 14:26:09.892000,0.75815,0.75765,45,450
2018-06-13 14:26:18.502000,0.75796,0.75746,187,307
2018-06-13 14:26:18.789000,0.75785,0.75735,45,307
2018-06-13 14:26:19.423000,0.7579,0.7574,45,45
2018-06-13 14:26:20.423000,0.75785,0.75735,45,45
2018-06-13 14:26:21.063000,0.75786,0.75736,45,45
2018-06-13 14:26:21.592000,0.7579,0.7574,45,45
2018-06-13 14:26:23.664000,0.75775,0.75725,45,307
2018-06-13 14:26:24.868000,0.75779,0.75729,45,45
2018-06-13 14:26:25.370000,0.75765,0.75715,45,450
2018-06-13 14:26:25.699000,0.75775,0.75725,45,307
2018-06-13 14:26:31.784000,0.75781,0.75731,45,45
2018-06-13 14:26:32.983000,0.75765,0.75715,187,450
2018-06-13 14:26:33.344000,0.75781,0.75731,187,187
2018-06-13 14:26:33.651000,0.75775,0.75725,187,450
2018-06-13 14:26:35.579000,0.75781,0.75731,45,45
2018-06-13 14:26:35.989000,0.75775,0.75725,45,307
2018-06-13 14:26:42.079000,0.75776,0.75726,45,45
2018-06-13 14:26:57.971000,0.7577,0.7572,45,187
2018-06-13 14:26:58.439000,0.75765,0.75715,187,450
2018-06-13 14:27:04.954000,0.75766,0.75716,45,45
2018-06-13 14:27:05.302000,0.75765,0.75715,45,307
2018-06-13 14:27:05.629000,0.75771,0.75721,45,45
2018-06-13 14:27:06.019000,0.75765,0.75715,187,450
2018-06-13 14:27:06.616000,0.75755,0.75705,45,307
2018-06-13 14:27:08.138000,0.75771,0.75721,45,45
2018-06-13 14:27:08.628000,0.75765,0.75715,45,307
2018-06-13 14:27:11.559000,0.75786,0.75736,307,45
2018-06-13 14:27:15.671000,0.75785,0.75725,262,262
2018-06-13 14:27:15.981000,0.75845,0.75795,262,45
2018-06-13 14:27:16.147000,0.75845,0.75795,262,45
2018-06-13 14:27:16.207000,0.75861,0.75811,45,45
2018-06-13 14:27:17.601000,0.75855,0.75805,45,307
2018-06-13 14:27:17.924000,0.75861,0.75811,45,45
2018-06-13 14:27:18.633000,0.75855,0.75805,45,45
2018-06-13 14:27:19.034000,0.75851,0.75801,45,45
2018-06-13 14:27:19.469000,0.75846,0.75796,45,45
2018-06-13 14:27:20.574000,0.7584,0.7579,45,45
2018-06-13 14:27:22.235000,0.75835,0.75785,45,307
2018-06-13 14:27:22.610000,0.75855,0.75805,307,45
2018-06-13 14:27:24.583000,0.75846,0.75796,45,45
2018-06-13 14:27:24.995000,0.75841,0.75791,45,45
2018-06-13 14:27:25.779000,0.75831,0.75781,45,45
2018-06-13 14:27:30.363000,0.75815,0.75765,45,307
2018-06-13 14:27:31.461000,0.75831,0.75781,45,45
2018-06-13 14:27:33.731000,0.75821,0.75771,45,45
2018-06-13 14:27:45.806000,0.7582,0.7577,45,45
2018-06-13 14:27:46.206000,0.75825,0.75775,45,307
2018-06-13 14:27:46.937000,0.75831,0.75781,45,45
2018-06-13 14:27:47.865000,0.75826,0.75776,45,45
2018-06-13 14:27:56.948000,0.75831,0.75781,45,187
2018-06-13 14:28:00.563000,0.75835,0.75785,262,45
2018-06-13 14:28:00.616000,0.75851,0.75801,45,45
2018-06-13 14:28:02.854000,0.75855,0.75805,262,45
2018-06-13 14:28:03.003000,0.75855,0.75805,262,45
2018-06-13 14:28:03.094000,0.75871,0.75821,45,45
2018-06-13 14:28:04.142000,0.75861,0.75811,45,45
2018-06-13 14:28:04.619000,0.75841,0.75791,45,45
2018-06-13 14:28:07.718000,0.75835,0.75785,45,307
2018-06-13 14:28:08.398000,0.75825,0.75775,45,307
2018-06-13 14:28:10.369000,0.75846,0.75796,307,45
2018-06-13 14:28:10.691000,0.75841,0.75791,45,45
2018-06-13 14:28:16.834000,0.75851,0.75801,45,45
2018-06-13 14:28:19.515000,0.75846,0.75796,45,45
2018-06-13 14:28:20.301000,0.75841,0.75791,45,45
2018-06-13 14:28:20.606000,0.7584,0.7579,45,45
2018-06-13 14:28:23.040000,0.75846,0.75796,45,45
2018-06-13 14:28:27.970000,0.75841,0.75791,45,45
2018-06-13 14:28:28.764000,0.75835,0.75785,45,45
2018-06-13 14:28:31.473000,0.75841,0.75791,45,45
2018-06-13 14:28:32.668000,0.7584,0.7579,45,45
2018-06-13 14:28:41.974000,0.75841,0.75791,45,45
2018-06-13 14:28:43.835000,0.75836,0.75786,45,45
2018-06-13 14:28:44.781000,0.75841,0.75791,45,45
2018-06-13 14:28:46.368000,0.75845,0.75795,262,45
2018-06-13 14:28:46.607000,0.75855,0.75805,45,307
2018-06-13 14:28:51.348000,0.75871,0.75821,45,45
2018-06-13 14:28:51.763000,0.75855,0.75805,45,307
2018-06-13 14:28:52.971000,0.75871,0.75821,45,45
2018-06-13 14:28:53.316000,0.75855,0.75805,45,307
2018-06-13 14:28:54.370000,0.7586,0.7581,45,45
2018-06-13 14:28:54.979000,0.75866,0.75816,45,45
2018-06-13 14:28:56.084000,0.75861,0.75811,45,187
2018-06-13 14:28:56.404000,0.75866,0.75816,45,187
2018-06-13 14:28:56.815000,0.75861,0.75811,187,187
2018-06-13 14:29:00.009000,0.75855,0.75805,307,187
2018-06-13 14:29:00.503000,0.75861,0.75811,45,187
2018-06-13 14:29:01.884000,0.75851,0.75801,45,187
2018-06-13 14:29:04.727000,0.75846,0.75796,45,45
2018-06-13 14:29:06.299000,0.75851,0.75801,45,45
2018-06-13 14:29:12.314000,0.75855,0.75785,262,262
2018-06-13 14:29:12.420000,0.75855,0.75805,262,45
2018-06-13 14:29:12.470000,0.75855,0.75805,262,45
2018-06-13 14:29:12.571000,0.75865,0.75815,45,307
2018-06-13 14:29:13.563000,0.75855,0.75805,45,307
2018-06-13 14:29:14.173000,0.75861,0.75811,45,45
2018-06-13 14:29:14.905000,0.75855,0.75805,307,45
2018-06-13 14:29:16.594000,0.75861,0.75811,45,45
2018-06-13 14:29:16.926000,0.75871,0.75821,45,45
2018-06-13 14:29:21.336000,0.75875,0.75825,262,45
2018-06-13 14:29:21.636000,0.75896,0.75846,45,45
2018-06-13 14:29:21.691000,0.75881,0.75831,45,307
2018-06-13 14:29:21.817000,0.75881,0.75831,45,45
2018-06-13 14:29:21.995000,0.75885,0.75835,307,45
2018-06-13 14:29:22.368000,0.75891,0.75841,45,45
2018-06-13 14:29:22.681000,0.75911,0.75861,45,45
2018-06-13 14:29:23.046000,0.75925,0.75875,262,45
2018-06-13 14:29:23.097000,0.75915,0.75865,45,45
2018-06-13 14:29:23.174000,0.7593,0.7588,45,45
2018-06-13 14:29:23.688000,0.75945,0.75895,262,45
2018-06-13 14:29:23.816000,0.75961,0.75911,45,45
2018-06-13 14:29:24.028000,0.75955,0.75905,45,45
2018-06-13 14:29:24.470000,0.7598,0.7593,45,45
2018-06-13 14:29:24.909000,0.75975,0.75925,45,45
2018-06-13 14:29:25.218000,0.75976,0.75926,45,45
2018-06-13 14:29:25.731000,0.75961,0.75911,45,45
2018-06-13 14:29:26.305000,0.75946,0.75896,45,45
2018-06-13 14:29:26.531000,0.75948,0.75898,45,45
2018-06-13 14:29:26.646000,0.75946,0.75896,45,45
2018-06-13 14:29:27.886000,0.75941,0.75891,45,45
2018-06-13 14:29:28.216000,0.75935,0.75885,45,45
2018-06-13 14:29:29.307000,0.75941,0.75891,45,45
2018-06-13 14:29:30.200000,0.7594,0.7589,45,45
2018-06-13 14:29:30.739000,0.75946,0.75896,45,45
2018-06-13 14:29:32.762000,0.75925,0.75875,45,307
2018-06-13 14:29:33.246000,0.75946,0.75896,45,45
2018-06-13 14:29:35.032000,0.75938,0.75888,45,45
2018-06-13 14:29:36.176000,0.75936,0.75886,45,45
2018-06-13 14:29:36.512000,0.75931,0.75881,45,45
2018-06-13 14:29:37.349000,0.75936,0.75886,45,45
2018-06-13 14:29:37.938000,0.75941,0.75891,45,45
2018-06-13 14:29:38.244000,0.75946,0.75896,45,45
2018-06-13 14:29:39.135000,0.75941,0.75891,45,45
2018-06-13 14:29:39.483000,0.75946,0.75896,45,45
2018-06-13 14:29:40.896000,0.75951,0.75901,45,45
2018-06-13 14:29:41.349000,0.75946,0.75896,45,45
2018-06-13 14:29:41.789000,0.75951,0.75901,45,45
2018-06-13 14:29:42.867000,0.75941,0.75891,45,45
2018-06-13 14:29:43.337000,0.75946,0.75896,45,45
2018-06-13 14:29:43.771000,0.75945,0.75895,45,307
2018-06-13 14:29:44.379000,0.75955,0.75895,262,262
2018-06-13 14:29:44.430000,0.75921,0.75871,375,307
2018-06-13 14:29:44.630000,0.75936,0.75886,45,307
2018-06-13 14:29:44.681000,0.75936,0.75886,45,45
2018-06-13 14:29:45.340000,0.75935,0.75885,262,187
2018-06-13 14:29:45.392000,0.75951,0.75901,45,187
2018-06-13 14:29:45.900000,0.75935,0.75885,45,450
2018-06-13 14:29:46.509000,0.75956,0.75906,45,187
2018-06-13 14:29:46.845000,0.75935,0.75885,45,450
2018-06-13 14:29:47.569000,0.75951,0.75901,45,45
2018-06-13 14:29:47.968000,0.75921,0.75871,187,307
2018-06-13 14:29:48.060000,0.75921,0.75871,187,45
2018-06-13 14:29:48.110000,0.75911,0.75861,45,45
2018-06-13 14:29:48.493000,0.75906,0.75856,45,45
2018-06-13 14:29:48.834000,0.75921,0.75871,187,45
2018-06-13 14:29:48.907000,0.75908,0.75858,187,45
2018-06-13 14:29:49.600000,0.75916,0.75866,187,45
2018-06-13 14:29:50.056000,0.75921,0.75871,187,45
2018-06-13 14:29:50.486000,0.75916,0.75866,187,45
2018-06-13 14:29:50.808000,0.75915,0.75865,187,307
2018-06-13 14:29:52.571000,0.75925,0.75875,262,45
2018-06-13 14:29:52.771000,0.75946,0.75896,187,45
2018-06-13 14:29:53.146000,0.75951,0.75901,45,45
2018-06-13 14:29:53.941000,0.75946,0.75896,45,45
2018-06-13 14:29:54.398000,0.75941,0.75891,45,45
2018-06-13 14:29:54.792000,0.75946,0.75896,45,45
2018-06-13 14:29:55.220000,0.75951,0.75901,45,45
2018-06-13 14:29:55.645000,0.75945,0.75895,45,45
2018-06-13 14:29:56.318000,0.75935,0.75885,45,307
2018-06-13 14:29:56.698000,0.75951,0.75901,45,750
2018-06-13 14:29:59.117000,0.75955,0.75905,262,750
2018-06-13 14:29:59.167000,0.7598,0.7593,45,750
2018-06-13 14:30:00.067000,0.75985,0.75935,262,375
2018-06-13 14:30:00.267000,0.7601,0.7596,45,375
2018-06-13 14:30:00.469000,0.76015,0.75925,262,262
2018-06-13 14:30:00.632000,0.76015,0.75945,262,262
2018-06-13 14:30:01.095000,0.76185,0.76125,262,262
2018-06-13 14:30:01.357000,0.76275,0.76205,262,262
2018-06-13 14:30:01.656000,0.763,0.76215,3,262
2018-06-13 14:30:01.757000,0.763,0.76245,3,262
2018-06-13 14:30:02.097000,0.76326,0.76276,45,307
2018-06-13 14:30:02.188000,0.76346,0.76296,45,307
2018-06-13 14:30:02.239000,0.76356,0.76306,45,45
2018-06-13 14:30:02.290000,0.76365,0.76315,262,45
2018-06-13 14:30:02.371000,0.76351,0.76301,45,45
2018-06-13 14:30:02.422000,0.763,0.76276,6,307
2018-06-13 14:30:02.606000,0.763,0.76271,6,45
2018-06-13 14:30:02.727000,0.76341,0.76291,45,307
2018-06-13 14:30:02.831000,0.763,0.76276,4,45
2018-06-13 14:30:02.881000,0.763,0.76296,4,45
2018-06-13 14:30:03.063000,0.76325,0.76275,262,45
2018-06-13 14:30:03.114000,0.763,0.76286,4,45
2018-06-13 14:30:03.191000,0.763,0.76281,4,45
2018-06-13 14:30:03.294000,0.763,0.76255,2,262
2018-06-13 14:30:03.501000,0.76345,0.76295,262,45
2018-06-13 14:30:03.774000,0.76406,0.76356,45,45
2018-06-13 14:30:03.854000,0.76391,0.76341,45,45
2018-06-13 14:30:04.257000,0.76335,0.76285,262,45
2018-06-13 14:30:04.308000,0.76406,0.76356,45,45
2018-06-13 14:30:04.516000,0.76396,0.76346,45,45
2018-06-13 14:30:04.574000,0.76438,0.76388,45,45
2018-06-13 14:30:04.625000,0.76415,0.76365,45,45
2018-06-13 14:30:04.934000,0.76436,0.76386,45,45
2018-06-13 14:30:05.253000,0.76385,0.76335,262,45
2018-06-13 14:30:05.448000,0.76441,0.76391,45,45
2018-06-13 14:30:05.506000,0.76405,0.76355,262,45
2018-06-13 14:30:05.684000,0.76456,0.76406,45,45
2018-06-13 14:30:05.801000,0.76461,0.76411,45,45
2018-06-13 14:30:06.140000,0.76446,0.76396,45,45
2018-06-13 14:30:06.500000,0.76456,0.76406,45,45
2018-06-13 14:30:06.846000,0.76415,0.76365,262,45
2018-06-13 14:30:07.049000,0.76441,0.76391,45,45
2018-06-13 14:30:07.158000,0.76446,0.76396,45,45
2018-06-13 14:30:07.502000,0.76441,0.76391,45,45
2018-06-13 14:30:07.944000,0.76421,0.76371,45,307
2018-06-13 14:30:08.049000,0.76426,0.76376,45,45
2018-06-13 14:30:08.149000,0.76446,0.76396,45,45
2018-06-13 14:30:08.502000,0.76415,0.76365,45,45
2018-06-13 14:30:08.823000,0.76385,0.76335,45,45
2018-06-13 14:30:09.251000,0.764,0.7635,45,45
2018-06-13 14:30:09.580000,0.76385,0.76335,45,307
2018-06-13 14:30:10.020000,0.76381,0.76331,45,45
2018-06-13 14:30:10.328000,0.76361,0.76311,45,45
2018-06-13 14:30:10.669000,0.76316,0.76266,45,307
2018-06-13 14:30:10.719000,0.76331,0.76281,45,307
2018-06-13 14:30:10.770000,0.76331,0.76281,45,45
2018-06-13 14:30:10.820000,0.76326,0.76276,45,45
2018-06-13 14:30:11.155000,0.7631,0.7626,45,45
2018-06-13 14:30:11.461000,0.76325,0.76275,262,45
2018-06-13 14:30:11.512000,0.76341,0.76291,45,45
2018-06-13 14:30:11.567000,0.76351,0.76301,45,45
2018-06-13 14:30:11.940000,0.76341,0.76291,45,45
2018-06-13 14:30:12.252000,0.76325,0.76275,45,45
2018-06-13 14:30:12.616000,0.76321,0.76271,45,45
2018-06-13 14:30:12.936000,0.76296,0.76246,45,307
2018-06-13 14:30:13.037000,0.76285,0.76235,45,307
2018-06-13 14:30:13.087000,0.76295,0.76245,262,45
2018-06-13 14:30:13.137000,0.76285,0.76235,45,307
2018-06-13 14:30:13.241000,0.7629,0.7624,45,45
2018-06-13 14:30:13.594000,0.76305,0.76255,45,307
2018-06-13 14:30:13.902000,0.76315,0.76245,262,262
2018-06-13 14:30:13.954000,0.7626,0.7621,45,307
2018-06-13 14:30:14.008000,0.7626,0.7621,45,45
2018-06-13 14:30:14.060000,0.76255,0.76205,45,307
2018-06-13 14:30:14.179000,0.76265,0.76205,262,262
2018-06-13 14:30:14.320000,0.76341,0.76291,45,45
2018-06-13 14:30:14.654000,0.76301,0.76251,45,307
2018-06-13 14:30:14.705000,0.76345,0.7624,262,307
2018-06-13 14:30:14.851000,0.76311,0.76261,45,45
2018-06-13 14:30:15.041000,0.76272,0.76218,45,45
2018-06-13 14:30:15.092000,0.7626,0.7621,45,45
2018-06-13 14:30:15.407000,0.76265,0.76215,45,45
2018-06-13 14:30:15.992000,0.7627,0.7622,45,45
2018-06-13 14:30:16.459000,0.76279,0.76229,45,45
2018-06-13 14:30:16.776000,0.76266,0.76216,45,307
2018-06-13 14:30:16.865000,0.76271,0.76221,45,307
2018-06-13 14:30:16.982000,0.76281,0.76231,45,45
2018-06-13 14:30:17.202000,0.76279,0.76229,45,45
2018-06-13 14:30:17.653000,0.76285,0.76235,750,45
2018-06-13 14:30:18.092000,0.7629,0.7624,750,45
2018-06-13 14:30:19.219000,0.76295,0.76245,262,45
2018-06-13 14:30:19.270000,0.76305,0.76255,45,307
2018-06-13 14:30:19.326000,0.76301,0.76251,45,307
2018-06-13 14:30:19.505000,0.76301,0.76251,45,45
2018-06-13 14:30:19.640000,0.76295,0.76245,45,45
2018-06-13 14:30:20.008000,0.7626,0.7621,45,45
2018-06-13 14:30:20.362000,0.76251,0.76201,45,45
2018-06-13 14:30:20.731000,0.7627,0.7622,750,45
2018-06-13 14:30:21.042000,0.76301,0.76251,750,45
2018-06-13 14:30:21.391000,0.7629,0.7624,45,45
2018-06-13 14:30:21.724000,0.76286,0.76236,45,45
2018-06-13 14:30:22.038000,0.7627,0.7622,45,45
2018-06-13 14:30:22.380000,0.7626,0.7621,45,45
2018-06-13 14:30:22.690000,0.76286,0.76236,307,45
2018-06-13 14:30:23.082000,0.76271,0.76221,45,45
2018-06-13 14:30:23.433000,0.76245,0.76195,45,45
2018-06-13 14:30:23.861000,0.76251,0.76201,45,45
2018-06-13 14:30:24.246000,0.7626,0.7621,45,45
2018-06-13 14:30:24.553000,0.76255,0.76205,262,45
2018-06-13 14:30:24.757000,0.76281,0.76231,45,45
2018-06-13 14:30:24.869000,0.76266,0.76216,45,45
2018-06-13 14:30:25.363000,0.76295,0.76245,45,307
2018-06-13 14:30:25.694000,0.76301,0.76251,45,45
2018-06-13 14:30:26.101000,0.7629,0.7624,45,45
2018-06-13 14:30:26.496000,0.76295,0.76225,262,262
2018-06-13 14:30:26.546000,0.76355,0.76301,307,45
2018-06-13 14:30:27.007000,0.76341,0.76291,187,45
2018-06-13 14:30:28.259000,0.76336,0.76286,45,45
2018-06-13 14:30:28.563000,0.76335,0.76285,45,45
2018-06-13 14:30:29.019000,0.7634,0.7629,45,45
2018-06-13 14:30:29.340000,0.76306,0.76256,45,45
2018-06-13 14:30:29.946000,0.76311,0.76261,45,45
2018-06-13 14:30:30.339000,0.7629,0.7624,45,45
2018-06-13 14:30:30.790000,0.76295,0.76245,45,307
2018-06-13 14:30:31.157000,0.76305,0.76255,45,307
2018-06-13 14:30:31.530000,0.76311,0.76261,45,45
2018-06-13 14:30:31.848000,0.76341,0.76291,45,45
2018-06-13 14:30:32.382000,0.7634,0.7629,45,187
2018-06-13 14:30:32.851000,0.76355,0.76301,307,45
2018-06-13 14:30:33.215000,0.76351,0.76301,45,187
2018-06-13 14:30:33.547000,0.76361,0.76311,45,187
2018-06-13 14:30:33.861000,0.76366,0.76316,45,45
2018-06-13 14:30:34.164000,0.76361,0.76311,45,45
2018-06-13 14:30:34.502000,0.76365,0.76315,45,307
2018-06-13 14:30:34.845000,0.76371,0.76321,45,45
2018-06-13 14:30:35.167000,0.7637,0.7632,45,45
2018-06-13 14:30:35.545000,0.76365,0.76315,45,307
2018-06-13 14:30:35.960000,0.76355,0.76305,45,307
2018-06-13 14:30:36.325000,0.7635,0.763,45,187
2018-06-13 14:30:36.709000,0.7633,0.7628,45,45
2018-06-13 14:30:37.067000,0.76321,0.76271,45,45
2018-06-13 14:30:37.433000,0.76305,0.76255,45,307
2018-06-13 14:30:37.760000,0.76306,0.76256,45,45
2018-06-13 14:30:38.083000,0.76311,0.76261,45,45
2018-06-13 14:30:38.412000,0.76285,0.76235,45,307
2018-06-13 14:30:38.760000,0.76301,0.76251,45,45
2018-06-13 14:30:39.072000,0.76285,0.76235,45,307
2018-06-13 14:30:39.404000,0.76305,0.76255,262,45
2018-06-13 14:30:39.459000,0.76355,0.76305,307,45
2018-06-13 14:30:39.784000,0.76355,0.76305,262,45
2018-06-13 14:30:39.960000,0.76385,0.76335,307,45
2018-06-13 14:30:40.319000,0.76385,0.76335,45,450
2018-06-13 14:30:40.711000,0.76391,0.76341,45,45
2018-06-13 14:30:41.091000,0.76395,0.76345,45,45
2018-06-13 14:30:41.404000,0.76391,0.76341,45,45
2018-06-13 14:30:41.719000,0.76401,0.76351,45,45
2018-06-13 14:30:42.170000,0.76391,0.76341,45,45
2018-06-13 14:30:42.966000,0.76385,0.76335,45,45
2018-06-13 14:30:43.324000,0.7638,0.7633,45,45
2018-06-13 14:30:43.716000,0.76385,0.76335,307,45
2018-06-13 14:30:45.033000,0.76385,0.76335,45,45
2018-06-13 14:30:45.361000,0.7641,0.7636,45,45
2018-06-13 14:30:45.696000,0.7642,0.7637,45,45
2018-06-13 14:30:46.523000,0.76421,0.76371,45,45
2018-06-13 14:30:46.825000,0.7642,0.7637,45,45
2018-06-13 14:30:47.512000,0.7643,0.7638,45,45
2018-06-13 14:30:47.817000,0.76431,0.76381,45,45
2018-06-13 14:30:48.167000,0.76426,0.76376,45,45
2018-06-13 14:30:48.509000,0.7642,0.7637,45,45
2018-06-13 14:30:49.346000,0.76415,0.76365,45,307
2018-06-13 14:30:49.799000,0.76431,0.76381,45,45
2018-06-13 14:30:50.116000,0.76441,0.76391,45,750
2018-06-13 14:30:50.436000,0.76435,0.76385,45,750
2018-06-13 14:30:50.808000,0.7644,0.7639,45,45
2018-06-13 14:30:51.138000,0.76435,0.76385,45,307
2018-06-13 14:30:51.470000,0.76441,0.76391,45,45
2018-06-13 14:30:52.349000,0.76456,0.76406,307,825
2018-06-13 14:30:52.786000,0.76461,0.76411,45,187
2018-06-13 14:30:53.103000,0.76456,0.76406,45,45
2018-06-13 14:30:53.457000,0.76461,0.76411,45,45
2018-06-13 14:30:53.781000,0.76456,0.76406,45,45
2018-06-13 14:30:54.140000,0.7645,0.764,45,45
2018-06-13 14:30:54.576000,0.76455,0.76405,187,45
2018-06-13 14:30:54.926000,0.76461,0.76411,187,45
2018-06-13 14:30:55.511000,0.76446,0.76396,45,45
2018-06-13 14:30:55.840000,0.76455,0.76405,45,45
2018-06-13 14:30:56.161000,0.76445,0.76395,45,45
2018-06-13 14:30:56.660000,0.76441,0.76391,45,45
2018-06-13 14:30:57.080000,0.76436,0.76386,750,45
2018-06-13 14:30:57.412000,0.76421,0.76371,750,307
2018-06-13 14:30:57.463000,0.76431,0.76381,750,45
2018-06-13 14:30:57.661000,0.76421,0.76371,750,45
2018-06-13 14:30:58.227000,0.76416,0.76366,45,45
2018-06-13 14:30:58.683000,0.76411,0.76361,45,45
2018-06-13 14:30:59.161000,0.76395,0.76345,45,307
2018-06-13 14:30:59.502000,0.76401,0.76351,45,45
2018-06-13 14:30:59.861000,0.76385,0.76335,45,307
2018-06-13 14:31:00.181000,0.76391,0.76341,45,45
2018-06-13 14:31:00.485000,0.76385,0.76335,45,45
2018-06-13 14:31:01.235000,0.76395,0.76345,45,307
2018-06-13 14:31:01.679000,0.76401,0.76351,45,45
2018-06-13 14:31:02.249000,0.76385,0.76335,45,307
2018-06-13 14:31:02.590000,0.76381,0.76331,45,45
2018-06-13 14:31:02.929000,0.76385,0.76335,307,45
2018-06-13 14:31:03.469000,0.76391,0.76341,45,45
2018-06-13 14:31:03.894000,0.76385,0.76335,450,45
2018-06-13 14:31:04.214000,0.76401,0.76351,45,187
2018-06-13 14:31:04.523000,0.76381,0.76331,45,45
2018-06-13 14:31:05.330000,0.76365,0.76315,45,307
2018-06-13 14:31:05.663000,0.76371,0.76321,45,900
2018-06-13 14:31:06.266000,0.76365,0.76315,45,825
2018-06-13 14:31:06.579000,0.76371,0.76321,45,825
2018-06-13 14:31:07.982000,0.76366,0.76316,45,750
2018-06-13 14:31:08.698000,0.7636,0.7631,45,375
2018-06-13 14:31:09.029000,0.76355,0.76305,45,637
2018-06-13 14:31:09.493000,0.76365,0.76315,262,187
2018-06-13 14:31:09.544000,0.76381,0.76331,45,187
2018-06-13 14:31:09.912000,0.76376,0.76326,45,45
2018-06-13 14:31:10.220000,0.76366,0.76316,45,45
2018-06-13 14:31:10.603000,0.76361,0.76311,45,187
2018-06-13 14:31:10.973000,0.76355,0.76305,45,187
2018-06-13 14:31:11.283000,0.76335,0.76285,45,45
2018-06-13 14:31:11.819000,0.76325,0.76275,45,307
2018-06-13 14:31:12.149000,0.76355,0.76305,262,45
2018-06-13 14:31:12.283000,0.76381,0.76331,45,45
2018-06-13 14:31:12.334000,0.76376,0.76326,45,45
2018-06-13 14:31:12.810000,0.76381,0.76331,45,45
2018-06-13 14:31:13.139000,0.76355,0.76305,45,307
2018-06-13 14:31:13.468000,0.76371,0.76321,45,45
2018-06-13 14:31:14.557000,0.76365,0.76315,45,307
2018-06-13 14:31:14.913000,0.76375,0.76325,262,45
2018-06-13 14:31:14.963000,0.76385,0.76335,45,307
2018-06-13 14:31:15.024000,0.7639,0.7634,45,45
2018-06-13 14:31:15.361000,0.76396,0.76346,45,45
2018-06-13 14:31:15.750000,0.76395,0.76345,45,307
2018-06-13 14:31:16.915000,0.76401,0.76351,45,45
2018-06-13 14:31:17.260000,0.76385,0.76335,45,307
2018-06-13 14:31:17.805000,0.76391,0.76341,45,45
2018-06-13 14:31:19.187000,0.76385,0.76335,45,45
2018-06-13 14:31:19.901000,0.76401,0.76351,45,750
2018-06-13 14:31:20.368000,0.76395,0.76345,45,750
2018-06-13 14:31:21.034000,0.76401,0.76351,45,45
2018-06-13 14:31:21.449000,0.76411,0.76361,45,750
2018-06-13 14:31:21.777000,0.76415,0.76365,307,45
2018-06-13 14:31:22.092000,0.76395,0.76345,45,307
2018-06-13 14:31:22.409000,0.76411,0.76361,45,45
2018-06-13 14:31:23.226000,0.76415,0.76365,307,45
2018-06-13 14:31:23.546000,0.76415,0.76365,262,45
2018-06-13 14:31:23.645000,0.76431,0.76381,45,45
2018-06-13 14:31:23.811000,0.76425,0.76375,45,45
2018-06-13 14:31:24.140000,0.76431,0.76381,562,45
2018-06-13 14:31:24.776000,0.76425,0.76375,562,307
2018-06-13 14:31:25.088000,0.76396,0.76346,375,307
2018-06-13 14:31:25.189000,0.76395,0.76345,375,307
2018-06-13 14:31:25.275000,0.76404,0.76354,375,45
2018-06-13 14:31:25.618000,0.76415,0.76365,45,307
2018-06-13 14:31:26.083000,0.7642,0.7637,375,45
2018-06-13 14:31:26.448000,0.76415,0.76365,375,307
2018-06-13 14:31:26.794000,0.76425,0.76375,262,45
2018-06-13 14:31:26.938000,0.76425,0.76375,262,45
2018-06-13 14:31:26.989000,0.76435,0.76385,45,307
2018-06-13 14:31:27.395000,0.7644,0.7639,45,45
2018-06-13 14:31:27.701000,0.76421,0.76371,45,307
2018-06-13 14:31:27.752000,0.76421,0.76371,45,45
2018-06-13 14:31:27.853000,0.76415,0.76365,45,45
2018-06-13 14:31:28.293000,0.76415,0.76365,187,307
2018-06-13 14:31:30.680000,0.76411,0.76361,45,45
2018-06-13 14:31:31.234000,0.76405,0.76355,262,45
2018-06-13 14:31:31.285000,0.76421,0.76371,45,45
2018-06-13 14:31:31.803000,0.76415,0.76365,450,45
2018-06-13 14:31:32.168000,0.7641,0.7636,45,45
2018-06-13 14:31:32.581000,0.76415,0.76365,187,307
2018-06-13 14:31:32.925000,0.76411,0.76361,187,307
2018-06-13 14:31:32.978000,0.76411,0.76361,187,45
2018-06-13 14:31:33.045000,0.7641,0.7636,187,45
2018-06-13 14:31:33.524000,0.76411,0.76361,187,45
2018-06-13 14:31:34.033000,0.76426,0.76376,637,750
2018-06-13 14:31:34.359000,0.76446,0.76396,637,750
2018-06-13 14:31:34.903000,0.7644,0.7639,45,45
2018-06-13 14:31:35.586000,0.76445,0.76395,45,45
2018-06-13 14:31:35.909000,0.7645,0.764,45,45
2018-06-13 14:31:36.225000,0.76445,0.76395,45,307
2018-06-13 14:31:37.154000,0.76446,0.76396,187,45
2018-06-13 14:31:37.513000,0.76445,0.76395,187,307
2018-06-13 14:31:37.840000,0.76446,0.76396,45,45
2018-06-13 14:31:38.154000,0.76445,0.76395,187,307
2018-06-13 14:31:39.569000,0.76446,0.76396,45,45
2018-06-13 14:31:40.038000,0.7644,0.7639,45,562
2018-06-13 14:31:40.378000,0.76445,0.76395,45,825
2018-06-13 14:31:41.192000,0.76451,0.76401,45,45
2018-06-13 14:31:41.657000,0.7645,0.764,45,375
2018-06-13 14:31:42.184000,0.76455,0.76405,45,307
2018-06-13 14:31:42.504000,0.76456,0.76406,45,45
2018-06-13 14:31:42.915000,0.76461,0.76411,45,45
2018-06-13 14:31:43.270000,0.76455,0.76405,45,45
2018-06-13 14:31:44.335000,0.76461,0.76411,45,45
2018-06-13 14:31:45.246000,0.76456,0.76406,45,45
2018-06-13 14:31:45.720000,0.76455,0.76405,45,45
2018-06-13 14:31:46.078000,0.76461,0.76411,45,45
2018-06-13 14:31:46.438000,0.76455,0.76405,45,45
2018-06-13 14:31:46.891000,0.76456,0.76406,45,45
2018-06-13 14:31:47.456000,0.76461,0.76411,45,45
2018-06-13 14:31:47.809000,0.76445,0.76395,45,307
2018-06-13 14:31:48.217000,0.76461,0.76411,45,45
2018-06-13 14:31:48.570000,0.76455,0.76405,45,45
2018-06-13 14:31:48.871000,0.76445,0.76395,45,307
2018-06-13 14:31:49.217000,0.76455,0.76405,187,45
2018-06-13 14:31:49.879000,0.76445,0.76395,45,307
2018-06-13 14:31:50.320000,0.76461,0.76411,45,45
2018-06-13 14:31:51.038000,0.76446,0.76396,45,45
2018-06-13 14:31:51.372000,0.76451,0.76401,45,375
2018-06-13 14:31:51.710000,0.76435,0.76385,45,450
2018-06-13 14:31:52.812000,0.76436,0.76386,45,45
2018-06-13 14:31:53.363000,0.76415,0.76365,45,1000
2018-06-13 14:31:54.264000,0.76415,0.76365,450,187
2018-06-13 14:31:54.575000,0.76426,0.76376,307,45
2018-06-13 14:31:54.927000,0.76446,0.76396,307,45
2018-06-13 14:31:55.344000,0.76415,0.76365,187,307
2018-06-13 14:31:55.670000,0.76435,0.76385,262,45
2018-06-13 14:31:55.721000,0.76445,0.76395,45,307
2018-06-13 14:31:55.918000,0.76466,0.76416,307,45
2018-06-13 14:31:56.270000,0.76461,0.76411,45,45
2018-06-13 14:31:56.660000,0.76455,0.76405,45,307
2018-06-13 14:31:57.010000,0.7646,0.7641,45,45
2018-06-13 14:31:57.339000,0.76465,0.76415,45,45
2018-06-13 14:31:57.688000,0.76486,0.76436,307,45
2018-06-13 14:31:58.065000,0.76491,0.76441,45,45
2018-06-13 14:31:58.674000,0.76485,0.76435,45,307
2018-06-13 14:31:58.981000,0.7649,0.7644,45,45
2018-06-13 14:31:59.296000,0.76506,0.76456,45,45
2018-06-13 14:31:59.686000,0.76485,0.76435,45,307
2018-06-13 14:32:00.043000,0.7649,0.7644,45,45
2018-06-13 14:32:00.616000,0.76495,0.76445,45,45
2018-06-13 14:32:00.983000,0.76486,0.76436,45,45
2018-06-13 14:32:01.323000,0.76491,0.76441,45,45
2018-06-13 14:32:01.643000,0.76485,0.76435,45,307
2018-06-13 14:32:01.974000,0.76491,0.76441,45,45
2018-06-13 14:32:02.372000,0.76485,0.76435,45,307
2018-06-13 14:32:02.881000,0.76486,0.76436,45,45
2018-06-13 14:32:03.229000,0.76485,0.76435,45,45
2018-06-13 14:32:03.557000,0.7648,0.7643,45,45
2018-06-13 14:32:03.885000,0.76475,0.76425,45,45
2018-06-13 14:32:04.191000,0.7648,0.7643,45,45
2018-06-13 14:32:04.596000,0.76475,0.76425,45,307
2018-06-13 14:32:04.948000,0.76485,0.76435,45,45
2018-06-13 14:32:05.268000,0.76491,0.76441,45,45
2018-06-13 14:32:05.607000,0.76485,0.76435,45,307
2018-06-13 14:32:06.638000,0.76475,0.76425,45,307
2018-06-13 14:32:06.978000,0.76485,0.76435,262,45
2018-06-13 14:32:07.135000,0.76495,0.76445,45,1000
2018-06-13 14:32:07.428000,0.76516,0.76466,307,750
2018-06-13 14:32:07.855000,0.7651,0.7646,187,45
2018-06-13 14:32:08.252000,0.76495,0.76445,45,1000
2018-06-13 14:32:09.592000,0.76505,0.76455,187,307
2018-06-13 14:32:10.024000,0.76499,0.76449,187,45
2018-06-13 14:32:10.742000,0.76495,0.76445,187,1000
2018-06-13 14:32:11.407000,0.76516,0.76466,307,750
2018-06-13 14:32:11.924000,0.76495,0.76445,45,307
2018-06-13 14:32:12.588000,0.76485,0.76435,45,1000
2018-06-13 14:32:13.249000,0.76506,0.76456,307,45
2018-06-13 14:32:13.564000,0.76485,0.76435,45,307
2018-06-13 14:32:13.944000,0.76476,0.76426,45,45
2018-06-13 14:32:14.255000,0.76471,0.76421,45,45
2018-06-13 14:32:14.571000,0.76455,0.76405,45,307
2018-06-13 14:32:14.922000,0.76461,0.76411,45,45
2018-06-13 14:32:15.301000,0.76455,0.76405,45,187
2018-06-13 14:32:15.881000,0.7646,0.7641,45,187
2018-06-13 14:32:16.559000,0.76455,0.76405,45,307
2018-06-13 14:32:16.861000,0.76461,0.76411,45,45
2018-06-13 14:32:17.666000,0.76445,0.76395,45,450
2018-06-13 14:32:18.230000,0.76461,0.76411,45,187
2018-06-13 14:32:19.061000,0.76445,0.76395,45,450
2018-06-13 14:32:19.573000,0.76461,0.76411,45,187
2018-06-13 14:32:20.057000,0.76455,0.76405,45,45
2018-06-13 14:32:21.466000,0.76471,0.76421,45,187
2018-06-13 14:32:22.120000,0.76455,0.76405,45,307
2018-06-13 14:32:22.603000,0.76465,0.76415,262,45
2018-06-13 14:32:22.867000,0.76491,0.76441,45,45
2018-06-13 14:32:22.942000,0.76476,0.76426,45,45
2018-06-13 14:32:23.506000,0.76471,0.76421,45,45
2018-06-13 14:32:23.918000,0.76465,0.76415,262,45
2018-06-13 14:32:24.055000,0.76465,0.76415,262,750
2018-06-13 14:32:24.118000,0.7648,0.7643,45,750
2018-06-13 14:32:24.300000,0.7648,0.7643,45,750
2018-06-13 14:32:24.867000,0.76486,0.76436,187,45
2018-06-13 14:32:25.211000,0.7648,0.7643,45,45
2018-06-13 14:32:25.696000,0.76491,0.76441,45,750
2018-06-13 14:32:26.134000,0.76475,0.76425,45,307
2018-06-13 14:32:28.507000,0.76476,0.76426,45,45
2018-06-13 14:32:28.955000,0.7648,0.7643,45,825
2018-06-13 14:32:29.283000,0.76475,0.76425,45,307
2018-06-13 14:32:29.886000,0.76491,0.76441,45,45
2018-06-13 14:32:30.478000,0.76486,0.76436,187,45
2018-06-13 14:32:30.922000,0.7648,0.7643,45,45
2018-06-13 14:32:31.822000,0.76486,0.76436,187,45
2018-06-13 14:32:32.266000,0.76491,0.76441,187,45
2018-06-13 14:32:32.625000,0.76475,0.76425,187,307
2018-06-13 14:32:32.973000,0.76491,0.76441,45,45
2018-06-13 14:32:34.062000,0.7649,0.7644,187,187
2018-06-13 14:32:34.483000,0.76505,0.76435,262,262
2018-06-13 14:32:34.534000,0.76476,0.76426,45,307
2018-06-13 14:32:34.735000,0.7648,0.7643,45,1200
2018-06-13 14:32:34.786000,0.76476,0.76426,45,1200
2018-06-13 14:32:34.837000,0.76465,0.76415,45,1200
2018-06-13 14:32:34.894000,0.76456,0.76406,45,1200
2018-06-13 14:32:35.039000,0.76445,0.76395,45,1200
2018-06-13 14:32:35.836000,0.76461,0.76411,45,45
2018-06-13 14:32:36.253000,0.76456,0.76406,45,45
2018-06-13 14:32:36.585000,0.7645,0.764,45,45
2018-06-13 14:32:37.500000,0.7646,0.7641,45,45
2018-06-13 14:32:38.475000,0.76465,0.76415,45,45
2018-06-13 14:32:38.984000,0.76466,0.76416,45,45
2018-06-13 14:32:39.372000,0.76471,0.76421,45,45
2018-06-13 14:32:39.696000,0.76455,0.76405,187,307
2018-06-13 14:32:40.084000,0.7645,0.764,187,45
2018-06-13 14:32:41.038000,0.76456,0.76406,45,45
2018-06-13 14:32:41.400000,0.76446,0.76396,45,45
2018-06-13 14:32:42.204000,0.76436,0.76386,45,45
2018-06-13 14:32:42.554000,0.76435,0.76385,45,307
2018-06-13 14:32:42.938000,0.76441,0.76391,45,45
2018-06-13 14:32:43.378000,0.76415,0.76365,45,307
2018-06-13 14:32:43.694000,0.76415,0.76365,45,307
2018-06-13 14:32:44.178000,0.76421,0.76371,45,45
2018-06-13 14:32:44.506000,0.76411,0.76361,45,45
2018-06-13 14:32:44.980000,0.76395,0.76345,45,307
2018-06-13 14:32:45.393000,0.764,0.7635,45,45
2018-06-13 14:32:47.100000,0.76415,0.76365,307,45
2018-06-13 14:32:47.478000,0.76405,0.76355,262,45
2018-06-13 14:32:47.677000,0.7641,0.7636,45,45
2018-06-13 14:32:47.728000,0.76415,0.76365,307,45
2018-06-13 14:32:48.109000,0.76421,0.76371,45,45
2018-06-13 14:32:48.440000,0.76415,0.76365,307,45
2018-06-13 14:32:48.953000,0.76406,0.76356,45,45
2018-06-13 14:32:49.444000,0.76401,0.76351,45,45
2018-06-13 14:32:49.870000,0.76365,0.76315,45,1000
2018-06-13 14:32:50.202000,0.76375,0.76325,262,45
2018-06-13 14:32:50.436000,0.76401,0.76351,45,45
2018-06-13 14:32:50.486000,0.76395,0.76345,45,307
2018-06-13 14:32:50.928000,0.76411,0.76361,45,45
2018-06-13 14:32:51.267000,0.76401,0.76351,45,45
2018-06-13 14:32:52.848000,0.76385,0.76335,262,45
2018-06-13 14:32:53.036000,0.7638,0.7633,45,45
2018-06-13 14:32:53.761000,0.76385,0.76335,45,45
2018-06-13 14:32:54.228000,0.7638,0.7633,45,45
2018-06-13 14:32:56.752000,0.76381,0.76331,45,45
2018-06-13 14:32:57.185000,0.76406,0.76356,45,45
2018-06-13 14:32:57.752000,0.76385,0.76335,45,307
2018-06-13 14:32:58.164000,0.7639,0.7634,45,45
2018-06-13 14:32:59.419000,0.76366,0.76316,45,307
2018-06-13 14:32:59.527000,0.76376,0.76326,45,307
2018-06-13 14:32:59.703000,0.76365,0.76315,45,307
2018-06-13 14:33:00.653000,0.76375,0.76325,262,45
2018-06-13 14:33:00.703000,0.76391,0.76341,45,45
2018-06-13 14:33:01.895000,0.76385,0.76335,45,45
2018-06-13 14:33:02.253000,0.76401,0.76351,45,45
2018-06-13 14:33:02.714000,0.76395,0.76345,45,450
2018-06-13 14:33:03.724000,0.76401,0.76351,45,45
2018-06-13 14:33:04.029000,0.76395,0.76345,45,307
2018-06-13 14:33:04.382000,0.76401,0.76351,45,45
2018-06-13 14:33:04.718000,0.76411,0.76361,45,45
2018-06-13 14:33:05.036000,0.76395,0.76345,45,307
2018-06-13 14:33:05.482000,0.76405,0.76345,262,262
2018-06-13 14:33:06.022000,0.76341,0.76291,45,45
2018-06-13 14:33:06.356000,0.76325,0.76275,187,307
2018-06-13 14:33:06.723000,0.76335,0.76285,187,307
2018-06-13 14:33:08.965000,0.7634,0.7629,45,45
2018-06-13 14:33:09.656000,0.76355,0.76305,450,45
2018-06-13 14:33:10.139000,0.76351,0.76301,187,45
2018-06-13 14:33:10.483000,0.76355,0.76305,450,45
2018-06-13 14:33:18.523000,0.76351,0.76301,45,45
2018-06-13 14:33:18.905000,0.76355,0.76305,307,750
2018-06-13 14:33:23.217000,0.76351,0.76301,45,45
2018-06-13 14:33:23.764000,0.76355,0.76305,307,45
2018-06-13 14:33:35.873000,0.76326,0.76276,45,307
2018-06-13 14:33:35.966000,0.76336,0.76286,45,307
2018-06-13 14:33:36.202000,0.76325,0.76275,45,307
2018-06-13 14:33:37.012000,0.76315,0.76265,45,307
2018-06-13 14:33:37.338000,0.76325,0.76275,45,45
2018-06-13 14:33:38.436000,0.76331,0.76281,45,45
2018-06-13 14:33:39.405000,0.76315,0.76265,45,307
2018-06-13 14:33:40.627000,0.76321,0.76271,45,45
2018-06-13 14:33:40.961000,0.76311,0.76261,45,45
2018-06-13 14:33:41.520000,0.76321,0.76271,45,45
2018-06-13 14:33:41.846000,0.76315,0.76265,45,307
2018-06-13 14:33:42.939000,0.7632,0.7627,45,45
2018-06-13 14:33:43.296000,0.76325,0.76275,45,45
2018-06-13 14:33:43.755000,0.76341,0.76291,45,45
2018-06-13 14:33:44.167000,0.76336,0.76286,45,45
2018-06-13 14:33:45.589000,0.76335,0.76285,45,307
2018-06-13 14:33:47.256000,0.76344,0.76294,45,45
2018-06-13 14:33:47.723000,0.76351,0.76301,45,45
2018-06-13 14:33:48.547000,0.76355,0.76305,450,45
2018-06-13 14:33:51.012000,0.76346,0.76296,45,45
2018-06-13 14:33:51.582000,0.76351,0.76301,45,45
2018-06-13 14:33:51.927000,0.76355,0.76305,307,45
2018-06-13 14:33:53.308000,0.76336,0.76286,45,307
2018-06-13 14:33:53.565000,0.76325,0.76275,45,307
2018-06-13 14:33:53.984000,0.76326,0.76276,45,45
2018-06-13 14:33:56.335000,0.76321,0.76271,45,45
2018-06-13 14:33:56.811000,0.76315,0.76265,45,307
2018-06-13 14:33:59.229000,0.76301,0.76251,45,307
2018-06-13 14:33:59.584000,0.76265,0.76215,45,307
2018-06-13 14:33:59.763000,0.76275,0.76225,262,45
2018-06-13 14:33:59.834000,0.76285,0.76235,45,307
2018-06-13 14:33:59.973000,0.76306,0.76256,307,45
2018-06-13 14:34:00.334000,0.76301,0.76251,45,45
2018-06-13 14:34:00.833000,0.76295,0.76245,45,307
2018-06-13 14:34:03.190000,0.76296,0.76246,45,45
2018-06-13 14:34:03.765000,0.76295,0.76245,45,307
2018-06-13 14:34:04.534000,0.76301,0.76251,45,45
2018-06-13 14:34:04.939000,0.76296,0.76246,45,45
2018-06-13 14:34:05.283000,0.76301,0.76251,45,45
2018-06-13 14:34:05.831000,0.76295,0.76245,45,450
2018-06-13 14:34:06.246000,0.7629,0.7624,45,45
2018-06-13 14:34:06.581000,0.76265,0.76215,45,307
2018-06-13 14:34:06.905000,0.76236,0.76186,45,307
2018-06-13 14:34:07.030000,0.76225,0.76175,45,307
2018-06-13 14:34:07.392000,0.76235,0.76185,262,187
2018-06-13 14:34:07.531000,0.7626,0.7621,45,187
2018-06-13 14:34:07.633000,0.76255,0.76205,45,307
2018-06-13 14:34:08.204000,0.7626,0.7621,45,45
2018-06-13 14:34:08.531000,0.76265,0.76215,45,307
2018-06-13 14:34:08.981000,0.76275,0.76225,262,750
2018-06-13 14:34:09.138000,0.76285,0.76235,45,307
2018-06-13 14:34:09.426000,0.7629,0.7624,45,45
2018-06-13 14:34:11.663000,0.76301,0.76251,45,45
2018-06-13 14:34:12.752000,0.763,0.7625,45,45
2018-06-13 14:34:13.422000,0.76295,0.76245,45,45
2018-06-13 14:34:15.026000,0.76311,0.76261,45,45
2018-06-13 14:34:15.341000,0.76296,0.76246,45,307
2018-06-13 14:34:15.433000,0.76285,0.76235,45,307
2018-06-13 14:34:15.897000,0.763,0.7625,45,45
2018-06-13 14:34:16.224000,0.76295,0.76245,45,307
2018-06-13 14:34:16.671000,0.76296,0.76246,45,45
2018-06-13 14:34:17.381000,0.7629,0.7624,45,45
2018-06-13 14:34:18.229000,0.7629,0.7624,45,45
2018-06-13 14:34:18.651000,0.76301,0.76251,45,45
2018-06-13 14:34:19.083000,0.76285,0.76235,45,307
2018-06-13 14:34:19.646000,0.76301,0.76251,45,45
2018-06-13 14:34:20.100000,0.7629,0.7624,45,45
2018-06-13 14:34:20.617000,0.76265,0.76215,45,1000
2018-06-13 14:34:21.352000,0.76286,0.76236,307,750
2018-06-13 14:34:21.771000,0.76281,0.76231,45,45
2018-06-13 14:34:22.191000,0.76285,0.76235,262,750
2018-06-13 14:34:22.241000,0.76305,0.76255,45,1000
2018-06-13 14:34:22.342000,0.76311,0.76261,45,750
2018-06-13 14:34:22.670000,0.76305,0.76255,45,307
2018-06-13 14:34:24.581000,0.76326,0.76276,450,45
2018-06-13 14:34:25.054000,0.76311,0.76261,187,45
2018-06-13 14:34:25.841000,0.76305,0.76255,45,750
2018-06-13 14:34:26.311000,0.76311,0.76261,45,45
2018-06-13 14:34:26.631000,0.76316,0.76266,45,45
2018-06-13 14:34:26.943000,0.7631,0.7626,45,45
2018-06-13 14:34:28.386000,0.76301,0.76251,187,307
2018-06-13 14:34:28.490000,0.76306,0.76256,187,45
2018-06-13 14:34:29.050000,0.76316,0.76266,307,45
2018-06-13 14:34:29.964000,0.76315,0.76265,45,45
2018-06-13 14:34:31.087000,0.76321,0.76271,187,45
2018-06-13 14:34:31.557000,0.76315,0.76265,187,307
2018-06-13 14:34:33.328000,0.76321,0.76271,187,45
2018-06-13 14:34:33.791000,0.76315,0.76265,187,307
2018-06-13 14:34:36.780000,0.76325,0.76265,262,262
2018-06-13 14:34:36.831000,0.76325,0.76275,262,45
2018-06-13 14:34:36.980000,0.76325,0.76275,262,45
2018-06-13 14:34:37.031000,0.76325,0.76275,262,45
2018-06-13 14:34:37.082000,0.76335,0.76285,45,307
2018-06-13 14:34:37.229000,0.76336,0.76286,45,45
2018-06-13 14:34:38.373000,0.76335,0.76275,262,262
2018-06-13 14:34:38.423000,0.76335,0.76285,262,45
2018-06-13 14:34:38.664000,0.76355,0.76305,307,750
2018-06-13 14:34:38.829000,0.76346,0.76296,45,750
2018-06-13 14:34:39.137000,0.76325,0.76275,187,307
2018-06-13 14:34:41.322000,0.76341,0.76291,45,45
2018-06-13 14:34:41.921000,0.76335,0.76285,187,45
2018-06-13 14:34:43.700000,0.76325,0.76275,45,307
2018-06-13 14:34:44.505000,0.76331,0.76281,45,45
2018-06-13 14:34:45.252000,0.76325,0.76275,45,375
2018-06-13 14:34:47.099000,0.76346,0.76296,307,45
2018-06-13 14:34:49.036000,0.76341,0.76291,45,45
2018-06-13 14:34:49.365000,0.76335,0.76285,45,450
2018-06-13 14:34:49.975000,0.76341,0.76291,45,45
2018-06-13 14:34:50.688000,0.76335,0.76285,45,450
2018-06-13 14:34:52.952000,0.76341,0.76291,45,45
2018-06-13 14:34:53.717000,0.76336,0.76286,45,187
2018-06-13 14:34:56.387000,0.7633,0.7628,45,45
2018-06-13 14:34:56.861000,0.76325,0.76275,45,307
2018-06-13 14:34:58.532000,0.76341,0.76291,45,45
2018-06-13 14:34:59.045000,0.76335,0.76285,262,45
2018-06-13 14:34:59.244000,0.76351,0.76301,45,45
2018-06-13 14:35:00.090000,0.76346,0.76296,45,45
2018-06-13 14:35:00.500000,0.76355,0.76305,307,45
2018-06-13 14:35:03.187000,0.76351,0.76301,45,45
2018-06-13 14:35:03.635000,0.76355,0.76305,307,45
2018-06-13 14:35:05.634000,0.76351,0.76301,45,45
2018-06-13 14:35:06.114000,0.76355,0.76305,307,45
2018-06-13 14:35:06.570000,0.76346,0.76296,45,45
2018-06-13 14:35:06.903000,0.76351,0.76301,45,45
2018-06-13 14:35:07.208000,0.76355,0.76305,307,45
2018-06-13 14:35:08.337000,0.76351,0.76301,45,45
2018-06-13 14:35:08.713000,0.76366,0.76316,307,45
2018-06-13 14:35:09.264000,0.76376,0.76326,307,45
2018-06-13 14:35:09.876000,0.76374,0.76324,45,45
2018-06-13 14:35:10.212000,0.7638,0.7633,187,45
2018-06-13 14:35:10.588000,0.76385,0.76335,45,45
2018-06-13 14:35:11.886000,0.76391,0.76341,45,45
2018-06-13 14:35:12.337000,0.76385,0.76335,45,450
2018-06-13 14:35:15.776000,0.76385,0.76335,45,307
2018-06-13 14:35:16.457000,0.76396,0.76346,307,187
2018-06-13 14:35:16.860000,0.76385,0.76335,45,307
2018-06-13 14:35:18.309000,0.76376,0.76326,45,45
2018-06-13 14:35:18.653000,0.76366,0.76316,45,45
2018-06-13 14:35:20.370000,0.76376,0.76326,307,45
2018-06-13 14:35:20.754000,0.76375,0.76325,262,45
2018-06-13 14:35:20.839000,0.76374,0.76324,45,45
2018-06-13 14:35:20.956000,0.76375,0.76325,262,45
2018-06-13 14:35:21.057000,0.76391,0.76341,45,45
2018-06-13 14:35:21.691000,0.76385,0.76335,45,450
2018-06-13 14:35:24.016000,0.76385,0.76335,187,307
2018-06-13 14:35:25.353000,0.76376,0.76326,45,45
2018-06-13 14:35:26.856000,0.76374,0.76324,45,45
2018-06-13 14:35:27.330000,0.76391,0.76341,45,45
2018-06-13 14:35:27.939000,0.76385,0.76335,45,307
2018-06-13 14:35:29.974000,0.76395,0.76345,262,45
2018-06-13 14:35:30.061000,0.76406,0.76356,307,45
2018-06-13 14:35:30.159000,0.76395,0.76345,262,45
2018-06-13 14:35:30.211000,0.76411,0.76361,45,45
2018-06-13 14:35:30.380000,0.76415,0.76365,307,45
2018-06-13 14:35:30.975000,0.7641,0.7636,45,45
2018-06-13 14:35:31.295000,0.76415,0.76365,1000,187
2018-06-13 14:35:31.850000,0.76415,0.76365,45,307
2018-06-13 14:35:32.233000,0.76411,0.76361,187,45
2018-06-13 14:35:32.564000,0.76415,0.76365,450,45
2018-06-13 14:35:33.502000,0.76421,0.76371,187,45
2018-06-13 14:35:33.827000,0.76415,0.76365,750,450
2018-06-13 14:35:35.731000,0.76436,0.76386,307,45
2018-06-13 14:35:36.035000,0.76415,0.76365,45,307
2018-06-13 14:35:36.578000,0.76431,0.76381,45,45
2018-06-13 14:35:36.917000,0.76426,0.76376,307,45
2018-06-13 14:35:37.313000,0.76436,0.76386,307,45
2018-06-13 14:35:37.658000,0.76426,0.76376,45,45
2018-06-13 14:35:38.298000,0.7642,0.7637,45,45
2018-06-13 14:35:38.705000,0.76426,0.76376,187,45
2018-06-13 14:35:40.473000,0.76415,0.76365,450,45
2018-06-13 14:35:40.822000,0.76436,0.76386,307,45
2018-06-13 14:35:41.202000,0.7643,0.7638,45,45
2018-06-13 14:35:41.522000,0.76425,0.76375,45,307
2018-06-13 14:35:41.955000,0.76441,0.76391,45,45
2018-06-13 14:35:42.473000,0.76425,0.76375,45,307
2018-06-13 14:35:42.934000,0.7643,0.7638,45,45
2018-06-13 14:35:43.757000,0.76425,0.76375,45,450
2018-06-13 14:35:44.731000,0.76446,0.76396,307,45
2018-06-13 14:35:45.363000,0.76451,0.76401,45,45
2018-06-13 14:35:45.756000,0.76445,0.76395,45,307
2018-06-13 14:35:46.329000,0.7645,0.764,45,45
2018-06-13 14:35:46.865000,0.76445,0.76395,187,307
2018-06-13 14:35:47.827000,0.76451,0.76401,45,45
2018-06-13 14:35:48.153000,0.76445,0.76395,45,307
2018-06-13 14:35:49.684000,0.76451,0.76401,45,45
2018-06-13 14:35:50.380000,0.76435,0.76385,45,450
2018-06-13 14:35:51.218000,0.76445,0.76395,262,45
2018-06-13 14:35:51.269000,0.76455,0.76405,45,307
2018-06-13 14:35:51.332000,0.76461,0.76411,45,45
2018-06-13 14:35:51.727000,0.76456,0.76406,187,45
2018-06-13 14:35:52.372000,0.76455,0.76405,45,307
2018-06-13 14:35:52.786000,0.76461,0.76411,187,45
2018-06-13 14:35:53.190000,0.76455,0.76405,187,450
2018-06-13 14:35:55.122000,0.76445,0.76395,45,307
2018-06-13 14:35:55.752000,0.76446,0.76396,45,45
2018-06-13 14:35:56.702000,0.76436,0.76386,45,45
2018-06-13 14:35:57.704000,0.76421,0.76371,45,375
2018-06-13 14:35:58.146000,0.76415,0.76365,45,307
2018-06-13 14:35:58.758000,0.76431,0.76381,45,45
2018-06-13 14:35:59.080000,0.76415,0.76365,45,307
2018-06-13 14:35:59.409000,0.76421,0.76371,45,45
2018-06-13 14:35:59.739000,0.76415,0.76365,45,307
2018-06-13 14:36:00.570000,0.76436,0.76386,307,45
2018-06-13 14:36:01.378000,0.76415,0.76365,45,307
2018-06-13 14:36:02.254000,0.76421,0.76371,45,45
2018-06-13 14:36:02.784000,0.76415,0.76365,45,307
2018-06-13 14:36:03.758000,0.76436,0.76386,307,45
2018-06-13 14:36:04.156000,0.76431,0.76381,45,45
2018-06-13 14:36:04.495000,0.76415,0.76365,45,307
2018-06-13 14:36:05.422000,0.76436,0.76386,307,45
2018-06-13 14:36:05.770000,0.76431,0.76381,45,187
2018-06-13 14:36:06.147000,0.76421,0.76371,45,45
2018-06-13 14:36:06.460000,0.76426,0.76376,307,45
2018-06-13 14:36:06.796000,0.76425,0.76375,45,307
2018-06-13 14:36:08.713000,0.76431,0.76381,45,45
2018-06-13 14:36:09.057000,0.76425,0.76375,45,45
2018-06-13 14:36:09.854000,0.76435,0.76385,45,450
2018-06-13 14:36:10.337000,0.76441,0.76391,45,375
2018-06-13 14:36:10.792000,0.76435,0.76385,45,187
2018-06-13 14:36:11.122000,0.76456,0.76406,307,45
2018-06-13 14:36:11.781000,0.76451,0.76401,45,45
2018-06-13 14:36:12.579000,0.76445,0.76395,45,187
2018-06-13 14:36:13.135000,0.76451,0.76401,45,187
2018-06-13 14:36:15.812000,0.76435,0.76385,45,307
2018-06-13 14:36:16.139000,0.76441,0.76391,45,187
2018-06-13 14:36:16.743000,0.76425,0.76375,45,637
2018-06-13 14:36:17.723000,0.76431,0.76381,45,45
2018-06-13 14:36:18.051000,0.76425,0.76375,45,450
2018-06-13 14:36:18.663000,0.76431,0.76381,45,45
2018-06-13 14:36:19.452000,0.76415,0.76365,45,450
2018-06-13 14:36:19.933000,0.76431,0.76381,45,187
2018-06-13 14:36:20.394000,0.76415,0.76365,45,450
2018-06-13 14:36:20.734000,0.7642,0.7637,45,45
2018-06-13 14:36:21.511000,0.76421,0.76371,45,187
2018-06-13 14:36:21.860000,0.76415,0.76365,45,187
2018-06-13 14:36:22.864000,0.76415,0.76365,45,45
2018-06-13 14:36:24.380000,0.76415,0.76365,45,307
2018-06-13 14:36:24.924000,0.76411,0.76361,45,187
2018-06-13 14:36:25.263000,0.76415,0.76365,307,45
2018-06-13 14:36:25.595000,0.76411,0.76361,45,45
2018-06-13 14:36:26.873000,0.76415,0.76365,307,187
2018-06-13 14:36:27.345000,0.76395,0.76345,45,307
2018-06-13 14:36:27.898000,0.76415,0.76365,307,45
2018-06-13 14:36:28.513000,0.76401,0.76351,45,307
2018-06-13 14:36:28.709000,0.76396,0.76346,187,45
2018-06-13 14:36:28.760000,0.76395,0.76345,187,307
2018-06-13 14:36:29.096000,0.76385,0.76335,45,307
2018-06-13 14:36:29.457000,0.76385,0.76335,307,45
2018-06-13 14:36:29.806000,0.76381,0.76331,45,45
2018-06-13 14:36:30.240000,0.76385,0.76335,307,187
2018-06-13 14:36:30.950000,0.76376,0.76326,45,187
2018-06-13 14:36:31.255000,0.76385,0.76335,307,45
2018-06-13 14:36:31.614000,0.76371,0.76321,375,45
2018-06-13 14:36:31.973000,0.76355,0.76305,375,307
2018-06-13 14:36:32.624000,0.76361,0.76311,45,187
2018-06-13 14:36:33.082000,0.76355,0.76305,45,45
2018-06-13 14:36:34,0.76326,0.76276,45,307
2018-06-13 14:36:34.144000,0.76336,0.76286,45,307
2018-06-13 14:36:34.263000,0.76325,0.76275,45,307
2018-06-13 14:36:34.481000,0.76331,0.76281,45,45
2018-06-13 14:36:34.940000,0.76325,0.76275,45,307
2018-06-13 14:36:35.267000,0.76315,0.76265,45,307
2018-06-13 14:36:35.633000,0.76336,0.76286,1100,45
2018-06-13 14:36:36,0.76315,0.76265,825,307
2018-06-13 14:36:36.934000,0.76336,0.76286,307,45
2018-06-13 14:36:37.601000,0.76315,0.76265,45,307
2018-06-13 14:36:37.931000,0.76325,0.76275,45,307
2018-06-13 14:36:39.086000,0.76346,0.76296,1100,45
2018-06-13 14:36:40.625000,0.76344,0.76294,45,45
2018-06-13 14:36:40.967000,0.76346,0.76296,45,45
2018-06-13 14:36:41.306000,0.76344,0.76294,45,45
2018-06-13 14:36:41.846000,0.76326,0.76276,45,307
2018-06-13 14:36:41.947000,0.76346,0.76296,45,45
2018-06-13 14:36:42.019000,0.76336,0.76286,45,307
2018-06-13 14:36:42.167000,0.76325,0.76275,45,307
2018-06-13 14:36:42.539000,0.76341,0.76291,45,45
2018-06-13 14:36:45.765000,0.76335,0.76285,45,187
2018-06-13 14:36:46.185000,0.76351,0.76301,45,187
2018-06-13 14:36:52.958000,0.76355,0.76305,307,187
2018-06-13 14:36:53.272000,0.76355,0.76305,45,45
2018-06-13 14:36:53.715000,0.76365,0.76315,45,307
2018-06-13 14:36:54.054000,0.76371,0.76321,45,187
2018-06-13 14:36:54.452000,0.76365,0.76315,45,450
2018-06-13 14:36:54.772000,0.76371,0.76321,45,45
2018-06-13 14:36:55.704000,0.76365,0.76315,45,450
2018-06-13 14:36:56.112000,0.76371,0.76321,45,187
2018-06-13 14:36:56.450000,0.76365,0.76315,45,450
2018-06-13 14:36:56.790000,0.76381,0.76331,45,45
2018-06-13 14:36:57.111000,0.76376,0.76326,45,45
2018-06-13 14:36:58.324000,0.7637,0.7632,45,45
2018-06-13 14:36:59.931000,0.76365,0.76315,45,307
2018-06-13 14:37:00.405000,0.76381,0.76331,45,45
2018-06-13 14:37:01.777000,0.76376,0.76326,187,45
2018-06-13 14:37:02.187000,0.76366,0.76316,45,45
2018-06-13 14:37:02.569000,0.76365,0.76315,45,307
2018-06-13 14:37:03.010000,0.76381,0.76331,45,45
2018-06-13 14:37:04.117000,0.76371,0.76321,45,45
2018-06-13 14:37:04.432000,0.76365,0.76315,45,45
2018-06-13 14:37:04.894000,0.7637,0.7632,45,45
2018-06-13 14:37:05.354000,0.76376,0.76326,45,45
2018-06-13 14:37:05.755000,0.76371,0.76321,45,45
2018-06-13 14:37:07.484000,0.76365,0.76315,45,307
2018-06-13 14:37:08.389000,0.76374,0.76324,45,45
2018-06-13 14:37:08.793000,0.76381,0.76331,45,45
2018-06-13 14:37:09.361000,0.76371,0.76321,45,45
2018-06-13 14:37:09.784000,0.76365,0.76315,45,307
2018-06-13 14:37:12.237000,0.76366,0.76316,45,45
2018-06-13 14:37:12.660000,0.76355,0.76305,307,187
2018-06-13 14:37:13.016000,0.7635,0.763,45,187
2018-06-13 14:37:13.355000,0.76355,0.76305,45,45
2018-06-13 14:37:13.722000,0.76335,0.76285,45,307
2018-06-13 14:37:14.166000,0.76351,0.76301,45,187
2018-06-13 14:37:14.497000,0.76361,0.76311,45,187
2018-06-13 14:37:14.832000,0.76355,0.76305,45,45
2018-06-13 14:37:16.959000,0.76355,0.76305,45,307
2018-06-13 14:37:18.845000,0.7636,0.7631,45,45
2018-06-13 14:37:22.597000,0.76366,0.76316,45,45
2018-06-13 14:37:23.008000,0.76376,0.76326,307,45
2018-06-13 14:37:23.353000,0.76385,0.76335,307,45
2018-06-13 14:37:24.008000,0.76381,0.76331,45,45
2018-06-13 14:37:24.977000,0.76365,0.76315,45,450
2018-06-13 14:37:28.754000,0.7637,0.7632,45,45
2018-06-13 14:37:31.303000,0.76365,0.76315,45,450
2018-06-13 14:37:31.664000,0.76385,0.76335,307,45
2018-06-13 14:37:33.506000,0.76365,0.76315,45,307
2018-06-13 14:37:34.582000,0.76374,0.76324,187,187
2018-06-13 14:37:35.147000,0.76365,0.76315,45,307
2018-06-13 14:37:36.581000,0.7637,0.7632,45,187
2018-06-13 14:37:39.196000,0.76365,0.76315,45,450
2018-06-13 14:37:39.563000,0.76381,0.76331,45,187
2018-06-13 14:37:40.281000,0.76365,0.76315,45,450
2018-06-13 14:37:41.084000,0.7637,0.7632,45,187
2018-06-13 14:37:42.694000,0.76385,0.76335,307,187
2018-06-13 14:37:43.153000,0.76376,0.76326,45,45
2018-06-13 14:37:43.526000,0.76385,0.76335,307,45
2018-06-13 14:37:43.911000,0.76395,0.76345,45,45
2018-06-13 14:37:44.246000,0.7639,0.7634,45,45
2018-06-13 14:37:44.723000,0.76395,0.76345,375,307
2018-06-13 14:37:45.069000,0.76411,0.76361,187,45
2018-06-13 14:37:45.561000,0.76395,0.76345,187,307
2018-06-13 14:37:45.956000,0.76411,0.76361,45,45
2018-06-13 14:37:46.497000,0.76395,0.76345,45,307
2018-06-13 14:37:47.969000,0.76401,0.76351,45,45
2018-06-13 14:37:49.346000,0.76385,0.76335,187,307
2018-06-13 14:37:49.871000,0.76401,0.76351,187,45
2018-06-13 14:37:50.198000,0.76385,0.76335,45,307
2018-06-13 14:37:51.858000,0.76391,0.76341,45,45
2018-06-13 14:37:55.207000,0.76385,0.76335,307,187
2018-06-13 14:37:56.254000,0.76385,0.76335,45,450
2018-06-13 14:37:57.572000,0.76391,0.76341,45,187
2018-06-13 14:37:59.337000,0.76385,0.76335,307,187
2018-06-13 14:38:00.427000,0.76396,0.76346,307,45
2018-06-13 14:38:00.767000,0.76401,0.76351,45,45
2018-06-13 14:38:01.098000,0.76395,0.76345,45,307
2018-06-13 14:38:01.495000,0.76391,0.76341,45,45
2018-06-13 14:38:01.929000,0.76385,0.76335,450,45
2018-06-13 14:38:02.436000,0.76396,0.76346,307,187
2018-06-13 14:38:02.764000,0.76385,0.76335,307,45
2018-06-13 14:38:03.144000,0.76376,0.76326,45,45
2018-06-13 14:38:03.449000,0.7637,0.7632,45,45
2018-06-13 14:38:03.788000,0.76376,0.76326,45,45
2018-06-13 14:38:04.121000,0.76385,0.76335,307,187
2018-06-13 14:38:04.581000,0.76381,0.76331,45,187
2018-06-13 14:38:05.291000,0.76385,0.76335,307,187
2018-06-13 14:38:05.647000,0.76385,0.76335,187,307
2018-06-13 14:38:05.976000,0.76385,0.76335,450,45
2018-06-13 14:38:06.498000,0.76381,0.76331,45,45
2018-06-13 14:38:07.277000,0.76365,0.76315,45,450
2018-06-13 14:38:08.225000,0.7637,0.7632,45,187
2018-06-13 14:38:08.577000,0.76365,0.76315,45,450
2018-06-13 14:38:09.281000,0.7637,0.7632,45,187
2018-06-13 14:38:09.599000,0.76365,0.76315,187,450
2018-06-13 14:38:10.139000,0.76381,0.76331,187,187
2018-06-13 14:38:10.470000,0.7638,0.7633,187,187
2018-06-13 14:38:10.997000,0.76385,0.76335,187,307
2018-06-13 14:38:11.354000,0.76385,0.76335,187,307
2018-06-13 14:38:12.035000,0.76376,0.76326,45,187
2018-06-13 14:38:13.119000,0.7637,0.7632,187,187
2018-06-13 14:38:13.486000,0.76365,0.76315,187,450
2018-06-13 14:38:16.312000,0.7637,0.7632,45,187
2018-06-13 14:38:16.651000,0.76385,0.76335,45,450
2018-06-13 14:38:17.409000,0.7639,0.7634,187,45
2018-06-13 14:38:17.872000,0.76385,0.76335,45,450
2018-06-13 14:38:19.347000,0.76391,0.76341,45,187
2018-06-13 14:38:19.852000,0.76385,0.76335,307,45
2018-06-13 14:38:21.481000,0.7638,0.7633,45,45
2018-06-13 14:38:21.817000,0.76385,0.76335,307,45
2018-06-13 14:38:26.270000,0.76381,0.76331,45,187
2018-06-13 14:38:26.773000,0.76385,0.76335,307,187
2018-06-13 14:38:27.176000,0.76376,0.76326,45,187
2018-06-13 14:38:28.047000,0.76374,0.76324,187,45
2018-06-13 14:38:28.433000,0.76381,0.76331,187,45
2018-06-13 14:38:28.829000,0.76376,0.76326,187,187
2018-06-13 14:38:29.362000,0.7637,0.7632,187,187
2018-06-13 14:38:29.721000,0.76365,0.76315,45,450
2018-06-13 14:38:30.264000,0.7637,0.7632,45,187
2018-06-13 14:38:30.591000,0.76385,0.76335,307,45
2018-06-13 14:38:30.949000,0.7637,0.7632,45,45
2018-06-13 14:38:31.276000,0.76376,0.76326,45,187
2018-06-13 14:38:31.644000,0.76381,0.76331,187,187
2018-06-13 14:38:32.068000,0.76385,0.76335,307,45
2018-06-13 14:38:32.410000,0.76396,0.76346,307,45
2018-06-13 14:38:32.856000,0.76395,0.76345,45,307
2018-06-13 14:38:33.401000,0.76385,0.76335,45,307
2018-06-13 14:38:33.730000,0.7639,0.7634,45,45
2018-06-13 14:38:34.314000,0.76385,0.76335,187,307
2018-06-13 14:38:34.917000,0.76391,0.76341,45,45
2018-06-13 14:38:35.380000,0.76385,0.76335,45,307
2018-06-13 14:38:35.763000,0.7639,0.7634,45,45
2018-06-13 14:38:36.371000,0.76385,0.76335,45,307
2018-06-13 14:38:36.702000,0.76391,0.76341,45,45
2018-06-13 14:38:37.092000,0.76385,0.76335,307,45
2018-06-13 14:38:37.434000,0.76385,0.76335,45,45
2018-06-13 14:38:38.021000,0.76391,0.76341,45,45
2018-06-13 14:38:39.115000,0.76385,0.76335,45,450
2018-06-13 14:38:39.960000,0.76406,0.76356,307,45
2018-06-13 14:38:40.336000,0.76401,0.76351,45,45
2018-06-13 14:38:42.840000,0.76396,0.76346,45,45
2018-06-13 14:38:44.034000,0.76391,0.76341,45,45
2018-06-13 14:38:46.488000,0.76385,0.76335,307,187
2018-06-13 14:38:46.946000,0.76385,0.76335,45,45
2018-06-13 14:38:47.353000,0.76391,0.76341,45,45
2018-06-13 14:38:48.395000,0.76385,0.76335,45,307
2018-06-13 14:38:48.998000,0.76391,0.76341,45,45
2018-06-13 14:38:49.299000,0.76396,0.76346,450,45
2018-06-13 14:38:49.617000,0.76385,0.76335,307,45
2018-06-13 14:38:52.071000,0.76385,0.76335,262,187
2018-06-13 14:38:52.368000,0.76395,0.76345,45,450
2018-06-13 14:38:53.463000,0.76401,0.76351,45,187
2018-06-13 14:38:54.118000,0.76385,0.76335,45,307
2018-06-13 14:38:54.469000,0.76401,0.76351,45,45
2018-06-13 14:38:54.790000,0.76391,0.76341,45,45
2018-06-13 14:38:55.354000,0.76385,0.76335,307,45
2018-06-13 14:38:57.058000,0.7638,0.7633,187,187
2018-06-13 14:38:58.043000,0.76385,0.76335,45,450
2018-06-13 14:38:58.576000,0.7639,0.7634,45,187
2018-06-13 14:38:59.752000,0.76396,0.76346,187,45
2018-06-13 14:39:00.390000,0.76401,0.76351,45,45
2018-06-13 14:39:02.405000,0.76391,0.76341,45,45
2018-06-13 14:39:03.244000,0.76385,0.76335,187,45
2018-06-13 14:39:03.593000,0.7638,0.7633,187,45
2018-06-13 14:39:04.038000,0.76385,0.76335,45,307
2018-06-13 14:39:04.801000,0.76401,0.76351,45,45
2018-06-13 14:39:05.207000,0.76395,0.76345,187,45
2018-06-13 14:39:05.539000,0.764,0.7635,187,45
2018-06-13 14:39:06.246000,0.76395,0.76345,562,307
2018-06-13 14:39:06.658000,0.764,0.7635,562,45
2018-06-13 14:39:07.479000,0.76395,0.76345,562,307
2018-06-13 14:39:07.813000,0.76411,0.76361,45,45
2018-06-13 14:39:08.144000,0.76395,0.76345,562,307
2018-06-13 14:39:08.621000,0.76411,0.76361,750,187
2018-06-13 14:39:09.113000,0.76415,0.76365,1000,187
2018-06-13 14:39:10.274000,0.7641,0.7636,562,187
2018-06-13 14:39:10.655000,0.76415,0.76365,450,187
2018-06-13 14:39:13.002000,0.76406,0.76356,45,187
2018-06-13 14:39:15.746000,0.76396,0.76346,187,45
2018-06-13 14:39:16.339000,0.7639,0.7634,45,45
2018-06-13 14:39:16.685000,0.76411,0.76361,187,45
2018-06-13 14:39:18.149000,0.76406,0.76356,187,45
2018-06-13 14:39:20.701000,0.76401,0.76351,45,45
2018-06-13 14:39:21.921000,0.76395,0.76345,45,307
2018-06-13 14:39:22.369000,0.76401,0.76351,45,45
2018-06-13 14:39:22.902000,0.76396,0.76346,187,45
2018-06-13 14:39:24.338000,0.7639,0.7634,45,45
2018-06-13 14:39:26.817000,0.76385,0.76335,187,307
2018-06-13 14:39:27.268000,0.76401,0.76351,45,45
2018-06-13 14:39:27.882000,0.76396,0.76346,187,45
2018-06-13 14:39:28.194000,0.7639,0.7634,45,45
2018-06-13 14:39:28.510000,0.76396,0.76346,45,45
2018-06-13 14:39:29.210000,0.7639,0.7634,187,45
2018-06-13 14:39:29.606000,0.76385,0.76335,45,307
2018-06-13 14:39:29.991000,0.76385,0.76335,307,45
2018-06-13 14:39:32.955000,0.76376,0.76326,45,45
2018-06-13 14:39:34.655000,0.76371,0.76321,187,187
2018-06-13 14:39:35.072000,0.76355,0.76305,45,307
2018-06-13 14:39:35.638000,0.7636,0.7631,45,187
2018-06-13 14:39:35.954000,0.76355,0.76305,45,450
2018-06-13 14:39:36.874000,0.76361,0.76311,45,45
2018-06-13 14:39:37.355000,0.76355,0.76305,307,45
2018-06-13 14:39:37.656000,0.76351,0.76301,45,187
2018-06-13 14:39:37.979000,0.76335,0.76285,45,450
2018-06-13 14:39:38.435000,0.76316,0.76266,45,307
2018-06-13 14:39:38.656000,0.76305,0.76255,45,45
2018-06-13 14:39:38.706000,0.76311,0.76261,45,45
2018-06-13 14:39:39.713000,0.76295,0.76245,187,1800
2018-06-13 14:39:40.078000,0.76305,0.76255,45,307
2018-06-13 14:39:40.413000,0.76311,0.76261,45,45
2018-06-13 14:39:41.336000,0.76306,0.76256,187,1500
2018-06-13 14:39:41.638000,0.76311,0.76261,187,1400
2018-06-13 14:39:43.503000,0.76305,0.76255,187,1400
2018-06-13 14:39:44.180000,0.76315,0.76265,45,307
2018-06-13 14:39:44.560000,0.7632,0.7627,45,45
2018-06-13 14:39:45.920000,0.76325,0.76275,187,187
2018-06-13 14:39:47.005000,0.76331,0.76281,45,45
2018-06-13 14:39:47.514000,0.76341,0.76291,187,45
2018-06-13 14:39:48.048000,0.76335,0.76285,45,450
2018-06-13 14:39:49.495000,0.7634,0.7629,45,45
2018-06-13 14:39:50.190000,0.76355,0.76305,307,45
2018-06-13 14:39:50.632000,0.76351,0.76301,45,45
2018-06-13 14:39:51.218000,0.76346,0.76296,45,45
2018-06-13 14:39:51.684000,0.76341,0.76291,45,45
2018-06-13 14:39:52.662000,0.76335,0.76285,45,450
2018-06-13 14:39:55.958000,0.7634,0.7629,45,45
2018-06-13 14:39:58.732000,0.76346,0.76296,45,45
2018-06-13 14:40:00.637000,0.7634,0.7629,45,45
2018-06-13 14:40:00.947000,0.76355,0.76305,307,45
2018-06-13 14:40:01.385000,0.76346,0.76296,45,45
2018-06-13 14:40:02.245000,0.76325,0.76275,45,307
2018-06-13 14:40:05.209000,0.76335,0.76285,262,45
2018-06-13 14:40:05.311000,0.76346,0.76296,450,45
2018-06-13 14:40:05.570000,0.7634,0.7629,45,187
2018-06-13 14:40:06.805000,0.76335,0.76285,45,450
2018-06-13 14:40:07.230000,0.76351,0.76301,45,45
2018-06-13 14:40:08.503000,0.76355,0.76305,307,45
2018-06-13 14:40:10.628000,0.76335,0.76285,45,307
2018-06-13 14:40:10.973000,0.7634,0.7629,45,45
2018-06-13 14:40:11.304000,0.76355,0.76305,307,45
2018-06-13 14:40:12.012000,0.7635,0.763,45,187
2018-06-13 14:40:12.435000,0.76355,0.76305,45,45
2018-06-13 14:40:13.064000,0.76371,0.76321,45,45
2018-06-13 14:40:13.512000,0.76355,0.76305,45,307
2018-06-13 14:40:13.942000,0.76371,0.76321,45,45
2018-06-13 14:40:14.286000,0.76385,0.76335,307,45
2018-06-13 14:40:15.067000,0.7638,0.7633,45,45
2018-06-13 14:40:15.514000,0.76385,0.76335,45,45
2018-06-13 14:40:16.195000,0.76401,0.76351,45,45
2018-06-13 14:40:16.602000,0.76385,0.76335,45,307
2018-06-13 14:40:17.379000,0.7639,0.7634,45,45
2018-06-13 14:40:20.774000,0.76395,0.76345,187,45
2018-06-13 14:40:21.250000,0.76396,0.76346,45,45
2018-06-13 14:40:21.653000,0.76391,0.76341,45,45
2018-06-13 14:40:22.411000,0.76385,0.76335,307,45
2018-06-13 14:40:22.769000,0.76381,0.76331,45,45
2018-06-13 14:40:23.484000,0.76396,0.76346,307,45
2018-06-13 14:40:26.150000,0.76401,0.76351,45,45
2018-06-13 14:40:26.739000,0.76395,0.76345,187,307
2018-06-13 14:40:29.202000,0.76401,0.76351,45,45
2018-06-13 14:40:33.218000,0.76385,0.76335,187,307
2018-06-13 14:40:34.662000,0.76385,0.76335,45,637
2018-06-13 14:40:35.776000,0.76381,0.76331,45,375
2018-06-13 14:40:36.144000,0.76376,0.76326,45,45
2018-06-13 14:40:40.574000,0.7637,0.7632,45,45
2018-06-13 14:40:40.908000,0.76365,0.76315,45,307
2018-06-13 14:40:47.761000,0.76375,0.76315,262,262
2018-06-13 14:40:47.811000,0.76375,0.76325,262,45
2018-06-13 14:40:47.979000,0.76385,0.76335,45,307
2018-06-13 14:40:50.713000,0.76391,0.76341,45,45
2018-06-13 14:40:51.014000,0.76385,0.76335,307,45
2018-06-13 14:40:53.213000,0.7638,0.7633,45,45
2018-06-13 14:40:53.631000,0.76385,0.76335,307,45
2018-06-13 14:40:54.340000,0.76365,0.76315,45,307
2018-06-13 14:40:54.662000,0.76371,0.76321,45,45
2018-06-13 14:40:55.734000,0.76355,0.76305,187,307
2018-06-13 14:40:57.954000,0.76371,0.76321,45,45
2018-06-13 14:40:58.701000,0.76365,0.76315,45,45
2018-06-13 14:40:59.330000,0.76371,0.76321,45,45
2018-06-13 14:40:59.775000,0.76361,0.76311,187,825
2018-06-13 14:41:00.424000,0.76355,0.76305,45,450
2018-06-13 14:41:03.153000,0.76365,0.76315,45,307
2018-06-13 14:41:03.493000,0.76366,0.76316,45,45
2018-06-13 14:41:09.299000,0.76365,0.76315,262,45
2018-06-13 14:41:09.563000,0.76385,0.76335,307,45
2018-06-13 14:41:11.031000,0.76381,0.76331,45,45
2018-06-13 14:41:11.489000,0.76385,0.76335,450,45
2018-06-13 14:41:11.969000,0.76381,0.76331,45,45
2018-06-13 14:41:12.331000,0.76385,0.76335,307,45
2018-06-13 14:41:12.650000,0.76381,0.76331,45,45
2018-06-13 14:41:12.990000,0.76385,0.76335,307,45
2018-06-13 14:41:13.491000,0.76376,0.76326,187,45
2018-06-13 14:41:14.758000,0.76355,0.76305,45,45
2018-06-13 14:41:17.902000,0.76361,0.76311,45,45
2018-06-13 14:41:19.087000,0.76355,0.76305,187,45
2018-06-13 14:41:19.681000,0.76361,0.76311,187,45
2018-06-13 14:41:20.161000,0.76355,0.76305,45,45
2018-06-13 14:41:22.443000,0.76361,0.76311,45,45
2018-06-13 14:41:23.191000,0.76355,0.76305,187,45
2018-06-13 14:41:27.327000,0.76355,0.76305,45,307
2018-06-13 14:41:34.127000,0.76365,0.76315,45,307
2018-06-13 14:41:34.596000,0.76371,0.76321,45,45
2018-06-13 14:41:35.310000,0.76355,0.76305,45,307
2018-06-13 14:41:35.643000,0.76355,0.76305,307,45
2018-06-13 14:41:36.101000,0.76351,0.76301,45,187
2018-06-13 14:41:36.790000,0.76336,0.76286,45,187
2018-06-13 14:41:37.372000,0.76326,0.76276,45,45
2018-06-13 14:41:37.817000,0.76311,0.76261,187,307
2018-06-13 14:41:38.086000,0.76311,0.76261,187,45
2018-06-13 14:41:38.136000,0.76306,0.76256,45,1500
2018-06-13 14:41:38.449000,0.76281,0.76231,45,1800
2018-06-13 14:41:38.546000,0.76281,0.76231,45,1500
2018-06-13 14:41:38.597000,0.76275,0.76225,45,307
2018-06-13 14:41:38.898000,0.76281,0.76231,45,45
2018-06-13 14:41:39.491000,0.76275,0.76225,45,307
2018-06-13 14:41:39.818000,0.76281,0.76231,45,45
2018-06-13 14:41:40.151000,0.76275,0.76225,45,45
2018-06-13 14:41:40.479000,0.76279,0.76229,45,45
2018-06-13 14:41:40.860000,0.76275,0.76225,187,307
2018-06-13 14:41:41.313000,0.76281,0.76231,45,45
2018-06-13 14:41:41.804000,0.76275,0.76225,45,307
2018-06-13 14:41:42.135000,0.76285,0.76235,45,307
2018-06-13 14:41:42.459000,0.76286,0.76236,45,45
2018-06-13 14:41:42.778000,0.76265,0.76215,45,307
2018-06-13 14:41:43.122000,0.76275,0.76225,187,45
2018-06-13 14:41:43.449000,0.76276,0.76226,187,45
2018-06-13 14:41:44.285000,0.7627,0.7622,45,45
2018-06-13 14:41:44.606000,0.76275,0.76225,187,45
2018-06-13 14:41:44.914000,0.76276,0.76226,187,45
2018-06-13 14:41:45.276000,0.76266,0.76216,45,45
2018-06-13 14:41:46.902000,0.76276,0.76226,307,45
2018-06-13 14:41:47.410000,0.7626,0.7621,45,45
2018-06-13 14:41:47.764000,0.76255,0.76205,45,45
2018-06-13 14:41:49.178000,0.76271,0.76221,45,45
2018-06-13 14:41:49.536000,0.76266,0.76216,45,45
2018-06-13 14:41:49.884000,0.7626,0.7621,45,45
2018-06-13 14:41:50.667000,0.76265,0.76215,45,45
2018-06-13 14:41:51.056000,0.7626,0.7621,45,45
2018-06-13 14:41:51.485000,0.76255,0.76205,45,307
2018-06-13 14:41:52.013000,0.7626,0.7621,45,45
2018-06-13 14:41:52.374000,0.76255,0.76205,187,637
2018-06-13 14:41:53.113000,0.76265,0.76215,45,307
2018-06-13 14:41:54.776000,0.7627,0.7622,45,45
2018-06-13 14:41:55.380000,0.76265,0.76215,45,307
2018-06-13 14:41:55.810000,0.76281,0.76231,45,45
2018-06-13 14:41:56.216000,0.76286,0.76236,307,45
2018-06-13 14:41:56.653000,0.76296,0.76246,307,45
2018-06-13 14:41:57.052000,0.7629,0.7624,45,45
2018-06-13 14:41:57.540000,0.76285,0.76235,45,307
2018-06-13 14:41:58.645000,0.7629,0.7624,45,45
2018-06-13 14:41:59.080000,0.76285,0.76235,45,307
2018-06-13 14:41:59.773000,0.76295,0.76245,45,307
2018-06-13 14:42:00.084000,0.76301,0.76251,45,45
2018-06-13 14:42:02.779000,0.76295,0.76245,45,450
2018-06-13 14:42:04.794000,0.763,0.7625,45,45
2018-06-13 14:42:06.114000,0.76305,0.76255,45,307
2018-06-13 14:42:07.578000,0.7631,0.7626,45,45
2018-06-13 14:42:08.071000,0.76315,0.76265,45,307
2018-06-13 14:42:08.491000,0.76321,0.76271,45,45
2018-06-13 14:42:08.953000,0.76315,0.76265,45,307
2018-06-13 14:42:09.367000,0.76321,0.76271,45,45
2018-06-13 14:42:09.691000,0.76315,0.76265,45,450
2018-06-13 14:42:10.024000,0.76295,0.76245,45,450
2018-06-13 14:42:10.351000,0.763,0.7625,45,45
2018-06-13 14:42:10.681000,0.76295,0.76245,45,307
2018-06-13 14:42:11.313000,0.763,0.7625,45,45
2018-06-13 14:42:11.673000,0.76295,0.76245,45,307
2018-06-13 14:42:12.461000,0.76305,0.76255,45,307
2018-06-13 14:42:12.974000,0.76306,0.76256,45,45
2018-06-13 14:42:13.325000,0.76311,0.76261,45,45
2018-06-13 14:42:13.664000,0.76305,0.76255,45,45
2018-06-13 14:42:14.128000,0.76306,0.76256,45,45
2018-06-13 14:42:15.167000,0.76296,0.76246,45,45
2018-06-13 14:42:15.552000,0.76286,0.76236,45,187
2018-06-13 14:42:18.120000,0.76276,0.76226,45,187
2018-06-13 14:42:19.072000,0.76255,0.76205,45,307
2018-06-13 14:42:19.681000,0.76265,0.76215,45,307
2018-06-13 14:42:20.013000,0.76255,0.76205,45,307
2018-06-13 14:42:21.048000,0.76275,0.76225,187,45
2018-06-13 14:42:21.394000,0.76281,0.76231,187,45
2018-06-13 14:42:22.003000,0.76275,0.76225,45,307
2018-06-13 14:42:22.308000,0.76265,0.76215,45,307
2018-06-13 14:42:22.649000,0.76281,0.76231,45,187
2018-06-13 14:42:22.995000,0.76265,0.76215,45,450
2018-06-13 14:42:23.517000,0.7627,0.7622,45,45
2018-06-13 14:42:24.002000,0.76265,0.76215,187,307
2018-06-13 14:42:25.045000,0.7627,0.7622,45,45
2018-06-13 14:42:25.609000,0.76265,0.76215,45,307
2018-06-13 14:42:26.180000,0.76275,0.76225,45,307
2018-06-13 14:42:26.521000,0.76281,0.76231,45,45
2018-06-13 14:42:26.899000,0.76276,0.76226,45,187
2018-06-13 14:42:28.446000,0.7627,0.7622,45,45
2018-06-13 14:42:28.780000,0.76266,0.76216,45,187
2018-06-13 14:42:29.093000,0.76271,0.76221,45,187
2018-06-13 14:42:29.565000,0.76265,0.76215,45,45
2018-06-13 14:42:29.875000,0.76271,0.76221,45,45
2018-06-13 14:42:30.369000,0.76265,0.76215,45,450
2018-06-13 14:42:30.748000,0.76271,0.76221,45,45
2018-06-13 14:42:31.479000,0.76265,0.76215,45,450
2018-06-13 14:42:32.089000,0.76271,0.76221,45,45
2018-06-13 14:42:33.721000,0.7626,0.7621,45,187
2018-06-13 14:42:34.061000,0.76255,0.76205,45,307
2018-06-13 14:42:35.400000,0.7626,0.7621,45,45
2018-06-13 14:42:36.396000,0.76255,0.76205,45,450
2018-06-13 14:42:36.786000,0.7626,0.7621,45,375
2018-06-13 14:42:37.122000,0.76255,0.76205,45,307
2018-06-13 14:42:37.582000,0.7626,0.7621,45,45
2018-06-13 14:42:38.192000,0.76265,0.76215,45,307
2018-06-13 14:42:38.517000,0.76275,0.76225,45,307
2018-06-13 14:42:39.501000,0.76276,0.76226,45,45
2018-06-13 14:42:40.412000,0.76271,0.76221,45,45
2018-06-13 14:42:40.824000,0.76255,0.76205,45,307
2018-06-13 14:42:41.544000,0.76276,0.76226,307,45
2018-06-13 14:42:42.467000,0.76271,0.76221,45,45
2018-06-13 14:42:42.851000,0.76265,0.76215,45,45
2018-06-13 14:42:43.461000,0.76271,0.76221,45,187
2018-06-13 14:42:43.978000,0.76265,0.76215,45,187
2018-06-13 14:42:44.452000,0.76271,0.76221,45,45
2018-06-13 14:42:44.845000,0.76265,0.76215,45,307
2018-06-13 14:42:49.108000,0.76275,0.76225,262,45
2018-06-13 14:42:49.320000,0.76285,0.76235,45,307
2018-06-13 14:42:50.233000,0.7629,0.7624,45,45
2018-06-13 14:42:51.320000,0.76286,0.76236,45,45
2018-06-13 14:42:53.509000,0.76281,0.76231,375,45
2018-06-13 14:42:53.842000,0.76265,0.76215,375,307
2018-06-13 14:42:54.201000,0.76281,0.76231,375,45
2018-06-13 14:42:54.520000,0.76265,0.76215,375,307
2018-06-13 14:42:57.146000,0.76281,0.76231,45,45
2018-06-13 14:42:59.093000,0.76275,0.76225,375,307
2018-06-13 14:43:00.364000,0.76265,0.76215,375,45
2018-06-13 14:43:00.677000,0.76286,0.76236,307,45
2018-06-13 14:43:01.944000,0.76281,0.76231,375,45
2018-06-13 14:43:02.419000,0.76275,0.76225,375,307
2018-06-13 14:43:04.201000,0.7629,0.7624,375,45
2018-06-13 14:43:04.670000,0.76285,0.76235,187,307
2018-06-13 14:43:05.086000,0.76275,0.76225,187,307
2018-06-13 14:43:05.414000,0.7629,0.7624,187,45
2018-06-13 14:43:05.746000,0.76301,0.76251,187,45
2018-06-13 14:43:07.716000,0.76295,0.76245,187,307
2018-06-13 14:43:08.328000,0.76281,0.76231,45,307
2018-06-13 14:43:08.590000,0.76281,0.76231,45,45
2018-06-13 14:43:09.511000,0.76275,0.76225,45,307
2018-06-13 14:43:10.858000,0.7627,0.7622,45,45
2018-06-13 14:43:12.688000,0.7629,0.7624,45,45
2018-06-13 14:43:15.093000,0.76281,0.76231,45,45
2018-06-13 14:43:15.499000,0.76275,0.76225,45,307
2018-06-13 14:43:15.829000,0.76279,0.76229,45,45
2018-06-13 14:43:16.264000,0.76285,0.76235,187,307
2018-06-13 14:43:16.760000,0.76275,0.76225,187,307
2018-06-13 14:43:17.687000,0.76285,0.76235,45,45
2018-06-13 14:43:18.197000,0.7629,0.7624,45,45
2018-06-13 14:43:18.805000,0.76285,0.76235,45,307
2018-06-13 14:43:20.246000,0.7629,0.7624,45,45
2018-06-13 14:43:20.695000,0.76285,0.76235,45,307
2018-06-13 14:43:21.304000,0.76301,0.76251,45,45
2018-06-13 14:43:21.844000,0.763,0.7625,45,45
2018-06-13 14:43:23.462000,0.76305,0.76255,45,45
2018-06-13 14:43:23.821000,0.76311,0.76261,45,45
2018-06-13 14:43:24.175000,0.76295,0.76245,45,307
2018-06-13 14:43:24.555000,0.76311,0.76261,45,45
2018-06-13 14:43:25.519000,0.76305,0.76255,45,307
2018-06-13 14:43:25.834000,0.76311,0.76261,45,45
2018-06-13 14:43:27.423000,0.76305,0.76255,187,45
2018-06-13 14:43:27.903000,0.76321,0.76271,45,45
2018-06-13 14:43:28.222000,0.76305,0.76255,45,307
2018-06-13 14:43:28.553000,0.76315,0.76265,45,307
2018-06-13 14:43:29.810000,0.76305,0.76255,45,307
2018-06-13 14:43:30.390000,0.76326,0.76276,307,45
2018-06-13 14:43:31.012000,0.76305,0.76255,45,307
2018-06-13 14:43:31.418000,0.76321,0.76271,45,45
2018-06-13 14:43:31.856000,0.76315,0.76265,45,307
2018-06-13 14:43:32.245000,0.76321,0.76271,45,45
2018-06-13 14:43:32.969000,0.76315,0.76265,45,45
2018-06-13 14:43:33.353000,0.76316,0.76266,45,45
2018-06-13 14:43:34.595000,0.76306,0.76256,45,45
2018-06-13 14:43:34.948000,0.76305,0.76255,45,45
2018-06-13 14:43:35.488000,0.76295,0.76245,187,307
2018-06-13 14:43:37.155000,0.76296,0.76246,45,45
2018-06-13 14:43:37.475000,0.7629,0.7624,45,45
2018-06-13 14:43:38.711000,0.76281,0.76231,45,307
2018-06-13 14:43:38.762000,0.76281,0.76231,45,45
2018-06-13 14:43:38.863000,0.76275,0.76225,45,307
2018-06-13 14:43:39.249000,0.7629,0.7624,45,45
2018-06-13 14:43:39.742000,0.76286,0.76236,187,45
2018-06-13 14:43:40.098000,0.76281,0.76231,45,45
2018-06-13 14:43:41.524000,0.76275,0.76225,45,307
2018-06-13 14:43:45.242000,0.7629,0.7624,45,45
2018-06-13 14:43:46.115000,0.76275,0.76225,187,307
2018-06-13 14:43:46.883000,0.76279,0.76229,45,45
2018-06-13 14:43:47.399000,0.76286,0.76236,187,45
2018-06-13 14:43:48.246000,0.76279,0.76229,45,45
2018-06-13 14:43:48.588000,0.76275,0.76225,187,307
2018-06-13 14:43:49.009000,0.76285,0.76235,187,307
2018-06-13 14:43:50.884000,0.76306,0.76256,307,45
2018-06-13 14:43:51.754000,0.76311,0.76261,45,187
2018-06-13 14:43:52.091000,0.76305,0.76255,45,450
2018-06-13 14:43:54.936000,0.76296,0.76246,45,307
2018-06-13 14:43:55.056000,0.76306,0.76256,45,45
2018-06-13 14:43:55.277000,0.763,0.7625,45,45
2018-06-13 14:43:55.601000,0.76306,0.76256,45,45
2018-06-13 14:43:56.091000,0.76311,0.76261,45,45
2018-06-13 14:43:58.807000,0.76295,0.76245,45,307
2018-06-13 14:44:00.542000,0.763,0.7625,45,45
2018-06-13 14:44:00.888000,0.76305,0.76255,187,307
2018-06-13 14:44:01.450000,0.76311,0.76261,45,45
2018-06-13 14:44:02.799000,0.76305,0.76255,45,307
2018-06-13 14:44:03.758000,0.7631,0.7626,45,45
2018-06-13 14:44:04.069000,0.76315,0.76265,45,307
2018-06-13 14:44:04.483000,0.76331,0.76281,45,45
2018-06-13 14:44:05.155000,0.76315,0.76265,45,307
2018-06-13 14:44:08.046000,0.76316,0.76266,45,45
2018-06-13 14:44:08.549000,0.76295,0.76245,187,307
2018-06-13 14:44:09.055000,0.763,0.7625,45,45
2018-06-13 14:44:10.340000,0.76295,0.76245,187,307
2018-06-13 14:44:11.480000,0.763,0.7625,45,45
2018-06-13 14:44:14.167000,0.76305,0.76255,187,307
2018-06-13 14:44:15.136000,0.76306,0.76256,45,45
2018-06-13 14:44:15.649000,0.76311,0.76261,45,45
2018-06-13 14:44:16.280000,0.76305,0.76255,45,307
2018-06-13 14:44:16.586000,0.7631,0.7626,45,45
2018-06-13 14:44:18.440000,0.76315,0.76265,45,307
2018-06-13 14:44:21.362000,0.76336,0.76286,307,45
2018-06-13 14:44:21.776000,0.76331,0.76281,45,45
2018-06-13 14:44:22.121000,0.76325,0.76275,45,307
2018-06-13 14:44:22.452000,0.76341,0.76291,45,45
2018-06-13 14:44:22.755000,0.76325,0.76275,45,307
2018-06-13 14:44:23.271000,0.76346,0.76296,307,45
2018-06-13 14:44:23.771000,0.76325,0.76275,45,307
2018-06-13 14:44:24.334000,0.76331,0.76281,45,45
2018-06-13 14:44:24.761000,0.76325,0.76275,45,307
2018-06-13 14:44:25.461000,0.76341,0.76291,45,45
2018-06-13 14:44:26.326000,0.76346,0.76296,307,45
2018-06-13 14:44:28.587000,0.7634,0.7629,45,45
2018-06-13 14:44:29.434000,0.76341,0.76291,187,45
2018-06-13 14:44:29.756000,0.76325,0.76275,45,307
2018-06-13 14:44:33.983000,0.76331,0.76281,45,45
2018-06-13 14:44:34.702000,0.76326,0.76276,45,45
2018-06-13 14:44:35.145000,0.7632,0.7627,45,45
2018-06-13 14:44:35.711000,0.76315,0.76265,45,307
2018-06-13 14:44:36.042000,0.76331,0.76281,45,45
2018-06-13 14:44:38.804000,0.76315,0.76265,187,307
2018-06-13 14:44:39.109000,0.76341,0.76291,187,45
2018-06-13 14:44:39.457000,0.76331,0.76281,187,45
2018-06-13 14:44:41.436000,0.7633,0.7628,45,45
2018-06-13 14:44:41.828000,0.76325,0.76275,187,307
2018-06-13 14:44:42.147000,0.76335,0.76285,45,45
2018-06-13 14:44:42.577000,0.76341,0.76291,45,45
2018-06-13 14:44:43.067000,0.76335,0.76285,187,307
2018-06-13 14:44:44.664000,0.7634,0.7629,45,45
2018-06-13 14:44:46.244000,0.76355,0.76305,450,45
2018-06-13 14:44:46.579000,0.7635,0.763,45,45
2018-06-13 14:44:46.980000,0.76355,0.76305,45,307
2018-06-13 14:44:47.418000,0.76371,0.76321,45,45
2018-06-13 14:44:47.803000,0.76365,0.76315,187,307
2018-06-13 14:44:49.171000,0.76371,0.76321,45,45
2018-06-13 14:44:49.725000,0.76355,0.76305,45,307
2018-06-13 14:44:50.659000,0.76376,0.76326,307,45
2018-06-13 14:44:51.901000,0.7637,0.7632,45,45
2018-06-13 14:44:52.287000,0.76385,0.76335,307,45
2018-06-13 14:44:52.667000,0.76381,0.76331,45,375
2018-06-13 14:44:53.036000,0.76385,0.76335,307,375
2018-06-13 14:44:53.453000,0.7638,0.7633,45,45
2018-06-13 14:44:54.383000,0.76385,0.76335,450,45
2018-06-13 14:44:54.732000,0.76385,0.76335,45,45
2018-06-13 14:44:55.044000,0.76385,0.76335,45,307
2018-06-13 14:44:55.383000,0.76391,0.76341,45,45
2018-06-13 14:44:55.959000,0.76385,0.76335,187,45
2018-06-13 14:44:57.416000,0.7638,0.7633,45,45
2018-06-13 14:44:58.137000,0.76366,0.76316,45,307
2018-06-13 14:44:58.258000,0.76371,0.76321,45,307
2018-06-13 14:44:58.405000,0.76366,0.76316,45,307
2018-06-13 14:44:58.489000,0.76366,0.76316,45,45
2018-06-13 14:44:58.589000,0.76371,0.76321,45,45
2018-06-13 14:44:58.989000,0.76355,0.76305,262,45
2018-06-13 14:44:59.039000,0.76355,0.76305,307,45
2018-06-13 14:45:00.731000,0.76361,0.76311,45,45
