time,ask,bid,ask_volume,bid_volume
2018-11-21 15:25:01.002000,0.6318,0.6313,75,100
2018-11-21 15:25:01.395000,0.63186,0.63136,75,100
2018-11-21 15:25:01.710000,0.63185,0.63135,75,100
2018-11-21 15:25:02.054000,0.63201,0.63151,75,100
2018-11-21 15:25:04.195000,0.63196,0.63146,75,126
2018-11-21 15:25:06.219000,0.63195,0.63145,75,450
2018-11-21 15:25:06.678000,0.63201,0.63151,75,126
2018-11-21 15:25:07.315000,0.63186,0.63136,75,126
2018-11-21 15:25:07.667000,0.63191,0.63141,75,126
2018-11-21 15:25:08.602000,0.63175,0.63125,75,525
2018-11-21 15:25:08.928000,0.63191,0.63141,75,126
2018-11-21 15:25:09.296000,0.63175,0.63125,75,487
2018-11-21 15:25:09.624000,0.63176,0.63126,75,100
2018-11-21 15:25:09.971000,0.63175,0.63125,75,337
2018-11-21 15:25:10.530000,0.63181,0.63131,75,100
2018-11-21 15:25:10.973000,0.63165,0.63115,75,337
2018-11-21 15:25:11.408000,0.63186,0.63136,337,100
2018-11-21 15:25:11.748000,0.63165,0.63115,75,337
2018-11-21 15:25:12.241000,0.6317,0.6312,75,100
2018-11-21 15:25:12.707000,0.63165,0.63115,75,337
2018-11-21 15:25:13.958000,0.63165,0.63115,75,221
2018-11-21 15:25:14.153000,0.63161,0.63111,75,100
2018-11-21 15:25:14.204000,0.63155,0.63105,75,100
2018-11-21 15:25:14.687000,0.63161,0.63111,75,100
2018-11-21 15:25:15.022000,0.63145,0.63095,75,337
2018-11-21 15:25:15.349000,0.6315,0.631,75,100
2018-11-21 15:25:15.684000,0.63145,0.63095,75,337
2018-11-21 15:25:16.215000,0.63161,0.63111,75,100
2018-11-21 15:25:18.750000,0.63155,0.63105,75,375
2018-11-21 15:25:19.292000,0.63161,0.63111,75,100
2018-11-21 15:25:19.705000,0.63145,0.63095,75,337
2018-11-21 15:25:20.035000,0.63151,0.63101,75,100
2018-11-21 15:25:21.505000,0.63146,0.63096,75,100
2018-11-21 15:25:23.486000,0.63141,0.63091,75,100
2018-11-21 15:25:24.493000,0.63125,0.63075,75,525
2018-11-21 15:25:26.920000,0.63141,0.63091,75,100
2018-11-21 15:25:27.423000,0.63135,0.63085,112,375
2018-11-21 15:25:28.412000,0.63156,0.63106,75,100
2018-11-21 15:25:29.841000,0.63151,0.63101,75,100
2018-11-21 15:25:30.248000,0.63146,0.63096,75,126
2018-11-21 15:25:31.334000,0.63156,0.63106,337,100
2018-11-21 15:25:31.789000,0.63151,0.63101,75,100
2018-11-21 15:25:32.176000,0.63155,0.63085,262,262
2018-11-21 15:25:32.227000,0.63155,0.63105,262,100
2018-11-21 15:25:32.311000,0.63155,0.63105,262,100
2018-11-21 15:25:32.424000,0.63166,0.63116,337,100
2018-11-21 15:25:33.075000,0.63165,0.63115,75,337
2018-11-21 15:25:33.405000,0.63171,0.63121,75,100
2018-11-21 15:25:33.829000,0.63156,0.63106,75,100
2018-11-21 15:25:34.310000,0.63151,0.63101,75,100
2018-11-21 15:25:34.728000,0.63145,0.63095,75,100
2018-11-21 15:25:35.107000,0.63151,0.63101,75,100
2018-11-21 15:25:36.791000,0.63145,0.63095,75,337
2018-11-21 15:25:37.660000,0.63166,0.63116,337,100
2018-11-21 15:25:38.001000,0.63145,0.63095,75,100
2018-11-21 15:25:38.793000,0.63146,0.63096,75,100
2018-11-21 15:25:41.929000,0.63141,0.63091,75,100
2018-11-21 15:25:42.264000,0.63156,0.63106,337,100
2018-11-21 15:25:42.805000,0.63151,0.63101,75,100
2018-11-21 15:25:43.366000,0.63145,0.63095,75,337
2018-11-21 15:25:50.916000,0.6315,0.631,75,126
2018-11-21 15:25:51.410000,0.63145,0.63095,150,337
2018-11-21 15:25:52.113000,0.6315,0.631,150,126
2018-11-21 15:25:53.615000,0.63165,0.63115,262,126
2018-11-21 15:25:53.903000,0.6318,0.6313,112,126
2018-11-21 15:25:53.969000,0.63175,0.63125,112,412
2018-11-21 15:25:54.317000,0.63191,0.63141,75,100
2018-11-21 15:25:54.659000,0.63175,0.63125,112,337
2018-11-21 15:25:55.270000,0.63181,0.63131,75,100
2018-11-21 15:25:56.842000,0.63171,0.63121,75,100
2018-11-21 15:25:57.596000,0.63155,0.63105,112,637
2018-11-21 15:25:58.442000,0.63165,0.63115,75,337
2018-11-21 15:25:58.849000,0.63166,0.63116,112,100
2018-11-21 15:25:59.266000,0.63171,0.63121,75,100
2018-11-21 15:25:59.645000,0.63155,0.63105,112,337
2018-11-21 15:26:00.419000,0.6316,0.6311,75,100
2018-11-21 15:26:00.773000,0.63156,0.63106,150,100
2018-11-21 15:26:01.256000,0.63161,0.63111,112,100
2018-11-21 15:26:02.417000,0.63156,0.63106,150,100
2018-11-21 15:26:02.732000,0.63151,0.63101,75,100
2018-11-21 15:26:03.472000,0.63146,0.63096,75,126
2018-11-21 15:26:03.958000,0.63156,0.63106,337,100
2018-11-21 15:26:04.970000,0.63151,0.63101,112,126
2018-11-21 15:26:05.373000,0.63135,0.63085,75,337
2018-11-21 15:26:05.678000,0.63145,0.63095,262,100
2018-11-21 15:26:05.911000,0.63156,0.63106,337,100
2018-11-21 15:26:08.955000,0.63161,0.63111,75,100
2018-11-21 15:26:09.392000,0.63145,0.63095,150,337
2018-11-21 15:26:09.813000,0.63161,0.63111,150,100
2018-11-21 15:26:10.132000,0.63151,0.63101,150,100
2018-11-21 15:26:10.661000,0.63145,0.63095,112,337
2018-11-21 15:26:11.826000,0.63151,0.63101,75,100
2018-11-21 15:26:12.294000,0.63145,0.63095,75,337
2018-11-21 15:26:13.066000,0.63155,0.63105,262,100
2018-11-21 15:26:13.117000,0.6316,0.6311,75,100
2018-11-21 15:26:13.437000,0.63166,0.63116,75,100
2018-11-21 15:26:13.957000,0.63171,0.63121,75,100
2018-11-21 15:26:16.364000,0.63155,0.63105,75,337
2018-11-21 15:26:16.704000,0.63145,0.63095,75,337
2018-11-21 15:26:17.952000,0.63151,0.63101,75,100
2018-11-21 15:26:18.286000,0.63155,0.63105,262,126
2018-11-21 15:26:18.429000,0.63155,0.63105,262,126
2018-11-21 15:26:18.480000,0.63165,0.63115,75,375
2018-11-21 15:26:18.619000,0.63186,0.63136,337,100
2018-11-21 15:26:18.930000,0.63181,0.63131,75,100
2018-11-21 15:26:19.297000,0.63175,0.63125,75,100
2018-11-21 15:26:19.891000,0.6318,0.6313,75,100
2018-11-21 15:26:20.235000,0.63175,0.63125,112,337
2018-11-21 15:26:23.140000,0.63176,0.63126,75,100
2018-11-21 15:26:23.561000,0.63175,0.63115,262,262
2018-11-21 15:26:23.612000,0.63165,0.63115,75,221
2018-11-21 15:26:23.798000,0.63166,0.63116,75,100
2018-11-21 15:26:25.386000,0.63165,0.63115,262,100
2018-11-21 15:26:25.665000,0.63176,0.63126,75,126
2018-11-21 15:26:26.716000,0.6317,0.6312,75,126
2018-11-21 15:26:27.155000,0.6316,0.6311,75,126
2018-11-21 15:26:27.620000,0.63155,0.63105,75,337
2018-11-21 15:26:28.185000,0.63161,0.63111,75,126
2018-11-21 15:26:28.562000,0.63155,0.63105,75,375
2018-11-21 15:26:29.656000,0.63171,0.63121,75,100
2018-11-21 15:26:30.289000,0.6317,0.6312,75,100
2018-11-21 15:26:30.659000,0.63165,0.63115,75,337
2018-11-21 15:26:30.990000,0.63175,0.63125,75,100
2018-11-21 15:26:31.340000,0.63181,0.63131,75,100
2018-11-21 15:26:31.675000,0.63171,0.63121,75,100
2018-11-21 15:26:31.995000,0.63165,0.63115,75,337
2018-11-21 15:26:32.510000,0.63171,0.63121,75,100
2018-11-21 15:26:32.939000,0.63165,0.63115,75,375
2018-11-21 15:26:33.290000,0.63175,0.63125,75,337
2018-11-21 15:26:35.113000,0.63176,0.63126,75,100
2018-11-21 15:26:35.439000,0.63171,0.63121,75,100
2018-11-21 15:26:35.928000,0.63165,0.63115,75,675
2018-11-21 15:26:36.293000,0.63181,0.63131,112,100
2018-11-21 15:26:36.620000,0.63165,0.63115,112,100
2018-11-21 15:26:36.955000,0.63175,0.63125,112,337
2018-11-21 15:26:37.415000,0.6318,0.6313,75,100
2018-11-21 15:26:37.789000,0.63176,0.63126,75,100
2018-11-21 15:26:38.172000,0.63181,0.63131,112,100
2018-11-21 15:26:38.636000,0.63175,0.63125,112,337
2018-11-21 15:26:39.140000,0.63181,0.63131,112,100
2018-11-21 15:26:39.935000,0.63176,0.63126,112,100
2018-11-21 15:26:42.083000,0.63181,0.63131,75,100
2018-11-21 15:26:42.774000,0.63175,0.63125,75,100
2018-11-21 15:26:44.404000,0.63181,0.63131,75,100
2018-11-21 15:26:44.952000,0.63175,0.63125,75,337
2018-11-21 15:26:46.020000,0.63176,0.63126,75,100
2018-11-21 15:26:51.215000,0.63175,0.63125,75,337
2018-11-21 15:26:51.799000,0.63165,0.63115,75,337
2018-11-21 15:26:53.496000,0.63186,0.63136,337,100
2018-11-21 15:26:54.132000,0.63181,0.63131,112,100
2018-11-21 15:26:54.648000,0.63175,0.63125,112,337
2018-11-21 15:26:56.228000,0.6318,0.6313,75,100
2018-11-21 15:26:56.664000,0.63185,0.63135,75,337
2018-11-21 15:26:56.990000,0.63195,0.63145,75,337
2018-11-21 15:26:57.632000,0.632,0.6315,75,100
2018-11-21 15:26:58.161000,0.63216,0.63166,112,100
2018-11-21 15:26:58.611000,0.63225,0.63175,112,337
2018-11-21 15:27:00.905000,0.63235,0.63185,75,126
2018-11-21 15:27:03.363000,0.63236,0.63186,75,100
2018-11-21 15:27:04.026000,0.63241,0.63191,75,100
2018-11-21 15:27:04.732000,0.63235,0.63185,112,100
2018-11-21 15:27:05.919000,0.63241,0.63191,75,100
2018-11-21 15:27:07,0.63225,0.63175,112,337
2018-11-21 15:27:07.710000,0.63241,0.63191,75,100
2018-11-21 15:27:08.398000,0.63225,0.63175,112,337
2018-11-21 15:27:09.154000,0.63241,0.63191,75,100
2018-11-21 15:27:10.300000,0.63235,0.63185,112,100
2018-11-21 15:27:11.628000,0.63255,0.63205,337,100
2018-11-21 15:27:13.054000,0.63246,0.63196,75,100
2018-11-21 15:27:14.811000,0.63251,0.63201,75,100
2018-11-21 15:27:15.301000,0.63255,0.63205,412,100
2018-11-21 15:27:16.232000,0.63235,0.63185,150,337
2018-11-21 15:27:17.613000,0.63244,0.63194,112,100
2018-11-21 15:27:19.693000,0.63246,0.63196,112,100
2018-11-21 15:27:20.206000,0.63215,0.63165,75,337
2018-11-21 15:27:24.455000,0.63225,0.63165,262,262
2018-11-21 15:27:24.621000,0.63215,0.63165,262,221
2018-11-21 15:27:24.671000,0.63185,0.63135,262,412
2018-11-21 15:27:24.790000,0.63191,0.63141,75,100
2018-11-21 15:27:25.237000,0.63185,0.63135,75,337
2018-11-21 15:27:25.750000,0.63186,0.63136,75,100
2018-11-21 15:27:29.576000,0.63175,0.63125,150,221
2018-11-21 15:27:29.832000,0.63125,0.63075,75,337
2018-11-21 15:27:30.057000,0.63146,0.63096,337,100
2018-11-21 15:27:31.164000,0.63145,0.63095,262,100
2018-11-21 15:27:31.446000,0.63155,0.63105,75,337
2018-11-21 15:27:31.885000,0.63171,0.63121,75,100
2018-11-21 15:27:32.309000,0.63155,0.63105,112,375
2018-11-21 15:27:32.425000,0.63165,0.63105,262,262
2018-11-21 15:27:32.476000,0.63155,0.63105,112,221
2018-11-21 15:27:32.652000,0.63135,0.63085,112,375
2018-11-21 15:27:34.323000,0.63125,0.63075,75,337
2018-11-21 15:27:34.824000,0.63115,0.63065,75,337
2018-11-21 15:27:35.516000,0.6312,0.6307,75,100
2018-11-21 15:27:36.109000,0.63115,0.63065,75,337
2018-11-21 15:27:36.455000,0.63105,0.63055,75,337
2018-11-21 15:27:36.777000,0.63126,0.63076,337,100
2018-11-21 15:27:37.527000,0.63125,0.63075,262,100
2018-11-21 15:27:37.881000,0.63135,0.63085,75,337
2018-11-21 15:27:37.932000,0.63135,0.63085,75,221
2018-11-21 15:27:38.157000,0.63131,0.63081,112,100
2018-11-21 15:27:38.517000,0.63125,0.63075,112,337
2018-11-21 15:27:39.083000,0.63141,0.63091,75,100
2018-11-21 15:27:40.178000,0.63125,0.63075,150,337
2018-11-21 15:27:40.583000,0.63135,0.63085,150,337
2018-11-21 15:27:41.173000,0.63135,0.63085,75,221
2018-11-21 15:27:41.484000,0.63115,0.63065,75,337
2018-11-21 15:27:43.344000,0.63131,0.63081,75,100
2018-11-21 15:27:43.723000,0.63125,0.63075,75,337
2018-11-21 15:27:44.057000,0.63131,0.63081,75,100
2018-11-21 15:27:44.837000,0.6313,0.6308,75,100
2018-11-21 15:27:45.201000,0.63135,0.63085,75,337
2018-11-21 15:27:47.246000,0.6314,0.6309,75,100
2018-11-21 15:27:47.595000,0.63145,0.63095,75,675
2018-11-21 15:27:48.416000,0.63155,0.63105,75,675
2018-11-21 15:27:50.118000,0.63156,0.63106,75,127
2018-11-21 15:27:50.484000,0.63155,0.63105,75,375
2018-11-21 15:27:52.729000,0.63161,0.63111,75,127
2018-11-21 15:27:53.155000,0.63145,0.63095,75,675
2018-11-21 15:27:54.537000,0.6315,0.631,75,100
2018-11-21 15:27:54.866000,0.63156,0.63106,75,100
2018-11-21 15:27:55.253000,0.63161,0.63111,75,100
2018-11-21 15:27:57.403000,0.63156,0.63106,75,100
2018-11-21 15:27:57.754000,0.63135,0.63085,75,337
2018-11-21 15:27:58.110000,0.63151,0.63101,75,100
2018-11-21 15:27:58.440000,0.63145,0.63095,75,100
2018-11-21 15:27:58.968000,0.63161,0.63111,75,100
2018-11-21 15:27:59.820000,0.63155,0.63105,112,337
2018-11-21 15:28:00.169000,0.63165,0.63115,262,100
2018-11-21 15:28:00.322000,0.63195,0.63145,75,337
2018-11-21 15:28:00.879000,0.63205,0.63155,75,412
2018-11-21 15:28:01.470000,0.63221,0.63171,75,127
2018-11-21 15:28:02.053000,0.63216,0.63166,150,100
2018-11-21 15:28:02.930000,0.63226,0.63176,337,100
2018-11-21 15:28:03.999000,0.63231,0.63181,112,127
2018-11-21 15:28:04.462000,0.63225,0.63175,75,337
2018-11-21 15:28:04.847000,0.63246,0.63196,337,127
2018-11-21 15:28:05.172000,0.63236,0.63186,112,100
2018-11-21 15:28:05.776000,0.63235,0.63185,75,100
2018-11-21 15:28:06.824000,0.63255,0.63205,337,100
2018-11-21 15:28:07.394000,0.63255,0.63205,75,337
2018-11-21 15:28:07.768000,0.63255,0.63205,337,100
2018-11-21 15:28:08.138000,0.63255,0.63205,75,337
2018-11-21 15:28:08.457000,0.63255,0.63205,337,100
2018-11-21 15:28:09.369000,0.63235,0.63185,75,337
2018-11-21 15:28:10.440000,0.63251,0.63201,75,100
2018-11-21 15:28:11.290000,0.63255,0.63205,337,127
2018-11-21 15:28:11.945000,0.63251,0.63201,75,100
2018-11-21 15:28:12.369000,0.63225,0.63175,262,100
2018-11-21 15:28:12.420000,0.63215,0.63165,112,337
2018-11-21 15:28:12.478000,0.63215,0.63165,112,221
2018-11-21 15:28:12.653000,0.63185,0.63135,75,337
2018-11-21 15:28:12.704000,0.63195,0.63145,262,100
2018-11-21 15:28:12.866000,0.63211,0.63161,75,100
2018-11-21 15:28:13.075000,0.63205,0.63155,75,100
2018-11-21 15:28:13.547000,0.63215,0.63165,45,337
2018-11-21 15:28:15.248000,0.6321,0.6316,750,100
2018-11-21 15:28:15.616000,0.63205,0.63155,45,337
2018-11-21 15:28:15.943000,0.63206,0.63156,45,100
2018-11-21 15:28:16.438000,0.63201,0.63151,75,100
2018-11-21 15:28:16.844000,0.63195,0.63145,112,337
2018-11-21 15:28:17.189000,0.63185,0.63135,75,337
2018-11-21 15:28:18.816000,0.63195,0.63145,262,100
2018-11-21 15:28:18.867000,0.63205,0.63155,75,337
2018-11-21 15:28:18.918000,0.63211,0.63161,75,100
2018-11-21 15:28:19.234000,0.63216,0.63166,337,100
2018-11-21 15:28:19.610000,0.63211,0.63161,75,100
2018-11-21 15:28:20.148000,0.63221,0.63171,75,100
2018-11-21 15:28:20.480000,0.63215,0.63165,75,337
2018-11-21 15:28:20.810000,0.63225,0.63175,262,100
2018-11-21 15:28:21.080000,0.63251,0.63201,75,100
2018-11-21 15:28:21.284000,0.63246,0.63196,75,127
2018-11-21 15:28:21.386000,0.63255,0.63185,262,350
2018-11-21 15:28:21.518000,0.63255,0.63205,262,127
2018-11-21 15:28:21.947000,0.63296,0.63246,337,127
2018-11-21 15:28:22.044000,0.63285,0.63235,262,127
2018-11-21 15:28:22.433000,0.63295,0.63245,262,127
2018-11-21 15:28:22.557000,0.63326,0.63276,375,127
2018-11-21 15:28:23.262000,0.63315,0.63265,75,221
2018-11-21 15:28:23.527000,0.63296,0.63246,337,100
2018-11-21 15:28:23.640000,0.63285,0.63235,262,127
2018-11-21 15:28:23.804000,0.63295,0.63245,75,375
2018-11-21 15:28:24.267000,0.63296,0.63246,75,127
2018-11-21 15:28:24.611000,0.63326,0.63276,337,127
2018-11-21 15:28:24.974000,0.63316,0.63266,75,100
2018-11-21 15:28:25.327000,0.63321,0.63271,75,100
2018-11-21 15:28:25.956000,0.63305,0.63255,75,337
2018-11-21 15:28:26.007000,0.63315,0.63255,262,262
2018-11-21 15:28:26.058000,0.63305,0.63255,75,221
2018-11-21 15:28:26.224000,0.63305,0.63255,75,221
2018-11-21 15:28:26.275000,0.63275,0.63225,75,412
2018-11-21 15:28:26.575000,0.63285,0.63235,75,412
2018-11-21 15:28:27.022000,0.63306,0.63256,337,100
2018-11-21 15:28:28.394000,0.63296,0.63246,75,100
2018-11-21 15:28:29.126000,0.63301,0.63251,112,100
2018-11-21 15:28:29.598000,0.63295,0.63245,112,337
2018-11-21 15:28:30.150000,0.633,0.6325,75,127
2018-11-21 15:28:30.593000,0.63305,0.63255,75,450
2018-11-21 15:28:30.903000,0.63321,0.63271,75,100
2018-11-21 15:28:31.305000,0.63316,0.63266,75,100
2018-11-21 15:28:32.744000,0.63306,0.63256,75,100
2018-11-21 15:28:33.350000,0.63316,0.63266,337,100
2018-11-21 15:28:34.022000,0.63326,0.63276,337,100
2018-11-21 15:28:34.595000,0.63305,0.63255,75,337
2018-11-21 15:28:34.961000,0.63295,0.63245,75,337
2018-11-21 15:28:36.005000,0.63285,0.63235,75,337
2018-11-21 15:28:36.668000,0.63275,0.63225,75,337
2018-11-21 15:28:37.814000,0.63281,0.63231,75,100
2018-11-21 15:28:38.705000,0.63265,0.63215,75,337
2018-11-21 15:28:39.366000,0.63281,0.63231,75,100
2018-11-21 15:28:39.784000,0.63275,0.63225,75,337
2018-11-21 15:28:40.617000,0.63296,0.63246,412,100
2018-11-21 15:28:40.984000,0.63306,0.63256,412,100
2018-11-21 15:28:42.026000,0.63296,0.63246,75,100
2018-11-21 15:28:42.392000,0.6329,0.6324,75,100
2018-11-21 15:28:42.960000,0.63285,0.63235,75,337
2018-11-21 15:28:44.400000,0.63306,0.63256,337,100
2018-11-21 15:28:44.942000,0.63285,0.63235,75,337
2018-11-21 15:28:47.342000,0.63291,0.63241,75,100
2018-11-21 15:28:47.721000,0.63285,0.63235,75,337
2018-11-21 15:28:48.153000,0.63291,0.63241,112,100
2018-11-21 15:28:48.613000,0.63285,0.63235,112,337
2018-11-21 15:28:49.230000,0.63306,0.63256,337,100
2018-11-21 15:28:49.603000,0.63285,0.63235,75,337
2018-11-21 15:28:50.980000,0.63286,0.63236,75,100
2018-11-21 15:28:51.342000,0.63291,0.63241,75,100
2018-11-21 15:28:51.799000,0.63285,0.63235,112,337
2018-11-21 15:28:52.247000,0.63291,0.63241,112,100
2018-11-21 15:28:52.592000,0.63265,0.63215,112,337
2018-11-21 15:28:53.002000,0.63255,0.63205,75,337
2018-11-21 15:28:53.518000,0.63261,0.63211,75,100
2018-11-21 15:28:54.194000,0.63255,0.63205,375,100
2018-11-21 15:28:54.547000,0.63251,0.63201,112,100
2018-11-21 15:28:54.971000,0.63255,0.63205,375,100
2018-11-21 15:28:55.299000,0.63235,0.63185,75,337
2018-11-21 15:28:55.761000,0.6324,0.6319,75,100
2018-11-21 15:28:56.101000,0.63246,0.63196,337,100
2018-11-21 15:28:56.555000,0.63241,0.63191,75,100
2018-11-21 15:28:57.076000,0.63236,0.63186,75,128
2018-11-21 15:28:57.403000,0.63241,0.63191,112,100
2018-11-21 15:28:57.748000,0.63225,0.63175,75,375
2018-11-21 15:28:58.079000,0.6323,0.6318,75,128
2018-11-21 15:28:58.418000,0.63225,0.63175,75,337
2018-11-21 15:28:58.853000,0.63215,0.63165,75,337
2018-11-21 15:28:59.868000,0.63236,0.63186,337,130
2018-11-21 15:29:00.338000,0.6323,0.6318,75,100
2018-11-21 15:29:00.686000,0.63255,0.63205,337,130
2018-11-21 15:29:01.073000,0.63246,0.63196,337,130
2018-11-21 15:29:01.460000,0.63251,0.63201,75,100
2018-11-21 15:29:01.797000,0.63241,0.63191,75,100
2018-11-21 15:29:02.121000,0.63246,0.63196,75,100
2018-11-21 15:29:02.423000,0.63235,0.63185,75,221
2018-11-21 15:29:02.474000,0.63235,0.63185,75,221
2018-11-21 15:29:02.571000,0.63235,0.63185,75,221
2018-11-21 15:29:02.621000,0.63215,0.63165,75,337
2018-11-21 15:29:02.833000,0.63215,0.63165,75,221
2018-11-21 15:29:02.884000,0.63211,0.63161,75,130
2018-11-21 15:29:03.186000,0.63205,0.63155,75,337
2018-11-21 15:29:03.884000,0.63211,0.63161,112,100
2018-11-21 15:29:04.192000,0.63206,0.63156,112,100
2018-11-21 15:29:04.511000,0.63196,0.63146,112,100
2018-11-21 15:29:04.836000,0.63165,0.63115,75,337
2018-11-21 15:29:05.444000,0.6317,0.6312,75,100
2018-11-21 15:29:05.833000,0.63166,0.63116,75,100
2018-11-21 15:29:06.162000,0.63145,0.63095,75,337
2018-11-21 15:29:06.468000,0.63166,0.63116,75,130
2018-11-21 15:29:06.821000,0.63176,0.63126,375,130
2018-11-21 15:29:07.152000,0.63171,0.63121,112,130
2018-11-21 15:29:07.483000,0.63196,0.63146,112,130
2018-11-21 15:29:08.343000,0.632,0.6315,75,100
2018-11-21 15:29:08.688000,0.63205,0.63155,150,337
2018-11-21 15:29:09.073000,0.63215,0.63165,150,337
2018-11-21 15:29:09.764000,0.63221,0.63171,112,100
2018-11-21 15:29:10.128000,0.63215,0.63165,112,337
2018-11-21 15:29:10.457000,0.63235,0.63185,112,100
2018-11-21 15:29:10.847000,0.63241,0.63191,187,100
2018-11-21 15:29:11.206000,0.63245,0.63195,262,100
2018-11-21 15:29:11.257000,0.63261,0.63211,187,100
2018-11-21 15:29:11.307000,0.63255,0.63205,187,100
2018-11-21 15:29:11.419000,0.63265,0.63195,262,262
2018-11-21 15:29:11.470000,0.6326,0.6321,187,100
2018-11-21 15:29:11.785000,0.63265,0.63215,112,337
2018-11-21 15:29:12.169000,0.63266,0.63216,112,100
2018-11-21 15:29:12.499000,0.63286,0.63236,375,100
2018-11-21 15:29:13.486000,0.63285,0.63235,262,130
2018-11-21 15:29:13.673000,0.63295,0.63245,75,412
2018-11-21 15:29:14.182000,0.63305,0.63245,262,262
2018-11-21 15:29:14.233000,0.63295,0.63245,75,221
2018-11-21 15:29:14.423000,0.63275,0.63225,75,487
2018-11-21 15:29:14.532000,0.63275,0.63225,75,221
2018-11-21 15:29:14.701000,0.63255,0.63205,75,450
2018-11-21 15:29:14.752000,0.6326,0.6321,75,130
2018-11-21 15:29:15.087000,0.63255,0.63205,75,450
2018-11-21 15:29:15.534000,0.6326,0.6321,75,130
2018-11-21 15:29:15.913000,0.63255,0.63205,112,221
2018-11-21 15:29:16.236000,0.63241,0.63191,75,130
2018-11-21 15:29:16.287000,0.63244,0.63194,75,130
2018-11-21 15:29:16.811000,0.63255,0.63205,262,100
2018-11-21 15:29:16.923000,0.63265,0.63215,75,337
2018-11-21 15:29:17.193000,0.63271,0.63221,75,100
2018-11-21 15:29:17.509000,0.63265,0.63215,75,337
2018-11-21 15:29:17.852000,0.63281,0.63231,75,100
2018-11-21 15:29:18.330000,0.63275,0.63225,75,337
2018-11-21 15:29:19.836000,0.63275,0.63225,75,221
2018-11-21 15:29:19.886000,0.63255,0.63205,75,337
2018-11-21 15:29:19.949000,0.63276,0.63226,337,100
2018-11-21 15:29:20.366000,0.63255,0.63205,637,337
2018-11-21 15:29:20.667000,0.63265,0.63215,637,337
2018-11-21 15:29:21.285000,0.63266,0.63216,562,100
2018-11-21 15:29:22.190000,0.63246,0.63196,112,130
2018-11-21 15:29:22.942000,0.63244,0.63194,75,100
2018-11-21 15:29:24.810000,0.63255,0.63205,637,450
2018-11-21 15:29:25.317000,0.63265,0.63215,262,130
2018-11-21 15:29:25.367000,0.63275,0.63225,262,130
2018-11-21 15:29:25.418000,0.63275,0.63225,262,130
2018-11-21 15:29:25.522000,0.63295,0.63245,75,412
2018-11-21 15:29:25.847000,0.6329,0.6324,75,100
2018-11-21 15:29:26.201000,0.63286,0.63236,75,100
2018-11-21 15:29:27.117000,0.63296,0.63246,337,100
2018-11-21 15:29:27.786000,0.63275,0.63225,75,412
2018-11-21 15:29:28.120000,0.63265,0.63215,75,337
2018-11-21 15:29:29.450000,0.63275,0.63225,262,130
2018-11-21 15:29:29.667000,0.63286,0.63236,337,130
2018-11-21 15:29:30.170000,0.63291,0.63241,112,100
2018-11-21 15:29:30.645000,0.63285,0.63235,75,375
2018-11-21 15:29:34.408000,0.63306,0.63256,337,100
2018-11-21 15:29:35.222000,0.63285,0.63235,75,337
2018-11-21 15:29:35.666000,0.63295,0.63245,75,337
2018-11-21 15:29:36.289000,0.63316,0.63266,337,130
2018-11-21 15:29:36.932000,0.63311,0.63261,150,100
2018-11-21 15:29:37.360000,0.63305,0.63255,225,100
2018-11-21 15:29:37.694000,0.63325,0.63275,75,375
2018-11-21 15:29:38.024000,0.63326,0.63276,75,130
2018-11-21 15:29:38.325000,0.63321,0.63271,75,100
2018-11-21 15:29:38.674000,0.63315,0.63265,75,375
2018-11-21 15:29:39.275000,0.63336,0.63286,337,100
2018-11-21 15:29:39.608000,0.63346,0.63296,412,100
2018-11-21 15:29:40.482000,0.63356,0.63306,337,100
2018-11-21 15:29:41.878000,0.63366,0.63316,412,130
2018-11-21 15:29:42.230000,0.63345,0.63295,112,337
2018-11-21 15:29:42.597000,0.63355,0.63305,112,337
2018-11-21 15:29:42.979000,0.63376,0.63326,450,130
2018-11-21 15:29:44.089000,0.63365,0.63315,300,221
2018-11-21 15:29:44.299000,0.63341,0.63291,300,130
2018-11-21 15:29:44.350000,0.63335,0.63285,300,130
2018-11-21 15:29:44.967000,0.63335,0.63285,75,221
2018-11-21 15:29:45.222000,0.63315,0.63265,75,337
2018-11-21 15:29:45.468000,0.63336,0.63286,337,100
2018-11-21 15:29:47.204000,0.63331,0.63281,750,100
2018-11-21 15:29:47.554000,0.63315,0.63265,750,337
2018-11-21 15:29:49.389000,0.63336,0.63286,1000,129
2018-11-21 15:29:50.477000,0.63346,0.63296,1000,129
2018-11-21 15:29:51.383000,0.63356,0.63306,337,100
2018-11-21 15:29:52.562000,0.63345,0.63295,75,221
2018-11-21 15:29:52.641000,0.63341,0.63291,75,129
2018-11-21 15:29:52.691000,0.63335,0.63285,75,337
2018-11-21 15:29:53.712000,0.63356,0.63306,337,129
2018-11-21 15:29:55.455000,0.63346,0.63296,75,129
2018-11-21 15:29:55.890000,0.63345,0.63295,112,375
2018-11-21 15:29:57.089000,0.63351,0.63301,75,100
2018-11-21 15:29:57.411000,0.63356,0.63306,75,100
2018-11-21 15:29:57.874000,0.63355,0.63305,150,412
2018-11-21 15:29:58.201000,0.63355,0.63305,75,221
2018-11-21 15:29:58.252000,0.63355,0.63305,75,221
2018-11-21 15:29:58.537000,0.63335,0.63285,75,337
2018-11-21 15:29:59.153000,0.63335,0.63285,112,221
2018-11-21 15:29:59.257000,0.63336,0.63286,112,129
2018-11-21 15:29:59.680000,0.63335,0.63285,112,337
2018-11-21 15:30:00.234000,0.63336,0.63286,150,100
2018-11-21 15:30:00.549000,0.63335,0.63285,150,337
2018-11-21 15:30:00.878000,0.63366,0.63316,150,100
2018-11-21 15:30:01.209000,0.63361,0.63311,150,100
2018-11-21 15:30:01.627000,0.63355,0.63305,112,129
2018-11-21 15:30:02.106000,0.63345,0.63295,112,375
2018-11-21 15:30:02.839000,0.63346,0.63296,75,100
2018-11-21 15:30:03.292000,0.63356,0.63306,337,100
2018-11-21 15:30:03.611000,0.63335,0.63285,75,337
2018-11-21 15:30:04.184000,0.63341,0.63291,112,129
2018-11-21 15:30:04.551000,0.63331,0.63281,112,129
2018-11-21 15:30:04.883000,0.63315,0.63265,112,337
2018-11-21 15:30:05.842000,0.6332,0.6327,75,100
2018-11-21 15:30:06.403000,0.63315,0.63265,112,337
2018-11-21 15:30:06.865000,0.63321,0.63271,75,100
2018-11-21 15:30:07.197000,0.63306,0.63256,75,100
2018-11-21 15:30:07.759000,0.63326,0.63276,75,100
2018-11-21 15:30:08.156000,0.63321,0.63271,75,129
2018-11-21 15:30:08.539000,0.63325,0.63275,75,412
2018-11-21 15:30:08.887000,0.63341,0.63291,75,100
2018-11-21 15:30:09.265000,0.63335,0.63285,75,337
2018-11-21 15:30:09.603000,0.63341,0.63291,75,100
2018-11-21 15:30:10.024000,0.63351,0.63301,112,100
2018-11-21 15:30:10.438000,0.63345,0.63295,262,129
2018-11-21 15:30:10.578000,0.63396,0.63346,375,100
2018-11-21 15:30:10.681000,0.63375,0.63325,262,100
2018-11-21 15:30:10.902000,0.63375,0.63315,262,350
2018-11-21 15:30:10.953000,0.63416,0.63366,375,100
2018-11-21 15:30:11.297000,0.6341,0.6336,75,100
2018-11-21 15:30:11.682000,0.63415,0.63365,75,100
2018-11-21 15:30:12.034000,0.6341,0.6336,75,100
2018-11-21 15:30:12.565000,0.63415,0.63365,75,375
2018-11-21 15:30:13.078000,0.63421,0.63371,75,100
2018-11-21 15:30:13.432000,0.6342,0.6337,75,100
2018-11-21 15:30:14.500000,0.63415,0.63365,75,337
2018-11-21 15:30:15.394000,0.63421,0.63371,75,100
2018-11-21 15:30:15.799000,0.63406,0.63356,75,100
2018-11-21 15:30:16.255000,0.63396,0.63346,75,100
2018-11-21 15:30:16.585000,0.63401,0.63351,75,100
2018-11-21 15:30:18.670000,0.63405,0.63355,262,100
2018-11-21 15:30:18.922000,0.63415,0.63365,112,337
2018-11-21 15:30:19.979000,0.6342,0.6337,75,100
2018-11-21 15:30:20.446000,0.63426,0.63376,75,100
2018-11-21 15:30:20.785000,0.6342,0.6337,75,100
2018-11-21 15:30:21.088000,0.63396,0.63346,75,100
2018-11-21 15:30:21.980000,0.63386,0.63336,75,100
2018-11-21 15:30:22.568000,0.63391,0.63341,112,100
2018-11-21 15:30:23.236000,0.63385,0.63335,112,337
2018-11-21 15:30:23.554000,0.63391,0.63341,112,100
2018-11-21 15:30:23.889000,0.63401,0.63351,75,100
2018-11-21 15:30:24.324000,0.63395,0.63345,262,100
2018-11-21 15:30:24.491000,0.63416,0.63366,75,100
2018-11-21 15:30:24.542000,0.63415,0.63365,75,100
2018-11-21 15:30:24.887000,0.63425,0.63375,75,412
2018-11-21 15:30:25.229000,0.63431,0.63381,112,100
2018-11-21 15:30:25.549000,0.63415,0.63365,112,337
2018-11-21 15:30:25.898000,0.63425,0.63375,112,337
2018-11-21 15:30:26.846000,0.63441,0.63391,75,100
2018-11-21 15:30:27.341000,0.63446,0.63396,337,100
2018-11-21 15:30:27.713000,0.63451,0.63401,112,100
2018-11-21 15:30:28.342000,0.63445,0.63395,150,100
2018-11-21 15:30:28.698000,0.63441,0.63391,150,100
2018-11-21 15:30:29.107000,0.63445,0.63395,112,100
2018-11-21 15:30:29.681000,0.63445,0.63395,75,221
2018-11-21 15:30:29.732000,0.63441,0.63391,75,100
2018-11-21 15:30:29.801000,0.63435,0.63385,75,100
2018-11-21 15:30:30.153000,0.63451,0.63401,75,100
2018-11-21 15:30:30.607000,0.63461,0.63411,75,100
2018-11-21 15:30:30.933000,0.63455,0.63405,150,100
2018-11-21 15:30:31.250000,0.63471,0.63421,75,100
2018-11-21 15:30:31.594000,0.6347,0.6342,75,100
2018-11-21 15:30:31.924000,0.63465,0.63415,75,337
2018-11-21 15:30:32.249000,0.63485,0.63435,75,450
2018-11-21 15:30:32.688000,0.63494,0.63444,75,100
2018-11-21 15:30:33.049000,0.63501,0.63451,75,100
2018-11-21 15:30:33.499000,0.63505,0.63455,337,100
2018-11-21 15:30:34.283000,0.63496,0.63446,75,100
2018-11-21 15:30:34.650000,0.63491,0.63441,75,100
2018-11-21 15:30:34.979000,0.63485,0.63435,75,337
2018-11-21 15:30:35.899000,0.63491,0.63441,75,100
2018-11-21 15:30:36.249000,0.63505,0.63455,337,100
2018-11-21 15:30:36.579000,0.63505,0.63455,75,100
2018-11-21 15:30:36.949000,0.63515,0.63465,75,337
2018-11-21 15:30:37.291000,0.63531,0.63481,75,100
2018-11-21 15:30:37.730000,0.63525,0.63475,75,100
2018-11-21 15:30:38.140000,0.63516,0.63466,75,100
2018-11-21 15:30:38.462000,0.63525,0.63475,75,221
2018-11-21 15:30:38.513000,0.63531,0.63481,75,100
2018-11-21 15:30:38.699000,0.63525,0.63475,75,221
2018-11-21 15:30:38.750000,0.63521,0.63471,75,100
2018-11-21 15:30:39.077000,0.63525,0.63475,75,100
2018-11-21 15:30:39.399000,0.63531,0.63481,75,100
2018-11-21 15:30:40.037000,0.63525,0.63475,75,337
2018-11-21 15:30:40.390000,0.6352,0.6347,75,100
2018-11-21 15:30:40.737000,0.63525,0.63475,75,337
2018-11-21 15:30:41.083000,0.63555,0.63505,75,221
2018-11-21 15:30:41.238000,0.63525,0.63475,75,337
2018-11-21 15:30:41.719000,0.63531,0.63481,75,130
2018-11-21 15:30:42.425000,0.63535,0.63465,262,262
2018-11-21 15:30:42.476000,0.63535,0.63485,262,100
2018-11-21 15:30:42.526000,0.63561,0.63511,75,100
2018-11-21 15:30:42.577000,0.63555,0.63505,75,100
2018-11-21 15:30:42.915000,0.63555,0.63505,75,221
2018-11-21 15:30:42.965000,0.63556,0.63506,75,100
2018-11-21 15:30:43.144000,0.63545,0.63495,75,221
2018-11-21 15:30:43.238000,0.63541,0.63491,75,130
2018-11-21 15:30:43.368000,0.63536,0.63486,75,130
2018-11-21 15:30:43.698000,0.63531,0.63481,75,100
2018-11-21 15:30:44.232000,0.63525,0.63475,75,337
2018-11-21 15:30:44.675000,0.63535,0.63485,75,100
2018-11-21 15:30:45.407000,0.6355,0.635,75,100
2018-11-21 15:30:45.816000,0.63565,0.63515,262,100
2018-11-21 15:30:45.867000,0.63581,0.63531,187,100
2018-11-21 15:30:46.163000,0.63571,0.63521,75,100
2018-11-21 15:30:46.646000,0.63555,0.63505,75,337
2018-11-21 15:30:47.378000,0.63561,0.63511,75,100
2018-11-21 15:30:47.907000,0.63555,0.63505,75,337
2018-11-21 15:30:48.237000,0.63565,0.63515,75,337
2018-11-21 15:30:48.953000,0.63581,0.63531,75,100
2018-11-21 15:30:49.558000,0.63565,0.63515,75,337
2018-11-21 15:30:50.091000,0.6357,0.6352,75,100
2018-11-21 15:30:50.499000,0.63586,0.63536,337,100
2018-11-21 15:30:50.878000,0.63565,0.63515,75,412
2018-11-21 15:30:52.054000,0.63566,0.63516,75,130
2018-11-21 15:30:52.468000,0.63545,0.63495,75,337
2018-11-21 15:30:53.296000,0.63546,0.63496,75,100
2018-11-21 15:30:53.635000,0.63525,0.63475,75,337
2018-11-21 15:30:56.468000,0.63525,0.63475,75,221
2018-11-21 15:30:56.573000,0.63516,0.63466,75,100
2018-11-21 15:30:56.695000,0.63521,0.63471,75,100
2018-11-21 15:30:56.746000,0.63525,0.63465,262,350
2018-11-21 15:30:56.797000,0.63525,0.63455,262,350
2018-11-21 15:30:57.034000,0.63565,0.63515,75,562
2018-11-21 15:30:57.566000,0.63575,0.63525,75,337
2018-11-21 15:30:57.879000,0.63576,0.63526,75,100
2018-11-21 15:30:58.201000,0.63585,0.63535,75,337
2018-11-21 15:30:58.554000,0.63575,0.63525,75,337
2018-11-21 15:30:59.635000,0.63585,0.63535,262,100
2018-11-21 15:30:59.813000,0.63595,0.63545,75,337
2018-11-21 15:30:59.985000,0.636,0.6355,75,100
2018-11-21 15:31:00.313000,0.63585,0.63535,75,337
2018-11-21 15:31:00.662000,0.63586,0.63536,150,100
2018-11-21 15:31:01.068000,0.63585,0.63535,150,337
2018-11-21 15:31:01.529000,0.63591,0.63541,75,100
2018-11-21 15:31:01.874000,0.63586,0.63536,375,100
2018-11-21 15:31:02.277000,0.63566,0.63516,75,100
2018-11-21 15:31:02.614000,0.63571,0.63521,75,100
2018-11-21 15:31:03.135000,0.63555,0.63505,75,337
2018-11-21 15:31:03.454000,0.63561,0.63511,75,100
2018-11-21 15:31:03.890000,0.63535,0.63485,75,337
2018-11-21 15:31:04.626000,0.63545,0.63495,262,128
2018-11-21 15:31:04.771000,0.6355,0.635,75,128
2018-11-21 15:31:04.821000,0.63551,0.63501,75,128
2018-11-21 15:31:05.196000,0.63535,0.63485,75,337
2018-11-21 15:31:05.543000,0.63541,0.63491,75,100
2018-11-21 15:31:05.872000,0.63525,0.63475,75,337
2018-11-21 15:31:06.913000,0.63535,0.63485,262,100
2018-11-21 15:31:07.203000,0.63565,0.63515,225,337
2018-11-21 15:31:07.486000,0.63571,0.63521,225,100
2018-11-21 15:31:07.994000,0.63575,0.63525,262,128
2018-11-21 15:31:08.112000,0.6357,0.6352,75,100
2018-11-21 15:31:08.236000,0.63575,0.63525,75,337
2018-11-21 15:31:08.586000,0.63581,0.63531,75,100
2018-11-21 15:31:08.896000,0.63575,0.63525,75,128
2018-11-21 15:31:09.223000,0.63591,0.63541,75,128
2018-11-21 15:31:09.572000,0.63601,0.63551,75,128
2018-11-21 15:31:10.098000,0.63595,0.63545,75,337
2018-11-21 15:31:10.495000,0.63596,0.63546,75,100
2018-11-21 15:31:10.828000,0.63605,0.63555,262,100
2018-11-21 15:31:11.068000,0.63615,0.63565,75,337
2018-11-21 15:31:11.368000,0.63631,0.63581,75,100
2018-11-21 15:31:11.868000,0.63615,0.63565,75,337
2018-11-21 15:31:12.193000,0.6362,0.6357,75,100
2018-11-21 15:31:12.651000,0.63626,0.63576,337,100
2018-11-21 15:31:13.135000,0.63616,0.63566,337,100
2018-11-21 15:31:13.518000,0.63611,0.63561,75,100
2018-11-21 15:31:13.867000,0.63621,0.63571,75,100
2018-11-21 15:31:14.259000,0.63615,0.63565,75,337
2018-11-21 15:31:14.560000,0.63621,0.63571,75,100
2018-11-21 15:31:15.188000,0.63615,0.63565,75,337
2018-11-21 15:31:15.826000,0.63621,0.63571,75,100
2018-11-21 15:31:16.225000,0.63616,0.63566,75,100
2018-11-21 15:31:16.672000,0.63621,0.63571,75,100
2018-11-21 15:31:17.168000,0.63605,0.63555,75,375
2018-11-21 15:31:17.781000,0.6361,0.6356,75,100
2018-11-21 15:31:18.156000,0.63606,0.63556,75,100
2018-11-21 15:31:18.485000,0.636,0.6355,75,100
2018-11-21 15:31:18.822000,0.63621,0.63571,75,100
2018-11-21 15:31:19.195000,0.63615,0.63565,75,337
2018-11-21 15:31:22.169000,0.63621,0.63571,75,128
2018-11-21 15:31:22.473000,0.63606,0.63556,75,128
2018-11-21 15:31:22.871000,0.636,0.6355,75,100
2018-11-21 15:31:23.254000,0.63645,0.63595,75,337
2018-11-21 15:31:23.798000,0.63651,0.63601,75,100
2018-11-21 15:31:24.278000,0.63656,0.63606,75,100
2018-11-21 15:31:24.756000,0.63655,0.63605,75,337
2018-11-21 15:31:25.087000,0.63661,0.63611,75,100
2018-11-21 15:31:25.596000,0.63655,0.63605,75,412
2018-11-21 15:31:26.133000,0.6366,0.6361,75,100
2018-11-21 15:31:26.493000,0.63651,0.63601,75,100
2018-11-21 15:31:26.800000,0.63655,0.63605,75,412
2018-11-21 15:31:27.110000,0.63671,0.63621,75,131
2018-11-21 15:31:27.510000,0.63665,0.63615,112,412
2018-11-21 15:31:28.360000,0.6367,0.6362,75,100
2018-11-21 15:31:28.662000,0.63675,0.63625,75,100
2018-11-21 15:31:29.044000,0.63676,0.63626,337,100
2018-11-21 15:31:29.393000,0.63671,0.63621,75,100
2018-11-21 15:31:29.755000,0.6365,0.636,75,100
2018-11-21 15:31:30.227000,0.63676,0.63626,337,100
2018-11-21 15:31:30.646000,0.63675,0.63625,75,337
2018-11-21 15:31:31.065000,0.6368,0.6363,112,100
2018-11-21 15:31:31.391000,0.63665,0.63615,75,337
2018-11-21 15:31:31.824000,0.63661,0.63611,75,130
2018-11-21 15:31:32.155000,0.63635,0.63585,75,337
2018-11-21 15:31:32.484000,0.63645,0.63595,75,337
2018-11-21 15:31:32.832000,0.63641,0.63591,75,100
2018-11-21 15:31:33.154000,0.63635,0.63585,75,450
2018-11-21 15:31:33.503000,0.63641,0.63591,75,130
2018-11-21 15:31:34.301000,0.63635,0.63585,75,450
2018-11-21 15:31:34.639000,0.63641,0.63591,75,130
2018-11-21 15:31:35.126000,0.63635,0.63585,75,375
2018-11-21 15:31:35.834000,0.63656,0.63606,337,100
2018-11-21 15:31:36.136000,0.63661,0.63611,75,100
2018-11-21 15:31:36.478000,0.63655,0.63605,150,375
2018-11-21 15:31:37.567000,0.63676,0.63626,375,100
2018-11-21 15:31:38.147000,0.63655,0.63605,75,100
2018-11-21 15:31:38.449000,0.63681,0.63631,75,100
2018-11-21 15:31:38.756000,0.63675,0.63625,75,337
2018-11-21 15:31:39.677000,0.6368,0.6363,75,100
2018-11-21 15:31:40.001000,0.63685,0.63635,75,100
2018-11-21 15:31:40.459000,0.63706,0.63656,337,100
2018-11-21 15:31:40.785000,0.63701,0.63651,75,100
2018-11-21 15:31:41.159000,0.63706,0.63656,337,100
2018-11-21 15:31:41.725000,0.63685,0.63635,75,337
2018-11-21 15:31:42.213000,0.63691,0.63641,75,100
2018-11-21 15:31:42.571000,0.63681,0.63631,75,100
2018-11-21 15:31:43.439000,0.63665,0.63615,75,337
2018-11-21 15:31:43.777000,0.63681,0.63631,75,100
2018-11-21 15:31:44.480000,0.63665,0.63615,75,375
2018-11-21 15:31:46.220000,0.63671,0.63621,75,100
2018-11-21 15:31:46.655000,0.63661,0.63611,75,100
2018-11-21 15:31:48.126000,0.63645,0.63595,75,221
2018-11-21 15:31:48.177000,0.63646,0.63596,75,129
2018-11-21 15:31:48.278000,0.63651,0.63601,75,129
2018-11-21 15:31:48.600000,0.63641,0.63591,75,129
2018-11-21 15:31:48.972000,0.63681,0.63631,75,129
2018-11-21 15:31:49.087000,0.63685,0.63625,262,262
2018-11-21 15:31:49.138000,0.63675,0.63625,75,221
2018-11-21 15:31:49.223000,0.63655,0.63605,75,712
2018-11-21 15:31:49.752000,0.63665,0.63615,262,100
2018-11-21 15:31:49.861000,0.63665,0.63615,262,100
2018-11-21 15:31:50.068000,0.63686,0.63636,75,100
2018-11-21 15:31:50.118000,0.63691,0.63641,75,100
2018-11-21 15:31:50.539000,0.63685,0.63635,75,337
2018-11-21 15:31:50.945000,0.63691,0.63641,112,100
2018-11-21 15:31:51.435000,0.63685,0.63635,75,337
2018-11-21 15:31:52.963000,0.63691,0.63641,75,100
2018-11-21 15:31:53.550000,0.63685,0.63635,75,337
2018-11-21 15:31:53.989000,0.63695,0.63645,262,100
2018-11-21 15:31:54.172000,0.63711,0.63661,225,126
2018-11-21 15:31:54.222000,0.63701,0.63651,225,126
2018-11-21 15:31:54.625000,0.6368,0.6363,225,126
2018-11-21 15:31:55.100000,0.63685,0.63635,75,337
2018-11-21 15:31:55.454000,0.63701,0.63651,75,100
2018-11-21 15:31:56.098000,0.63685,0.63635,75,337
2018-11-21 15:31:58.523000,0.63686,0.63636,75,100
2018-11-21 15:31:59.299000,0.63685,0.63635,75,337
2018-11-21 15:31:59.806000,0.63675,0.63625,75,337
2018-11-21 15:32:00.135000,0.63691,0.63641,75,100
2018-11-21 15:32:00.472000,0.63675,0.63625,225,337
2018-11-21 15:32:00.808000,0.63661,0.63611,75,100
2018-11-21 15:32:01.122000,0.63645,0.63595,75,337
2018-11-21 15:32:01.455000,0.63645,0.63595,75,221
2018-11-21 15:32:01.506000,0.63625,0.63575,75,600
2018-11-21 15:32:03.344000,0.63635,0.63585,75,337
2018-11-21 15:32:03.762000,0.63641,0.63591,75,100
2018-11-21 15:32:04.089000,0.63635,0.63585,75,337
2018-11-21 15:32:04.582000,0.63651,0.63601,75,100
2018-11-21 15:32:05.084000,0.63635,0.63585,187,337
2018-11-21 15:32:05.587000,0.63645,0.63595,262,100
2018-11-21 15:32:05.804000,0.63655,0.63605,75,337
2018-11-21 15:32:05.855000,0.6366,0.6361,75,100
2018-11-21 15:32:06.164000,0.63686,0.63636,337,100
2018-11-21 15:32:06.608000,0.63696,0.63646,337,100
2018-11-21 15:32:08.492000,0.63691,0.63641,75,100
2018-11-21 15:32:08.902000,0.63675,0.63625,112,337
2018-11-21 15:32:09.398000,0.63691,0.63641,75,100
2018-11-21 15:32:09.715000,0.63675,0.63625,75,337
2018-11-21 15:32:10.445000,0.63676,0.63626,75,100
2018-11-21 15:32:10.852000,0.6367,0.6362,75,100
2018-11-21 15:32:11.389000,0.63675,0.63625,75,337
2018-11-21 15:32:11.716000,0.63685,0.63635,262,100
2018-11-21 15:32:11.766000,0.63701,0.63651,75,100
2018-11-21 15:32:11.900000,0.63695,0.63645,75,100
2018-11-21 15:32:12.363000,0.63701,0.63651,75,100
2018-11-21 15:32:12.707000,0.63695,0.63645,75,100
2018-11-21 15:32:14.484000,0.63696,0.63646,75,100
2018-11-21 15:32:15.069000,0.63691,0.63641,75,100
2018-11-21 15:32:15.969000,0.63675,0.63625,75,375
2018-11-21 15:32:17.505000,0.63676,0.63626,75,100
2018-11-21 15:32:18.209000,0.63681,0.63631,75,100
2018-11-21 15:32:19.195000,0.63676,0.63626,112,100
2018-11-21 15:32:19.609000,0.63655,0.63605,75,337
2018-11-21 15:32:20.020000,0.63665,0.63615,75,337
2018-11-21 15:32:21.334000,0.6367,0.6362,75,100
2018-11-21 15:32:21.679000,0.63675,0.63625,75,337
2018-11-21 15:32:22.023000,0.63685,0.63635,75,337
2018-11-21 15:32:22.867000,0.63701,0.63651,75,100
2018-11-21 15:32:23.293000,0.63685,0.63635,75,221
2018-11-21 15:32:23.397000,0.63696,0.63646,75,129
2018-11-21 15:32:23.619000,0.63701,0.63651,75,100
2018-11-21 15:32:24.058000,0.63695,0.63645,75,337
2018-11-21 15:32:25.463000,0.63705,0.63655,262,100
2018-11-21 15:32:25.546000,0.63735,0.63685,75,337
2018-11-21 15:32:25.636000,0.63745,0.63695,262,100
2018-11-21 15:32:25.686000,0.6374,0.6369,75,100
2018-11-21 15:32:25.782000,0.63735,0.63685,75,337
2018-11-21 15:32:26.254000,0.63741,0.63691,75,100
2018-11-21 15:32:26.595000,0.63725,0.63675,75,337
2018-11-21 15:32:27.235000,0.63715,0.63665,75,337
2018-11-21 15:32:27.630000,0.63705,0.63655,75,337
2018-11-21 15:32:27.961000,0.63715,0.63665,75,100
2018-11-21 15:32:28.289000,0.63721,0.63671,75,129
2018-11-21 15:32:28.652000,0.63705,0.63655,75,375
2018-11-21 15:32:29.136000,0.63711,0.63661,75,100
2018-11-21 15:32:29.611000,0.63695,0.63645,75,337
2018-11-21 15:32:30.170000,0.637,0.6365,75,100
2018-11-21 15:32:30.499000,0.63716,0.63666,75,100
2018-11-21 15:32:31.340000,0.63721,0.63671,75,100
2018-11-21 15:32:31.737000,0.63705,0.63655,112,337
2018-11-21 15:32:32.179000,0.63711,0.63661,75,100
2018-11-21 15:32:32.712000,0.63695,0.63645,75,337
2018-11-21 15:32:33.650000,0.63711,0.63661,75,100
2018-11-21 15:32:34.156000,0.63695,0.63645,75,337
2018-11-21 15:32:34.603000,0.63705,0.63655,262,100
2018-11-21 15:32:34.653000,0.63735,0.63685,75,337
2018-11-21 15:32:35.709000,0.63751,0.63701,75,100
2018-11-21 15:32:36.527000,0.63735,0.63685,75,337
2018-11-21 15:32:37.449000,0.63751,0.63701,75,100
2018-11-21 15:32:37.904000,0.63735,0.63685,75,337
2018-11-21 15:32:38.571000,0.63745,0.63695,262,100
2018-11-21 15:32:38.854000,0.63781,0.63731,75,100
2018-11-21 15:32:39.129000,0.63771,0.63721,75,100
2018-11-21 15:32:39.557000,0.63755,0.63705,75,222
2018-11-21 15:32:39.607000,0.63761,0.63711,75,100
2018-11-21 15:32:40.035000,0.63755,0.63705,75,337
2018-11-21 15:32:40.598000,0.6375,0.637,75,100
2018-11-21 15:32:40.923000,0.63755,0.63705,75,337
2018-11-21 15:32:41.312000,0.63781,0.63731,75,128
2018-11-21 15:32:41.644000,0.63775,0.63725,75,337
2018-11-21 15:32:42.197000,0.63765,0.63715,75,337
2018-11-21 15:32:42.524000,0.63775,0.63725,75,337
2018-11-21 15:32:42.853000,0.6377,0.6372,75,100
2018-11-21 15:32:43.183000,0.63765,0.63715,75,337
2018-11-21 15:32:44.061000,0.63765,0.63715,75,222
2018-11-21 15:32:44.178000,0.63765,0.63715,75,222
2018-11-21 15:32:44.297000,0.63755,0.63705,337,100
2018-11-21 15:32:45.061000,0.6375,0.637,75,100
2018-11-21 15:32:45.371000,0.63765,0.63715,75,337
2018-11-21 15:32:45.913000,0.63755,0.63705,75,337
2018-11-21 15:32:46.351000,0.63765,0.63715,75,337
2018-11-21 15:32:46.705000,0.63766,0.63716,75,100
2018-11-21 15:32:47.172000,0.63765,0.63715,75,100
2018-11-21 15:32:47.663000,0.63786,0.63736,337,100
2018-11-21 15:32:48.303000,0.63776,0.63726,75,100
2018-11-21 15:32:49.127000,0.63771,0.63721,75,127
2018-11-21 15:32:49.461000,0.63776,0.63726,337,127
2018-11-21 15:32:49.781000,0.63755,0.63705,75,127
2018-11-21 15:32:50.386000,0.63766,0.63716,337,100
2018-11-21 15:32:50.727000,0.63761,0.63711,75,100
2018-11-21 15:32:51.154000,0.63755,0.63705,75,100
2018-11-21 15:32:51.553000,0.63755,0.63705,337,100
2018-11-21 15:32:52.028000,0.63766,0.63716,337,100
2018-11-21 15:32:52.329000,0.63776,0.63726,337,100
2018-11-21 15:32:52.658000,0.63755,0.63705,75,100
2018-11-21 15:32:53.214000,0.63771,0.63721,75,100
2018-11-21 15:32:53.738000,0.63786,0.63736,75,100
2018-11-21 15:32:54.084000,0.63785,0.63735,75,337
2018-11-21 15:32:54.994000,0.63806,0.63756,337,100
2018-11-21 15:32:56.373000,0.638,0.6375,75,100
2018-11-21 15:32:56.833000,0.63795,0.63745,75,337
2018-11-21 15:32:57.164000,0.63805,0.63755,75,337
2018-11-21 15:32:57.496000,0.63815,0.63765,75,337
2018-11-21 15:32:58.415000,0.63816,0.63766,450,100
2018-11-21 15:32:58.784000,0.63826,0.63776,375,100
2018-11-21 15:32:59.150000,0.63821,0.63771,75,100
2018-11-21 15:32:59.516000,0.63805,0.63755,75,337
2018-11-21 15:32:59.840000,0.63821,0.63771,75,100
2018-11-21 15:33:00.273000,0.63805,0.63755,75,337
2018-11-21 15:33:00.578000,0.63806,0.63756,75,100
2018-11-21 15:33:00.891000,0.63795,0.63745,75,222
2018-11-21 15:33:00.942000,0.63786,0.63736,75,100
2018-11-21 15:33:00.993000,0.63785,0.63735,75,337
2018-11-21 15:33:01.306000,0.63775,0.63725,75,222
2018-11-21 15:33:01.421000,0.63776,0.63726,75,100
2018-11-21 15:33:01.887000,0.6377,0.6372,75,100
2018-11-21 15:33:02.231000,0.63786,0.63736,75,100
2018-11-21 15:33:02.618000,0.63791,0.63741,75,100
2018-11-21 15:33:03.143000,0.63785,0.63735,75,375
2018-11-21 15:33:03.472000,0.63806,0.63756,337,100
2018-11-21 15:33:04.846000,0.63795,0.63745,75,222
2018-11-21 15:33:05.090000,0.6378,0.6373,75,129
2018-11-21 15:33:05.198000,0.63796,0.63746,337,129
2018-11-21 15:33:05.501000,0.63786,0.63736,75,129
2018-11-21 15:33:05.833000,0.63776,0.63726,187,129
2018-11-21 15:33:06.499000,0.63771,0.63721,75,100
2018-11-21 15:33:06.822000,0.63765,0.63715,262,100
2018-11-21 15:33:06.930000,0.63775,0.63725,75,337
2018-11-21 15:33:07.395000,0.63781,0.63731,75,100
2018-11-21 15:33:07.802000,0.63775,0.63725,75,337
2018-11-21 15:33:08.228000,0.63781,0.63731,75,100
2018-11-21 15:33:08.545000,0.63775,0.63725,75,337
2018-11-21 15:33:09.084000,0.63781,0.63731,75,100
2018-11-21 15:33:09.418000,0.63775,0.63725,75,337
2018-11-21 15:33:09.849000,0.63781,0.63731,75,100
2018-11-21 15:33:10.275000,0.63775,0.63725,75,375
2018-11-21 15:33:10.656000,0.63795,0.63745,262,100
2018-11-21 15:33:10.707000,0.63811,0.63761,75,100
2018-11-21 15:33:11.956000,0.63826,0.63776,412,129
2018-11-21 15:33:12.288000,0.63821,0.63771,75,100
2018-11-21 15:33:12.643000,0.63805,0.63755,75,337
2018-11-21 15:33:13.728000,0.63815,0.63765,75,337
2018-11-21 15:33:14.133000,0.6384,0.6379,75,100
2018-11-21 15:33:14.482000,0.63835,0.63785,75,337
2018-11-21 15:33:14.858000,0.63836,0.63786,75,100
2018-11-21 15:33:15.191000,0.63831,0.63781,75,129
2018-11-21 15:33:16.184000,0.63825,0.63775,75,375
2018-11-21 15:33:16.741000,0.63831,0.63781,75,129
2018-11-21 15:33:17.181000,0.63825,0.63775,75,129
2018-11-21 15:33:18.248000,0.6382,0.6377,75,100
2018-11-21 15:33:18.444000,0.63825,0.63765,262,350
2018-11-21 15:33:18.699000,0.6385,0.63836,1,100
2018-11-21 15:33:19.049000,0.6385,0.63826,1,100
2018-11-21 15:33:19.231000,0.6385,0.63846,1,100
2018-11-21 15:33:19.303000,0.63875,0.63825,262,100
2018-11-21 15:33:19.540000,0.63895,0.63845,76,337
2018-11-21 15:33:19.894000,0.63905,0.63855,76,129
2018-11-21 15:33:20.379000,0.63926,0.63876,337,100
2018-11-21 15:33:20.912000,0.63916,0.63866,75,100
2018-11-21 15:33:21.275000,0.63921,0.63871,75,100
2018-11-21 15:33:22.044000,0.63916,0.63866,75,126
2018-11-21 15:33:22.506000,0.63906,0.63856,75,100
2018-11-21 15:33:22.866000,0.63901,0.63851,75,60
2018-11-21 15:33:23.189000,0.63896,0.63846,75,126
2018-11-21 15:33:23.525000,0.63875,0.63825,75,126
2018-11-21 15:33:23.863000,0.63876,0.63826,75,100
2018-11-21 15:33:24.325000,0.63871,0.63821,75,100
2018-11-21 15:33:25.037000,0.63866,0.63816,75,126
2018-11-21 15:33:25.501000,0.63856,0.63806,75,100
2018-11-21 15:33:25.806000,0.63835,0.63785,75,337
2018-11-21 15:33:26.208000,0.6384,0.6379,75,100
2018-11-21 15:33:26.573000,0.63845,0.63795,75,100
2018-11-21 15:33:26.914000,0.63855,0.63805,75,100
2018-11-21 15:33:27.318000,0.6385,0.638,75,100
2018-11-21 15:33:27.706000,0.6384,0.6379,75,100
2018-11-21 15:33:28.261000,0.63835,0.63785,75,222
2018-11-21 15:33:28.465000,0.63815,0.63765,75,375
2018-11-21 15:33:28.854000,0.63816,0.63766,75,100
2018-11-21 15:33:29.177000,0.63826,0.63776,337,100
2018-11-21 15:33:29.512000,0.63805,0.63755,75,337
2018-11-21 15:33:30.258000,0.63811,0.63761,75,100
2018-11-21 15:33:30.665000,0.63816,0.63766,75,100
2018-11-21 15:33:31.011000,0.63826,0.63776,337,100
2018-11-21 15:33:31.743000,0.63831,0.63781,75,100
2018-11-21 15:33:32.070000,0.63825,0.63775,75,100
2018-11-21 15:33:35.070000,0.63835,0.63785,75,337
2018-11-21 15:33:35.401000,0.63851,0.63801,75,100
2018-11-21 15:33:35.867000,0.63845,0.63795,75,127
2018-11-21 15:33:36.203000,0.63866,0.63816,337,100
2018-11-21 15:33:37.990000,0.63851,0.63801,75,100
2018-11-21 15:33:38.442000,0.63845,0.63795,75,337
2018-11-21 15:33:39.006000,0.63851,0.63801,75,100
2018-11-21 15:33:39.454000,0.63835,0.63785,75,337
2018-11-21 15:33:39.946000,0.63845,0.63795,75,337
2018-11-21 15:33:40.398000,0.63866,0.63816,337,100
2018-11-21 15:33:40.895000,0.63861,0.63811,75,100
2018-11-21 15:33:41.501000,0.63855,0.63805,112,337
2018-11-21 15:33:42.082000,0.63856,0.63806,75,100
2018-11-21 15:33:42.444000,0.63861,0.63811,75,100
2018-11-21 15:33:42.926000,0.63855,0.63805,112,337
2018-11-21 15:33:43.232000,0.63856,0.63806,112,100
2018-11-21 15:33:43.617000,0.63851,0.63801,112,100
2018-11-21 15:33:44.271000,0.63845,0.63795,75,100
2018-11-21 15:33:44.710000,0.63861,0.63811,150,127
2018-11-21 15:33:45.061000,0.63845,0.63795,150,222
2018-11-21 15:33:45.218000,0.63825,0.63775,75,337
2018-11-21 15:33:46.818000,0.63825,0.63775,75,222
2018-11-21 15:33:46.935000,0.63825,0.63775,75,222
2018-11-21 15:33:47.144000,0.63805,0.63755,75,337
2018-11-21 15:33:47.493000,0.63806,0.63756,75,100
2018-11-21 15:33:47.969000,0.63796,0.63746,75,100
2018-11-21 15:33:48.422000,0.63801,0.63751,75,100
2018-11-21 15:33:48.744000,0.63806,0.63756,337,100
2018-11-21 15:33:49.078000,0.6379,0.6374,75,100
2018-11-21 15:33:49.417000,0.63795,0.63745,75,100
2018-11-21 15:33:49.731000,0.63805,0.63755,262,100
2018-11-21 15:33:49.782000,0.63815,0.63765,75,337
2018-11-21 15:33:51.155000,0.63816,0.63766,75,100
2018-11-21 15:33:51.718000,0.63821,0.63771,75,100
2018-11-21 15:33:52.043000,0.63811,0.63761,75,100
2018-11-21 15:33:52.374000,0.63821,0.63771,75,127
2018-11-21 15:33:52.688000,0.63805,0.63755,75,337
2018-11-21 15:33:53.464000,0.63815,0.63765,75,337
2018-11-21 15:33:53.802000,0.63836,0.63786,337,100
2018-11-21 15:33:54.330000,0.63826,0.63776,75,100
2018-11-21 15:33:54.665000,0.63815,0.63765,262,100
2018-11-21 15:33:54.805000,0.63831,0.63781,75,100
2018-11-21 15:33:55.064000,0.63815,0.63765,75,337
2018-11-21 15:33:55.575000,0.63831,0.63781,75,100
2018-11-21 15:33:55.877000,0.6384,0.6379,75,100
2018-11-21 15:33:56.335000,0.63845,0.63795,75,337
2018-11-21 15:33:56.658000,0.63855,0.63805,75,100
2018-11-21 15:33:58.650000,0.63886,0.63836,675,100
2018-11-21 15:33:59.765000,0.63881,0.63831,75,100
2018-11-21 15:34:00.210000,0.63875,0.63825,75,337
2018-11-21 15:34:01.083000,0.6388,0.6383,75,100
2018-11-21 15:34:01.744000,0.6389,0.6384,75,100
2018-11-21 15:34:02.070000,0.63905,0.63855,262,100
2018-11-21 15:34:02.189000,0.63916,0.63866,337,100
2018-11-21 15:34:02.240000,0.63915,0.63865,75,337
2018-11-21 15:34:02.666000,0.63916,0.63866,75,100
2018-11-21 15:34:02.967000,0.63915,0.63865,75,337
2018-11-21 15:34:03.341000,0.63921,0.63871,75,100
2018-11-21 15:34:03.754000,0.63905,0.63855,75,337
2018-11-21 15:34:04.086000,0.63915,0.63865,75,337
2018-11-21 15:34:04.407000,0.63925,0.63875,262,100
2018-11-21 15:34:04.751000,0.63935,0.63885,75,337
2018-11-21 15:34:04.972000,0.63925,0.63875,75,337
2018-11-21 15:34:05.303000,0.63926,0.63876,112,100
2018-11-21 15:34:05.899000,0.63916,0.63866,75,100
2018-11-21 15:34:06.514000,0.63921,0.63871,75,100
2018-11-21 15:34:06.880000,0.63906,0.63856,75,100
2018-11-21 15:34:07.884000,0.63905,0.63855,262,100
2018-11-21 15:34:08.113000,0.63915,0.63865,75,337
2018-11-21 15:34:08.473000,0.63921,0.63871,75,100
2018-11-21 15:34:09.040000,0.63911,0.63861,75,100
2018-11-21 15:34:09.361000,0.63901,0.63851,75,100
2018-11-21 15:34:09.666000,0.63881,0.63831,75,100
2018-11-21 15:34:09.993000,0.63865,0.63815,75,337
2018-11-21 15:34:10.807000,0.63866,0.63816,75,100
2018-11-21 15:34:11.202000,0.63865,0.63815,75,337
2018-11-21 15:34:11.775000,0.63875,0.63825,75,337
2018-11-21 15:34:12.540000,0.63871,0.63821,75,100
2018-11-21 15:34:12.932000,0.63865,0.63815,75,337
2018-11-21 15:34:13.887000,0.63886,0.63836,337,100
2018-11-21 15:34:15.111000,0.63885,0.63835,75,337
2018-11-21 15:34:15.648000,0.63891,0.63841,112,100
2018-11-21 15:34:16.135000,0.63885,0.63835,75,337
2018-11-21 15:34:16.550000,0.63891,0.63841,75,100
2018-11-21 15:34:16.945000,0.63901,0.63851,75,100
2018-11-21 15:34:17.273000,0.63885,0.63835,75,337
2018-11-21 15:34:18.353000,0.63906,0.63856,337,100
2018-11-21 15:34:19.661000,0.63896,0.63846,75,100
2018-11-21 15:34:20.022000,0.63891,0.63841,75,100
2018-11-21 15:34:20.171000,0.63895,0.63835,262,262
2018-11-21 15:34:20.221000,0.63895,0.63845,262,100
2018-11-21 15:34:20.368000,0.63905,0.63855,75,337
2018-11-21 15:34:22.675000,0.63911,0.63861,75,100
2018-11-21 15:34:23.326000,0.63895,0.63845,75,337
2018-11-21 15:34:24.781000,0.63885,0.63835,75,337
2018-11-21 15:34:25.467000,0.63891,0.63841,75,100
2018-11-21 15:34:26.032000,0.63881,0.63831,112,100
2018-11-21 15:34:26.492000,0.63906,0.63856,412,100
2018-11-21 15:34:26.929000,0.63885,0.63835,75,412
2018-11-21 15:34:27.235000,0.63895,0.63845,75,412
2018-11-21 15:34:27.824000,0.63901,0.63851,75,100
2018-11-21 15:34:28.248000,0.63895,0.63845,75,337
2018-11-21 15:34:29.753000,0.63896,0.63846,75,100
2018-11-21 15:34:31.083000,0.63906,0.63856,337,126
2018-11-21 15:34:31.417000,0.63905,0.63855,75,450
2018-11-21 15:34:35.174000,0.63921,0.63871,75,100
2018-11-21 15:34:35.514000,0.63915,0.63865,75,337
2018-11-21 15:34:35.843000,0.63905,0.63855,75,337
2018-11-21 15:34:36.265000,0.63921,0.63871,75,100
2018-11-21 15:34:36.611000,0.63905,0.63855,75,375
2018-11-21 15:34:37.152000,0.6391,0.6386,75,126
2018-11-21 15:34:37.543000,0.63916,0.63866,75,126
2018-11-21 15:34:37.882000,0.63925,0.63875,75,375
2018-11-21 15:34:38.188000,0.63931,0.63881,112,100
2018-11-21 15:34:38.492000,0.63915,0.63865,112,337
2018-11-21 15:34:38.813000,0.63936,0.63886,337,100
2018-11-21 15:34:39.143000,0.63951,0.63901,75,100
2018-11-21 15:34:39.476000,0.63945,0.63895,112,337
2018-11-21 15:34:39.895000,0.63961,0.63911,75,100
2018-11-21 15:34:40.223000,0.6396,0.6391,75,100
2018-11-21 15:34:40.620000,0.63965,0.63915,112,337
2018-11-21 15:34:40.924000,0.63971,0.63921,112,100
2018-11-21 15:34:42.293000,0.63955,0.63905,262,117
2018-11-21 15:34:42.344000,0.63945,0.63895,75,375
2018-11-21 15:34:43.205000,0.63961,0.63911,75,100
2018-11-21 15:34:43.834000,0.63945,0.63895,75,337
2018-11-21 15:34:47.243000,0.6395,0.639,75,117
2018-11-21 15:34:47.564000,0.63955,0.63905,75,375
2018-11-21 15:34:47.898000,0.63971,0.63921,75,100
2018-11-21 15:34:49.184000,0.63965,0.63915,75,117
2018-11-21 15:34:49.546000,0.63971,0.63921,75,117
2018-11-21 15:34:49.855000,0.63955,0.63905,75,375
2018-11-21 15:34:50.156000,0.63961,0.63911,75,117
2018-11-21 15:34:50.484000,0.63945,0.63895,75,412
2018-11-21 15:34:50.825000,0.63955,0.63905,75,117
2018-11-21 15:34:51.176000,0.6396,0.6391,75,100
2018-11-21 15:34:51.499000,0.63945,0.63895,75,100
2018-11-21 15:34:52.048000,0.63935,0.63885,75,337
2018-11-21 15:34:52.363000,0.63941,0.63891,75,100
2018-11-21 15:34:53.556000,0.63925,0.63875,112,337
2018-11-21 15:34:54.301000,0.63926,0.63876,75,100
2018-11-21 15:34:54.675000,0.63921,0.63871,75,100
2018-11-21 15:34:55.007000,0.63915,0.63865,75,100
2018-11-21 15:34:59.348000,0.63905,0.63855,75,337
2018-11-21 15:35:00.278000,0.63915,0.63865,75,100
2018-11-21 15:35:00.623000,0.6392,0.6387,75,100
2018-11-21 15:35:00.946000,0.63925,0.63875,75,100
2018-11-21 15:35:01.252000,0.63951,0.63901,75,100
2018-11-21 15:35:01.865000,0.63945,0.63895,75,100
2018-11-21 15:35:02.844000,0.63961,0.63911,75,100
2018-11-21 15:35:03.453000,0.63955,0.63905,75,375
2018-11-21 15:35:05.105000,0.63961,0.63911,75,100
2018-11-21 15:35:05.501000,0.63951,0.63901,75,100
2018-11-21 15:35:06.087000,0.63946,0.63896,75,100
2018-11-21 15:35:07.936000,0.6394,0.6389,75,100
2018-11-21 15:35:08.335000,0.63946,0.63896,75,100
2018-11-21 15:35:09.710000,0.63945,0.63895,75,337
2018-11-21 15:35:10.047000,0.63961,0.63911,75,100
2018-11-21 15:35:10.446000,0.63956,0.63906,112,100
2018-11-21 15:35:10.773000,0.63971,0.63921,75,100
2018-11-21 15:35:11.138000,0.63961,0.63911,75,114
2018-11-21 15:35:11.441000,0.63971,0.63921,75,114
2018-11-21 15:35:13.151000,0.63965,0.63915,75,337
2018-11-21 15:35:13.536000,0.63971,0.63921,75,100
2018-11-21 15:35:14.237000,0.63965,0.63915,75,375
2018-11-21 15:35:16.639000,0.63971,0.63921,75,100
2018-11-21 15:35:17.692000,0.63955,0.63905,75,337
2018-11-21 15:35:18.067000,0.63976,0.63926,337,100
2018-11-21 15:35:18.507000,0.63975,0.63925,75,337
2018-11-21 15:35:18.898000,0.63985,0.63935,262,100
2018-11-21 15:35:19.065000,0.63996,0.63946,450,100
2018-11-21 15:35:19.240000,0.64005,0.63955,337,100
2018-11-21 15:35:19.729000,0.64005,0.63945,262,262
2018-11-21 15:35:19.823000,0.64025,0.63945,262,262
2018-11-21 15:35:20.579000,0.64156,0.64106,75,100
2018-11-21 15:35:20.964000,0.64161,0.64111,75,100
2018-11-21 15:35:21.317000,0.64165,0.64115,337,100
2018-11-21 15:35:21.636000,0.6415,0.641,75,100
2018-11-21 15:35:21.955000,0.64154,0.64104,75,150
2018-11-21 15:35:22.874000,0.6416,0.6411,75,100
2018-11-21 15:35:23.235000,0.64165,0.64115,337,100
2018-11-21 15:35:23.616000,0.64145,0.64095,75,337
2018-11-21 15:35:24.125000,0.6415,0.641,75,150
2018-11-21 15:35:24.555000,0.64165,0.64115,337,150
2018-11-21 15:35:24.874000,0.64146,0.64096,75,100
2018-11-21 15:35:25.211000,0.64151,0.64101,75,183
2018-11-21 15:35:25.645000,0.64135,0.64085,75,1000
2018-11-21 15:35:25.971000,0.64151,0.64101,75,183
2018-11-21 15:35:26.734000,0.64156,0.64106,337,183
2018-11-21 15:35:27.416000,0.64151,0.64101,75,100
2018-11-21 15:35:27.901000,0.64145,0.64095,75,183
2018-11-21 15:35:28.230000,0.64146,0.64096,75,183
2018-11-21 15:35:28.586000,0.64145,0.64095,75,1000
2018-11-21 15:35:29.255000,0.64151,0.64101,75,100
2018-11-21 15:35:29.599000,0.64165,0.64115,75,337
2018-11-21 15:35:29.930000,0.64171,0.64121,75,100
2018-11-21 15:35:30.361000,0.64165,0.64115,75,183
2018-11-21 15:35:31.361000,0.64161,0.64111,75,100
2018-11-21 15:35:31.670000,0.64165,0.64115,337,100
2018-11-21 15:35:32.127000,0.6417,0.6412,75,100
2018-11-21 15:35:32.509000,0.64176,0.64126,75,100
2018-11-21 15:35:32.839000,0.64165,0.64115,75,183
2018-11-21 15:35:33.141000,0.64171,0.64121,75,183
2018-11-21 15:35:33.455000,0.64165,0.64115,337,183
2018-11-21 15:35:33.758000,0.6416,0.6411,75,100
2018-11-21 15:35:35.763000,0.64165,0.64115,75,412
2018-11-21 15:35:36.146000,0.6416,0.6411,75,183
2018-11-21 15:35:37.035000,0.64165,0.64115,337,183
2018-11-21 15:35:38.315000,0.6416,0.6411,75,100
2018-11-21 15:35:38.702000,0.64165,0.64115,75,100
2018-11-21 15:35:39.621000,0.64181,0.64131,75,100
2018-11-21 15:35:40.064000,0.64171,0.64121,187,100
2018-11-21 15:35:40.433000,0.64165,0.64115,112,337
2018-11-21 15:35:40.780000,0.64175,0.64125,112,337
2018-11-21 15:35:41.249000,0.64196,0.64146,375,100
2018-11-21 15:35:41.609000,0.64191,0.64141,75,184
2018-11-21 15:35:42.164000,0.64186,0.64136,75,100
2018-11-21 15:35:42.549000,0.64181,0.64131,75,100
2018-11-21 15:35:42.967000,0.64175,0.64125,75,337
2018-11-21 15:35:43.291000,0.6418,0.6413,75,100
2018-11-21 15:35:43.733000,0.64175,0.64125,75,337
2018-11-21 15:35:44.052000,0.64181,0.64131,75,100
2018-11-21 15:35:44.399000,0.64191,0.64141,75,150
2018-11-21 15:35:44.724000,0.64185,0.64135,75,100
2018-11-21 15:35:45.027000,0.64195,0.64145,75,337
2018-11-21 15:35:45.395000,0.64185,0.64135,75,337
2018-11-21 15:35:45.715000,0.64186,0.64136,75,100
2018-11-21 15:35:46.034000,0.64185,0.64135,75,100
2018-11-21 15:35:46.375000,0.64195,0.64145,75,337
2018-11-21 15:35:46.705000,0.64201,0.64151,75,187
2018-11-21 15:35:47.046000,0.64191,0.64141,75,187
2018-11-21 15:35:47.369000,0.64201,0.64151,112,100
2018-11-21 15:35:47.697000,0.64185,0.64135,75,337
2018-11-21 15:35:48.736000,0.6419,0.6414,75,100
2018-11-21 15:35:49.185000,0.64196,0.64146,112,100
2018-11-21 15:35:49.849000,0.6419,0.6414,75,100
2018-11-21 15:35:50.338000,0.64195,0.64145,75,337
2018-11-21 15:35:51.438000,0.64216,0.64166,337,100
2018-11-21 15:35:51.771000,0.64211,0.64161,75,100
2018-11-21 15:35:52.212000,0.64206,0.64156,112,150
2018-11-21 15:35:52.990000,0.64196,0.64146,75,100
2018-11-21 15:35:53.328000,0.64191,0.64141,75,100
2018-11-21 15:35:53.678000,0.64181,0.64131,75,100
2018-11-21 15:35:54.008000,0.64175,0.64125,75,150
2018-11-21 15:35:54.342000,0.64165,0.64115,112,337
2018-11-21 15:35:55.148000,0.64171,0.64121,75,100
2018-11-21 15:35:55.614000,0.64165,0.64115,75,337
2018-11-21 15:35:56.189000,0.64171,0.64121,75,100
2018-11-21 15:35:56.535000,0.64186,0.64136,337,188
2018-11-21 15:35:57.444000,0.64165,0.64115,75,337
2018-11-21 15:35:57.940000,0.6416,0.6411,75,187
2018-11-21 15:35:58.358000,0.64165,0.64115,75,150
2018-11-21 15:35:58.790000,0.64186,0.64136,337,150
2018-11-21 15:35:59.127000,0.64196,0.64146,337,100
2018-11-21 15:35:59.442000,0.64201,0.64151,75,100
2018-11-21 15:35:59.991000,0.64185,0.64135,75,375
2018-11-21 15:36:00.440000,0.64201,0.64151,112,100
2018-11-21 15:36:00.781000,0.64196,0.64146,75,100
2018-11-21 15:36:01.762000,0.64191,0.64141,75,100
2018-11-21 15:36:02.139000,0.64185,0.64135,75,337
2018-11-21 15:36:02.478000,0.64185,0.64135,262,100
2018-11-21 15:36:02.528000,0.64215,0.64145,262,262
2018-11-21 15:36:02.579000,0.64215,0.64165,262,100
2018-11-21 15:36:02.680000,0.64226,0.64176,337,100
2018-11-21 15:36:02.792000,0.64205,0.64155,75,337
2018-11-21 15:36:03.108000,0.64211,0.64161,75,100
2018-11-21 15:36:03.469000,0.64205,0.64155,75,337
2018-11-21 15:36:03.917000,0.64211,0.64161,75,100
2018-11-21 15:36:04.370000,0.64206,0.64156,75,187
2018-11-21 15:36:04.682000,0.64216,0.64166,337,100
2018-11-21 15:36:05.011000,0.6421,0.6416,75,100
2018-11-21 15:36:05.543000,0.64215,0.64165,75,337
2018-11-21 15:36:05.878000,0.64221,0.64171,75,100
2018-11-21 15:36:06.662000,0.64205,0.64155,75,337
2018-11-21 15:36:06.997000,0.64215,0.64165,75,337
2018-11-21 15:36:07.549000,0.64221,0.64171,75,100
2018-11-21 15:36:07.877000,0.64201,0.64151,75,150
2018-11-21 15:36:08.203000,0.642,0.6415,75,150
2018-11-21 15:36:08.599000,0.64205,0.64155,75,375
2018-11-21 15:36:09.014000,0.64206,0.64156,112,100
2018-11-21 15:36:10.070000,0.64216,0.64166,337,100
2018-11-21 15:36:10.404000,0.64221,0.64171,75,150
2018-11-21 15:36:11.078000,0.64215,0.64165,75,337
2018-11-21 15:36:11.494000,0.64241,0.64191,75,100
2018-11-21 15:36:11.803000,0.64215,0.64165,75,337
2018-11-21 15:36:12.319000,0.6423,0.6418,75,185
2018-11-21 15:36:12.657000,0.64246,0.64196,337,185
2018-11-21 15:36:13.177000,0.6425,0.64201,1,100
2018-11-21 15:36:14.069000,0.64246,0.64196,75,185
2018-11-21 15:36:14.411000,0.64235,0.64185,75,222
2018-11-21 15:36:14.462000,0.6423,0.6418,75,185
2018-11-21 15:36:14.855000,0.64215,0.64165,150,450
2018-11-21 15:36:15.246000,0.64219,0.64169,75,100
2018-11-21 15:36:15.678000,0.64221,0.64171,150,100
2018-11-21 15:36:16.003000,0.64211,0.64161,150,100
2018-11-21 15:36:16.376000,0.64206,0.64156,112,100
2018-11-21 15:36:16.789000,0.64211,0.64161,75,100
2018-11-21 15:36:17.629000,0.64195,0.64145,112,337
2018-11-21 15:36:18.318000,0.64216,0.64166,337,100
2018-11-21 15:36:18.666000,0.64211,0.64161,75,150
2018-11-21 15:36:18.974000,0.64195,0.64145,75,375
2018-11-21 15:36:19.285000,0.64211,0.64161,75,100
2018-11-21 15:36:19.590000,0.64206,0.64156,75,100
2018-11-21 15:36:20.194000,0.64201,0.64151,75,100
2018-11-21 15:36:20.576000,0.64195,0.64145,75,337
2018-11-21 15:36:22.308000,0.64201,0.64151,75,100
2018-11-21 15:36:22.634000,0.64175,0.64125,75,337
2018-11-21 15:36:22.960000,0.64181,0.64131,75,100
2018-11-21 15:36:23.445000,0.6418,0.6413,75,100
2018-11-21 15:36:23.865000,0.6417,0.6412,75,183
2018-11-21 15:36:24.210000,0.6418,0.6413,75,150
2018-11-21 15:36:24.534000,0.64185,0.64135,75,375
2018-11-21 15:36:24.854000,0.64191,0.64141,75,100
2018-11-21 15:36:25.292000,0.64181,0.64131,75,100
2018-11-21 15:36:25.626000,0.64175,0.64125,75,183
2018-11-21 15:36:26.146000,0.64191,0.64141,75,183
2018-11-21 15:36:27.989000,0.64175,0.64125,112,375
2018-11-21 15:36:28.751000,0.64191,0.64141,75,100
2018-11-21 15:36:29.261000,0.64165,0.64115,75,337
2018-11-21 15:36:29.596000,0.64175,0.64125,75,337
2018-11-21 15:36:30.132000,0.64185,0.64135,75,100
2018-11-21 15:36:30.510000,0.64191,0.64141,75,100
2018-11-21 15:36:30.871000,0.64175,0.64125,75,337
2018-11-21 15:36:31.392000,0.64181,0.64131,75,100
2018-11-21 15:36:31.774000,0.64171,0.64121,75,183
2018-11-21 15:36:33.823000,0.64155,0.64105,262,183
2018-11-21 15:36:33.873000,0.64145,0.64095,75,525
2018-11-21 15:36:34.299000,0.64154,0.64104,75,100
2018-11-21 15:36:34.624000,0.6415,0.641,75,100
2018-11-21 15:36:34.948000,0.64156,0.64106,112,150
2018-11-21 15:36:35.338000,0.6415,0.641,75,100
2018-11-21 15:36:35.649000,0.64145,0.64095,75,337
2018-11-21 15:36:36.140000,0.64161,0.64111,75,100
2018-11-21 15:36:36.564000,0.64145,0.64095,75,337
2018-11-21 15:36:36.899000,0.64151,0.64101,75,183
2018-11-21 15:36:37.220000,0.64146,0.64096,75,183
2018-11-21 15:36:38.194000,0.6414,0.6409,75,183
2018-11-21 15:36:38.547000,0.64135,0.64085,75,1000
2018-11-21 15:36:38.856000,0.64151,0.64101,75,183
2018-11-21 15:36:39.207000,0.64135,0.64085,75,1000
2018-11-21 15:36:39.801000,0.6414,0.6409,75,183
2018-11-21 15:36:40.133000,0.64145,0.64095,75,1000
2018-11-21 15:36:40.572000,0.6415,0.641,75,100
2018-11-21 15:36:41.188000,0.64165,0.64115,337,150
2018-11-21 15:36:41.574000,0.64176,0.64126,337,100
2018-11-21 15:36:42.606000,0.64181,0.64131,75,100
2018-11-21 15:36:43.197000,0.64175,0.64125,75,337
2018-11-21 15:36:43.957000,0.64201,0.64151,75,100
2018-11-21 15:36:44.321000,0.64185,0.64135,112,337
2018-11-21 15:36:44.749000,0.64201,0.64151,112,183
2018-11-21 15:36:45.085000,0.64195,0.64145,150,183
2018-11-21 15:36:45.544000,0.64221,0.64171,150,183
2018-11-21 15:36:46.315000,0.64215,0.64165,150,150
2018-11-21 15:36:46.893000,0.64205,0.64155,75,337
2018-11-21 15:36:47.334000,0.64205,0.64155,75,222
2018-11-21 15:36:47.433000,0.64211,0.64161,75,150
2018-11-21 15:36:47.781000,0.64206,0.64156,112,100
2018-11-21 15:36:48.187000,0.64211,0.64161,112,100
2018-11-21 15:36:48.514000,0.64196,0.64146,112,100
2018-11-21 15:36:48.845000,0.64195,0.64145,75,337
2018-11-21 15:36:50.295000,0.64196,0.64146,187,100
2018-11-21 15:36:51.991000,0.64201,0.64151,75,100
2018-11-21 15:36:52.305000,0.64195,0.64145,187,100
2018-11-21 15:36:54.199000,0.64196,0.64146,75,100
2018-11-21 15:36:54.530000,0.64195,0.64145,75,337
2018-11-21 15:36:57.035000,0.64201,0.64151,187,100
2018-11-21 15:36:57.978000,0.64185,0.64135,187,337
2018-11-21 15:36:58.470000,0.64201,0.64151,75,100
2018-11-21 15:36:58.830000,0.64195,0.64145,187,337
2018-11-21 15:37:00.202000,0.64205,0.64155,262,100
2018-11-21 15:37:00.253000,0.64215,0.64165,187,100
2018-11-21 15:37:00.304000,0.64221,0.64171,187,100
2018-11-21 15:37:00.917000,0.64215,0.64165,75,337
2018-11-21 15:37:01.495000,0.64221,0.64171,112,100
2018-11-21 15:37:01.826000,0.6423,0.6418,112,100
2018-11-21 15:37:02.161000,0.64225,0.64175,150,337
2018-11-21 15:37:02.543000,0.64246,0.64196,412,100
2018-11-21 15:37:02.869000,0.64226,0.64176,112,100
2018-11-21 15:37:03.344000,0.64225,0.64175,75,337
2018-11-21 15:37:03.812000,0.64246,0.64196,337,100
2018-11-21 15:37:04.142000,0.64241,0.64191,150,100
2018-11-21 15:37:04.917000,0.64235,0.64185,112,337
2018-11-21 15:37:05.269000,0.6423,0.6418,75,100
2018-11-21 15:37:05.610000,0.64225,0.64175,75,337
2018-11-21 15:37:05.943000,0.64241,0.64191,75,100
2018-11-21 15:37:07.172000,0.64235,0.64185,112,337
2018-11-21 15:37:07.611000,0.64225,0.64175,112,337
2018-11-21 15:37:08.267000,0.6423,0.6418,112,100
2018-11-21 15:37:08.640000,0.64225,0.64175,112,337
2018-11-21 15:37:09.423000,0.6423,0.6418,75,100
2018-11-21 15:37:09.878000,0.64236,0.64186,75,100
2018-11-21 15:37:10.317000,0.6424,0.6419,75,100
2018-11-21 15:37:10.629000,0.6425,0.64206,1,100
2018-11-21 15:37:11.004000,0.6425,0.64226,1,100
2018-11-21 15:37:11.383000,0.6425,0.64221,1,100
2018-11-21 15:37:11.484000,0.6425,0.64226,1,100
2018-11-21 15:37:11.833000,0.6425,0.64231,1,100
2018-11-21 15:37:12.300000,0.6425,0.64226,1,100
2018-11-21 15:37:12.631000,0.6425,0.64221,1,100
2018-11-21 15:37:12.733000,0.6425,0.64216,1,100
2018-11-21 15:37:13.182000,0.6425,0.64206,1,100
2018-11-21 15:37:13.414000,0.64246,0.64196,112,100
2018-11-21 15:37:14.050000,0.6425,0.6421,1,183
2018-11-21 15:37:14.380000,0.6425,0.64206,1,183
2018-11-21 15:37:14.711000,0.6425,0.6421,1,100
2018-11-21 15:37:15.218000,0.6425,0.64216,1,100
2018-11-21 15:37:15.862000,0.6425,0.64226,1,100
2018-11-21 15:37:17.995000,0.6425,0.64236,1,100
2018-11-21 15:37:18.117000,0.6425,0.64226,1,100
2018-11-21 15:37:18.509000,0.6425,0.64221,1,100
2018-11-21 15:37:18.797000,0.6425,0.64226,1,100
2018-11-21 15:37:20.169000,0.6425,0.64216,1,100
2018-11-21 15:37:20.536000,0.6425,0.6421,1,100
2018-11-21 15:37:20.738000,0.6425,0.64206,1,100
2018-11-21 15:37:21.196000,0.64241,0.64191,112,100
2018-11-21 15:37:21.526000,0.64235,0.64185,112,337
2018-11-21 15:37:21.832000,0.64236,0.64186,112,100
2018-11-21 15:37:22.171000,0.64241,0.64191,150,100
2018-11-21 15:37:22.633000,0.64226,0.64176,75,100
2018-11-21 15:37:22.997000,0.6423,0.6418,75,100
2018-11-21 15:37:23.951000,0.6423,0.6418,112,183
2018-11-21 15:37:24.480000,0.64235,0.64185,112,337
2018-11-21 15:37:25.040000,0.6425,0.64201,1,100
2018-11-21 15:37:25.449000,0.64235,0.64185,112,337
2018-11-21 15:37:25.904000,0.6425,0.64201,1,100
2018-11-21 15:37:27.602000,0.6425,0.6421,1,100
2018-11-21 15:37:28.028000,0.64245,0.64195,150,222
2018-11-21 15:37:28.078000,0.64241,0.64191,150,100
2018-11-21 15:37:28.208000,0.6424,0.6419,75,100
2018-11-21 15:37:28.562000,0.6425,0.6421,1,100
2018-11-21 15:37:29.134000,0.6425,0.64206,1,100
2018-11-21 15:37:29.643000,0.6425,0.6421,1,100
2018-11-21 15:37:30.250000,0.6425,0.64206,1,100
2018-11-21 15:37:30.572000,0.6425,0.64216,1,100
2018-11-21 15:37:30.786000,0.6425,0.6421,1,100
2018-11-21 15:37:32.205000,0.6425,0.64236,1,100
2018-11-21 15:37:32.642000,0.6425,0.64246,1,100
2018-11-21 15:37:33.203000,0.6429,0.6424,76,100
2018-11-21 15:37:33.311000,0.6425,0.64246,1,100
2018-11-21 15:37:33.443000,0.6429,0.6424,76,100
2018-11-21 15:37:33.709000,0.6425,0.64246,1,100
2018-11-21 15:37:33.910000,0.6425,0.64236,1,100
2018-11-21 15:37:34.457000,0.6425,0.64226,1,100
2018-11-21 15:37:35.284000,0.6425,0.64221,1,100
2018-11-21 15:37:35.932000,0.6425,0.64216,1,150
2018-11-21 15:37:36.458000,0.6425,0.64205,1,222
2018-11-21 15:37:36.565000,0.6425,0.64201,1,100
2018-11-21 15:37:37.233000,0.64235,0.64185,75,337
2018-11-21 15:37:38.083000,0.6425,0.64235,1,100
2018-11-21 15:37:38.134000,0.6425,0.64216,1,100
2018-11-21 15:37:38.255000,0.6425,0.64226,1,100
2018-11-21 15:37:38.356000,0.6425,0.64226,1,100
2018-11-21 15:37:38.490000,0.6425,0.64216,1,100
2018-11-21 15:37:38.796000,0.6425,0.64226,1,100
2018-11-21 15:37:39.815000,0.6425,0.64231,1,100
2018-11-21 15:37:40.459000,0.6425,0.6424,1,100
2018-11-21 15:37:40.652000,0.64295,0.64245,262,150
2018-11-21 15:37:40.717000,0.64306,0.64256,414,150
2018-11-21 15:37:42.449000,0.64311,0.64261,75,100
2018-11-21 15:37:42.914000,0.64295,0.64245,75,337
2018-11-21 15:37:43.243000,0.64285,0.64235,75,337
2018-11-21 15:37:43.577000,0.64301,0.64251,75,100
2018-11-21 15:37:43.899000,0.64285,0.64235,75,337
2018-11-21 15:37:45.825000,0.64286,0.64236,75,100
2018-11-21 15:37:46.218000,0.64279,0.64229,75,100
2018-11-21 15:37:46.643000,0.64276,0.64226,75,100
2018-11-21 15:37:47.184000,0.64281,0.64231,75,150
2018-11-21 15:37:47.542000,0.64275,0.64225,75,375
2018-11-21 15:37:47.960000,0.64281,0.64231,75,100
2018-11-21 15:37:48.376000,0.64271,0.64221,75,100
2018-11-21 15:37:48.713000,0.64256,0.64206,75,182
2018-11-21 15:37:49.144000,0.6426,0.6421,75,100
2018-11-21 15:37:49.830000,0.64245,0.64195,75,375
2018-11-21 15:37:50.637000,0.64245,0.64195,75,222
2018-11-21 15:37:50.688000,0.64241,0.64191,75,100
2018-11-21 15:37:51.602000,0.64235,0.64185,262,100
2018-11-21 15:37:51.712000,0.64235,0.64185,262,100
2018-11-21 15:37:51.772000,0.64255,0.64205,75,337
2018-11-21 15:37:52.144000,0.64245,0.64195,75,337
2018-11-21 15:37:52.487000,0.64235,0.64185,75,337
2018-11-21 15:37:52.888000,0.64245,0.64195,262,100
2018-11-21 15:37:52.992000,0.64245,0.64195,262,100
2018-11-21 15:37:53.127000,0.64271,0.64221,75,100
2018-11-21 15:37:53.228000,0.64265,0.64215,75,100
2018-11-21 15:37:53.585000,0.64266,0.64216,75,100
2018-11-21 15:37:54.134000,0.64271,0.64221,75,100
2018-11-21 15:37:54.579000,0.64265,0.64215,75,337
2018-11-21 15:37:54.940000,0.6427,0.6422,75,100
2018-11-21 15:37:55.436000,0.64275,0.64225,75,150
2018-11-21 15:37:55.790000,0.64281,0.64231,75,100
2018-11-21 15:37:56.122000,0.64275,0.64225,75,337
2018-11-21 15:37:56.433000,0.64279,0.64229,75,100
2018-11-21 15:37:59.253000,0.64275,0.64225,262,100
2018-11-21 15:37:59.354000,0.64286,0.64236,337,100
2018-11-21 15:38:00.178000,0.64281,0.64231,75,100
2018-11-21 15:38:00.511000,0.64275,0.64225,75,337
2018-11-21 15:38:01.120000,0.64276,0.64226,75,100
2018-11-21 15:38:01.489000,0.64286,0.64236,337,100
2018-11-21 15:38:01.912000,0.64265,0.64215,75,337
2018-11-21 15:38:02.218000,0.6427,0.6422,75,100
2018-11-21 15:38:02.543000,0.64255,0.64205,75,337
2018-11-21 15:38:03.227000,0.64251,0.64201,75,100
2018-11-21 15:38:03.679000,0.64245,0.64195,75,375
2018-11-21 15:38:04.143000,0.64251,0.64201,75,150
2018-11-21 15:38:04.472000,0.64235,0.64185,75,375
2018-11-21 15:38:06.076000,0.64245,0.64195,75,337
2018-11-21 15:38:06.408000,0.64249,0.64199,75,100
2018-11-21 15:38:06.782000,0.64255,0.64205,75,100
2018-11-21 15:38:07.224000,0.6426,0.6421,75,100
2018-11-21 15:38:07.527000,0.64245,0.64195,75,337
2018-11-21 15:38:07.924000,0.64255,0.64205,75,337
2018-11-21 15:38:08.753000,0.64276,0.64226,337,100
2018-11-21 15:38:10.995000,0.64266,0.64216,75,100
2018-11-21 15:38:11.746000,0.64265,0.64215,75,150
2018-11-21 15:38:12.852000,0.64286,0.64236,337,100
2018-11-21 15:38:13.194000,0.64281,0.64231,150,100
2018-11-21 15:38:13.548000,0.6429,0.6424,150,100
2018-11-21 15:38:14.048000,0.64275,0.64225,75,337
2018-11-21 15:38:14.411000,0.64279,0.64229,75,100
2018-11-21 15:38:15.581000,0.64286,0.64236,75,100
2018-11-21 15:38:17.204000,0.64276,0.64226,75,100
2018-11-21 15:38:17.530000,0.64275,0.64225,262,100
2018-11-21 15:38:17.583000,0.6429,0.6424,75,100
2018-11-21 15:38:17.650000,0.64285,0.64235,75,100
2018-11-21 15:38:18.126000,0.64286,0.64236,75,150
2018-11-21 15:38:18.635000,0.6429,0.6424,75,150
2018-11-21 15:38:19.933000,0.64275,0.64225,75,337
2018-11-21 15:38:20.306000,0.64285,0.64235,75,100
2018-11-21 15:38:20.633000,0.64301,0.64251,75,100
2018-11-21 15:38:20.934000,0.64285,0.64235,112,337
2018-11-21 15:38:22.141000,0.64295,0.64245,262,100
2018-11-21 15:38:22.192000,0.64295,0.64245,262,100
2018-11-21 15:38:22.368000,0.64311,0.64261,75,100
2018-11-21 15:38:22.538000,0.6431,0.6426,75,100
2018-11-21 15:38:22.919000,0.64305,0.64255,75,337
2018-11-21 15:38:23.368000,0.64295,0.64245,75,337
2018-11-21 15:38:23.712000,0.64295,0.64235,262,262
2018-11-21 15:38:23.763000,0.64295,0.64245,262,100
2018-11-21 15:38:23.912000,0.64295,0.64245,262,100
2018-11-21 15:38:24.089000,0.64295,0.64245,262,100
2018-11-21 15:38:24.139000,0.64325,0.64275,75,337
2018-11-21 15:38:24.240000,0.64331,0.64281,75,100
2018-11-21 15:38:24.569000,0.64336,0.64286,337,100
2018-11-21 15:38:24.899000,0.64315,0.64265,75,337
2018-11-21 15:38:25.371000,0.64311,0.64261,75,100
2018-11-21 15:38:25.733000,0.64305,0.64255,75,100
2018-11-21 15:38:26.280000,0.64311,0.64261,75,100
2018-11-21 15:38:26.618000,0.64295,0.64245,75,337
2018-11-21 15:38:27.037000,0.64316,0.64266,75,100
2018-11-21 15:38:27.374000,0.643,0.6425,75,100
2018-11-21 15:38:27.801000,0.64305,0.64255,112,224
2018-11-21 15:38:27.874000,0.64285,0.64235,112,337
2018-11-21 15:38:28.033000,0.64306,0.64256,375,100
2018-11-21 15:38:28.506000,0.643,0.6425,75,100
2018-11-21 15:38:28.841000,0.64296,0.64246,75,150
2018-11-21 15:38:30.153000,0.64279,0.64229,75,100
2018-11-21 15:38:30.566000,0.64286,0.64236,75,100
2018-11-21 15:38:31.109000,0.6429,0.6424,75,100
2018-11-21 15:38:31.438000,0.64281,0.64231,75,100
2018-11-21 15:38:31.783000,0.64271,0.64221,112,100
2018-11-21 15:38:32.183000,0.64281,0.64231,112,150
2018-11-21 15:38:32.546000,0.64265,0.64215,112,375
2018-11-21 15:38:39.684000,0.6427,0.6422,75,100
2018-11-21 15:38:40.297000,0.64275,0.64225,112,100
2018-11-21 15:38:40.606000,0.64285,0.64235,262,100
2018-11-21 15:38:40.656000,0.64321,0.64271,75,100
2018-11-21 15:38:40.952000,0.64315,0.64265,75,100
2018-11-21 15:38:41.706000,0.64305,0.64255,75,337
2018-11-21 15:38:42.158000,0.64315,0.64265,75,337
2018-11-21 15:38:42.491000,0.64331,0.64281,75,100
2018-11-21 15:38:43.264000,0.64325,0.64275,75,375
2018-11-21 15:38:43.567000,0.64315,0.64265,75,224
2018-11-21 15:38:43.710000,0.64295,0.64245,75,375
2018-11-21 15:38:44.319000,0.64311,0.64261,75,100
2018-11-21 15:38:44.681000,0.64301,0.64251,112,100
2018-11-21 15:38:45.392000,0.64295,0.64245,75,337
2018-11-21 15:38:46.190000,0.643,0.6425,75,100
2018-11-21 15:38:46.527000,0.64295,0.64245,75,337
2018-11-21 15:38:46.853000,0.64315,0.64265,75,337
2018-11-21 15:38:47.184000,0.64331,0.64281,75,100
2018-11-21 15:38:47.787000,0.64325,0.64275,75,375
2018-11-21 15:38:48.179000,0.6432,0.6427,75,150
2018-11-21 15:38:48.504000,0.64325,0.64275,75,150
2018-11-21 15:38:50.080000,0.64326,0.64276,75,100
2018-11-21 15:38:50.452000,0.64321,0.64271,75,100
2018-11-21 15:38:51.206000,0.64315,0.64265,75,100
2018-11-21 15:38:51.557000,0.6432,0.6427,75,100
2018-11-21 15:38:51.888000,0.64315,0.64265,112,337
2018-11-21 15:38:52.205000,0.64321,0.64271,75,100
2018-11-21 15:38:52.555000,0.64335,0.64285,75,337
2018-11-21 15:38:52.869000,0.6434,0.6429,75,100
2018-11-21 15:38:53.920000,0.64341,0.64291,112,100
2018-11-21 15:38:54.580000,0.64336,0.64286,75,100
2018-11-21 15:38:55.176000,0.64341,0.64291,75,100
2018-11-21 15:38:55.615000,0.64336,0.64286,75,100
2018-11-21 15:38:56.181000,0.64341,0.64291,75,100
2018-11-21 15:38:57.581000,0.64335,0.64285,75,150
2018-11-21 15:38:58.108000,0.64341,0.64291,112,100
2018-11-21 15:38:58.515000,0.64335,0.64285,112,375
2018-11-21 15:38:58.908000,0.6434,0.6429,75,100
2018-11-21 15:38:59.305000,0.64336,0.64286,112,100
2018-11-21 15:38:59.836000,0.64341,0.64291,112,100
2018-11-21 15:39:00.272000,0.64355,0.64305,337,100
2018-11-21 15:39:00.615000,0.6435,0.643,75,150
2018-11-21 15:39:01.162000,0.6436,0.6431,75,100
2018-11-21 15:39:01.495000,0.64365,0.64315,262,100
2018-11-21 15:39:01.713000,0.64385,0.64335,337,100
2018-11-21 15:39:02.173000,0.64381,0.64331,75,100
2018-11-21 15:39:02.504000,0.64391,0.64341,75,100
2018-11-21 15:39:02.896000,0.64385,0.64335,75,337
2018-11-21 15:39:03.699000,0.6439,0.6434,75,100
2018-11-21 15:39:04.019000,0.64385,0.64335,75,337
2018-11-21 15:39:04.511000,0.64381,0.64331,75,100
2018-11-21 15:39:04.949000,0.64361,0.64311,75,100
2018-11-21 15:39:05.351000,0.64345,0.64295,75,224
2018-11-21 15:39:05.511000,0.6432,0.6427,75,100
2018-11-21 15:39:05.565000,0.64321,0.64271,75,100
2018-11-21 15:39:06.017000,0.64311,0.64261,150,100
2018-11-21 15:39:06.319000,0.64305,0.64255,75,100
2018-11-21 15:39:06.642000,0.64311,0.64261,75,150
2018-11-21 15:39:08.867000,0.64305,0.64255,75,375
2018-11-21 15:39:09.707000,0.64306,0.64256,75,100
2018-11-21 15:39:10.027000,0.64279,0.64229,75,100
2018-11-21 15:39:10.373000,0.64276,0.64226,75,100
2018-11-21 15:39:10.829000,0.6427,0.6422,75,100
2018-11-21 15:39:11.467000,0.64275,0.64225,75,100
2018-11-21 15:39:12.110000,0.64281,0.64231,75,100
2018-11-21 15:39:12.618000,0.64275,0.64225,75,337
2018-11-21 15:39:13.705000,0.64281,0.64231,75,100
2018-11-21 15:39:14.317000,0.64265,0.64215,75,337
2018-11-21 15:39:15.698000,0.64286,0.64236,337,100
2018-11-21 15:39:16.175000,0.64281,0.64231,75,100
2018-11-21 15:39:16.560000,0.64275,0.64225,75,337
2018-11-21 15:39:16.965000,0.64281,0.64231,75,100
2018-11-21 15:39:17.626000,0.64265,0.64215,75,412
2018-11-21 15:39:17.947000,0.64275,0.64225,75,337
2018-11-21 15:39:18.277000,0.64281,0.64231,75,100
2018-11-21 15:39:18.600000,0.64275,0.64225,262,181
2018-11-21 15:39:18.729000,0.64275,0.64215,262,350
2018-11-21 15:39:18.797000,0.64275,0.64225,262,181
2018-11-21 15:39:18.888000,0.64295,0.64245,262,181
2018-11-21 15:39:18.939000,0.64295,0.64245,262,181
2018-11-21 15:39:19.186000,0.64326,0.64276,337,150
2018-11-21 15:39:19.716000,0.64336,0.64286,337,150
2018-11-21 15:39:20.115000,0.64331,0.64281,75,150
2018-11-21 15:39:20.587000,0.64335,0.64285,75,337
2018-11-21 15:39:20.938000,0.64325,0.64275,75,337
2018-11-21 15:39:21.669000,0.64321,0.64271,75,100
2018-11-21 15:39:21.991000,0.64315,0.64265,75,100
2018-11-21 15:39:22.364000,0.64321,0.64271,75,100
2018-11-21 15:39:22.901000,0.64315,0.64265,75,337
2018-11-21 15:39:24.241000,0.64305,0.64255,75,337
2018-11-21 15:39:24.554000,0.64315,0.64265,75,337
2018-11-21 15:39:24.936000,0.64316,0.64266,75,100
2018-11-21 15:39:26.699000,0.64315,0.64265,75,337
2018-11-21 15:39:30.097000,0.64316,0.64266,75,100
2018-11-21 15:39:30.628000,0.64315,0.64265,75,337
2018-11-21 15:39:30.941000,0.64295,0.64245,112,337
2018-11-21 15:39:31.613000,0.643,0.6425,75,100
2018-11-21 15:39:32.209000,0.64295,0.64245,75,337
2018-11-21 15:39:32.934000,0.64301,0.64251,75,100
2018-11-21 15:39:33.313000,0.64285,0.64235,75,1000
2018-11-21 15:39:33.630000,0.64295,0.64245,75,1000
2018-11-21 15:39:34.134000,0.64301,0.64251,75,180
2018-11-21 15:39:34.520000,0.64306,0.64256,75,100
2018-11-21 15:39:34.832000,0.64296,0.64246,75,100
2018-11-21 15:39:35.181000,0.64295,0.64245,75,337
2018-11-21 15:39:35.517000,0.64301,0.64251,75,100
2018-11-21 15:39:35.840000,0.64295,0.64245,75,337
2018-11-21 15:39:36.149000,0.64301,0.64251,75,100
2018-11-21 15:39:36.504000,0.64295,0.64245,75,337
2018-11-21 15:39:37.634000,0.64301,0.64251,75,100
2018-11-21 15:39:37.964000,0.64295,0.64245,75,337
2018-11-21 15:39:38.754000,0.64305,0.64255,75,337
2018-11-21 15:39:39.061000,0.64336,0.64286,337,100
2018-11-21 15:39:39.561000,0.64315,0.64265,75,337
2018-11-21 15:39:41.264000,0.6432,0.6427,75,180
2018-11-21 15:39:41.766000,0.64325,0.64275,75,100
2018-11-21 15:39:42.095000,0.64341,0.64291,75,100
2018-11-21 15:39:42.531000,0.64351,0.64301,75,100
2018-11-21 15:39:42.845000,0.64355,0.64305,337,100
2018-11-21 15:39:43.395000,0.64355,0.64305,75,337
2018-11-21 15:39:43.853000,0.64361,0.64311,75,100
2018-11-21 15:39:44.165000,0.64355,0.64305,337,100
2018-11-21 15:39:44.518000,0.64361,0.64311,75,100
2018-11-21 15:39:44.969000,0.64355,0.64305,337,150
2018-11-21 15:39:45.564000,0.64355,0.64305,262,150
2018-11-21 15:39:45.845000,0.64371,0.64321,112,150
2018-11-21 15:39:45.899000,0.64365,0.64315,112,375
2018-11-21 15:39:46.770000,0.64371,0.64321,75,100
2018-11-21 15:39:47.111000,0.64355,0.64305,75,337
2018-11-21 15:39:47.436000,0.6438,0.6433,75,100
2018-11-21 15:39:47.899000,0.64385,0.64335,337,100
2018-11-21 15:39:48.222000,0.64355,0.64305,337,100
2018-11-21 15:39:48.691000,0.6435,0.643,75,100
2018-11-21 15:39:49.227000,0.64355,0.64305,337,100
2018-11-21 15:39:49.600000,0.64335,0.64285,75,337
2018-11-21 15:39:50.310000,0.64336,0.64286,75,100
2018-11-21 15:39:50.879000,0.64335,0.64285,75,337
2018-11-21 15:39:51.337000,0.64325,0.64275,75,337
2018-11-21 15:39:51.705000,0.64335,0.64285,75,337
2018-11-21 15:39:52.639000,0.64355,0.64305,337,100
2018-11-21 15:39:53.439000,0.64355,0.64305,75,337
2018-11-21 15:39:53.847000,0.64355,0.64305,337,100
2018-11-21 15:39:54.194000,0.64346,0.64296,75,100
2018-11-21 15:39:54.504000,0.64355,0.64305,337,100
2018-11-21 15:39:55.265000,0.64335,0.64285,75,337
2018-11-21 15:39:57.715000,0.64336,0.64286,75,100
2018-11-21 15:39:59.999000,0.64335,0.64285,262,100
2018-11-21 15:40:00.089000,0.64355,0.64305,337,100
2018-11-21 15:40:00.140000,0.6435,0.643,75,100
2018-11-21 15:40:00.505000,0.64381,0.64331,75,100
2018-11-21 15:40:00.855000,0.64385,0.64335,337,100
2018-11-21 15:40:02.123000,0.6438,0.6433,75,100
2018-11-21 15:40:02.449000,0.64385,0.64335,75,337
2018-11-21 15:40:02.834000,0.64391,0.64341,75,150
2018-11-21 15:40:03.139000,0.64385,0.64335,75,337
2018-11-21 15:40:03.592000,0.64365,0.64315,75,337
2018-11-21 15:40:04.315000,0.64371,0.64321,75,100
2018-11-21 15:40:05.233000,0.64361,0.64311,112,100
2018-11-21 15:40:05.850000,0.64351,0.64301,75,150
2018-11-21 15:40:06.454000,0.64335,0.64285,75,375
2018-11-21 15:40:06.904000,0.64351,0.64301,75,100
2018-11-21 15:40:07.365000,0.64355,0.64305,337,100
2018-11-21 15:40:07.787000,0.64355,0.64305,75,337
2018-11-21 15:40:08.152000,0.64371,0.64321,75,100
2018-11-21 15:40:08.585000,0.64361,0.64311,75,100
2018-11-21 15:40:09.066000,0.6438,0.6433,75,150
2018-11-21 15:40:09.537000,0.64385,0.64335,375,100
2018-11-21 15:40:10.314000,0.64376,0.64326,75,100
2018-11-21 15:40:10.758000,0.64385,0.64335,337,100
2018-11-21 15:40:11.087000,0.64365,0.64315,75,337
2018-11-21 15:40:11.570000,0.64385,0.64335,337,179
2018-11-21 15:40:12.045000,0.64385,0.64335,262,100
2018-11-21 15:40:12.147000,0.64385,0.64335,262,100
2018-11-21 15:40:12.246000,0.64396,0.64346,337,100
2018-11-21 15:40:12.837000,0.64401,0.64351,75,100
2018-11-21 15:40:13.269000,0.64396,0.64346,75,100
2018-11-21 15:40:14.260000,0.64401,0.64351,75,100
2018-11-21 15:40:14.572000,0.64385,0.64335,75,337
2018-11-21 15:40:15.195000,0.64401,0.64351,75,100
2018-11-21 15:40:15.671000,0.64406,0.64356,337,100
2018-11-21 15:40:16.143000,0.64401,0.64351,75,100
2018-11-21 15:40:17.432000,0.64395,0.64345,75,337
2018-11-21 15:40:18.447000,0.64396,0.64346,75,100
2018-11-21 15:40:18.836000,0.64365,0.64315,187,337
2018-11-21 15:40:19.210000,0.64371,0.64321,75,100
2018-11-21 15:40:19.856000,0.64366,0.64316,112,179
2018-11-21 15:40:20.356000,0.64365,0.64315,75,637
2018-11-21 15:40:20.704000,0.64361,0.64311,112,100
2018-11-21 15:40:21.699000,0.64365,0.64315,112,224
2018-11-21 15:40:21.798000,0.64365,0.64315,75,375
2018-11-21 15:40:22.136000,0.64374,0.64324,75,100
2018-11-21 15:40:22.510000,0.64396,0.64346,337,100
2018-11-21 15:40:22.829000,0.64401,0.64351,75,100
2018-11-21 15:40:23.731000,0.64395,0.64345,112,412
2018-11-21 15:40:24.203000,0.64405,0.64355,262,179
2018-11-21 15:40:24.437000,0.64415,0.64365,75,487
2018-11-21 15:40:25.097000,0.64415,0.64365,300,337
2018-11-21 15:40:25.512000,0.644,0.6435,300,100
2018-11-21 15:40:25.892000,0.64385,0.64335,262,179
2018-11-21 15:40:26.014000,0.64395,0.64345,75,450
2018-11-21 15:40:26.115000,0.64395,0.64345,75,224
2018-11-21 15:40:26.214000,0.64395,0.64345,75,224
2018-11-21 15:40:26.266000,0.64391,0.64341,75,100
2018-11-21 15:40:26.584000,0.64385,0.64335,75,337
2018-11-21 15:40:28.676000,0.64385,0.64335,75,224
2018-11-21 15:40:28.837000,0.64381,0.64331,75,100
2018-11-21 15:40:29.051000,0.6438,0.6433,75,100
2018-11-21 15:40:29.662000,0.64385,0.64335,75,337
2018-11-21 15:40:30.078000,0.64385,0.64335,75,337
2018-11-21 15:40:30.800000,0.64391,0.64341,75,100
2018-11-21 15:40:31.309000,0.64385,0.64335,337,100
2018-11-21 15:40:31.710000,0.64365,0.64315,75,337
2018-11-21 15:40:32.046000,0.6437,0.6432,75,100
2018-11-21 15:40:32.781000,0.64391,0.64341,75,100
2018-11-21 15:40:33.135000,0.64385,0.64335,150,224
2018-11-21 15:40:33.185000,0.64381,0.64331,150,100
2018-11-21 15:40:33.821000,0.64365,0.64315,150,337
2018-11-21 15:40:35.146000,0.6437,0.6432,75,100
2018-11-21 15:40:35.600000,0.64385,0.64335,150,337
2018-11-21 15:40:36.053000,0.64376,0.64326,150,100
2018-11-21 15:40:37.848000,0.64366,0.64316,75,100
2018-11-21 15:40:38.172000,0.6437,0.6432,75,100
2018-11-21 15:40:38.520000,0.64365,0.64315,75,224
2018-11-21 15:40:38.605000,0.64361,0.64311,75,100
2018-11-21 15:40:40.369000,0.6436,0.6431,112,100
2018-11-21 15:40:40.719000,0.64376,0.64326,75,100
2018-11-21 15:40:41.038000,0.64371,0.64321,75,100
2018-11-21 15:40:41.883000,0.64375,0.64325,262,150
2018-11-21 15:40:42.190000,0.64385,0.64335,150,150
2018-11-21 15:40:42.240000,0.64391,0.64341,75,100
2018-11-21 15:40:42.635000,0.64385,0.64335,75,337
2018-11-21 15:40:42.967000,0.64385,0.64335,337,100
2018-11-21 15:40:43.360000,0.64385,0.64335,262,100
2018-11-21 15:40:43.450000,0.64385,0.64335,262,100
2018-11-21 15:40:43.508000,0.64401,0.64351,75,100
2018-11-21 15:40:43.893000,0.64385,0.64335,75,337
2018-11-21 15:40:44.232000,0.64401,0.64351,75,100
2018-11-21 15:40:44.663000,0.64385,0.64335,75,337
2018-11-21 15:40:45.042000,0.64406,0.64356,337,100
2018-11-21 15:40:45.996000,0.64401,0.64351,75,100
2018-11-21 15:40:46.407000,0.64395,0.64345,75,150
2018-11-21 15:40:47.606000,0.64385,0.64335,75,337
2018-11-21 15:40:47.949000,0.64401,0.64351,75,100
2018-11-21 15:40:48.307000,0.64385,0.64335,75,337
2018-11-21 15:40:50.263000,0.64391,0.64341,75,100
2018-11-21 15:40:52.218000,0.64385,0.64335,375,175
2018-11-21 15:40:52.561000,0.6439,0.6434,112,175
2018-11-21 15:40:53.133000,0.64391,0.64341,112,175
2018-11-21 15:40:53.468000,0.64385,0.64335,375,175
2018-11-21 15:40:53.930000,0.64391,0.64341,75,100
2018-11-21 15:40:54.488000,0.64406,0.64356,337,150
2018-11-21 15:40:54.883000,0.64391,0.64341,75,100
2018-11-21 15:40:56.490000,0.64375,0.64325,262,100
2018-11-21 15:40:56.616000,0.64365,0.64315,75,337
2018-11-21 15:40:56.863000,0.64355,0.64305,75,337
2018-11-21 15:40:57.906000,0.6436,0.6431,75,100
2018-11-21 15:40:58.520000,0.64355,0.64305,337,100
2018-11-21 15:40:58.993000,0.64351,0.64301,75,100
2018-11-21 15:40:59.423000,0.64335,0.643,75,1
2018-11-21 15:40:59.892000,0.64325,0.643,75,1
2018-11-21 15:41:00.003000,0.64335,0.643,75,1
2018-11-21 15:41:00.157000,0.64325,0.643,75,1
2018-11-21 15:41:00.473000,0.64315,0.643,75,1
2018-11-21 15:41:00.824000,0.64301,0.643,75,1
2018-11-21 15:41:01.053000,0.64305,0.643,75,1
2018-11-21 15:41:01.164000,0.64301,0.643,75,1
2018-11-21 15:41:01.409000,0.64305,0.643,75,1
2018-11-21 15:41:01.709000,0.64306,0.64256,75,100
2018-11-21 15:41:02.111000,0.64301,0.643,75,1
2018-11-21 15:41:02.212000,0.64295,0.64245,412,451
2018-11-21 15:41:02.531000,0.64296,0.64246,412,176
2018-11-21 15:41:02.859000,0.6429,0.6424,75,100
2018-11-21 15:41:03.207000,0.64285,0.64235,75,100
2018-11-21 15:41:03.521000,0.64286,0.64236,75,100
2018-11-21 15:41:04.244000,0.64285,0.64235,75,337
2018-11-21 15:41:04.813000,0.6429,0.6424,75,100
2018-11-21 15:41:05.138000,0.64275,0.64225,75,412
2018-11-21 15:41:06.226000,0.64265,0.64215,75,412
2018-11-21 15:41:07.403000,0.64265,0.64215,75,224
2018-11-21 15:41:07.504000,0.64245,0.64195,75,337
2018-11-21 15:41:08.158000,0.6424,0.6419,75,100
2018-11-21 15:41:08.493000,0.64246,0.64196,75,100
2018-11-21 15:41:08.820000,0.64241,0.64191,75,100
2018-11-21 15:41:09.279000,0.64236,0.64186,75,100
2018-11-21 15:41:10.504000,0.64215,0.64165,412,337
2018-11-21 15:41:11.698000,0.64221,0.64171,75,100
2018-11-21 15:41:12.189000,0.64215,0.64165,75,337
2018-11-21 15:41:12.490000,0.64221,0.64171,75,100
2018-11-21 15:41:12.850000,0.64205,0.64155,75,525
2018-11-21 15:41:13.303000,0.6421,0.6416,75,176
2018-11-21 15:41:13.805000,0.64215,0.64165,150,337
2018-11-21 15:41:14.440000,0.64225,0.64165,262,262
2018-11-21 15:41:14.491000,0.64215,0.64165,75,224
2018-11-21 15:41:14.731000,0.64195,0.64145,75,450
2018-11-21 15:41:14.920000,0.642,0.6415,75,176
2018-11-21 15:41:15.247000,0.64195,0.64145,75,487
2018-11-21 15:41:15.651000,0.64211,0.64161,112,176
2018-11-21 15:41:16.124000,0.64195,0.64145,75,487
2018-11-21 15:41:16.814000,0.64211,0.64161,75,172
2018-11-21 15:41:17.178000,0.64196,0.64146,112,172
2018-11-21 15:41:18.134000,0.6419,0.6414,112,100
2018-11-21 15:41:19.156000,0.64195,0.64145,75,375
2018-11-21 15:41:20.099000,0.64211,0.64161,75,100
2018-11-21 15:41:20.482000,0.64205,0.64155,75,337
2018-11-21 15:41:21.024000,0.6421,0.6416,75,100
2018-11-21 15:41:21.483000,0.64215,0.64165,75,337
2018-11-21 15:41:21.835000,0.64225,0.64175,75,450
2018-11-21 15:41:22.482000,0.6423,0.6418,75,100
2018-11-21 15:41:23.047000,0.64225,0.64175,75,337
2018-11-21 15:41:23.930000,0.64235,0.64185,75,100
2018-11-21 15:41:24.250000,0.64256,0.64206,337,100
2018-11-21 15:41:24.599000,0.64235,0.64185,75,337
2018-11-21 15:41:24.935000,0.64241,0.64191,75,100
2018-11-21 15:41:25.264000,0.64225,0.64175,75,337
2018-11-21 15:41:25.851000,0.64241,0.64191,75,100
2018-11-21 15:41:26.303000,0.64235,0.64185,75,337
2018-11-21 15:41:26.737000,0.64241,0.64191,75,100
2018-11-21 15:41:27.678000,0.64236,0.64186,112,100
2018-11-21 15:41:29.018000,0.6423,0.6418,75,100
2018-11-21 15:41:29.329000,0.64215,0.64165,75,337
2018-11-21 15:41:29.650000,0.6423,0.6418,75,176
2018-11-21 15:41:30.276000,0.64241,0.64191,75,150
2018-11-21 15:41:30.811000,0.64236,0.64186,75,150
2018-11-21 15:41:31.208000,0.64241,0.64191,75,100
2018-11-21 15:41:31.513000,0.64235,0.64185,75,337
2018-11-21 15:41:32.181000,0.64251,0.64201,75,100
2018-11-21 15:41:32.522000,0.64235,0.64185,75,337
2018-11-21 15:41:32.857000,0.64215,0.64165,75,525
2018-11-21 15:41:33.564000,0.64219,0.64169,75,100
2018-11-21 15:41:33.874000,0.64215,0.64165,75,337
2018-11-21 15:41:34.358000,0.64216,0.64166,75,100
2018-11-21 15:41:34.868000,0.64221,0.64171,75,100
2018-11-21 15:41:35.197000,0.64205,0.64155,75,337
2018-11-21 15:41:35.529000,0.64221,0.64171,75,100
2018-11-21 15:41:35.929000,0.64206,0.64156,112,100
2018-11-21 15:41:36.921000,0.64216,0.64166,337,100
2018-11-21 15:41:38.243000,0.64221,0.64171,75,100
2018-11-21 15:41:38.336000,0.64208,0.64158,75,100
2018-11-21 15:41:38.442000,0.64205,0.64155,75,224
2018-11-21 15:41:38.493000,0.64201,0.64151,75,100
2018-11-21 15:41:38.555000,0.64196,0.64146,75,100
2018-11-21 15:41:38.897000,0.64175,0.64125,75,337
2018-11-21 15:41:39.765000,0.64181,0.64131,75,174
2018-11-21 15:41:40.758000,0.64165,0.64115,112,337
2018-11-21 15:41:42.293000,0.64181,0.64131,75,100
2018-11-21 15:41:42.674000,0.64176,0.64126,75,100
2018-11-21 15:41:43.007000,0.64165,0.64115,337,100
2018-11-21 15:41:44.198000,0.6416,0.6411,75,100
2018-11-21 15:41:44.782000,0.64165,0.64115,75,150
2018-11-21 15:41:45.209000,0.6418,0.6413,75,100
2018-11-21 15:41:45.659000,0.64185,0.64135,75,100
2018-11-21 15:41:46.073000,0.64186,0.64136,75,100
2018-11-21 15:41:50.436000,0.6418,0.6413,75,100
2018-11-21 15:41:50.830000,0.64196,0.64146,337,100
2018-11-21 15:41:51.282000,0.64175,0.64125,75,337
2018-11-21 15:41:52.144000,0.64191,0.64141,75,100
2018-11-21 15:41:52.648000,0.64175,0.64125,75,337
2018-11-21 15:41:53.598000,0.64191,0.64141,75,100
2018-11-21 15:41:54.197000,0.64185,0.64135,112,100
2018-11-21 15:41:54.682000,0.64186,0.64136,75,100
2018-11-21 15:41:55.062000,0.64191,0.64141,75,100
2018-11-21 15:41:55.462000,0.64186,0.64136,375,100
2018-11-21 15:41:55.962000,0.64171,0.64121,112,100
2018-11-21 15:41:56.338000,0.64165,0.64115,337,100
2018-11-21 15:41:57.487000,0.64155,0.64105,75,224
2018-11-21 15:41:57.537000,0.64146,0.64096,75,100
2018-11-21 15:41:57.914000,0.6414,0.6409,75,100
2018-11-21 15:41:58.366000,0.64146,0.64096,75,100
2018-11-21 15:41:58.668000,0.64141,0.64091,75,100
2018-11-21 15:41:59.011000,0.64135,0.64085,75,337
2018-11-21 15:41:59.351000,0.64141,0.64091,75,100
2018-11-21 15:41:59.685000,0.64135,0.64085,75,337
2018-11-21 15:42:00.297000,0.64115,0.64065,75,337
2018-11-21 15:42:00.627000,0.64115,0.64065,75,224
2018-11-21 15:42:00.678000,0.64116,0.64066,75,100
2018-11-21 15:42:01.058000,0.64121,0.64071,75,100
2018-11-21 15:42:01.576000,0.64105,0.64055,75,337
2018-11-21 15:42:02.154000,0.64105,0.64055,75,337
2018-11-21 15:42:02.598000,0.641,0.6405,75,150
2018-11-21 15:42:02.940000,0.64105,0.64055,337,150
2018-11-21 15:42:03.459000,0.64116,0.64066,337,100
2018-11-21 15:42:04.532000,0.64121,0.64071,75,173
2018-11-21 15:42:04.897000,0.64115,0.64065,187,450
2018-11-21 15:42:05.211000,0.64105,0.64055,150,337
2018-11-21 15:42:05.582000,0.64111,0.64061,150,100
2018-11-21 15:42:06.018000,0.6411,0.6406,75,100
2018-11-21 15:42:06.409000,0.64115,0.64065,112,337
2018-11-21 15:42:06.902000,0.64135,0.64085,337,172
2018-11-21 15:42:07.301000,0.64141,0.64091,75,100
2018-11-21 15:42:07.868000,0.64135,0.64085,262,100
2018-11-21 15:42:07.984000,0.64145,0.64095,75,100
2018-11-21 15:42:08.070000,0.64151,0.64101,75,100
2018-11-21 15:42:09.046000,0.6415,0.641,112,100
2018-11-21 15:42:09.375000,0.64165,0.64115,262,100
2018-11-21 15:42:09.431000,0.64196,0.64146,375,100
2018-11-21 15:42:09.481000,0.64175,0.64125,112,337
2018-11-21 15:42:10.625000,0.6418,0.6413,75,100
2018-11-21 15:42:10.944000,0.64175,0.64125,75,337
2018-11-21 15:42:12.023000,0.64165,0.64115,75,337
2018-11-21 15:42:12.344000,0.64185,0.64135,75,100
2018-11-21 15:42:13.227000,0.64186,0.64136,75,100
2018-11-21 15:42:13.927000,0.64181,0.64131,75,100
2018-11-21 15:42:14.358000,0.64165,0.64115,75,337
2018-11-21 15:42:14.706000,0.64181,0.64131,75,100
2018-11-21 15:42:15.459000,0.64176,0.64126,112,100
2018-11-21 15:42:16.770000,0.64165,0.64115,75,337
2018-11-21 15:42:17.389000,0.64171,0.64121,75,100
2018-11-21 15:42:17.808000,0.64186,0.64136,337,100
2018-11-21 15:42:18.381000,0.64165,0.64115,75,337
2018-11-21 15:42:18.710000,0.64171,0.64121,75,100
2018-11-21 15:42:19.954000,0.64181,0.64131,75,100
2018-11-21 15:42:20.412000,0.64175,0.64125,112,337
2018-11-21 15:42:22.358000,0.64196,0.64146,337,100
2018-11-21 15:42:22.705000,0.64191,0.64141,112,150
2018-11-21 15:42:23.011000,0.64185,0.64135,112,375
2018-11-21 15:42:23.381000,0.64195,0.64145,75,337
2018-11-21 15:42:24.508000,0.64196,0.64146,75,100
2018-11-21 15:42:24.962000,0.64175,0.64125,75,337
2018-11-21 15:42:26.472000,0.64185,0.64135,75,337
2018-11-21 15:42:31.044000,0.64201,0.64151,75,100
2018-11-21 15:42:31.635000,0.64195,0.64145,75,337
2018-11-21 15:42:31.963000,0.64196,0.64146,75,100
2018-11-21 15:42:32.299000,0.64201,0.64151,75,100
2018-11-21 15:42:34.864000,0.642,0.6415,75,100
2018-11-21 15:42:35.185000,0.64226,0.64176,337,170
2018-11-21 15:42:35.975000,0.64216,0.64166,75,100
2018-11-21 15:42:36.356000,0.64215,0.64165,75,100
2018-11-21 15:42:36.669000,0.64221,0.64171,75,100
2018-11-21 15:42:37.348000,0.64215,0.64165,75,337
2018-11-21 15:42:38.168000,0.64221,0.64171,75,100
2018-11-21 15:42:38.565000,0.6423,0.6418,75,100
2018-11-21 15:42:38.899000,0.64241,0.64191,75,100
2018-11-21 15:42:39.234000,0.64251,0.64201,75,100
2018-11-21 15:42:39.553000,0.64235,0.64185,75,337
2018-11-21 15:42:40.314000,0.64251,0.64201,75,100
2018-11-21 15:42:42.294000,0.64246,0.64196,112,100
2018-11-21 15:42:43.477000,0.6424,0.6419,75,100
2018-11-21 15:42:43.884000,0.64215,0.64165,75,337
2018-11-21 15:42:45.022000,0.64219,0.64169,75,100
2018-11-21 15:42:45.371000,0.64221,0.64171,112,100
2018-11-21 15:42:46.361000,0.64205,0.64155,75,337
2018-11-21 15:42:46.706000,0.64221,0.64171,112,100
2018-11-21 15:42:48.072000,0.64205,0.64155,112,224
2018-11-21 15:42:48.231000,0.64186,0.64136,75,100
2018-11-21 15:42:48.361000,0.64191,0.64141,75,100
2018-11-21 15:42:48.691000,0.64181,0.64131,75,100
2018-11-21 15:42:49.592000,0.64176,0.64126,75,100
2018-11-21 15:42:49.934000,0.64175,0.64125,75,337
2018-11-21 15:42:50.286000,0.64191,0.64141,75,100
2018-11-21 15:42:50.621000,0.64175,0.64125,75,337
2018-11-21 15:42:50.946000,0.64176,0.64126,75,100
2018-11-21 15:42:51.699000,0.6417,0.6412,75,100
2018-11-21 15:42:52.204000,0.64176,0.64126,75,100
2018-11-21 15:42:52.599000,0.64181,0.64131,75,100
2018-11-21 15:42:53.312000,0.64176,0.64126,75,100
2018-11-21 15:42:53.635000,0.64165,0.64115,337,100
2018-11-21 15:42:53.967000,0.64146,0.64096,112,100
2018-11-21 15:42:54.303000,0.6414,0.6409,75,100
2018-11-21 15:42:54.654000,0.64156,0.64106,337,100
2018-11-21 15:42:55.239000,0.64151,0.64101,75,100
2018-11-21 15:42:55.587000,0.64135,0.64085,75,337
2018-11-21 15:42:57.177000,0.64141,0.64091,75,100
2018-11-21 15:42:58.860000,0.64135,0.64085,75,100
2018-11-21 15:43:00.272000,0.64141,0.64091,75,100
2018-11-21 15:43:00.628000,0.64135,0.64085,337,100
2018-11-21 15:43:02.005000,0.64146,0.64096,337,100
2018-11-21 15:43:03.163000,0.64151,0.64101,75,100
2018-11-21 15:43:03.537000,0.64161,0.64111,75,100
2018-11-21 15:43:04.245000,0.6416,0.6411,75,150
2018-11-21 15:43:05.746000,0.64165,0.64115,75,337
2018-11-21 15:43:07.586000,0.64181,0.64131,75,100
2018-11-21 15:43:10.808000,0.64175,0.64125,75,337
2018-11-21 15:43:11.624000,0.64191,0.64141,112,100
2018-11-21 15:43:12.155000,0.64175,0.64125,112,337
2018-11-21 15:43:12.479000,0.64181,0.64131,75,100
2018-11-21 15:43:13.983000,0.64165,0.64115,150,337
2018-11-21 15:43:14.323000,0.64156,0.64106,75,100
2018-11-21 15:43:14.755000,0.64161,0.64111,75,100
2018-11-21 15:43:15.365000,0.64165,0.64115,375,100
2018-11-21 15:43:16.163000,0.6416,0.6411,112,100
2018-11-21 15:43:16.489000,0.64165,0.64115,112,337
2018-11-21 15:43:16.816000,0.64181,0.64131,112,100
2018-11-21 15:43:17.858000,0.64176,0.64126,112,100
2018-11-21 15:43:18.467000,0.64171,0.64121,112,100
2018-11-21 15:43:22.010000,0.64165,0.64115,75,375
2018-11-21 15:43:22.906000,0.64171,0.64121,75,100
2018-11-21 15:43:27.330000,0.64165,0.64115,337,150
2018-11-21 15:43:27.648000,0.64165,0.64115,75,100
2018-11-21 15:43:29.617000,0.6417,0.6412,75,100
2018-11-21 15:43:30.008000,0.64175,0.64125,75,337
2018-11-21 15:43:30.514000,0.64181,0.64131,75,100
2018-11-21 15:43:30.863000,0.64165,0.64115,75,337
2018-11-21 15:43:33.473000,0.64165,0.64115,75,337
2018-11-21 15:43:34.430000,0.64165,0.64115,75,337
2018-11-21 15:43:34.810000,0.64171,0.64121,75,100
2018-11-21 15:43:36.620000,0.64165,0.64115,337,100
2018-11-21 15:43:39.686000,0.64171,0.64121,150,100
2018-11-21 15:43:42.252000,0.64165,0.64115,375,100
2018-11-21 15:43:42.832000,0.64145,0.64095,75,337
2018-11-21 15:43:47.196000,0.64146,0.64096,75,100
2018-11-21 15:43:48.085000,0.64145,0.64095,75,337
2018-11-21 15:43:53.246000,0.64135,0.64085,75,337
2018-11-21 15:43:56.244000,0.64135,0.64085,75,337
