time,ask,bid,ask_volume,bid_volume
2020-06-03 14:25:03.365000,0.39295,0.39245,262,319
2020-06-03 14:25:03.416000,0.39285,0.39235,307,60
2020-06-03 14:25:03.585000,0.3928,0.3923,45,75
2020-06-03 14:25:05.451000,0.39275,0.39215,525,525
2020-06-03 14:25:05.501000,0.39275,0.39225,570,75
2020-06-03 14:25:06.586000,0.3927,0.3922,56,75
2020-06-03 14:25:06.780000,0.39265,0.39215,307,60
2020-06-03 14:25:07.047000,0.3926,0.3921,75,60
2020-06-03 14:25:07.196000,0.39265,0.39215,570,60
2020-06-03 14:25:07.301000,0.3926,0.3921,45,75
2020-06-03 14:25:07.412000,0.39265,0.39215,570,60
2020-06-03 14:25:09.803000,0.39255,0.39205,45,570
2020-06-03 14:25:10.151000,0.3926,0.3921,75,60
2020-06-03 14:25:14.644000,0.39265,0.39215,570,60
2020-06-03 14:25:14.993000,0.39255,0.39205,262,60
2020-06-03 14:25:16.387000,0.39255,0.39195,525,262
2020-06-03 14:25:16.438000,0.3925,0.392,45,60
2020-06-03 14:25:18,0.39255,0.39195,525,262
2020-06-03 14:25:18.110000,0.39245,0.39195,307,60
2020-06-03 14:25:18.864000,0.39246,0.39205,45,60
2020-06-03 14:25:19.050000,0.39255,0.39205,570,60
2020-06-03 14:25:20.371000,0.39255,0.3921,525,60
2020-06-03 14:25:21.172000,0.39255,0.39205,570,75
2020-06-03 14:25:21.783000,0.3926,0.3921,45,112
2020-06-03 14:25:21.920000,0.39265,0.3922,262,60
2020-06-03 14:25:22.530000,0.39266,0.39225,45,60
2020-06-03 14:25:22.631000,0.39275,0.39225,570,60
2020-06-03 14:25:23.722000,0.39265,0.39215,307,307
2020-06-03 14:25:24.274000,0.39265,0.3922,525,60
2020-06-03 14:25:24.402000,0.39265,0.39215,570,60
2020-06-03 14:25:24.712000,0.39265,0.3922,525,60
2020-06-03 14:25:24.813000,0.39265,0.39215,307,60
2020-06-03 14:25:25.373000,0.39265,0.3922,262,60
2020-06-03 14:25:26.038000,0.39265,0.39215,307,60
2020-06-03 14:25:26.528000,0.39265,0.3922,525,60
2020-06-03 14:25:26.904000,0.39266,0.39225,45,60
2020-06-03 14:25:27.005000,0.39275,0.39225,570,60
2020-06-03 14:25:30.992000,0.39275,0.39215,525,525
2020-06-03 14:25:31.518000,0.39275,0.3923,525,60
2020-06-03 14:25:31.735000,0.39275,0.39225,570,60
2020-06-03 14:25:33.639000,0.3927,0.3922,45,75
2020-06-03 14:25:34.413000,0.39275,0.39225,570,60
2020-06-03 14:25:34.682000,0.39265,0.39215,262,307
2020-06-03 14:25:34.732000,0.39265,0.3922,262,60
2020-06-03 14:25:34.917000,0.39265,0.39215,570,60
2020-06-03 14:25:36.357000,0.3926,0.3921,45,112
2020-06-03 14:25:36.476000,0.39265,0.39215,570,60
2020-06-03 14:25:39.607000,0.3925,0.392,45,570
2020-06-03 14:25:39.765000,0.3925,0.392,45,60
2020-06-03 14:25:40.886000,0.39255,0.39205,570,60
2020-06-03 14:25:41.552000,0.3925,0.392,45,60
2020-06-03 14:25:43.528000,0.39255,0.39195,525,262
2020-06-03 14:25:43.578000,0.39245,0.39195,307,307
2020-06-03 14:25:45.366000,0.3924,0.3919,45,112
2020-06-03 14:25:45.773000,0.39245,0.39195,570,60
2020-06-03 14:25:46.864000,0.3924,0.3919,45,112
2020-06-03 14:25:48.175000,0.39245,0.39195,570,60
2020-06-03 14:25:50.625000,0.39245,0.392,525,60
2020-06-03 14:25:51.514000,0.39245,0.39195,570,60
2020-06-03 14:26:01.403000,0.39235,0.39185,262,307
2020-06-03 14:26:01.565000,0.39245,0.39195,581,60
2020-06-03 14:26:01.785000,0.39245,0.39185,525,262
2020-06-03 14:26:02.342000,0.39245,0.39195,570,60
2020-06-03 14:26:02.723000,0.3924,0.3919,45,60
2020-06-03 14:26:03.003000,0.39245,0.39195,570,60
2020-06-03 14:26:03.663000,0.39235,0.39185,262,307
2020-06-03 14:26:03.764000,0.39235,0.39185,570,60
2020-06-03 14:26:05.328000,0.3924,0.3919,45,75
2020-06-03 14:26:06.117000,0.39235,0.39185,45,319
2020-06-03 14:26:06.218000,0.39235,0.3919,525,75
2020-06-03 14:26:06.822000,0.39235,0.39185,45,337
2020-06-03 14:26:07.752000,0.3924,0.3919,75,75
2020-06-03 14:26:08.176000,0.39235,0.39185,45,319
2020-06-03 14:26:08.327000,0.39235,0.3919,525,75
2020-06-03 14:26:09.201000,0.39245,0.39195,600,60
2020-06-03 14:26:09.352000,0.3924,0.3919,75,75
2020-06-03 14:26:09.716000,0.39245,0.39195,600,60
2020-06-03 14:26:09.817000,0.3924,0.3919,75,75
2020-06-03 14:26:11.014000,0.39235,0.39185,45,319
2020-06-03 14:26:11.934000,0.3924,0.3919,75,75
2020-06-03 14:26:13.363000,0.39235,0.39185,45,307
2020-06-03 14:26:13.753000,0.39225,0.39175,262,307
2020-06-03 14:26:13.853000,0.39225,0.39175,570,60
2020-06-03 14:26:13.969000,0.39215,0.39165,570,60
2020-06-03 14:26:15.741000,0.39215,0.3917,525,60
2020-06-03 14:26:15.892000,0.39225,0.39175,570,60
2020-06-03 14:26:17.951000,0.39226,0.39185,45,60
2020-06-03 14:26:18.136000,0.39235,0.39185,570,60
2020-06-03 14:26:18.600000,0.39225,0.39175,45,307
2020-06-03 14:26:19.678000,0.39215,0.39165,45,337
2020-06-03 14:26:20.202000,0.3922,0.3917,45,75
2020-06-03 14:26:20.368000,0.39225,0.39175,570,60
2020-06-03 14:26:21.745000,0.3922,0.3917,45,60
2020-06-03 14:26:22.282000,0.39225,0.39175,570,60
2020-06-03 14:26:24.683000,0.39235,0.39185,570,60
2020-06-03 14:26:28.654000,0.39236,0.39195,45,60
2020-06-03 14:26:29.068000,0.39235,0.3919,262,75
2020-06-03 14:26:29.267000,0.39235,0.39185,45,319
2020-06-03 14:26:30.409000,0.39235,0.39175,525,525
2020-06-03 14:26:31.462000,0.39235,0.39185,262,262
2020-06-03 14:26:31.591000,0.39235,0.3919,262,75
2020-06-03 14:26:31.742000,0.39235,0.39185,570,60
2020-06-03 14:26:37.159000,0.39225,0.39175,45,570
2020-06-03 14:26:37.570000,0.3922,0.3917,45,75
2020-06-03 14:26:39.640000,0.39225,0.39165,525,525
2020-06-03 14:26:41.799000,0.3922,0.3917,56,112
2020-06-03 14:26:42.842000,0.39225,0.39175,581,60
2020-06-03 14:26:57.791000,0.39225,0.3918,525,75
2020-06-03 14:26:57.908000,0.39225,0.39175,307,75
2020-06-03 14:26:58.359000,0.39225,0.3918,525,75
2020-06-03 14:26:58.510000,0.39225,0.39175,307,75
2020-06-03 14:27:00.522000,0.39215,0.39165,262,307
2020-06-03 14:27:01.288000,0.39215,0.39155,525,525
2020-06-03 14:27:04.767000,0.39215,0.39165,570,112
2020-06-03 14:27:09.811000,0.3921,0.3916,45,60
2020-06-03 14:27:12.325000,0.39215,0.39165,570,60
2020-06-03 14:27:19.515000,0.39215,0.3917,262,60
2020-06-03 14:27:19.666000,0.39215,0.39165,45,307
2020-06-03 14:27:21.433000,0.39225,0.39165,525,525
2020-06-03 14:27:22.549000,0.39235,0.39175,525,262
2020-06-03 14:27:22.765000,0.3923,0.3918,45,60
2020-06-03 14:27:23.486000,0.39235,0.39185,570,60
2020-06-03 14:27:24.570000,0.39225,0.39175,45,570
2020-06-03 14:27:25.331000,0.39225,0.3918,262,60
2020-06-03 14:27:25.598000,0.39235,0.39185,570,60
2020-06-03 14:27:28.238000,0.39245,0.39185,525,525
2020-06-03 14:27:28.288000,0.3925,0.392,225,60
2020-06-03 14:27:28.419000,0.39245,0.39195,45,307
2020-06-03 14:27:30.584000,0.39255,0.39195,525,262
2020-06-03 14:27:30.796000,0.39245,0.39195,570,60
2020-06-03 14:27:31.126000,0.3925,0.392,225,60
2020-06-03 14:27:32.777000,0.39245,0.39195,307,60
2020-06-03 14:27:33.307000,0.3925,0.392,225,60
2020-06-03 14:27:33.437000,0.39245,0.39195,45,307
2020-06-03 14:27:37.305000,0.39245,0.392,525,60
2020-06-03 14:27:37.456000,0.39255,0.39205,750,60
2020-06-03 14:27:40.431000,0.39245,0.39195,262,307
2020-06-03 14:27:40.481000,0.39245,0.39195,319,307
2020-06-03 14:27:42.376000,0.39235,0.39185,45,570
2020-06-03 14:27:42.657000,0.3924,0.3919,112,60
2020-06-03 14:27:43.035000,0.39235,0.39185,307,307
2020-06-03 14:27:43.158000,0.39236,0.39195,112,60
2020-06-03 14:27:43.259000,0.39245,0.39195,637,60
2020-06-03 14:27:43.441000,0.39235,0.39185,262,307
2020-06-03 14:27:44.088000,0.39235,0.3919,525,60
2020-06-03 14:27:44.302000,0.39235,0.39185,570,60
2020-06-03 14:27:44.452000,0.3923,0.3918,45,60
2020-06-03 14:27:44.585000,0.39235,0.39185,570,60
2020-06-03 14:27:45.755000,0.39235,0.3919,262,60
2020-06-03 14:27:46.006000,0.39235,0.39185,570,60
2020-06-03 14:27:46.178000,0.3924,0.3919,112,60
2020-06-03 14:27:46.686000,0.39235,0.39185,45,307
2020-06-03 14:27:47.327000,0.3923,0.3918,45,60
2020-06-03 14:27:47.722000,0.39235,0.39185,570,60
2020-06-03 14:27:48.357000,0.3923,0.3918,45,75
2020-06-03 14:27:48.647000,0.39235,0.39185,570,60
2020-06-03 14:27:49.719000,0.3923,0.3918,45,60
2020-06-03 14:27:49.970000,0.39225,0.39175,570,60
2020-06-03 14:27:50.540000,0.3923,0.3918,45,60
2020-06-03 14:27:51.621000,0.39235,0.39185,570,60
2020-06-03 14:27:52.143000,0.3924,0.3919,169,60
2020-06-03 14:27:55.963000,0.39245,0.39195,637,60
2020-06-03 14:27:58.012000,0.39245,0.392,262,60
2020-06-03 14:27:58.222000,0.39245,0.39195,45,319
2020-06-03 14:27:58.350000,0.3925,0.392,169,75
2020-06-03 14:28:01.192000,0.39255,0.39205,637,60
2020-06-03 14:28:03.452000,0.39246,0.3922,112,1
2020-06-03 14:28:03.544000,0.39255,0.3922,525,1
2020-06-03 14:28:03.687000,0.39261,0.3922,75,61
2020-06-03 14:28:04.879000,0.39266,0.39225,56,60
2020-06-03 14:28:05.101000,0.39275,0.39225,581,60
2020-06-03 14:28:06.910000,0.39275,0.3923,525,60
2020-06-03 14:28:07.012000,0.39275,0.39225,307,60
2020-06-03 14:28:08.157000,0.3928,0.3923,75,60
2020-06-03 14:28:08.312000,0.39275,0.39225,307,307
2020-06-03 14:28:11.094000,0.39261,0.3922,45,61
2020-06-03 14:28:11.685000,0.39256,0.3922,45,1
2020-06-03 14:28:12.306000,0.39246,0.3922,45,1
2020-06-03 14:28:12.474000,0.39251,0.3922,45,1
2020-06-03 14:28:15.628000,0.39265,0.3922,525,1
2020-06-03 14:28:15.729000,0.39251,0.3922,56,1
2020-06-03 14:28:20.243000,0.39256,0.3922,45,1
2020-06-03 14:28:22.794000,0.39261,0.3922,45,61
2020-06-03 14:28:22.979000,0.39275,0.39225,570,60
2020-06-03 14:28:23.130000,0.39275,0.3923,262,60
2020-06-03 14:28:24.007000,0.39275,0.39225,45,307
2020-06-03 14:28:25.452000,0.39275,0.3923,262,60
2020-06-03 14:28:25.621000,0.39256,0.3922,45,1
2020-06-03 14:28:25.682000,0.39256,0.3922,45,1
2020-06-03 14:28:25.733000,0.39251,0.3922,45,1
2020-06-03 14:28:26.497000,0.39256,0.3922,45,1
2020-06-03 14:28:26.873000,0.39261,0.3922,45,61
2020-06-03 14:28:27.601000,0.39275,0.39225,570,60
2020-06-03 14:28:27.733000,0.39261,0.3922,45,61
2020-06-03 14:28:29.895000,0.39275,0.39225,570,60
2020-06-03 14:28:31.008000,0.39265,0.3922,262,1
2020-06-03 14:28:31.169000,0.39246,0.3922,45,1
2020-06-03 14:28:31.269000,0.39251,0.3922,56,1
2020-06-03 14:28:32.013000,0.39246,0.3922,45,1
2020-06-03 14:28:33.154000,0.39256,0.3922,45,1
2020-06-03 14:28:36.094000,0.39261,0.3922,45,61
2020-06-03 14:28:36.314000,0.39275,0.39225,570,60
2020-06-03 14:28:36.653000,0.39265,0.3922,262,1
2020-06-03 14:28:37.240000,0.39261,0.3922,45,61
2020-06-03 14:28:37.290000,0.39275,0.3924,262,60
2020-06-03 14:28:37.437000,0.39281,0.3924,45,60
2020-06-03 14:28:37.488000,0.3929,0.3924,45,60
2020-06-03 14:28:37.539000,0.39285,0.39235,45,307
2020-06-03 14:28:46.271000,0.3928,0.3923,45,60
2020-06-03 14:28:46.733000,0.39275,0.39225,570,60
2020-06-03 14:28:46.874000,0.39256,0.3922,45,1
2020-06-03 14:28:47.133000,0.39261,0.3922,45,61
2020-06-03 14:28:50.929000,0.39246,0.3922,45,1
2020-06-03 14:28:51.393000,0.39251,0.3922,45,1
2020-06-03 14:28:52.869000,0.39256,0.3922,45,1
2020-06-03 14:28:54.072000,0.39251,0.3922,75,1
2020-06-03 14:28:54.339000,0.39256,0.3922,75,1
2020-06-03 14:28:54.451000,0.39251,0.3922,75,1
2020-06-03 14:28:55.227000,0.39246,0.3922,45,1
2020-06-03 14:28:56.785000,0.39251,0.3922,75,1
2020-06-03 14:28:58.789000,0.39246,0.3922,45,1
2020-06-03 14:28:59.110000,0.39245,0.3922,262,1
2020-06-03 14:28:59.801000,0.39236,0.3922,45,1
2020-06-03 14:28:59.990000,0.39241,0.3922,75,1
2020-06-03 14:29:00.263000,0.39236,0.3922,45,1
2020-06-03 14:29:00.706000,0.39241,0.3922,112,1
2020-06-03 14:29:01.111000,0.39236,0.3922,45,1
2020-06-03 14:29:02.660000,0.39241,0.3922,75,1
2020-06-03 14:29:02.782000,0.39246,0.3922,56,1
2020-06-03 14:29:03.013000,0.39236,0.3922,45,1
2020-06-03 14:29:03.792000,0.39226,0.3922,45,1
2020-06-03 14:29:11.935000,0.39221,0.3922,45,1
2020-06-03 14:29:12.300000,0.39226,0.3922,45,1
2020-06-03 14:29:12.493000,0.39221,0.3922,45,1
2020-06-03 14:29:13.095000,0.39226,0.3922,45,1
2020-06-03 14:29:21.140000,0.39221,0.3922,45,1
2020-06-03 14:29:21.292000,0.39231,0.3922,45,1
2020-06-03 14:29:21.677000,0.39236,0.3922,45,1
2020-06-03 14:29:22.485000,0.39241,0.3922,45,1
2020-06-03 14:29:23.266000,0.39231,0.3922,45,1
2020-06-03 14:29:23.729000,0.39226,0.3922,45,1
2020-06-03 14:29:25.458000,0.39231,0.3922,45,1
2020-06-03 14:29:28.193000,0.39236,0.3922,45,1
2020-06-03 14:29:28.792000,0.39231,0.3922,45,1
2020-06-03 14:29:29.179000,0.39226,0.3922,45,1
2020-06-03 14:29:29.441000,0.39236,0.3922,45,1
2020-06-03 14:29:29.902000,0.39226,0.3922,45,1
2020-06-03 14:29:30.178000,0.39225,0.39175,45,601
2020-06-03 14:29:31.701000,0.39219,0.39165,45,570
2020-06-03 14:29:31.817000,0.3921,0.3916,45,570
2020-06-03 14:29:31.918000,0.3921,0.3916,45,60
2020-06-03 14:29:32.847000,0.39215,0.39165,570,60
2020-06-03 14:29:33.309000,0.3921,0.3916,45,60
2020-06-03 14:29:33.883000,0.39215,0.39165,570,60
2020-06-03 14:29:34.376000,0.392,0.3915,45,581
2020-06-03 14:29:34.477000,0.392,0.3915,45,75
2020-06-03 14:29:35.441000,0.39205,0.39155,570,60
2020-06-03 14:29:35.652000,0.392,0.3915,45,60
2020-06-03 14:29:39.439000,0.39205,0.39155,570,60
2020-06-03 14:29:40.889000,0.39205,0.3916,262,60
2020-06-03 14:29:41.295000,0.39215,0.39165,570,60
2020-06-03 14:29:41.955000,0.3921,0.3916,45,60
2020-06-03 14:29:42.869000,0.39215,0.39165,570,60
2020-06-03 14:29:42.990000,0.3921,0.3916,45,60
2020-06-03 14:29:43.102000,0.39215,0.39165,570,60
2020-06-03 14:29:43.612000,0.39216,0.39175,45,60
2020-06-03 14:29:43.713000,0.39235,0.3919,525,60
2020-06-03 14:29:44.190000,0.39235,0.39185,307,60
2020-06-03 14:29:44.708000,0.3924,0.3919,45,60
2020-06-03 14:29:45.510000,0.39235,0.39185,570,60
2020-06-03 14:29:46.016000,0.39236,0.39195,45,60
2020-06-03 14:29:46.175000,0.39245,0.39195,570,60
2020-06-03 14:29:51.985000,0.3925,0.392,45,60
2020-06-03 14:29:52.109000,0.39255,0.39205,570,60
2020-06-03 14:29:52.359000,0.39255,0.3921,525,60
2020-06-03 14:29:52.486000,0.39255,0.39205,307,60
2020-06-03 14:29:52.953000,0.3926,0.3921,45,60
2020-06-03 14:29:53.104000,0.39265,0.39215,570,60
2020-06-03 14:29:54.484000,0.3926,0.3921,45,60
2020-06-03 14:29:55.285000,0.3925,0.392,45,307
2020-06-03 14:29:55.337000,0.3925,0.392,45,60
2020-06-03 14:29:56.638000,0.39255,0.39205,570,60
2020-06-03 14:29:57.721000,0.3926,0.3921,45,60
2020-06-03 14:29:59.233000,0.39255,0.39205,45,307
2020-06-03 14:29:59.953000,0.3925,0.392,45,60
2020-06-03 14:30:00.054000,0.39219,0.39165,45,570
2020-06-03 14:30:00.155000,0.39205,0.39125,262,570
2020-06-03 14:30:00.207000,0.39195,0.39145,45,570
2020-06-03 14:30:00.362000,0.39161,0.3912,45,307
2020-06-03 14:30:00.544000,0.39166,0.39125,45,60
2020-06-03 14:30:00.778000,0.39175,0.39125,307,307
2020-06-03 14:30:01.250000,0.39155,0.39115,262,262
2020-06-03 14:30:01.432000,0.39165,0.39115,525,60
2020-06-03 14:30:01.734000,0.3915,0.391,45,307
2020-06-03 14:30:01.785000,0.3915,0.391,45,60
2020-06-03 14:30:01.910000,0.39155,0.39105,570,60
2020-06-03 14:30:02.011000,0.39156,0.39115,45,60
2020-06-03 14:30:02.113000,0.39165,0.39115,570,60
2020-06-03 14:30:03.157000,0.39165,0.39115,45,570
2020-06-03 14:30:03.208000,0.39185,0.39135,570,60
2020-06-03 14:30:03.334000,0.3918,0.3913,45,60
2020-06-03 14:30:03.435000,0.39186,0.39145,45,60
2020-06-03 14:30:03.536000,0.3919,0.3914,45,60
2020-06-03 14:30:03.665000,0.39191,0.3915,45,60
2020-06-03 14:30:03.799000,0.39195,0.3915,262,60
2020-06-03 14:30:03.900000,0.39205,0.39155,570,60
2020-06-03 14:30:04.255000,0.39206,0.39165,45,60
2020-06-03 14:30:04.426000,0.3922,0.3917,45,60
2020-06-03 14:30:04.477000,0.3922,0.3917,45,570
2020-06-03 14:30:04.554000,0.39235,0.39185,570,60
2020-06-03 14:30:04.767000,0.39225,0.39175,262,307
2020-06-03 14:30:04.818000,0.39225,0.39175,570,60
2020-06-03 14:30:04.897000,0.39226,0.39185,45,60
2020-06-03 14:30:05.144000,0.39265,0.3923,262,60
2020-06-03 14:30:05.244000,0.39291,0.3925,45,60
2020-06-03 14:30:05.345000,0.39295,0.3925,525,60
2020-06-03 14:30:05.541000,0.39296,0.39255,45,60
2020-06-03 14:30:05.704000,0.39305,0.39255,570,60
2020-06-03 14:30:06.330000,0.3931,0.3926,45,60
2020-06-03 14:30:06.472000,0.39305,0.39255,45,307
2020-06-03 14:30:06.673000,0.39295,0.39245,262,307
2020-06-03 14:30:07.690000,0.39295,0.39235,525,525
2020-06-03 14:30:07.741000,0.3929,0.3924,45,60
2020-06-03 14:30:07.842000,0.39296,0.39255,45,60
2020-06-03 14:30:07.992000,0.39321,0.3928,45,60
2020-06-03 14:30:08.049000,0.3933,0.3928,45,60
2020-06-03 14:30:08.099000,0.39325,0.39275,45,307
2020-06-03 14:30:08.267000,0.3932,0.3927,45,60
2020-06-03 14:30:08.442000,0.39325,0.3928,525,60
2020-06-03 14:30:08.605000,0.3933,0.3928,45,307
2020-06-03 14:30:08.664000,0.39335,0.39285,45,307
2020-06-03 14:30:08.834000,0.3934,0.3929,45,60
2020-06-03 14:30:09.052000,0.39345,0.39295,570,60
2020-06-03 14:30:09.181000,0.39345,0.393,262,60
2020-06-03 14:30:09.332000,0.39345,0.39295,570,60
2020-06-03 14:30:09.449000,0.39355,0.39305,570,60
2020-06-03 14:30:09.557000,0.39335,0.39285,45,570
2020-06-03 14:30:09.657000,0.3933,0.3928,45,60
2020-06-03 14:30:09.937000,0.39325,0.39275,307,60
2020-06-03 14:30:10.044000,0.39325,0.3928,525,60
2020-06-03 14:30:10.209000,0.39326,0.39285,45,60
2020-06-03 14:30:10.360000,0.39325,0.3928,262,60
2020-06-03 14:30:10.674000,0.39325,0.39275,570,60
2020-06-03 14:30:10.798000,0.39295,0.3925,262,60
2020-06-03 14:30:10.930000,0.39295,0.39245,307,60
2020-06-03 14:30:11.031000,0.39285,0.39235,525,60
2020-06-03 14:30:11.103000,0.39285,0.39235,570,60
2020-06-03 14:30:11.410000,0.39275,0.39225,262,307
2020-06-03 14:30:11.460000,0.3927,0.3922,45,307
2020-06-03 14:30:11.511000,0.39265,0.3922,262,60
2020-06-03 14:30:11.561000,0.39255,0.39205,45,570
2020-06-03 14:30:12.005000,0.3926,0.3921,45,60
2020-06-03 14:30:12.108000,0.3925,0.392,45,307
2020-06-03 14:30:12.158000,0.3925,0.392,45,60
2020-06-03 14:30:12.259000,0.39245,0.39195,45,307
2020-06-03 14:30:12.436000,0.39235,0.39185,262,307
2020-06-03 14:30:12.700000,0.39225,0.39175,262,307
2020-06-03 14:30:12.953000,0.39235,0.39185,525,60
2020-06-03 14:30:13.015000,0.39225,0.39175,262,307
2020-06-03 14:30:13.242000,0.39235,0.39185,525,60
2020-06-03 14:30:13.339000,0.39235,0.39175,525,525
2020-06-03 14:30:13.439000,0.3923,0.3918,45,60
2020-06-03 14:30:13.968000,0.39235,0.3919,525,60
2020-06-03 14:30:14.233000,0.39245,0.39195,570,60
2020-06-03 14:30:14.562000,0.3924,0.3919,45,60
2020-06-03 14:30:14.717000,0.39245,0.39195,570,60
2020-06-03 14:30:14.818000,0.39225,0.39175,45,570
2020-06-03 14:30:14.919000,0.39225,0.39175,570,60
2020-06-03 14:30:14.969000,0.39226,0.39185,45,60
2020-06-03 14:30:15.082000,0.39235,0.39185,570,60
2020-06-03 14:30:15.304000,0.3923,0.3918,45,60
2020-06-03 14:30:15.424000,0.39235,0.39185,570,60
2020-06-03 14:30:15.625000,0.39235,0.3919,525,60
2020-06-03 14:30:16.727000,0.39245,0.39195,570,60
2020-06-03 14:30:16.878000,0.39245,0.392,525,60
2020-06-03 14:30:17.259000,0.39245,0.39195,570,60
2020-06-03 14:30:17.482000,0.3924,0.3919,45,60
2020-06-03 14:30:18.050000,0.3923,0.3918,45,307
2020-06-03 14:30:18.121000,0.39225,0.3918,262,60
2020-06-03 14:30:18.171000,0.39225,0.39175,307,307
2020-06-03 14:30:18.281000,0.39195,0.39145,45,570
2020-06-03 14:30:19.435000,0.39185,0.39135,262,307
2020-06-03 14:30:19.596000,0.39195,0.39145,307,307
2020-06-03 14:30:19.758000,0.39185,0.39135,262,307
2020-06-03 14:30:19.919000,0.39195,0.39145,307,307
2020-06-03 14:30:20.080000,0.39185,0.39135,262,307
2020-06-03 14:30:20.241000,0.39195,0.39145,45,570
2020-06-03 14:30:20.723000,0.39185,0.39135,262,307
2020-06-03 14:30:21.333000,0.3918,0.3913,45,60
2020-06-03 14:30:21.640000,0.39185,0.39135,570,60
2020-06-03 14:30:21.927000,0.39185,0.3914,525,60
2020-06-03 14:30:23.014000,0.39195,0.39145,570,60
2020-06-03 14:30:23.633000,0.39216,0.39175,45,60
2020-06-03 14:30:23.809000,0.39205,0.39155,570,60
2020-06-03 14:30:24.165000,0.39206,0.39165,45,60
2020-06-03 14:30:24.275000,0.39215,0.39165,570,60
2020-06-03 14:30:24.555000,0.3921,0.3916,45,60
2020-06-03 14:30:24.734000,0.39205,0.39155,45,307
2020-06-03 14:30:24.844000,0.392,0.3915,45,60
2020-06-03 14:30:25.062000,0.39185,0.39135,262,307
2020-06-03 14:30:25.162000,0.39185,0.3914,262,60
2020-06-03 14:30:25.379000,0.39186,0.39145,45,60
2020-06-03 14:30:25.492000,0.3919,0.3914,45,60
2020-06-03 14:30:26.119000,0.3918,0.3913,45,60
2020-06-03 14:30:26.322000,0.39175,0.39125,570,60
2020-06-03 14:30:26.544000,0.3917,0.3912,45,60
2020-06-03 14:30:27.160000,0.39165,0.39115,45,307
2020-06-03 14:30:27.439000,0.3916,0.3911,45,60
2020-06-03 14:30:27.712000,0.39155,0.39105,570,60
2020-06-03 14:30:28.096000,0.39165,0.39115,570,60
2020-06-03 14:30:28.252000,0.3916,0.3911,45,60
2020-06-03 14:30:28.403000,0.39155,0.39105,570,60
2020-06-03 14:30:28.510000,0.39161,0.3912,45,60
2020-06-03 14:30:28.561000,0.39165,0.3912,262,60
2020-06-03 14:30:28.759000,0.39165,0.39115,570,60
2020-06-03 14:30:29.559000,0.39155,0.39105,262,60
2020-06-03 14:30:29.748000,0.39165,0.39115,570,60
2020-06-03 14:30:29.869000,0.39155,0.39105,45,570
2020-06-03 14:30:30.320000,0.3915,0.391,45,60
2020-06-03 14:30:30.471000,0.39145,0.39095,307,307
2020-06-03 14:30:31.772000,0.39155,0.39105,570,60
2020-06-03 14:30:31.966000,0.39145,0.39095,525,60
2020-06-03 14:30:32.067000,0.39165,0.39115,570,60
2020-06-03 14:30:32.120000,0.39166,0.39125,45,60
2020-06-03 14:30:32.227000,0.39175,0.39125,570,60
2020-06-03 14:30:32.339000,0.3917,0.3912,45,60
2020-06-03 14:30:32.511000,0.39165,0.39115,307,307
2020-06-03 14:30:32.669000,0.39175,0.3913,525,60
2020-06-03 14:30:33.050000,0.39185,0.3914,525,60
2020-06-03 14:30:33.247000,0.39185,0.39135,570,60
2020-06-03 14:30:33.379000,0.39186,0.39145,45,60
2020-06-03 14:30:33.529000,0.39195,0.39145,570,60
2020-06-03 14:30:33.645000,0.39195,0.3915,525,60
2020-06-03 14:30:33.790000,0.39196,0.39155,45,60
2020-06-03 14:30:33.989000,0.39205,0.39155,570,60
2020-06-03 14:30:34.118000,0.392,0.3915,45,60
2020-06-03 14:30:34.219000,0.3918,0.3913,45,307
2020-06-03 14:30:34.269000,0.39185,0.3914,262,307
2020-06-03 14:30:34.394000,0.39195,0.39145,307,307
2020-06-03 14:30:34.731000,0.39196,0.39155,45,60
2020-06-03 14:30:34.832000,0.39205,0.39155,570,60
2020-06-03 14:30:34.956000,0.39205,0.39155,525,60
2020-06-03 14:30:35.538000,0.39205,0.39155,570,60
2020-06-03 14:30:35.691000,0.3919,0.3914,45,570
2020-06-03 14:30:35.741000,0.39185,0.3914,262,60
2020-06-03 14:30:36.024000,0.3919,0.3914,45,307
2020-06-03 14:30:36.075000,0.39205,0.39155,570,60
2020-06-03 14:30:37.542000,0.39195,0.39145,262,307
2020-06-03 14:30:37.720000,0.39165,0.39115,262,60
2020-06-03 14:30:37.880000,0.39155,0.39095,525,525
2020-06-03 14:30:38.218000,0.39155,0.39105,262,262
2020-06-03 14:30:38.385000,0.39155,0.39095,262,525
2020-06-03 14:30:38.561000,0.39155,0.39105,832,60
2020-06-03 14:30:38.915000,0.39155,0.3911,262,60
2020-06-03 14:30:40.128000,0.39156,0.39115,570,60
2020-06-03 14:30:40.229000,0.39165,0.39115,570,60
2020-06-03 14:30:40.384000,0.39155,0.39105,570,60
2020-06-03 14:30:40.690000,0.39156,0.39115,45,60
2020-06-03 14:30:40.812000,0.39155,0.3911,262,60
2020-06-03 14:30:41.419000,0.39161,0.3912,45,60
2020-06-03 14:30:41.483000,0.39165,0.3912,262,60
2020-06-03 14:30:41.583000,0.39175,0.39125,570,60
2020-06-03 14:30:41.714000,0.39175,0.3913,525,60
2020-06-03 14:30:41.964000,0.39185,0.39135,570,60
2020-06-03 14:30:42.451000,0.39175,0.39125,262,307
2020-06-03 14:30:42.502000,0.39175,0.3913,262,60
2020-06-03 14:30:42.603000,0.39176,0.39135,45,60
2020-06-03 14:30:42.849000,0.39185,0.39135,307,60
2020-06-03 14:30:43.186000,0.39185,0.3914,262,60
2020-06-03 14:30:43.287000,0.39195,0.3915,525,60
2020-06-03 14:30:43.629000,0.392,0.3915,45,307
2020-06-03 14:30:43.680000,0.39206,0.39165,45,60
2020-06-03 14:30:43.780000,0.3921,0.3916,45,60
2020-06-03 14:30:43.858000,0.39215,0.39165,570,60
2020-06-03 14:30:44.470000,0.39225,0.39175,570,60
2020-06-03 14:30:44.744000,0.39235,0.3919,525,60
2020-06-03 14:30:44.865000,0.39236,0.39195,45,307
2020-06-03 14:30:44.966000,0.39245,0.39195,570,60
2020-06-03 14:30:45.117000,0.39245,0.392,262,60
2020-06-03 14:30:45.533000,0.39245,0.39195,45,307
2020-06-03 14:30:45.701000,0.39235,0.39185,262,307
2020-06-03 14:30:45.844000,0.39235,0.39185,570,60
2020-06-03 14:30:45.979000,0.39235,0.3919,525,60
2020-06-03 14:30:46.255000,0.39245,0.39195,570,60
2020-06-03 14:30:46.410000,0.39246,0.39205,45,60
2020-06-03 14:30:46.535000,0.39255,0.39205,570,60
2020-06-03 14:30:48.207000,0.3925,0.392,45,60
2020-06-03 14:30:48.511000,0.39245,0.39195,570,60
2020-06-03 14:30:48.818000,0.3924,0.3919,45,60
2020-06-03 14:30:49,0.39245,0.392,525,60
2020-06-03 14:30:49.226000,0.39245,0.39195,570,60
2020-06-03 14:30:49.657000,0.39245,0.392,262,60
2020-06-03 14:30:49.808000,0.39255,0.39205,570,60
2020-06-03 14:30:50.134000,0.3925,0.392,45,60
2020-06-03 14:30:50.284000,0.3921,0.3916,45,307
2020-06-03 14:30:50.351000,0.3921,0.3916,45,60
2020-06-03 14:30:50.706000,0.39205,0.39155,45,307
2020-06-03 14:30:50.901000,0.39195,0.39145,307,307
2020-06-03 14:30:51.018000,0.39211,0.3917,45,60
2020-06-03 14:30:51.068000,0.3922,0.3917,45,60
2020-06-03 14:30:51.119000,0.39225,0.3918,525,60
2020-06-03 14:30:51.311000,0.3922,0.3917,45,60
2020-06-03 14:30:51.554000,0.39225,0.3918,525,60
2020-06-03 14:30:51.667000,0.39225,0.39175,45,307
2020-06-03 14:30:52.005000,0.3922,0.3917,45,60
2020-06-03 14:30:52.876000,0.3921,0.3916,45,600
2020-06-03 14:30:52.976000,0.39205,0.39155,45,307
2020-06-03 14:30:54.422000,0.392,0.3915,45,60
2020-06-03 14:30:55.168000,0.39195,0.39145,570,60
2020-06-03 14:30:55.499000,0.39175,0.39125,262,60
2020-06-03 14:30:55.549000,0.39175,0.3913,262,60
2020-06-03 14:30:55.698000,0.3917,0.3912,45,60
2020-06-03 14:30:55.864000,0.39175,0.39125,570,60
2020-06-03 14:30:56.002000,0.3917,0.3912,45,60
2020-06-03 14:30:56.159000,0.39175,0.39125,570,60
2020-06-03 14:30:56.438000,0.3918,0.3913,45,60
2020-06-03 14:30:56.595000,0.39155,0.39105,307,307
2020-06-03 14:30:56.724000,0.39155,0.39105,307,307
2020-06-03 14:30:56.775000,0.39155,0.39105,45,570
2020-06-03 14:30:57.012000,0.3917,0.3912,45,60
2020-06-03 14:30:57.296000,0.3916,0.3911,45,60
2020-06-03 14:30:57.809000,0.39155,0.39105,570,60
2020-06-03 14:30:58.468000,0.39155,0.3911,262,60
2020-06-03 14:30:59.819000,0.39155,0.39105,570,60
2020-06-03 14:31:00.185000,0.39155,0.3911,525,60
2020-06-03 14:31:00.346000,0.39155,0.39105,307,60
2020-06-03 14:31:00.448000,0.39145,0.391,262,60
2020-06-03 14:31:00.724000,0.39145,0.39095,570,60
2020-06-03 14:31:01.028000,0.3915,0.391,45,75
2020-06-03 14:31:01.188000,0.39155,0.39105,570,60
2020-06-03 14:31:01.339000,0.39156,0.39115,45,60
2020-06-03 14:31:01.458000,0.39165,0.39115,570,60
2020-06-03 14:31:01.624000,0.39155,0.3911,262,60
2020-06-03 14:31:01.725000,0.39165,0.39115,570,60
2020-06-03 14:31:01.830000,0.39165,0.3912,525,60
2020-06-03 14:31:02.252000,0.39175,0.39125,570,60
2020-06-03 14:31:02.371000,0.39176,0.39135,45,60
2020-06-03 14:31:02.485000,0.39185,0.39135,570,60
2020-06-03 14:31:02.638000,0.39186,0.39145,45,60
2020-06-03 14:31:02.738000,0.39185,0.39135,45,570
2020-06-03 14:31:02.889000,0.39185,0.3914,525,60
2020-06-03 14:31:02.990000,0.39185,0.39135,307,60
2020-06-03 14:31:03.240000,0.3917,0.3912,45,570
2020-06-03 14:31:03.341000,0.3917,0.3912,45,60
2020-06-03 14:31:03.392000,0.39175,0.39125,570,60
2020-06-03 14:31:03.493000,0.39175,0.3913,262,60
2020-06-03 14:31:03.598000,0.39155,0.39105,307,307
2020-06-03 14:31:03.648000,0.39155,0.39105,570,60
2020-06-03 14:31:04.129000,0.39156,0.39115,56,60
2020-06-03 14:31:04.222000,0.39155,0.3911,262,60
2020-06-03 14:31:04.338000,0.39161,0.3912,45,60
2020-06-03 14:31:04.439000,0.39165,0.3912,262,60
2020-06-03 14:31:05.068000,0.39166,0.39125,45,60
2020-06-03 14:31:05.169000,0.39175,0.39125,570,60
2020-06-03 14:31:05.286000,0.3917,0.3912,45,60
2020-06-03 14:31:05.387000,0.39175,0.39125,570,60
2020-06-03 14:31:06.389000,0.39176,0.39135,45,60
2020-06-03 14:31:06.489000,0.39175,0.39125,45,570
2020-06-03 14:31:06.915000,0.39165,0.39115,262,307
2020-06-03 14:31:06.966000,0.3916,0.3911,45,307
2020-06-03 14:31:07.017000,0.39155,0.3911,262,60
2020-06-03 14:31:07.220000,0.39156,0.39115,45,60
2020-06-03 14:31:07.378000,0.39165,0.39115,570,60
2020-06-03 14:31:07.480000,0.39165,0.3912,262,60
2020-06-03 14:31:07.925000,0.39175,0.39125,570,60
2020-06-03 14:31:08.089000,0.39175,0.3913,525,60
2020-06-03 14:31:08.190000,0.39175,0.39125,45,307
2020-06-03 14:31:08.319000,0.39185,0.39135,570,60
2020-06-03 14:31:08.439000,0.39185,0.3914,525,60
2020-06-03 14:31:09.573000,0.39165,0.39115,45,570
2020-06-03 14:31:09.774000,0.39155,0.39105,525,60
2020-06-03 14:31:09.951000,0.39165,0.39115,570,60
2020-06-03 14:31:10.097000,0.39165,0.3912,525,60
2020-06-03 14:31:10.409000,0.3916,0.3911,45,60
2020-06-03 14:31:10.535000,0.39155,0.39105,307,60
2020-06-03 14:31:11.174000,0.3915,0.391,45,60
2020-06-03 14:31:11.391000,0.39155,0.39105,570,60
2020-06-03 14:31:12.437000,0.3915,0.391,45,60
2020-06-03 14:31:12.552000,0.39145,0.39095,307,307
2020-06-03 14:31:13.570000,0.39145,0.391,525,60
2020-06-03 14:31:13.827000,0.39135,0.39085,262,307
2020-06-03 14:31:13.878000,0.39135,0.39085,307,307
2020-06-03 14:31:13.928000,0.39115,0.39065,45,570
2020-06-03 14:31:14.079000,0.3911,0.3906,45,60
2020-06-03 14:31:14.414000,0.39106,0.39065,45,60
2020-06-03 14:31:14.534000,0.39115,0.39065,570,60
2020-06-03 14:31:14.641000,0.39115,0.3907,525,60
2020-06-03 14:31:14.756000,0.39115,0.39065,570,60
2020-06-03 14:31:15.092000,0.39105,0.39055,45,307
2020-06-03 14:31:15.304000,0.39106,0.39065,45,60
2020-06-03 14:31:15.414000,0.39115,0.39065,570,60
2020-06-03 14:31:15.576000,0.3912,0.3907,45,60
2020-06-03 14:31:15.767000,0.39115,0.39065,45,307
2020-06-03 14:31:15.883000,0.3912,0.3907,45,60
2020-06-03 14:31:16.060000,0.39115,0.39065,570,60
2020-06-03 14:31:16.199000,0.39115,0.3907,262,60
2020-06-03 14:31:16.300000,0.39115,0.39065,45,307
2020-06-03 14:31:16.681000,0.39105,0.39055,262,307
2020-06-03 14:31:16.731000,0.39105,0.39055,307,307
2020-06-03 14:31:17.398000,0.39105,0.3906,525,60
2020-06-03 14:31:17.721000,0.39105,0.39055,45,307
2020-06-03 14:31:17.822000,0.39105,0.3906,262,60
2020-06-03 14:31:17.940000,0.39105,0.39055,45,307
2020-06-03 14:31:18.204000,0.39105,0.3906,262,60
2020-06-03 14:31:18.349000,0.39115,0.39065,570,60
2020-06-03 14:31:18.601000,0.3911,0.3906,45,60
2020-06-03 14:31:18.711000,0.39115,0.39065,570,60
2020-06-03 14:31:18.931000,0.3912,0.3907,112,60
2020-06-03 14:31:19.040000,0.39125,0.39075,600,60
2020-06-03 14:31:19.183000,0.3912,0.3907,112,60
2020-06-03 14:31:19.726000,0.39105,0.39055,262,307
2020-06-03 14:31:19.827000,0.39105,0.3906,262,60
2020-06-03 14:31:20.338000,0.39105,0.39055,45,307
2020-06-03 14:31:20.511000,0.39085,0.39035,307,60
2020-06-03 14:31:20.681000,0.39095,0.39045,570,60
2020-06-03 14:31:21.117000,0.39101,0.3906,45,60
2020-06-03 14:31:21.229000,0.39105,0.3906,262,60
2020-06-03 14:31:21.280000,0.39105,0.39055,307,60
2020-06-03 14:31:21.778000,0.39105,0.3906,262,60
2020-06-03 14:31:21.955000,0.39115,0.39065,570,60
2020-06-03 14:31:22.240000,0.3911,0.3906,45,60
2020-06-03 14:31:22.679000,0.391,0.3905,75,60
2020-06-03 14:31:23.034000,0.39105,0.39055,570,60
2020-06-03 14:31:24.189000,0.3911,0.3906,45,60
2020-06-03 14:31:24.478000,0.39115,0.39065,570,60
2020-06-03 14:31:24.629000,0.39115,0.3907,262,60
2020-06-03 14:31:24.749000,0.39115,0.39065,45,307
2020-06-03 14:31:24.871000,0.3911,0.3906,45,307
2020-06-03 14:31:24.922000,0.3911,0.3906,45,60
2020-06-03 14:31:25.050000,0.39115,0.39065,570,60
2020-06-03 14:31:25.351000,0.3911,0.3906,45,60
2020-06-03 14:31:25.465000,0.39115,0.39065,570,60
2020-06-03 14:31:25.665000,0.3911,0.3906,45,60
2020-06-03 14:31:25.863000,0.39115,0.39065,570,60
2020-06-03 14:31:26.023000,0.39105,0.39055,262,307
2020-06-03 14:31:26.123000,0.39105,0.39055,570,60
2020-06-03 14:31:26.350000,0.39115,0.39065,570,60
2020-06-03 14:31:26.520000,0.3911,0.3906,75,60
2020-06-03 14:31:26.652000,0.391,0.3905,45,307
2020-06-03 14:31:26.702000,0.391,0.3905,45,60
2020-06-03 14:31:26.753000,0.39105,0.39055,570,60
2020-06-03 14:31:29.299000,0.391,0.3905,56,307
2020-06-03 14:31:29.350000,0.39115,0.39065,307,60
2020-06-03 14:31:29.450000,0.39125,0.39075,570,60
2020-06-03 14:31:29.586000,0.3912,0.3907,75,60
2020-06-03 14:31:30.076000,0.39125,0.39075,570,60
2020-06-03 14:31:30.939000,0.3912,0.3907,45,60
2020-06-03 14:31:31.195000,0.39125,0.39075,570,60
2020-06-03 14:31:32.135000,0.39115,0.39065,570,60
2020-06-03 14:31:32.405000,0.39116,0.39075,45,60
2020-06-03 14:31:32.522000,0.3912,0.3907,45,60
2020-06-03 14:31:32.732000,0.39115,0.39065,45,307
2020-06-03 14:31:33.880000,0.3912,0.3907,45,60
2020-06-03 14:31:33.999000,0.39125,0.39075,570,60
2020-06-03 14:31:34.608000,0.39136,0.39095,45,60
2020-06-03 14:31:34.832000,0.39145,0.39095,570,60
2020-06-03 14:31:35.290000,0.39145,0.391,262,60
2020-06-03 14:31:35.397000,0.39145,0.39095,45,307
2020-06-03 14:31:35.500000,0.39155,0.3912,262,60
2020-06-03 14:31:35.683000,0.39165,0.3912,262,60
2020-06-03 14:31:35.783000,0.39165,0.39115,307,60
2020-06-03 14:31:35.902000,0.3915,0.391,45,60
2020-06-03 14:31:36.247000,0.39155,0.39105,570,60
2020-06-03 14:31:36.523000,0.39145,0.39095,45,570
2020-06-03 14:31:37.085000,0.3914,0.3909,45,75
2020-06-03 14:31:37.398000,0.39135,0.39085,307,307
2020-06-03 14:31:38.769000,0.39135,0.39085,45,570
2020-06-03 14:31:39.125000,0.39135,0.39085,45,570
2020-06-03 14:31:39.234000,0.39145,0.39085,525,525
2020-06-03 14:31:39.284000,0.39145,0.39095,262,262
2020-06-03 14:31:39.334000,0.39155,0.39095,525,262
2020-06-03 14:31:39.757000,0.39145,0.39095,262,262
2020-06-03 14:31:39.807000,0.39145,0.39085,525,525
2020-06-03 14:31:39.969000,0.39145,0.39095,570,60
2020-06-03 14:31:40.564000,0.39135,0.39085,262,307
2020-06-03 14:31:40.665000,0.39135,0.39085,570,60
2020-06-03 14:31:41.706000,0.39125,0.39075,262,307
2020-06-03 14:31:41.986000,0.39125,0.3908,262,60
2020-06-03 14:31:42.036000,0.39125,0.39075,307,307
2020-06-03 14:31:42.407000,0.3913,0.3908,45,60
2020-06-03 14:31:42.696000,0.39135,0.3909,525,60
2020-06-03 14:31:42.911000,0.39135,0.39085,45,307
2020-06-03 14:31:43.175000,0.3913,0.3908,45,60
2020-06-03 14:31:43.509000,0.39125,0.39075,45,307
2020-06-03 14:31:43.620000,0.3912,0.3907,45,60
2020-06-03 14:31:44.033000,0.3911,0.3906,45,307
2020-06-03 14:31:44.154000,0.3911,0.3906,45,60
2020-06-03 14:31:45.057000,0.39115,0.39065,570,60
2020-06-03 14:31:45.208000,0.39125,0.39075,570,60
2020-06-03 14:31:45.489000,0.39115,0.39065,262,307
2020-06-03 14:31:45.566000,0.39115,0.39065,307,307
2020-06-03 14:31:46.658000,0.3911,0.3906,45,60
2020-06-03 14:31:48.121000,0.39115,0.39065,570,60
2020-06-03 14:31:48.235000,0.3911,0.3906,45,60
2020-06-03 14:31:49.325000,0.39115,0.39065,570,60
2020-06-03 14:31:49.574000,0.39126,0.39085,45,60
2020-06-03 14:31:49.769000,0.39135,0.39085,570,60
2020-06-03 14:31:49.897000,0.39125,0.39075,45,570
2020-06-03 14:31:50.138000,0.3911,0.3906,45,570
2020-06-03 14:31:50.297000,0.39115,0.3907,262,60
2020-06-03 14:31:50.425000,0.39125,0.39075,570,60
2020-06-03 14:31:50.613000,0.39126,0.39085,45,60
2020-06-03 14:31:50.771000,0.3913,0.3908,45,60
2020-06-03 14:31:51.154000,0.39135,0.39085,570,60
2020-06-03 14:31:51.525000,0.3913,0.3908,45,75
2020-06-03 14:31:51.730000,0.39135,0.3909,525,60
2020-06-03 14:31:52.100000,0.39135,0.39085,45,307
2020-06-03 14:31:52.931000,0.39135,0.3909,262,60
2020-06-03 14:31:53.072000,0.39135,0.39085,570,60
2020-06-03 14:31:55.295000,0.39135,0.3909,262,60
2020-06-03 14:31:56.009000,0.3914,0.3909,45,307
2020-06-03 14:31:56.169000,0.3914,0.3909,45,570
2020-06-03 14:31:56.428000,0.39175,0.39115,525,262
2020-06-03 14:31:57.679000,0.39176,0.39135,45,60
2020-06-03 14:31:57.884000,0.39185,0.39135,570,60
2020-06-03 14:31:58.268000,0.39186,0.39145,45,60
2020-06-03 14:31:58.577000,0.39185,0.3914,262,75
2020-06-03 14:31:58.671000,0.39185,0.39135,307,60
2020-06-03 14:31:59.092000,0.39185,0.3914,525,60
2020-06-03 14:32:00.195000,0.39195,0.39145,570,60
2020-06-03 14:32:00.338000,0.3919,0.3914,45,60
2020-06-03 14:32:00.489000,0.39186,0.39145,45,60
2020-06-03 14:32:00.804000,0.39195,0.39145,570,60
2020-06-03 14:32:01.010000,0.39185,0.39135,262,60
2020-06-03 14:32:01.136000,0.39191,0.3915,45,60
2020-06-03 14:32:01.247000,0.39205,0.39155,570,60
2020-06-03 14:32:01.420000,0.39205,0.3916,525,60
2020-06-03 14:32:02.289000,0.39215,0.39165,581,60
2020-06-03 14:32:02.662000,0.3921,0.3916,45,75
2020-06-03 14:32:02.848000,0.39215,0.39165,570,60
2020-06-03 14:32:02.951000,0.3921,0.3916,45,60
2020-06-03 14:32:03.090000,0.39215,0.39165,570,60
2020-06-03 14:32:03.261000,0.3921,0.3916,45,60
2020-06-03 14:32:03.557000,0.39215,0.39165,570,60
2020-06-03 14:32:04.482000,0.39226,0.39185,45,60
2020-06-03 14:32:04.718000,0.39235,0.39185,570,60
2020-06-03 14:32:04.852000,0.39235,0.3919,525,60
2020-06-03 14:32:04.990000,0.39235,0.39185,45,307
2020-06-03 14:32:05.146000,0.39236,0.39195,45,60
2020-06-03 14:32:05.253000,0.39245,0.39195,570,60
2020-06-03 14:32:05.359000,0.39225,0.39175,307,337
2020-06-03 14:32:05.574000,0.39225,0.39175,570,75
2020-06-03 14:32:05.963000,0.39225,0.3918,525,75
2020-06-03 14:32:06.239000,0.39235,0.39185,570,60
2020-06-03 14:32:06.469000,0.3924,0.3919,45,60
2020-06-03 14:32:06.623000,0.39245,0.39195,570,60
2020-06-03 14:32:06.951000,0.39235,0.39185,45,307
2020-06-03 14:32:07.129000,0.39235,0.3919,525,60
2020-06-03 14:32:07.533000,0.39245,0.39195,570,60
2020-06-03 14:32:07.668000,0.39245,0.392,262,60
2020-06-03 14:32:07.782000,0.3924,0.3919,45,60
2020-06-03 14:32:08.924000,0.39225,0.39175,262,307
2020-06-03 14:32:09.109000,0.39225,0.39165,525,525
2020-06-03 14:32:09.160000,0.39225,0.39175,570,75
2020-06-03 14:32:10.872000,0.39205,0.39155,45,570
2020-06-03 14:32:10.923000,0.39205,0.39155,45,570
2020-06-03 14:32:11.041000,0.39215,0.39165,570,60
2020-06-03 14:32:11.187000,0.39215,0.3917,262,60
2020-06-03 14:32:11.388000,0.39215,0.39165,307,60
2020-06-03 14:32:11.915000,0.39205,0.39155,262,307
2020-06-03 14:32:12.016000,0.39205,0.39155,375,307
2020-06-03 14:32:12.167000,0.392,0.3915,112,60
2020-06-03 14:32:13.185000,0.39185,0.39135,262,60
2020-06-03 14:32:13.235000,0.39185,0.3914,262,60
2020-06-03 14:32:13.285000,0.39185,0.39135,307,60
2020-06-03 14:32:14.245000,0.39186,0.39145,45,60
2020-06-03 14:32:14.346000,0.39195,0.39145,570,60
2020-06-03 14:32:14.669000,0.392,0.3915,112,60
2020-06-03 14:32:14.790000,0.39205,0.39155,581,60
2020-06-03 14:32:15.050000,0.392,0.3915,56,60
2020-06-03 14:32:15.281000,0.39195,0.39145,45,307
2020-06-03 14:32:15.586000,0.39185,0.39135,262,307
2020-06-03 14:32:15.636000,0.39175,0.39125,45,570
2020-06-03 14:32:15.740000,0.3918,0.3913,45,60
2020-06-03 14:32:15.873000,0.39175,0.39125,45,307
2020-06-03 14:32:16.040000,0.39176,0.39135,45,60
2020-06-03 14:32:16.319000,0.39185,0.39135,570,60
2020-06-03 14:32:17.225000,0.39186,0.39145,45,60
2020-06-03 14:32:17.326000,0.39195,0.39145,570,60
2020-06-03 14:32:17.621000,0.392,0.3915,56,60
2020-06-03 14:32:18.148000,0.39205,0.39155,581,60
2020-06-03 14:32:18.939000,0.39206,0.39165,45,60
2020-06-03 14:32:19.107000,0.39215,0.39165,570,60
2020-06-03 14:32:19.620000,0.3921,0.3916,45,60
2020-06-03 14:32:19.759000,0.39205,0.39155,45,307
2020-06-03 14:32:20.133000,0.392,0.3915,45,60
2020-06-03 14:32:21.519000,0.39195,0.39145,45,307
2020-06-03 14:32:22.366000,0.39195,0.3915,262,60
2020-06-03 14:32:22.669000,0.39205,0.39155,570,60
2020-06-03 14:32:25.082000,0.39215,0.39165,637,60
2020-06-03 14:32:25.219000,0.39215,0.3917,262,60
2020-06-03 14:32:25.389000,0.39215,0.39165,45,307
2020-06-03 14:32:25.868000,0.39215,0.3917,525,60
2020-06-03 14:32:27.353000,0.39225,0.39175,570,60
2020-06-03 14:32:27.508000,0.3922,0.3917,45,60
2020-06-03 14:32:27.609000,0.39215,0.39165,307,60
2020-06-03 14:32:27.710000,0.39225,0.39175,570,60
2020-06-03 14:32:28.413000,0.3922,0.3917,45,60
2020-06-03 14:32:28.663000,0.39225,0.39175,570,60
2020-06-03 14:32:28.789000,0.3922,0.3917,45,60
2020-06-03 14:32:28.908000,0.39225,0.39175,570,60
2020-06-03 14:32:29.095000,0.39225,0.39175,45,570
2020-06-03 14:32:29.417000,0.39225,0.39175,45,570
2020-06-03 14:32:29.919000,0.39235,0.39175,525,525
2020-06-03 14:32:29.969000,0.3923,0.3918,45,60
2020-06-03 14:32:30.139000,0.3922,0.3917,45,570
2020-06-03 14:32:30.261000,0.3922,0.3917,45,60
2020-06-03 14:32:30.318000,0.39225,0.39175,570,60
2020-06-03 14:32:30.422000,0.39215,0.39165,262,307
2020-06-03 14:32:30.473000,0.39215,0.39165,570,60
2020-06-03 14:32:30.598000,0.39215,0.3917,525,60
2020-06-03 14:32:30.859000,0.39225,0.39175,570,60
2020-06-03 14:32:30.993000,0.39215,0.39165,307,307
2020-06-03 14:32:33.394000,0.39205,0.39155,45,570
2020-06-03 14:32:33.545000,0.392,0.3915,45,60
2020-06-03 14:32:33.898000,0.39195,0.39145,307,307
2020-06-03 14:32:34.048000,0.39195,0.3915,525,60
2020-06-03 14:32:34.199000,0.39195,0.39145,45,307
2020-06-03 14:32:34.623000,0.39195,0.3915,262,60
2020-06-03 14:32:35.554000,0.39205,0.39155,570,60
2020-06-03 14:32:35.940000,0.39215,0.39165,307,60
2020-06-03 14:32:36.056000,0.39215,0.3917,525,60
2020-06-03 14:32:36.285000,0.39215,0.39165,45,570
2020-06-03 14:32:36.515000,0.39215,0.3917,262,60
2020-06-03 14:32:36.685000,0.3923,0.3918,45,60
2020-06-03 14:32:37.997000,0.39235,0.39185,570,60
2020-06-03 14:32:38.244000,0.3923,0.3918,45,75
2020-06-03 14:32:38.381000,0.39215,0.39165,307,307
2020-06-03 14:32:38.509000,0.3921,0.3916,45,75
2020-06-03 14:32:39.320000,0.392,0.3915,45,307
2020-06-03 14:32:39.504000,0.39205,0.39155,307,307
2020-06-03 14:32:39.604000,0.39195,0.39145,45,570
2020-06-03 14:32:39.655000,0.39195,0.39145,307,307
2020-06-03 14:32:39.705000,0.39195,0.3915,262,60
2020-06-03 14:32:39.834000,0.39195,0.39145,45,307
2020-06-03 14:32:40.028000,0.39185,0.39135,262,307
2020-06-03 14:32:40.198000,0.39195,0.39145,570,60
2020-06-03 14:32:40.366000,0.392,0.3915,45,60
2020-06-03 14:32:40.586000,0.39195,0.39145,45,307
2020-06-03 14:32:41.080000,0.39195,0.3915,525,60
2020-06-03 14:32:41.183000,0.39195,0.39145,45,307
2020-06-03 14:32:43.189000,0.39196,0.39155,45,60
2020-06-03 14:32:43.415000,0.39205,0.39155,570,60
2020-06-03 14:32:43.829000,0.39205,0.3916,525,60
2020-06-03 14:32:44.214000,0.39215,0.39165,570,60
2020-06-03 14:32:44.344000,0.3921,0.3916,45,75
2020-06-03 14:32:45.237000,0.39215,0.39165,570,60
2020-06-03 14:32:45.572000,0.39215,0.3917,262,60
2020-06-03 14:32:46.108000,0.39225,0.39175,570,60
2020-06-03 14:32:46.227000,0.39215,0.39165,262,307
2020-06-03 14:32:46.278000,0.39215,0.39165,570,60
2020-06-03 14:32:46.629000,0.3921,0.3916,45,75
2020-06-03 14:32:47.368000,0.39215,0.39165,570,60
2020-06-03 14:32:48.010000,0.39185,0.39135,45,581
2020-06-03 14:32:48.060000,0.39185,0.39135,307,319
2020-06-03 14:32:48.676000,0.39186,0.39145,45,60
2020-06-03 14:32:48.827000,0.39185,0.39135,45,570
2020-06-03 14:32:49.127000,0.39185,0.3914,262,75
2020-06-03 14:32:49.961000,0.39185,0.39135,307,75
2020-06-03 14:32:50.226000,0.39195,0.39145,570,60
2020-06-03 14:32:50.448000,0.39195,0.3915,525,60
2020-06-03 14:32:50.732000,0.39205,0.39155,570,60
2020-06-03 14:32:51.180000,0.392,0.3915,45,60
2020-06-03 14:32:51.759000,0.39195,0.39145,45,307
2020-06-03 14:32:52.786000,0.3919,0.3914,45,75
2020-06-03 14:32:53.863000,0.39186,0.39145,45,60
2020-06-03 14:32:53.964000,0.39195,0.39145,307,307
2020-06-03 14:32:54.309000,0.392,0.3915,45,60
2020-06-03 14:32:55.013000,0.39205,0.39155,570,60
2020-06-03 14:32:55.382000,0.392,0.3915,45,60
2020-06-03 14:32:57.114000,0.392,0.3915,45,307
2020-06-03 14:32:57.329000,0.39215,0.39155,262,262
2020-06-03 14:32:57.439000,0.39215,0.39165,307,60
2020-06-03 14:32:58.201000,0.39215,0.3917,262,60
2020-06-03 14:32:58.302000,0.39215,0.39165,307,60
2020-06-03 14:33:02.756000,0.39205,0.39155,262,307
2020-06-03 14:33:02.908000,0.39195,0.39145,45,307
2020-06-03 14:33:02.959000,0.39195,0.39145,570,60
2020-06-03 14:33:03.832000,0.39195,0.39145,45,570
2020-06-03 14:33:03.949000,0.39215,0.39155,525,262
2020-06-03 14:33:04.202000,0.39215,0.39165,570,60
2020-06-03 14:33:04.304000,0.39216,0.39175,45,60
2020-06-03 14:33:04.558000,0.39225,0.39175,570,60
2020-06-03 14:33:04.661000,0.39215,0.39165,525,60
2020-06-03 14:33:04.711000,0.3921,0.3916,45,60
2020-06-03 14:33:04.848000,0.392,0.3915,45,307
2020-06-03 14:33:04.999000,0.39205,0.39155,570,60
2020-06-03 14:33:05.101000,0.39205,0.3916,525,60
2020-06-03 14:33:05.935000,0.39215,0.3917,525,60
2020-06-03 14:33:06.094000,0.39225,0.39175,570,60
2020-06-03 14:33:06.634000,0.39225,0.3918,525,60
2020-06-03 14:33:06.977000,0.39225,0.39175,307,307
2020-06-03 14:33:07.350000,0.3923,0.3918,56,60
2020-06-03 14:33:07.789000,0.3922,0.3917,45,75
2020-06-03 14:33:08.040000,0.39215,0.39165,307,307
2020-06-03 14:33:08.152000,0.39215,0.3917,525,60
2020-06-03 14:33:08.591000,0.39215,0.39165,45,307
2020-06-03 14:33:09.559000,0.3921,0.3916,45,60
2020-06-03 14:33:10.085000,0.39215,0.39165,570,60
2020-06-03 14:33:10.236000,0.3921,0.3916,45,60
2020-06-03 14:33:11.318000,0.39215,0.39155,525,525
2020-06-03 14:33:11.369000,0.3922,0.3917,45,60
2020-06-03 14:33:11.683000,0.39215,0.39165,570,60
2020-06-03 14:33:12.072000,0.3922,0.3917,45,60
2020-06-03 14:33:14.233000,0.3921,0.3916,45,307
2020-06-03 14:33:14.410000,0.3921,0.3916,45,60
2020-06-03 14:33:14.645000,0.39215,0.39165,570,60
2020-06-03 14:33:14.758000,0.39215,0.3917,525,60
2020-06-03 14:33:15.316000,0.39215,0.39165,570,60
2020-06-03 14:33:15.832000,0.3922,0.3917,45,60
2020-06-03 14:33:18.839000,0.39215,0.39165,45,307
2020-06-03 14:33:21.114000,0.39215,0.39155,525,525
2020-06-03 14:33:21.521000,0.39215,0.39165,570,60
2020-06-03 14:33:22.011000,0.39205,0.39155,262,60
2020-06-03 14:33:22.061000,0.39205,0.39155,307,60
2020-06-03 14:33:22.348000,0.39195,0.39145,45,570
2020-06-03 14:33:22.463000,0.3919,0.3914,45,375
2020-06-03 14:33:22.513000,0.3919,0.3914,45,112
2020-06-03 14:33:22.695000,0.39185,0.39135,307,75
2020-06-03 14:33:22.856000,0.3918,0.3913,56,112
2020-06-03 14:33:22.997000,0.39185,0.39135,570,60
2020-06-03 14:33:23.658000,0.39185,0.3914,525,60
2020-06-03 14:33:24.666000,0.39195,0.39145,570,60
2020-06-03 14:33:24.786000,0.3919,0.3914,45,60
2020-06-03 14:33:25.406000,0.39186,0.39145,45,60
2020-06-03 14:33:25.686000,0.39195,0.39145,570,60
2020-06-03 14:33:26.403000,0.3919,0.3914,45,60
2020-06-03 14:33:26.507000,0.39185,0.39135,45,570
2020-06-03 14:33:26.663000,0.3918,0.3913,45,112
2020-06-03 14:33:26.989000,0.39175,0.39125,45,375
2020-06-03 14:33:27.102000,0.39175,0.3913,262,112
2020-06-03 14:33:27.816000,0.39175,0.39125,45,319
2020-06-03 14:33:28.218000,0.3918,0.3913,45,75
2020-06-03 14:33:28.351000,0.39185,0.39135,570,60
2020-06-03 14:33:29.064000,0.39186,0.39145,45,60
2020-06-03 14:33:29.192000,0.39195,0.39145,570,60
2020-06-03 14:33:30.065000,0.392,0.3915,45,60
2020-06-03 14:33:30.166000,0.39185,0.3914,262,60
2020-06-03 14:33:30.344000,0.392,0.3915,45,60
2020-06-03 14:33:30.477000,0.39205,0.39155,262,307
2020-06-03 14:33:30.632000,0.39215,0.39165,570,60
2020-06-03 14:33:31.862000,0.3921,0.3916,45,60
2020-06-03 14:33:32.626000,0.39205,0.39155,307,307
2020-06-03 14:33:32.832000,0.39205,0.3916,525,60
2020-06-03 14:33:33.329000,0.39205,0.39155,307,307
2020-06-03 14:33:33.496000,0.392,0.3915,45,60
2020-06-03 14:33:34.102000,0.39195,0.39145,45,307
2020-06-03 14:33:34.223000,0.3919,0.3914,45,375
2020-06-03 14:33:34.274000,0.39185,0.3914,262,112
2020-06-03 14:33:34.437000,0.39185,0.39135,307,60
2020-06-03 14:33:35.675000,0.3918,0.3913,75,112
2020-06-03 14:33:35.874000,0.39175,0.39125,570,112
2020-06-03 14:33:37.679000,0.39175,0.3913,525,112
2020-06-03 14:33:41.351000,0.39185,0.39125,262,262
2020-06-03 14:33:41.401000,0.39185,0.39135,307,60
2020-06-03 14:33:41.790000,0.39186,0.39145,45,60
2020-06-03 14:33:41.852000,0.39185,0.3914,262,60
2020-06-03 14:33:42.002000,0.39185,0.39135,570,60
2020-06-03 14:33:42.665000,0.39185,0.3914,525,75
2020-06-03 14:33:42.777000,0.39185,0.39135,307,60
2020-06-03 14:33:43.307000,0.39185,0.3914,262,60
2020-06-03 14:33:43.847000,0.39185,0.39135,570,60
2020-06-03 14:33:43.948000,0.39175,0.39125,45,570
2020-06-03 14:33:47.201000,0.39165,0.39115,45,600
2020-06-03 14:33:48.853000,0.39165,0.3912,525,112
2020-06-03 14:33:49.191000,0.39175,0.39125,570,60
2020-06-03 14:33:50.680000,0.39175,0.39115,525,525
2020-06-03 14:33:50.731000,0.39175,0.39125,570,75
2020-06-03 14:33:50.882000,0.39176,0.39135,45,60
2020-06-03 14:33:51.112000,0.39185,0.39135,570,60
2020-06-03 14:33:51.821000,0.39185,0.3914,262,60
2020-06-03 14:33:52.481000,0.392,0.3915,56,60
2020-06-03 14:33:52.599000,0.39205,0.39155,570,60
2020-06-03 14:33:52.812000,0.392,0.3915,45,60
2020-06-03 14:33:53.594000,0.39205,0.39155,570,60
2020-06-03 14:33:54.628000,0.392,0.3915,45,75
2020-06-03 14:33:55.503000,0.39205,0.39155,307,60
2020-06-03 14:33:55.941000,0.39205,0.3916,525,60
2020-06-03 14:33:57.516000,0.39215,0.39165,570,60
2020-06-03 14:33:57.856000,0.3921,0.3916,45,60
2020-06-03 14:33:58.030000,0.39206,0.39165,45,60
2020-06-03 14:33:58.134000,0.39216,0.39175,45,60
2020-06-03 14:33:58.255000,0.39225,0.39175,570,60
2020-06-03 14:33:59.196000,0.39215,0.39165,262,307
2020-06-03 14:33:59.246000,0.39215,0.3917,262,60
2020-06-03 14:34:00.009000,0.39225,0.39175,570,60
2020-06-03 14:34:00.161000,0.39226,0.39185,45,60
2020-06-03 14:34:00.281000,0.39231,0.3919,45,75
2020-06-03 14:34:00.332000,0.39235,0.3919,262,75
2020-06-03 14:34:01.328000,0.39245,0.39195,570,60
2020-06-03 14:34:01.638000,0.39245,0.392,525,75
2020-06-03 14:34:02.458000,0.39255,0.39205,570,60
2020-06-03 14:34:03.909000,0.39265,0.39205,525,262
2020-06-03 14:34:04.551000,0.39255,0.39205,262,262
2020-06-03 14:34:04.697000,0.39255,0.39205,307,337
2020-06-03 14:34:06.253000,0.39255,0.3921,525,60
2020-06-03 14:34:06.487000,0.39255,0.39205,570,60
2020-06-03 14:34:07.670000,0.3926,0.3921,45,75
2020-06-03 14:34:08.160000,0.39265,0.3922,525,60
2020-06-03 14:34:08.794000,0.39266,0.39225,45,60
2020-06-03 14:34:08.909000,0.39275,0.39225,570,60
2020-06-03 14:34:09.470000,0.39265,0.39215,45,570
2020-06-03 14:34:10.763000,0.39265,0.39205,262,525
2020-06-03 14:34:11.005000,0.39265,0.39215,307,60
2020-06-03 14:34:11.410000,0.39265,0.3922,525,75
2020-06-03 14:34:11.738000,0.3927,0.3922,45,319
2020-06-03 14:34:11.788000,0.3928,0.3923,45,60
2020-06-03 14:34:11.944000,0.39275,0.39225,570,60
2020-06-03 14:34:12.324000,0.3927,0.3922,45,75
2020-06-03 14:34:12.972000,0.39265,0.39215,307,60
2020-06-03 14:34:13.518000,0.39265,0.3922,525,60
2020-06-03 14:34:13.940000,0.39266,0.39225,45,60
2020-06-03 14:34:14.041000,0.3927,0.3922,45,75
2020-06-03 14:34:14.355000,0.39266,0.39225,45,60
2020-06-03 14:34:14.485000,0.3927,0.3922,45,60
2020-06-03 14:34:14.680000,0.39275,0.39225,570,60
2020-06-03 14:34:14.790000,0.3928,0.3923,45,75
2020-06-03 14:34:17.291000,0.39275,0.39225,570,60
2020-06-03 14:34:17.480000,0.39275,0.3923,525,60
2020-06-03 14:34:18.231000,0.39275,0.39225,570,60
2020-06-03 14:34:18.748000,0.39275,0.3923,525,75
2020-06-03 14:34:18.899000,0.39281,0.3924,45,75
2020-06-03 14:34:18.949000,0.3929,0.3924,45,75
2020-06-03 14:34:19.286000,0.39295,0.39245,570,60
2020-06-03 14:34:19.394000,0.3929,0.3924,45,75
2020-06-03 14:34:19.555000,0.39275,0.39225,262,319
2020-06-03 14:34:19.668000,0.39275,0.39225,570,60
2020-06-03 14:34:19.881000,0.39285,0.39235,570,60
2020-06-03 14:34:20.483000,0.3929,0.3924,45,60
2020-06-03 14:34:20.876000,0.39285,0.39235,570,60
2020-06-03 14:34:20.995000,0.3928,0.3923,45,75
2020-06-03 14:34:22.982000,0.39285,0.39235,570,60
2020-06-03 14:34:23.514000,0.3928,0.3923,45,60
2020-06-03 14:34:23.760000,0.39285,0.39235,570,60
2020-06-03 14:34:24.270000,0.39286,0.39245,45,60
2020-06-03 14:34:24.429000,0.39295,0.39245,570,60
2020-06-03 14:34:24.661000,0.39295,0.3925,262,60
2020-06-03 14:34:24.933000,0.39295,0.39245,307,60
2020-06-03 14:34:25.164000,0.39295,0.3925,525,60
2020-06-03 14:34:25.339000,0.39296,0.39255,45,60
2020-06-03 14:34:25.416000,0.39295,0.3925,262,75
2020-06-03 14:34:25.825000,0.39305,0.39255,570,60
2020-06-03 14:34:25.938000,0.393,0.3925,45,75
2020-06-03 14:34:26.154000,0.39305,0.39255,570,60
2020-06-03 14:34:27.850000,0.39295,0.39245,262,307
2020-06-03 14:34:28.023000,0.39295,0.39245,570,60
2020-06-03 14:34:28.281000,0.39285,0.39235,262,307
2020-06-03 14:34:28.464000,0.3928,0.3923,56,60
2020-06-03 14:34:28.657000,0.39275,0.39225,45,307
2020-06-03 14:34:30.115000,0.39275,0.3923,525,60
2020-06-03 14:34:31.182000,0.39275,0.39225,570,60
2020-06-03 14:34:32.685000,0.39255,0.39215,262,262
2020-06-03 14:34:32.910000,0.39255,0.39195,525,525
2020-06-03 14:34:32.960000,0.39255,0.39205,570,60
2020-06-03 14:34:33.683000,0.3925,0.392,45,75
2020-06-03 14:34:33.833000,0.39255,0.39205,570,60
2020-06-03 14:34:34.407000,0.39255,0.3921,262,60
2020-06-03 14:34:34.952000,0.39265,0.39215,570,60
2020-06-03 14:34:35.103000,0.39265,0.3922,525,60
2020-06-03 14:34:35.728000,0.39265,0.39215,570,60
2020-06-03 14:34:35.882000,0.39255,0.39205,525,60
2020-06-03 14:34:36.917000,0.39255,0.39205,570,60
2020-06-03 14:34:37.284000,0.3925,0.392,45,75
2020-06-03 14:34:37.585000,0.39245,0.39195,307,319
2020-06-03 14:34:37.933000,0.39246,0.39205,45,60
2020-06-03 14:34:38.084000,0.39256,0.39215,45,60
2020-06-03 14:34:38.185000,0.39265,0.39215,570,60
2020-06-03 14:34:38.437000,0.3926,0.3921,45,60
2020-06-03 14:34:38.810000,0.39255,0.39205,45,307
2020-06-03 14:34:40.019000,0.39256,0.39215,45,60
2020-06-03 14:34:40.299000,0.39265,0.39215,570,60
2020-06-03 14:34:40.746000,0.39265,0.3922,262,60
2020-06-03 14:34:41.009000,0.39265,0.39215,570,60
2020-06-03 14:34:41.340000,0.39255,0.39205,262,307
2020-06-03 14:34:41.557000,0.39255,0.39205,570,60
2020-06-03 14:34:41.789000,0.39245,0.39195,45,570
2020-06-03 14:34:44.642000,0.39235,0.39185,262,60
2020-06-03 14:34:44.692000,0.39235,0.39185,570,75
2020-06-03 14:34:44.765000,0.39235,0.3919,525,75
2020-06-03 14:34:44.971000,0.39235,0.39185,307,60
2020-06-03 14:34:45.690000,0.39235,0.3919,525,75
2020-06-03 14:34:46.894000,0.39245,0.39195,570,60
2020-06-03 14:34:54.760000,0.39235,0.39185,262,307
2020-06-03 14:34:54.911000,0.39235,0.39185,570,60
2020-06-03 14:34:55.479000,0.39236,0.39195,45,60
2020-06-03 14:34:55.587000,0.39235,0.39185,570,60
2020-06-03 14:35:00.843000,0.39215,0.39165,45,570
2020-06-03 14:35:01.064000,0.39215,0.39165,570,60
2020-06-03 14:35:01.164000,0.39215,0.3917,525,60
2020-06-03 14:35:01.515000,0.39215,0.39165,45,307
2020-06-03 14:35:01.636000,0.3921,0.3916,45,319
2020-06-03 14:35:01.687000,0.3921,0.3916,45,75
2020-06-03 14:35:02.415000,0.39215,0.39165,581,60
2020-06-03 14:35:05.207000,0.3921,0.3916,56,75
2020-06-03 14:35:05.362000,0.39205,0.39155,307,60
2020-06-03 14:35:05.814000,0.39206,0.39165,45,60
2020-06-03 14:35:05.985000,0.39215,0.39165,570,60
2020-06-03 14:35:06.094000,0.3921,0.3916,45,75
2020-06-03 14:35:06.849000,0.39215,0.39165,570,60
2020-06-03 14:35:08.408000,0.39215,0.3917,262,60
2020-06-03 14:35:10.070000,0.39215,0.39165,570,60
2020-06-03 14:35:10.229000,0.39215,0.3917,525,60
2020-06-03 14:35:11.803000,0.39225,0.39175,570,60
2020-06-03 14:35:11.907000,0.39225,0.3918,262,60
2020-06-03 14:35:12.016000,0.39225,0.39175,45,307
2020-06-03 14:35:12.435000,0.39225,0.3918,262,60
2020-06-03 14:35:12.564000,0.39235,0.39185,600,60
2020-06-03 14:35:12.781000,0.39225,0.39175,45,570
2020-06-03 14:35:14.031000,0.39235,0.39175,525,525
2020-06-03 14:35:14.093000,0.39235,0.39185,570,60
2020-06-03 14:35:14.349000,0.39225,0.39175,262,307
2020-06-03 14:35:15.937000,0.39215,0.39165,262,60
2020-06-03 14:35:16.259000,0.39205,0.39155,262,307
2020-06-03 14:35:16.580000,0.39195,0.39145,262,307
2020-06-03 14:35:16.792000,0.39185,0.39125,525,525
2020-06-03 14:35:17.416000,0.39185,0.39135,832,60
2020-06-03 14:35:18.061000,0.39175,0.39125,307,570
2020-06-03 14:35:18.703000,0.39175,0.3913,525,60
2020-06-03 14:35:18.859000,0.3917,0.3912,45,307
2020-06-03 14:35:18.910000,0.3917,0.3912,45,60
2020-06-03 14:35:19.010000,0.39165,0.39115,307,307
2020-06-03 14:35:19.474000,0.3916,0.3911,56,60
2020-06-03 14:35:19.679000,0.39155,0.39105,307,60
2020-06-03 14:35:19.961000,0.3915,0.391,45,75
2020-06-03 14:35:20.340000,0.39155,0.39105,570,60
2020-06-03 14:35:20.644000,0.3915,0.391,45,75
2020-06-03 14:35:20.872000,0.3914,0.3909,56,337
2020-06-03 14:35:20.922000,0.3914,0.3909,56,75
2020-06-03 14:35:21.103000,0.39145,0.39095,570,60
2020-06-03 14:35:21.627000,0.3914,0.3909,75,75
2020-06-03 14:35:22.195000,0.39145,0.39095,600,60
2020-06-03 14:35:23.270000,0.39145,0.391,525,60
2020-06-03 14:35:24.722000,0.39155,0.39095,525,525
2020-06-03 14:35:25.039000,0.3915,0.391,45,60
2020-06-03 14:35:25.325000,0.39155,0.39105,570,60
2020-06-03 14:35:25.979000,0.39156,0.39115,56,60
2020-06-03 14:35:26.091000,0.39155,0.39105,45,570
2020-06-03 14:35:27.224000,0.39145,0.39095,262,307
2020-06-03 14:35:27.304000,0.39145,0.39095,307,307
2020-06-03 14:35:27.602000,0.39145,0.391,525,60
2020-06-03 14:35:28.822000,0.39155,0.39105,570,60
2020-06-03 14:35:29.204000,0.39145,0.39095,45,570
2020-06-03 14:35:29.564000,0.39155,0.39105,570,60
2020-06-03 14:35:30.525000,0.39145,0.39095,262,307
2020-06-03 14:35:30.719000,0.39145,0.39095,570,60
2020-06-03 14:35:30.975000,0.39135,0.39085,45,570
2020-06-03 14:35:31.185000,0.39125,0.39075,262,307
2020-06-03 14:35:31.236000,0.39125,0.39075,570,60
2020-06-03 14:35:32.186000,0.39115,0.39065,45,570
2020-06-03 14:35:33.281000,0.3911,0.3906,45,307
2020-06-03 14:35:33.331000,0.39125,0.39075,600,60
2020-06-03 14:35:33.532000,0.39126,0.39085,45,60
2020-06-03 14:35:33.638000,0.39125,0.3908,262,60
2020-06-03 14:35:33.839000,0.39135,0.39085,570,60
2020-06-03 14:35:33.947000,0.39125,0.39075,307,307
2020-06-03 14:35:34.053000,0.3912,0.3907,45,75
2020-06-03 14:35:34.305000,0.39125,0.39075,570,60
2020-06-03 14:35:35.313000,0.39125,0.3908,262,75
2020-06-03 14:35:35.462000,0.39135,0.39085,570,60
2020-06-03 14:35:36.721000,0.3913,0.3908,45,60
2020-06-03 14:35:36.872000,0.39125,0.39075,570,60
2020-06-03 14:35:36.976000,0.39125,0.3908,525,75
2020-06-03 14:35:37.127000,0.39135,0.39085,570,60
2020-06-03 14:35:37.278000,0.39125,0.39075,307,307
2020-06-03 14:35:37.391000,0.3912,0.3907,45,112
2020-06-03 14:35:37.837000,0.39116,0.39075,45,60
2020-06-03 14:35:38.067000,0.39125,0.39075,570,60
2020-06-03 14:35:38.694000,0.39115,0.39065,45,581
2020-06-03 14:35:39.782000,0.3912,0.3907,45,112
2020-06-03 14:35:40.250000,0.39115,0.39065,45,319
2020-06-03 14:35:40.401000,0.39115,0.3907,525,75
2020-06-03 14:35:40.830000,0.39115,0.39065,45,319
2020-06-03 14:35:41.088000,0.39115,0.3907,262,75
2020-06-03 14:35:43.223000,0.39115,0.39065,45,319
2020-06-03 14:35:43.433000,0.39115,0.3907,525,75
2020-06-03 14:35:43.730000,0.39115,0.39065,570,75
2020-06-03 14:35:43.877000,0.39116,0.39075,45,60
2020-06-03 14:35:44.010000,0.39125,0.39075,570,60
2020-06-03 14:35:44.836000,0.39126,0.39085,45,60
2020-06-03 14:35:44.939000,0.39125,0.39075,570,60
2020-06-03 14:35:45.300000,0.3912,0.3907,45,112
2020-06-03 14:35:45.737000,0.39125,0.39075,570,60
2020-06-03 14:35:46.026000,0.3912,0.3907,45,112
2020-06-03 14:35:46.216000,0.39125,0.39075,570,60
2020-06-03 14:35:46.318000,0.3912,0.3907,45,112
2020-06-03 14:35:46.973000,0.39125,0.39075,570,60
2020-06-03 14:35:47.165000,0.3912,0.3907,45,112
2020-06-03 14:35:47.940000,0.3912,0.3907,45,375
2020-06-03 14:35:48.207000,0.39135,0.39075,525,525
2020-06-03 14:35:48.297000,0.39125,0.39075,45,570
2020-06-03 14:35:48.411000,0.3912,0.3907,75,319
2020-06-03 14:35:48.461000,0.3912,0.3907,75,75
2020-06-03 14:35:50.058000,0.39125,0.39075,570,60
2020-06-03 14:35:51.967000,0.3913,0.3908,45,60
2020-06-03 14:35:52.126000,0.39135,0.39085,570,60
2020-06-03 14:35:52.474000,0.3913,0.3908,45,75
2020-06-03 14:35:53.887000,0.39135,0.39085,570,60
2020-06-03 14:35:55.184000,0.3913,0.3908,45,75
2020-06-03 14:35:55.385000,0.39125,0.39075,570,60
2020-06-03 14:35:55.486000,0.39115,0.39065,637,307
2020-06-03 14:35:58.291000,0.39115,0.3907,525,112
2020-06-03 14:35:58.429000,0.39115,0.39065,307,75
2020-06-03 14:35:59.738000,0.39115,0.3907,525,75
2020-06-03 14:36:00.055000,0.39125,0.39075,570,60
2020-06-03 14:36:00.169000,0.3912,0.3907,45,75
2020-06-03 14:36:00.278000,0.39125,0.39075,570,60
2020-06-03 14:36:00.485000,0.3912,0.3907,45,75
2020-06-03 14:36:00.653000,0.39115,0.39065,45,307
2020-06-03 14:36:01.751000,0.39116,0.39075,56,60
2020-06-03 14:36:01.852000,0.39115,0.39065,45,337
2020-06-03 14:36:01.952000,0.39115,0.3907,262,75
2020-06-03 14:36:02.262000,0.39115,0.39065,570,75
2020-06-03 14:36:02.536000,0.39095,0.39045,45,570
2020-06-03 14:36:02.759000,0.3909,0.3904,45,75
2020-06-03 14:36:02.875000,0.39095,0.39045,570,60
2020-06-03 14:36:03.023000,0.3909,0.3904,45,75
2020-06-03 14:36:03.154000,0.39095,0.39045,570,60
2020-06-03 14:36:03.608000,0.39095,0.3905,525,60
2020-06-03 14:36:03.837000,0.39095,0.39045,570,60
2020-06-03 14:36:04.243000,0.39085,0.39035,45,307
2020-06-03 14:36:04.465000,0.39095,0.39045,570,60
2020-06-03 14:36:05.389000,0.3909,0.3904,45,60
2020-06-03 14:36:05.564000,0.39085,0.39035,262,60
2020-06-03 14:36:05.715000,0.39085,0.39035,570,60
2020-06-03 14:36:06.421000,0.39075,0.39025,262,307
2020-06-03 14:36:06.472000,0.39075,0.39025,570,75
2020-06-03 14:36:06.714000,0.39075,0.3903,525,112
2020-06-03 14:36:06.865000,0.39075,0.39025,307,337
2020-06-03 14:36:07.163000,0.39085,0.39035,570,60
2020-06-03 14:36:07.314000,0.39065,0.3902,525,60
2020-06-03 14:36:07.566000,0.39075,0.39025,570,75
2020-06-03 14:36:07.680000,0.39075,0.3903,525,112
2020-06-03 14:36:08.159000,0.39075,0.39025,570,60
2020-06-03 14:36:08.278000,0.39075,0.3903,525,60
2020-06-03 14:36:08.391000,0.3907,0.3902,45,75
2020-06-03 14:36:09.193000,0.39065,0.39015,570,60
2020-06-03 14:36:09.474000,0.39065,0.3902,262,60
2020-06-03 14:36:09.769000,0.39065,0.39015,307,307
2020-06-03 14:36:10.070000,0.3906,0.3901,45,75
2020-06-03 14:36:10.489000,0.39065,0.39015,570,60
2020-06-03 14:36:10.863000,0.3907,0.3902,45,75
2020-06-03 14:36:11.124000,0.39075,0.39025,570,60
2020-06-03 14:36:11.345000,0.39085,0.39035,570,60
2020-06-03 14:36:11.504000,0.39075,0.3903,262,75
2020-06-03 14:36:11.624000,0.39085,0.39035,570,60
2020-06-03 14:36:11.784000,0.3909,0.3904,75,60
2020-06-03 14:36:11.939000,0.39095,0.39045,307,307
2020-06-03 14:36:12.114000,0.391,0.3905,75,60
2020-06-03 14:36:12.445000,0.39105,0.39055,570,60
2020-06-03 14:36:12.989000,0.391,0.3905,75,75
2020-06-03 14:36:13.155000,0.39095,0.39045,570,60
2020-06-03 14:36:13.435000,0.39085,0.39035,307,307
2020-06-03 14:36:13.572000,0.3909,0.3904,45,75
2020-06-03 14:36:13.792000,0.39095,0.39045,570,60
2020-06-03 14:36:14.155000,0.3909,0.3904,45,75
2020-06-03 14:36:14.906000,0.39095,0.39045,570,60
2020-06-03 14:36:16.189000,0.3909,0.3904,45,75
2020-06-03 14:36:16.352000,0.3907,0.3902,45,600
2020-06-03 14:36:16.453000,0.39065,0.3902,262,337
2020-06-03 14:36:16.518000,0.39065,0.39015,307,307
2020-06-03 14:36:16.569000,0.39065,0.39015,570,60
2020-06-03 14:36:16.753000,0.39065,0.3902,525,60
2020-06-03 14:36:17.144000,0.39065,0.39015,570,60
2020-06-03 14:36:17.447000,0.3906,0.3901,45,75
2020-06-03 14:36:17.732000,0.39065,0.39015,570,60
2020-06-03 14:36:18.787000,0.39071,0.3903,56,60
2020-06-03 14:36:18.887000,0.39075,0.3903,262,60
2020-06-03 14:36:19.078000,0.39075,0.39025,307,60
2020-06-03 14:36:19.877000,0.3907,0.3902,112,75
2020-06-03 14:36:20.239000,0.39065,0.39015,570,60
2020-06-03 14:36:20.485000,0.39065,0.3902,525,60
2020-06-03 14:36:20.643000,0.39065,0.39015,570,60
2020-06-03 14:36:21.073000,0.3906,0.3901,45,112
2020-06-03 14:36:21.287000,0.39065,0.39015,570,60
2020-06-03 14:36:21.541000,0.3907,0.3902,112,75
2020-06-03 14:36:22.361000,0.3907,0.3902,112,319
2020-06-03 14:36:23.006000,0.3907,0.3902,112,75
2020-06-03 14:36:23.200000,0.39075,0.39015,262,525
2020-06-03 14:36:23.250000,0.39075,0.3903,262,60
2020-06-03 14:36:24.254000,0.39085,0.39025,525,525
2020-06-03 14:36:24.748000,0.3908,0.3903,75,60
2020-06-03 14:36:25.203000,0.39075,0.39025,570,60
2020-06-03 14:36:25.317000,0.3907,0.3902,45,112
2020-06-03 14:36:26.149000,0.39075,0.39025,570,60
2020-06-03 14:36:27.111000,0.3907,0.3902,45,112
2020-06-03 14:36:28.163000,0.39065,0.39015,570,60
2020-06-03 14:36:30.206000,0.39026,0.39,45,1
2020-06-03 14:36:30.307000,0.39036,0.39,45,1
2020-06-03 14:36:30.358000,0.39036,0.39,45,1
2020-06-03 14:36:30.408000,0.39026,0.39,45,1
2020-06-03 14:36:30.617000,0.39031,0.39,75,1
2020-06-03 14:36:30.732000,0.39035,0.39,262,1
2020-06-03 14:36:30.903000,0.39036,0.39,45,1
2020-06-03 14:36:31.918000,0.39035,0.39,262,1
2020-06-03 14:36:32.042000,0.39026,0.39,45,1
2020-06-03 14:36:33.569000,0.39035,0.39,525,1
2020-06-03 14:36:33.727000,0.39041,0.39,45,151
2020-06-03 14:36:33.963000,0.39046,0.39005,45,60
2020-06-03 14:36:34.114000,0.39055,0.39005,570,60
2020-06-03 14:36:34.578000,0.39055,0.3901,262,60
2020-06-03 14:36:34.981000,0.39055,0.39005,45,307
2020-06-03 14:36:35.220000,0.39055,0.3901,262,60
2020-06-03 14:36:35.600000,0.39055,0.39005,307,307
2020-06-03 14:36:35.774000,0.39046,0.39005,56,60
2020-06-03 14:36:35.882000,0.39055,0.39005,581,60
2020-06-03 14:36:38.194000,0.39036,0.39,45,1
2020-06-03 14:36:39.986000,0.39035,0.39,262,1
2020-06-03 14:36:40.137000,0.39026,0.39,45,1
2020-06-03 14:36:40.401000,0.39035,0.39,525,1
2020-06-03 14:36:40.783000,0.39036,0.39,45,1
2020-06-03 14:36:42.337000,0.39035,0.39,262,1
2020-06-03 14:36:42.564000,0.39026,0.39,45,1
2020-06-03 14:36:43.378000,0.39036,0.39,45,1
2020-06-03 14:36:43.886000,0.39046,0.39005,45,60
2020-06-03 14:36:44.005000,0.39055,0.39005,570,60
2020-06-03 14:36:44.056000,0.39036,0.39,45,1
2020-06-03 14:36:44.544000,0.39041,0.39,75,61
2020-06-03 14:36:45.125000,0.39046,0.39005,45,60
2020-06-03 14:36:45.226000,0.39055,0.39005,570,60
2020-06-03 14:36:47.105000,0.39055,0.3901,262,75
2020-06-03 14:36:47.341000,0.39055,0.39005,570,60
2020-06-03 14:36:47.713000,0.3906,0.3901,45,75
2020-06-03 14:36:47.814000,0.39055,0.39005,45,307
2020-06-03 14:36:48.631000,0.39055,0.3901,525,112
2020-06-03 14:36:49.105000,0.39055,0.39005,45,319
2020-06-03 14:36:49.255000,0.39055,0.3901,525,75
2020-06-03 14:36:50.598000,0.39055,0.39005,45,337
2020-06-03 14:36:51.552000,0.39055,0.3901,525,75
2020-06-03 14:36:51.702000,0.39055,0.39005,45,307
2020-06-03 14:36:51.803000,0.39045,0.39,262,1
2020-06-03 14:36:51.953000,0.39035,0.39,262,1
2020-06-03 14:36:52.115000,0.39045,0.39,262,1
2020-06-03 14:36:52.597000,0.39035,0.39,262,1
2020-06-03 14:36:52.986000,0.39045,0.39,262,1
2020-06-03 14:36:53.292000,0.39045,0.39,262,1
2020-06-03 14:36:53.343000,0.39031,0.39,75,1
2020-06-03 14:36:53.867000,0.39036,0.39,56,1
2020-06-03 14:36:54.095000,0.39031,0.39,45,1
2020-06-03 14:36:54.273000,0.39026,0.39,45,1
2020-06-03 14:36:55.358000,0.39025,0.39,525,1
2020-06-03 14:36:55.497000,0.39006,0.39,45,1
2020-06-03 14:36:56.579000,0.39005,0.38955,45,571
2020-06-03 14:36:57.348000,0.39005,0.3896,525,60
2020-06-03 14:36:57.562000,0.39015,0.38965,581,60
2020-06-03 14:36:57.785000,0.39001,0.39,56,1
2020-06-03 14:36:57.885000,0.39005,0.38955,45,319
2020-06-03 14:36:58.268000,0.38999,0.38945,45,574
2020-06-03 14:36:59.159000,0.38985,0.38935,262,307
2020-06-03 14:36:59.209000,0.38985,0.38935,570,60
2020-06-03 14:36:59.424000,0.38985,0.3894,525,75
2020-06-03 14:36:59.575000,0.38995,0.3895,262,75
2020-06-03 14:37:00.232000,0.39005,0.38955,570,60
2020-06-03 14:37:00.382000,0.38999,0.38945,45,319
2020-06-03 14:37:00.565000,0.39,0.3895,45,75
2020-06-03 14:37:00.717000,0.38975,0.38925,45,570
2020-06-03 14:37:00.823000,0.38975,0.38925,570,60
2020-06-03 14:37:00.919000,0.3897,0.3892,45,112
2020-06-03 14:37:01.070000,0.38975,0.38925,570,60
2020-06-03 14:37:01.209000,0.38965,0.38915,45,637
2020-06-03 14:37:01.372000,0.38975,0.38925,570,60
2020-06-03 14:37:01.491000,0.38965,0.38915,262,307
2020-06-03 14:37:01.629000,0.38975,0.38925,570,60
2020-06-03 14:37:01.840000,0.3897,0.3892,75,75
2020-06-03 14:37:01.981000,0.38965,0.38915,45,307
2020-06-03 14:37:02.489000,0.38955,0.38905,45,307
2020-06-03 14:37:02.598000,0.3895,0.389,45,75
2020-06-03 14:37:02.708000,0.38955,0.38905,570,60
2020-06-03 14:37:03.604000,0.3895,0.389,45,75
2020-06-03 14:37:03.712000,0.38955,0.3891,262,60
2020-06-03 14:37:03.813000,0.3895,0.389,45,319
2020-06-03 14:37:03.866000,0.3895,0.389,45,75
2020-06-03 14:37:04.580000,0.3894,0.3889,56,637
2020-06-03 14:37:04.668000,0.38935,0.3889,262,375
2020-06-03 14:37:04.719000,0.38935,0.38885,570,375
2020-06-03 14:37:05.360000,0.38946,0.38905,45,60
2020-06-03 14:37:05.507000,0.38941,0.389,45,75
2020-06-03 14:37:05.615000,0.38936,0.38895,45,60
2020-06-03 14:37:05.763000,0.38935,0.38885,307,600
2020-06-03 14:37:06.315000,0.38917,0.38867,56,637
2020-06-03 14:37:06.421000,0.38915,0.38865,45,570
2020-06-03 14:37:06.580000,0.38905,0.38855,262,337
2020-06-03 14:37:06.703000,0.38915,0.38865,570,75
2020-06-03 14:37:07.298000,0.38916,0.38875,45,60
2020-06-03 14:37:07.409000,0.38925,0.38875,307,307
2020-06-03 14:37:07.521000,0.38925,0.3888,262,60
2020-06-03 14:37:07.749000,0.38935,0.38885,570,60
2020-06-03 14:37:08.047000,0.38935,0.38885,45,307
2020-06-03 14:37:08.370000,0.38935,0.38885,45,570
2020-06-03 14:37:08.826000,0.38965,0.38905,525,262
2020-06-03 14:37:08.927000,0.3896,0.3891,56,75
2020-06-03 14:37:09.120000,0.38965,0.38915,570,60
2020-06-03 14:37:09.268000,0.38965,0.3892,525,60
2020-06-03 14:37:09.436000,0.38965,0.38915,307,60
2020-06-03 14:37:09.587000,0.38965,0.3892,525,75
2020-06-03 14:37:09.959000,0.38975,0.38925,600,60
2020-06-03 14:37:10.065000,0.3897,0.3892,56,75
2020-06-03 14:37:10.347000,0.38975,0.38925,570,60
2020-06-03 14:37:10.592000,0.38975,0.3893,262,75
2020-06-03 14:37:10.874000,0.38975,0.38925,570,60
2020-06-03 14:37:11.203000,0.3897,0.3892,45,60
2020-06-03 14:37:11.379000,0.38955,0.38915,262,262
2020-06-03 14:37:11.532000,0.38955,0.38905,570,60
2020-06-03 14:37:11.649000,0.38956,0.38915,45,60
2020-06-03 14:37:11.750000,0.38965,0.38915,570,60
2020-06-03 14:37:12.096000,0.38965,0.3892,525,75
2020-06-03 14:37:12.356000,0.38975,0.38925,570,60
2020-06-03 14:37:12.853000,0.38965,0.38915,45,307
2020-06-03 14:37:14.173000,0.3895,0.389,45,337
2020-06-03 14:37:14.310000,0.38945,0.38895,45,307
2020-06-03 14:37:14.503000,0.38945,0.38895,570,60
2020-06-03 14:37:14.556000,0.38945,0.389,525,60
2020-06-03 14:37:14.715000,0.38955,0.38905,570,60
2020-06-03 14:37:14.866000,0.3895,0.389,75,60
2020-06-03 14:37:16.184000,0.38955,0.38895,525,262
2020-06-03 14:37:16.235000,0.3895,0.389,45,75
2020-06-03 14:37:16.377000,0.38955,0.38905,570,60
2020-06-03 14:37:19.537000,0.38945,0.38895,262,307
2020-06-03 14:37:19.700000,0.38935,0.38895,262,262
2020-06-03 14:37:20.357000,0.38945,0.38895,262,307
2020-06-03 14:37:20.516000,0.38935,0.38895,262,262
2020-06-03 14:37:21.161000,0.38945,0.38895,262,307
2020-06-03 14:37:21.316000,0.38945,0.38895,262,262
2020-06-03 14:37:21.417000,0.38945,0.38885,262,262
2020-06-03 14:37:21.643000,0.38955,0.38895,262,262
2020-06-03 14:37:21.765000,0.3895,0.389,45,75
2020-06-03 14:37:21.873000,0.38955,0.38905,570,60
2020-06-03 14:37:22.040000,0.38945,0.38895,45,570
2020-06-03 14:37:22.241000,0.3894,0.3889,45,75
2020-06-03 14:37:23.416000,0.38936,0.38895,45,60
2020-06-03 14:37:23.532000,0.38945,0.38895,570,60
2020-06-03 14:37:23.654000,0.38945,0.389,262,75
2020-06-03 14:37:24.736000,0.38945,0.38885,525,525
2020-06-03 14:37:24.786000,0.3894,0.3889,45,75
2020-06-03 14:37:24.897000,0.38936,0.38895,45,60
2020-06-03 14:37:25.047000,0.38945,0.389,262,75
2020-06-03 14:37:25.490000,0.38945,0.38895,570,60
2020-06-03 14:37:25.939000,0.3894,0.3889,45,60
2020-06-03 14:37:26.452000,0.3893,0.3888,45,75
2020-06-03 14:37:27.046000,0.38935,0.38885,570,60
2020-06-03 14:37:27.162000,0.3893,0.3888,45,75
2020-06-03 14:37:27.445000,0.38915,0.38865,75,570
2020-06-03 14:37:27.545000,0.38905,0.38855,262,307
2020-06-03 14:37:27.596000,0.38905,0.3886,262,75
2020-06-03 14:37:27.697000,0.38905,0.38855,307,60
2020-06-03 14:37:27.800000,0.38905,0.3886,262,75
2020-06-03 14:37:27.951000,0.38906,0.38865,45,60
2020-06-03 14:37:28.317000,0.38915,0.38865,570,60
2020-06-03 14:37:28.794000,0.38905,0.38855,262,307
2020-06-03 14:37:28.969000,0.38915,0.38865,570,60
2020-06-03 14:37:29.120000,0.3892,0.3887,45,75
2020-06-03 14:37:29.359000,0.38925,0.38875,570,60
2020-06-03 14:37:29.476000,0.38915,0.38865,45,307
2020-06-03 14:37:30.025000,0.38915,0.3887,525,75
2020-06-03 14:37:30.249000,0.38925,0.38875,570,60
2020-06-03 14:37:30.351000,0.3892,0.3887,45,75
2020-06-03 14:37:30.626000,0.38925,0.38875,570,60
2020-06-03 14:37:30.901000,0.3893,0.3888,45,75
2020-06-03 14:37:31.124000,0.38935,0.38885,570,60
2020-06-03 14:37:32.081000,0.38925,0.38875,262,307
2020-06-03 14:37:32.407000,0.38935,0.38885,570,60
2020-06-03 14:37:32.737000,0.38925,0.38875,262,307
2020-06-03 14:37:32.900000,0.38915,0.38865,262,307
2020-06-03 14:37:32.950000,0.38915,0.38865,570,60
2020-06-03 14:37:33.187000,0.38915,0.3887,262,60
2020-06-03 14:37:33.288000,0.38925,0.38875,570,60
2020-06-03 14:37:37.437000,0.38945,0.38895,570,60
2020-06-03 14:37:37.558000,0.3894,0.3889,45,75
2020-06-03 14:37:38.061000,0.38945,0.38895,570,60
2020-06-03 14:37:38.270000,0.38946,0.38905,45,60
2020-06-03 14:37:38.339000,0.38945,0.389,262,60
2020-06-03 14:37:38.650000,0.38945,0.38895,45,307
2020-06-03 14:37:38.880000,0.38945,0.389,525,60
2020-06-03 14:37:39.210000,0.38945,0.38895,570,60
2020-06-03 14:37:39.354000,0.38935,0.38885,307,307
2020-06-03 14:37:39.827000,0.3893,0.3888,45,60
2020-06-03 14:37:40.356000,0.38925,0.38875,45,307
2020-06-03 14:37:40.469000,0.38925,0.3888,525,60
2020-06-03 14:37:41.295000,0.38935,0.38885,570,60
2020-06-03 14:37:42.350000,0.38946,0.38905,45,60
2020-06-03 14:37:42.561000,0.38955,0.38905,570,60
2020-06-03 14:37:43.027000,0.38935,0.38885,45,570
2020-06-03 14:37:43.078000,0.38935,0.38885,570,60
2020-06-03 14:37:44.149000,0.38935,0.38875,525,525
2020-06-03 14:37:45.392000,0.38936,0.38895,45,60
2020-06-03 14:37:45.493000,0.38945,0.38895,570,60
2020-06-03 14:37:46.521000,0.38945,0.389,525,60
2020-06-03 14:37:47.597000,0.38945,0.38895,45,307
2020-06-03 14:37:47.746000,0.38935,0.3889,262,75
2020-06-03 14:37:47.920000,0.38936,0.38895,45,60
2020-06-03 14:37:48.121000,0.38945,0.38895,570,60
2020-06-03 14:37:48.546000,0.38945,0.389,525,60
2020-06-03 14:37:49.068000,0.38955,0.38905,570,60
2020-06-03 14:37:49.224000,0.3895,0.389,45,60
2020-06-03 14:37:50.426000,0.38955,0.38895,525,262
2020-06-03 14:37:51.858000,0.38955,0.38905,570,60
2020-06-03 14:37:52.240000,0.38955,0.3891,525,60
2020-06-03 14:37:52.735000,0.3895,0.389,45,60
2020-06-03 14:37:53.253000,0.38955,0.38905,570,60
2020-06-03 14:37:53.364000,0.38945,0.38895,45,307
2020-06-03 14:37:53.514000,0.3895,0.389,45,75
2020-06-03 14:37:53.848000,0.38955,0.38905,570,60
2020-06-03 14:37:54.189000,0.3895,0.389,45,75
2020-06-03 14:37:54.305000,0.38945,0.38895,307,60
2020-06-03 14:37:54.433000,0.3894,0.3889,45,75
2020-06-03 14:37:54.633000,0.38935,0.38885,307,60
2020-06-03 14:37:54.783000,0.3893,0.3888,45,75
2020-06-03 14:37:54.922000,0.38935,0.38885,570,60
2020-06-03 14:37:55.340000,0.38935,0.3889,262,75
2020-06-03 14:37:55.789000,0.38936,0.38895,45,60
2020-06-03 14:37:55.916000,0.38945,0.38895,570,60
2020-06-03 14:37:56.094000,0.38935,0.38885,262,60
2020-06-03 14:37:56.174000,0.38935,0.3889,262,75
2020-06-03 14:37:56.544000,0.38936,0.38895,45,60
2020-06-03 14:37:56.703000,0.38945,0.38895,570,60
2020-06-03 14:37:56.967000,0.3894,0.3889,45,75
2020-06-03 14:37:58.160000,0.38936,0.38895,45,60
2020-06-03 14:37:58.354000,0.38945,0.38895,570,60
2020-06-03 14:37:58.520000,0.38935,0.38885,262,60
2020-06-03 14:37:58.570000,0.38935,0.3889,262,60
2020-06-03 14:38:00.238000,0.38935,0.38885,307,60
2020-06-03 14:38:00.715000,0.38935,0.3889,262,60
2020-06-03 14:38:00.834000,0.38936,0.38895,45,60
2020-06-03 14:38:00.995000,0.38945,0.38895,570,60
2020-06-03 14:38:01.376000,0.38945,0.389,262,60
2020-06-03 14:38:02.905000,0.38955,0.38905,570,60
2020-06-03 14:38:03.076000,0.38965,0.38915,570,60
2020-06-03 14:38:03.601000,0.38955,0.38905,45,570
2020-06-03 14:38:03.808000,0.38966,0.38925,45,60
2020-06-03 14:38:03.858000,0.38975,0.38925,570,60
2020-06-03 14:38:03.953000,0.3897,0.3892,45,60
2020-06-03 14:38:04.221000,0.38975,0.38925,570,60
2020-06-03 14:38:04.556000,0.38976,0.38935,45,60
2020-06-03 14:38:04.674000,0.38985,0.38935,570,60
2020-06-03 14:38:05.358000,0.3899,0.3894,75,60
2020-06-03 14:38:05.745000,0.38985,0.38935,45,307
2020-06-03 14:38:05.922000,0.3898,0.3893,45,60
2020-06-03 14:38:06.148000,0.38985,0.38935,570,60
2020-06-03 14:38:06.447000,0.38985,0.3894,525,60
2020-06-03 14:38:07.473000,0.38985,0.38935,570,60
2020-06-03 14:38:07.912000,0.3898,0.3893,45,60
2020-06-03 14:38:08.029000,0.38935,0.38885,45,600
2020-06-03 14:38:08.130000,0.38935,0.38885,307,337
2020-06-03 14:38:08.230000,0.38935,0.38885,307,307
2020-06-03 14:38:08.281000,0.38935,0.3889,262,60
2020-06-03 14:38:08.410000,0.38935,0.38885,570,60
2020-06-03 14:38:08.590000,0.38925,0.38875,45,307
2020-06-03 14:38:08.812000,0.3893,0.3888,75,60
2020-06-03 14:38:09.133000,0.38925,0.38875,570,60
2020-06-03 14:38:09.543000,0.38925,0.3888,262,60
2020-06-03 14:38:09.695000,0.38925,0.38875,45,307
2020-06-03 14:38:10.228000,0.3892,0.3887,45,60
2020-06-03 14:38:10.673000,0.38925,0.38875,570,60
2020-06-03 14:38:11.387000,0.38936,0.38895,45,60
2020-06-03 14:38:11.548000,0.38945,0.38895,570,60
2020-06-03 14:38:11.936000,0.38935,0.38885,262,60
2020-06-03 14:38:12.152000,0.38945,0.38895,570,60
2020-06-03 14:38:12.314000,0.38935,0.38885,262,307
2020-06-03 14:38:12.653000,0.38935,0.38885,570,60
2020-06-03 14:38:12.927000,0.38925,0.38875,45,637
2020-06-03 14:38:13.240000,0.38935,0.38885,570,60
2020-06-03 14:38:13.351000,0.38925,0.38875,525,60
2020-06-03 14:38:13.411000,0.38925,0.38875,570,375
2020-06-03 14:38:14.610000,0.38925,0.38865,525,525
2020-06-03 14:38:14.661000,0.38925,0.38875,581,375
2020-06-03 14:38:18.208000,0.38905,0.38855,307,307
2020-06-03 14:38:18.258000,0.38905,0.3886,262,307
2020-06-03 14:38:18.461000,0.38905,0.38855,307,60
2020-06-03 14:38:18.573000,0.389,0.3885,56,60
2020-06-03 14:38:18.807000,0.38905,0.38855,581,60
2020-06-03 14:38:19.603000,0.38905,0.3886,525,60
2020-06-03 14:38:19.737000,0.38906,0.38865,75,60
2020-06-03 14:38:19.859000,0.38905,0.3886,262,60
2020-06-03 14:38:20.849000,0.38906,0.38865,45,60
2020-06-03 14:38:21.129000,0.38915,0.38865,570,60
2020-06-03 14:38:21.508000,0.38921,0.3888,75,60
2020-06-03 14:38:21.559000,0.38925,0.3888,525,60
2020-06-03 14:38:21.610000,0.3892,0.3887,45,60
2020-06-03 14:38:22.269000,0.38925,0.38875,570,60
2020-06-03 14:38:22.555000,0.3892,0.3887,45,60
2020-06-03 14:38:23.215000,0.38925,0.38875,570,60
2020-06-03 14:38:25.305000,0.38925,0.38875,262,262
2020-06-03 14:38:25.355000,0.38935,0.3889,262,60
2020-06-03 14:38:25.456000,0.38936,0.38895,45,60
2020-06-03 14:38:25.596000,0.38945,0.38895,45,307
2020-06-03 14:38:25.750000,0.3895,0.389,169,60
2020-06-03 14:38:26.077000,0.38955,0.38905,694,60
2020-06-03 14:38:26.518000,0.3895,0.389,169,60
2020-06-03 14:38:27.150000,0.38955,0.38905,694,60
2020-06-03 14:38:27.451000,0.38955,0.3891,262,60
2020-06-03 14:38:27.557000,0.38965,0.38915,581,60
2020-06-03 14:38:27.790000,0.3896,0.3891,56,75
2020-06-03 14:38:27.982000,0.38965,0.38915,581,60
2020-06-03 14:38:28.403000,0.3897,0.3892,75,60
2020-06-03 14:38:29.036000,0.38955,0.38905,45,307
2020-06-03 14:38:29.137000,0.38955,0.38905,570,60
2020-06-03 14:38:29.481000,0.3896,0.3891,75,60
2020-06-03 14:38:30.991000,0.38925,0.38895,262,262
2020-06-03 14:38:31.151000,0.38915,0.38895,262,262
2020-06-03 14:38:31.797000,0.38905,0.38855,262,262
2020-06-03 14:38:31.956000,0.38925,0.38895,262,262
2020-06-03 14:38:32.277000,0.38915,0.38895,262,262
2020-06-03 14:38:32.617000,0.38925,0.38895,262,262
2020-06-03 14:38:32.778000,0.38915,0.38895,262,262
2020-06-03 14:38:32.967000,0.38955,0.3891,262,90
2020-06-03 14:38:33.383000,0.38865,0.38815,431,169
2020-06-03 14:38:34.878000,0.38855,0.38805,45,307
2020-06-03 14:38:36.449000,0.38845,0.388,262,1
2020-06-03 14:38:36.641000,0.38836,0.388,45,1
2020-06-03 14:38:36.745000,0.38831,0.388,45,1
2020-06-03 14:38:36.845000,0.38836,0.388,45,1
2020-06-03 14:38:37.723000,0.38846,0.38805,45,60
2020-06-03 14:38:37.824000,0.38855,0.38805,570,60
2020-06-03 14:38:37.929000,0.38836,0.388,45,1
2020-06-03 14:38:38.478000,0.38841,0.388,45,76
2020-06-03 14:38:38.544000,0.38836,0.388,45,1
2020-06-03 14:38:38.885000,0.38855,0.38805,581,60
2020-06-03 14:38:42.210000,0.38841,0.388,45,101
2020-06-03 14:38:42.362000,0.38846,0.38805,45,60
2020-06-03 14:38:42.465000,0.38836,0.388,45,1
2020-06-03 14:38:43.911000,0.38855,0.38805,570,60
2020-06-03 14:38:43.964000,0.38836,0.388,45,1
2020-06-03 14:38:44.971000,0.38831,0.388,45,1
2020-06-03 14:38:45.105000,0.38836,0.388,45,1
2020-06-03 14:38:45.272000,0.38831,0.388,45,1
2020-06-03 14:38:45.653000,0.38826,0.388,45,1
2020-06-03 14:38:48.013000,0.38835,0.388,525,1
2020-06-03 14:38:48.139000,0.38836,0.388,45,1
2020-06-03 14:38:48.413000,0.38846,0.38805,45,60
2020-06-03 14:38:48.514000,0.38855,0.38805,570,60
2020-06-03 14:38:48.564000,0.38836,0.388,45,1
2020-06-03 14:38:48.955000,0.38841,0.388,75,76
2020-06-03 14:38:49.896000,0.38855,0.38805,570,60
2020-06-03 14:38:51.930000,0.38856,0.38815,112,60
2020-06-03 14:38:52.160000,0.38865,0.38815,637,60
2020-06-03 14:38:52.489000,0.3886,0.3881,112,60
2020-06-03 14:38:53.199000,0.38865,0.38815,637,60
2020-06-03 14:38:53.670000,0.38876,0.38835,45,60
2020-06-03 14:38:53.886000,0.38885,0.38835,570,60
2020-06-03 14:38:54.010000,0.3886,0.3881,45,570
2020-06-03 14:38:54.161000,0.38865,0.38815,307,307
2020-06-03 14:38:54.470000,0.38865,0.38815,570,60
2020-06-03 14:38:58.184000,0.38875,0.38825,570,60
2020-06-03 14:39:00.209000,0.38875,0.3883,262,60
2020-06-03 14:39:00.312000,0.38901,0.3886,45,60
2020-06-03 14:39:00.392000,0.38886,0.38845,45,75
2020-06-03 14:39:00.499000,0.38891,0.3885,45,75
2020-06-03 14:39:00.769000,0.38886,0.38845,45,60
2020-06-03 14:39:01.452000,0.38886,0.38845,45,307
2020-06-03 14:39:01.829000,0.38895,0.38845,45,570
2020-06-03 14:39:01.880000,0.38905,0.38855,262,262
2020-06-03 14:39:01.930000,0.38905,0.38855,570,60
2020-06-03 14:39:02.111000,0.389,0.3885,45,112
2020-06-03 14:39:02.302000,0.38905,0.3886,525,60
2020-06-03 14:39:02.442000,0.38905,0.38855,570,60
2020-06-03 14:39:02.797000,0.38905,0.3886,525,75
2020-06-03 14:39:02.919000,0.38906,0.38865,45,60
2020-06-03 14:39:03.020000,0.3891,0.3886,45,75
2020-06-03 14:39:03.171000,0.38906,0.38865,45,60
2020-06-03 14:39:03.352000,0.38915,0.38865,570,60
2020-06-03 14:39:03.859000,0.38925,0.38875,570,60
2020-06-03 14:39:04.203000,0.38925,0.3888,262,75
2020-06-03 14:39:05.520000,0.38935,0.38885,570,60
2020-06-03 14:39:05.670000,0.38925,0.38875,45,307
2020-06-03 14:39:07.244000,0.38935,0.38875,525,525
2020-06-03 14:39:07.750000,0.38936,0.38895,45,60
2020-06-03 14:39:07.903000,0.38945,0.38895,307,60
2020-06-03 14:39:08.004000,0.3895,0.389,45,60
2020-06-03 14:39:08.373000,0.38945,0.38895,307,60
2020-06-03 14:39:08.864000,0.38945,0.389,525,75
2020-06-03 14:39:08.991000,0.38955,0.3891,525,60
2020-06-03 14:39:09.161000,0.38955,0.38905,45,307
2020-06-03 14:39:10.173000,0.38945,0.38895,262,307
2020-06-03 14:39:10.273000,0.38945,0.38895,570,60
2020-06-03 14:39:10.374000,0.38945,0.389,525,75
2020-06-03 14:39:10.475000,0.38946,0.38905,45,60
2020-06-03 14:39:10.642000,0.38955,0.38905,570,60
2020-06-03 14:39:11.148000,0.38955,0.38905,45,600
2020-06-03 14:39:11.199000,0.3897,0.3892,56,60
2020-06-03 14:39:11.314000,0.38965,0.38915,570,60
2020-06-03 14:39:11.551000,0.38955,0.38905,45,570
2020-06-03 14:39:12.223000,0.3895,0.389,45,75
2020-06-03 14:39:12.661000,0.38955,0.38905,570,60
2020-06-03 14:39:13.332000,0.38945,0.38895,262,307
2020-06-03 14:39:13.382000,0.38945,0.38895,307,307
2020-06-03 14:39:13.662000,0.38946,0.38905,75,60
2020-06-03 14:39:13.880000,0.3895,0.389,56,75
2020-06-03 14:39:14.537000,0.38945,0.38895,307,307
2020-06-03 14:39:14.764000,0.3894,0.3889,45,75
2020-06-03 14:39:14.879000,0.38945,0.38895,570,60
2020-06-03 14:39:15.086000,0.38935,0.38885,262,307
2020-06-03 14:39:15.248000,0.38945,0.38895,570,60
2020-06-03 14:39:17.351000,0.38945,0.389,525,60
2020-06-03 14:39:17.461000,0.38945,0.38895,307,60
2020-06-03 14:39:19.153000,0.38945,0.38885,525,525
2020-06-03 14:39:20.206000,0.38935,0.38885,45,581
2020-06-03 14:39:20.329000,0.3893,0.3888,45,319
2020-06-03 14:39:20.380000,0.3893,0.3888,45,75
2020-06-03 14:39:20.480000,0.38935,0.38885,570,60
2020-06-03 14:39:20.592000,0.38925,0.38875,45,570
2020-06-03 14:39:20.966000,0.38925,0.3888,525,60
2020-06-03 14:39:21.322000,0.38935,0.38885,570,60
2020-06-03 14:39:22.243000,0.38935,0.3889,262,75
2020-06-03 14:39:22.378000,0.38935,0.38885,307,75
2020-06-03 14:39:22.573000,0.38935,0.3889,525,75
2020-06-03 14:39:23.019000,0.38945,0.38895,307,60
2020-06-03 14:39:23.278000,0.38935,0.38885,45,570
2020-06-03 14:39:23.564000,0.38925,0.38875,45,570
2020-06-03 14:39:24.414000,0.38925,0.3888,525,60
2020-06-03 14:39:24.628000,0.38935,0.38885,570,60
2020-06-03 14:39:24.739000,0.3893,0.3888,45,75
2020-06-03 14:39:24.989000,0.38935,0.38885,570,60
2020-06-03 14:39:25.124000,0.38935,0.3889,525,60
2020-06-03 14:39:25.275000,0.38935,0.38885,307,60
2020-06-03 14:39:25.436000,0.3893,0.3888,45,75
2020-06-03 14:39:26.783000,0.38925,0.38875,307,307
2020-06-03 14:39:27.112000,0.3892,0.3887,45,75
2020-06-03 14:39:27.380000,0.38925,0.38875,570,60
2020-06-03 14:39:28.313000,0.38925,0.3888,525,75
2020-06-03 14:39:29.175000,0.38931,0.3889,75,60
2020-06-03 14:39:29.318000,0.38936,0.38895,45,60
2020-06-03 14:39:29.468000,0.38941,0.389,45,60
2020-06-03 14:39:29.569000,0.38936,0.38895,45,60
2020-06-03 14:39:29.717000,0.38946,0.38905,45,60
2020-06-03 14:39:30.329000,0.38935,0.38895,262,262
2020-06-03 14:39:30.381000,0.38955,0.38905,570,60
2020-06-03 14:39:30.612000,0.38945,0.38895,262,307
2020-06-03 14:39:30.827000,0.38955,0.38905,570,60
2020-06-03 14:39:30.966000,0.38945,0.38895,525,60
2020-06-03 14:39:31.240000,0.38945,0.38885,525,525
2020-06-03 14:39:31.360000,0.38945,0.389,525,60
2020-06-03 14:39:31.708000,0.38955,0.38905,570,60
2020-06-03 14:39:32.824000,0.38961,0.3892,75,60
2020-06-03 14:39:32.924000,0.38965,0.3892,262,60
2020-06-03 14:39:32.975000,0.38965,0.38915,307,60
2020-06-03 14:39:33.326000,0.38965,0.38915,307,307
2020-06-03 14:39:33.427000,0.38985,0.3894,525,60
2020-06-03 14:39:33.628000,0.38995,0.38945,570,60
2020-06-03 14:39:34.365000,0.38995,0.3895,262,60
2020-06-03 14:39:34.518000,0.39005,0.38955,570,60
2020-06-03 14:39:34.635000,0.39005,0.3896,525,60
2020-06-03 14:39:34.928000,0.39005,0.38955,307,307
2020-06-03 14:39:35.447000,0.39,0.3895,56,60
2020-06-03 14:39:35.928000,0.38995,0.38945,307,307
2020-06-03 14:39:36.078000,0.38995,0.3895,262,60
2020-06-03 14:39:36.211000,0.39005,0.38955,570,60
2020-06-03 14:39:36.325000,0.38995,0.38945,45,570
2020-06-03 14:39:36.486000,0.3899,0.3894,45,60
2020-06-03 14:39:37.378000,0.38975,0.38925,45,570
2020-06-03 14:39:37.529000,0.38976,0.38935,112,60
2020-06-03 14:39:37.708000,0.38985,0.38935,637,60
2020-06-03 14:39:37.835000,0.3898,0.3893,112,75
2020-06-03 14:39:38.462000,0.38975,0.38925,307,307
2020-06-03 14:39:38.799000,0.3897,0.3892,45,60
2020-06-03 14:39:39.218000,0.38975,0.38925,570,60
2020-06-03 14:39:39.502000,0.3897,0.3892,45,60
2020-06-03 14:39:39.844000,0.38965,0.38915,570,60
2020-06-03 14:39:40.068000,0.38965,0.3892,525,60
2020-06-03 14:39:40.481000,0.38975,0.38925,570,60
2020-06-03 14:39:41.749000,0.38965,0.38915,45,570
2020-06-03 14:39:44.284000,0.38965,0.3892,525,60
2020-06-03 14:39:44.911000,0.38975,0.38925,570,60
2020-06-03 14:39:45.351000,0.3897,0.3892,45,75
2020-06-03 14:39:45.849000,0.38965,0.38915,45,570
2020-06-03 14:39:47.777000,0.38965,0.3892,525,60
2020-06-03 14:39:48.150000,0.38975,0.38925,570,60
2020-06-03 14:39:48.420000,0.3897,0.3892,45,60
2020-06-03 14:39:48.835000,0.3896,0.3891,45,337
2020-06-03 14:39:48.986000,0.3896,0.3891,45,75
2020-06-03 14:39:49.311000,0.38956,0.38915,45,60
2020-06-03 14:39:49.591000,0.38965,0.38915,570,60
2020-06-03 14:39:49.811000,0.3897,0.3892,45,60
2020-06-03 14:39:51.969000,0.38975,0.38925,570,60
2020-06-03 14:39:52.296000,0.3898,0.3893,45,60
2020-06-03 14:39:53.149000,0.38985,0.3894,525,60
2020-06-03 14:39:53.300000,0.38995,0.38945,570,60
2020-06-03 14:39:54.594000,0.38996,0.38955,45,60
2020-06-03 14:39:54.721000,0.39005,0.3896,525,60
2020-06-03 14:39:54.872000,0.39005,0.38955,307,307
2020-06-03 14:39:55.588000,0.38995,0.38945,262,307
2020-06-03 14:39:55.952000,0.38995,0.38945,570,60
2020-06-03 14:39:56.092000,0.38995,0.3895,525,60
2020-06-03 14:39:56.905000,0.38995,0.38945,570,60
2020-06-03 14:39:57.039000,0.38995,0.3895,262,60
2020-06-03 14:39:57.288000,0.39005,0.38955,570,60
2020-06-03 14:39:58.052000,0.39005,0.3896,262,60
2020-06-03 14:39:58.556000,0.39005,0.38955,307,60
2020-06-03 14:39:58.657000,0.38995,0.38945,56,570
2020-06-03 14:39:58.835000,0.38985,0.38935,45,307
2020-06-03 14:39:58.986000,0.3897,0.3892,56,307
2020-06-03 14:39:59.036000,0.3897,0.3892,56,60
2020-06-03 14:39:59.215000,0.38975,0.38925,581,60
2020-06-03 14:40:00.546000,0.38975,0.3893,525,60
2020-06-03 14:40:01.385000,0.38985,0.38935,570,60
2020-06-03 14:40:01.647000,0.3898,0.3893,45,60
2020-06-03 14:40:01.914000,0.38985,0.3894,525,60
2020-06-03 14:40:02.389000,0.38991,0.3895,56,60
2020-06-03 14:40:02.517000,0.38995,0.3895,525,60
2020-06-03 14:40:02.567000,0.38995,0.38945,570,60
2020-06-03 14:40:02.696000,0.3899,0.3894,45,60
2020-06-03 14:40:02.953000,0.38985,0.38935,307,307
2020-06-03 14:40:04.340000,0.38986,0.38945,45,60
2020-06-03 14:40:04.447000,0.38995,0.38945,570,60
2020-06-03 14:40:04.572000,0.39,0.3895,56,60
2020-06-03 14:40:05.226000,0.38995,0.38945,570,60
2020-06-03 14:40:05.504000,0.3899,0.3894,45,60
2020-06-03 14:40:05.633000,0.38995,0.38945,570,60
2020-06-03 14:40:05.890000,0.3899,0.3894,45,60
2020-06-03 14:40:06.607000,0.3899,0.3894,45,307
2020-06-03 14:40:06.657000,0.38995,0.3895,262,60
2020-06-03 14:40:07.211000,0.38975,0.38935,262,262
2020-06-03 14:40:07.262000,0.38975,0.38925,307,307
2020-06-03 14:40:07.328000,0.38975,0.38925,570,60
2020-06-03 14:40:07.628000,0.38986,0.38945,45,60
2020-06-03 14:40:07.798000,0.38995,0.38945,570,60
2020-06-03 14:40:08.703000,0.39005,0.38955,570,60
2020-06-03 14:40:09.728000,0.39,0.3895,45,60
2020-06-03 14:40:10.267000,0.3899,0.3894,56,319
2020-06-03 14:40:10.317000,0.3899,0.3894,56,75
2020-06-03 14:40:10.418000,0.38995,0.38945,581,60
2020-06-03 14:40:11.818000,0.38995,0.3895,525,60
2020-06-03 14:40:11.927000,0.3898,0.3893,45,307
2020-06-03 14:40:11.978000,0.3898,0.3893,45,60
2020-06-03 14:40:12.634000,0.38985,0.38935,570,60
2020-06-03 14:40:13.203000,0.3898,0.3893,45,60
2020-06-03 14:40:13.409000,0.38975,0.38925,570,60
2020-06-03 14:40:14.500000,0.38965,0.38915,45,637
2020-06-03 14:40:15.390000,0.38965,0.3892,262,112
2020-06-03 14:40:15.499000,0.38975,0.38925,570,60
2020-06-03 14:40:16.426000,0.3897,0.3892,45,112
2020-06-03 14:40:16.608000,0.38965,0.38915,45,375
2020-06-03 14:40:17.159000,0.38965,0.3892,525,112
2020-06-03 14:40:17.260000,0.38966,0.38925,45,60
2020-06-03 14:40:17.371000,0.38975,0.38925,570,60
2020-06-03 14:40:18.361000,0.3897,0.3892,45,112
2020-06-03 14:40:18.691000,0.38965,0.38915,570,75
2020-06-03 14:40:18.799000,0.38955,0.38905,307,307
2020-06-03 14:40:18.915000,0.38965,0.38915,570,60
2020-06-03 14:40:19.578000,0.3896,0.3891,45,75
2020-06-03 14:40:19.688000,0.38965,0.38915,570,60
2020-06-03 14:40:20.911000,0.38975,0.3893,262,60
2020-06-03 14:40:21.669000,0.38985,0.38935,570,60
2020-06-03 14:40:21.882000,0.3898,0.3893,45,75
2020-06-03 14:40:21.983000,0.3898,0.3893,45,337
2020-06-03 14:40:22.073000,0.3899,0.3894,45,75
2020-06-03 14:40:22.429000,0.38995,0.38945,570,60
2020-06-03 14:40:22.531000,0.38985,0.38935,45,570
2020-06-03 14:40:22.660000,0.3898,0.3893,45,60
2020-06-03 14:40:23.212000,0.38976,0.38935,45,60
2020-06-03 14:40:23.315000,0.38985,0.38935,570,60
2020-06-03 14:40:24.420000,0.3898,0.3893,45,60
2020-06-03 14:40:25.044000,0.38985,0.3894,525,60
2020-06-03 14:40:25.158000,0.3898,0.3893,45,319
2020-06-03 14:40:25.397000,0.3898,0.3893,45,75
2020-06-03 14:40:26.770000,0.38985,0.38935,570,60
2020-06-03 14:40:28.653000,0.3898,0.3893,45,75
2020-06-03 14:40:29.261000,0.38985,0.38935,570,60
2020-06-03 14:40:29.639000,0.3898,0.3893,45,225
2020-06-03 14:40:29.971000,0.3898,0.3893,45,337
2020-06-03 14:40:30.035000,0.3899,0.3894,45,75
2020-06-03 14:40:30.422000,0.38995,0.38945,570,60
2020-06-03 14:40:30.983000,0.38996,0.38955,45,60
2020-06-03 14:40:31.192000,0.39005,0.38955,570,60
2020-06-03 14:40:31.452000,0.39005,0.3896,262,60
2020-06-03 14:40:32.158000,0.39005,0.38955,45,307
2020-06-03 14:40:32.308000,0.39005,0.3896,262,75
2020-06-03 14:40:32.634000,0.39015,0.38965,570,60
2020-06-03 14:40:32.752000,0.39015,0.3897,525,60
2020-06-03 14:40:33.289000,0.39025,0.38975,570,60
2020-06-03 14:40:33.448000,0.3902,0.3897,45,75
2020-06-03 14:40:33.819000,0.3901,0.3896,45,60
2020-06-03 14:40:34.061000,0.39015,0.38965,570,60
2020-06-03 14:40:34.923000,0.39016,0.38975,45,60
2020-06-03 14:40:35.065000,0.39025,0.38975,570,60
2020-06-03 14:40:37.501000,0.39035,0.38985,570,60
2020-06-03 14:40:37.652000,0.3903,0.3898,45,60
2020-06-03 14:40:37.977000,0.39035,0.38985,570,60
2020-06-03 14:40:38.201000,0.3903,0.3898,45,75
2020-06-03 14:40:38.511000,0.39035,0.38985,570,60
2020-06-03 14:40:38.660000,0.3903,0.3898,45,75
2020-06-03 14:40:40.451000,0.39025,0.38975,45,307
2020-06-03 14:40:41.265000,0.3902,0.3897,45,75
2020-06-03 14:40:41.822000,0.3902,0.3897,45,337
2020-06-03 14:40:42.488000,0.39035,0.38975,525,262
2020-06-03 14:40:43.077000,0.39035,0.38985,570,60
2020-06-03 14:40:43.558000,0.39035,0.3899,525,60
2020-06-03 14:40:43.842000,0.39035,0.38985,45,307
2020-06-03 14:40:45.652000,0.39025,0.38975,262,307
2020-06-03 14:40:45.753000,0.39015,0.38965,45,570
2020-06-03 14:40:45.803000,0.39015,0.38965,307,307
2020-06-03 14:40:46.033000,0.39015,0.3897,525,60
2020-06-03 14:40:46.187000,0.39025,0.38975,570,60
2020-06-03 14:40:47.147000,0.3902,0.3897,45,75
2020-06-03 14:40:47.255000,0.39026,0.38985,45,60
2020-06-03 14:40:47.356000,0.39035,0.38985,570,60
2020-06-03 14:40:47.820000,0.3904,0.3899,56,60
2020-06-03 14:40:47.973000,0.39035,0.38985,45,307
2020-06-03 14:40:48.258000,0.3903,0.3898,45,60
2020-06-03 14:40:48.427000,0.39035,0.38985,570,60
2020-06-03 14:40:48.591000,0.39025,0.38975,525,60
2020-06-03 14:40:48.641000,0.3902,0.3897,45,60
2020-06-03 14:40:49.085000,0.39025,0.38975,570,60
2020-06-03 14:40:49.316000,0.3902,0.3897,45,60
2020-06-03 14:40:50.060000,0.39025,0.38975,570,60
2020-06-03 14:40:50.515000,0.3902,0.3897,45,60
2020-06-03 14:40:51.381000,0.3901,0.3896,56,60
2020-06-03 14:40:51.571000,0.39005,0.38955,570,60
2020-06-03 14:40:52.320000,0.38995,0.38945,45,307
2020-06-03 14:40:53.056000,0.38995,0.3895,525,60
2020-06-03 14:40:53.464000,0.38996,0.38955,45,60
2020-06-03 14:40:53.581000,0.39,0.3895,45,60
2020-06-03 14:40:54.494000,0.39,0.3895,45,307
2020-06-03 14:40:54.595000,0.39015,0.38965,307,307
2020-06-03 14:40:54.753000,0.3901,0.3896,56,60
2020-06-03 14:40:55.011000,0.39005,0.38955,570,60
2020-06-03 14:40:55.230000,0.39,0.3895,45,60
2020-06-03 14:40:55.721000,0.38995,0.38945,570,60
2020-06-03 14:40:59.632000,0.38995,0.3895,262,60
2020-06-03 14:40:59.783000,0.39006,0.38965,45,60
2020-06-03 14:40:59.912000,0.39015,0.38965,570,60
2020-06-03 14:41:00.078000,0.3901,0.3896,45,60
2020-06-03 14:41:00.297000,0.39015,0.38965,570,60
2020-06-03 14:41:02.601000,0.3901,0.3896,45,60
2020-06-03 14:41:02.932000,0.39016,0.38975,45,60
2020-06-03 14:41:03.211000,0.39025,0.38975,570,60
2020-06-03 14:41:03.591000,0.39025,0.3898,525,60
2020-06-03 14:41:04.252000,0.39035,0.3899,262,60
2020-06-03 14:41:04.358000,0.39035,0.38985,307,60
2020-06-03 14:41:04.637000,0.3903,0.3898,45,60
2020-06-03 14:41:05.454000,0.39035,0.38985,570,60
2020-06-03 14:41:07.145000,0.39035,0.3899,525,60
2020-06-03 14:41:07.271000,0.39041,0.39,75,60
2020-06-03 14:41:07.383000,0.39045,0.39,262,60
2020-06-03 14:41:08.922000,0.39045,0.38995,570,60
2020-06-03 14:41:09.148000,0.3904,0.3899,45,60
2020-06-03 14:41:09.609000,0.39035,0.38985,307,307
2020-06-03 14:41:10.241000,0.39045,0.39,262,75
2020-06-03 14:41:11.564000,0.39065,0.39005,525,262
2020-06-03 14:41:11.614000,0.3906,0.3901,56,60
2020-06-03 14:41:12.173000,0.3907,0.3902,45,60
2020-06-03 14:41:12.690000,0.39065,0.39015,45,307
2020-06-03 14:41:13.163000,0.39055,0.39005,262,307
2020-06-03 14:41:13.218000,0.39055,0.39005,307,307
2020-06-03 14:41:14.527000,0.39056,0.39015,45,60
2020-06-03 14:41:14.703000,0.39065,0.39015,570,60
2020-06-03 14:41:14.945000,0.39065,0.3902,262,60
2020-06-03 14:41:15.298000,0.39075,0.3903,525,60
2020-06-03 14:41:16.405000,0.39076,0.39035,45,60
2020-06-03 14:41:16.506000,0.39085,0.39035,307,307
2020-06-03 14:41:16.607000,0.3909,0.3904,45,60
2020-06-03 14:41:16.744000,0.39085,0.39035,307,60
2020-06-03 14:41:17.125000,0.39075,0.39025,262,307
2020-06-03 14:41:17.261000,0.39085,0.39035,570,60
2020-06-03 14:41:17.430000,0.39075,0.39025,262,60
2020-06-03 14:41:18.047000,0.39075,0.39015,262,525
2020-06-03 14:41:18.166000,0.39075,0.39025,262,262
2020-06-03 14:41:18.267000,0.39085,0.39025,525,525
2020-06-03 14:41:18.351000,0.39085,0.3904,525,60
2020-06-03 14:41:18.775000,0.39085,0.39035,45,307
2020-06-03 14:41:18.880000,0.39085,0.3904,525,60
2020-06-03 14:41:19.531000,0.39085,0.39035,570,60
2020-06-03 14:41:19.676000,0.3909,0.3904,56,60
2020-06-03 14:41:20.021000,0.39085,0.39035,570,60
2020-06-03 14:41:20.496000,0.39085,0.3904,262,60
2020-06-03 14:41:21.639000,0.39085,0.39035,570,60
2020-06-03 14:41:21.979000,0.39086,0.39045,45,60
2020-06-03 14:41:22.141000,0.39095,0.39045,570,60
2020-06-03 14:41:22.269000,0.3909,0.3904,45,75
2020-06-03 14:41:22.405000,0.39085,0.39035,45,307
2020-06-03 14:41:22.818000,0.3909,0.3904,75,60
2020-06-03 14:41:23.178000,0.39085,0.39035,307,307
2020-06-03 14:41:25.376000,0.3908,0.3903,75,60
2020-06-03 14:41:25.929000,0.39085,0.39035,570,60
2020-06-03 14:41:27.513000,0.39086,0.39045,45,60
2020-06-03 14:41:27.663000,0.39095,0.39045,570,60
2020-06-03 14:41:27.825000,0.391,0.3905,45,60
2020-06-03 14:41:28.144000,0.39095,0.39045,570,60
2020-06-03 14:41:28.329000,0.3909,0.3904,56,60
2020-06-03 14:41:28.557000,0.39085,0.39035,570,60
2020-06-03 14:41:28.752000,0.39075,0.39025,262,60
2020-06-03 14:41:28.813000,0.39075,0.3903,262,60
2020-06-03 14:41:29.687000,0.39085,0.3904,525,60
2020-06-03 14:41:30.095000,0.39085,0.39035,570,60
2020-06-03 14:41:30.499000,0.3909,0.3904,75,60
2020-06-03 14:41:32.012000,0.39085,0.39035,570,75
2020-06-03 14:41:32.373000,0.39065,0.39015,45,570
2020-06-03 14:41:32.476000,0.3906,0.3901,56,570
2020-06-03 14:41:32.577000,0.3906,0.3901,56,60
2020-06-03 14:41:32.627000,0.39055,0.39005,45,307
2020-06-03 14:41:33.222000,0.39055,0.3901,525,60
2020-06-03 14:41:33.485000,0.39055,0.39005,570,60
2020-06-03 14:41:33.677000,0.3905,0.39,56,60
2020-06-03 14:41:34.151000,0.39045,0.38995,570,60
2020-06-03 14:41:34.811000,0.39051,0.3901,75,60
2020-06-03 14:41:34.861000,0.39055,0.3901,262,60
2020-06-03 14:41:34.962000,0.39055,0.39005,307,307
2020-06-03 14:41:35.112000,0.39055,0.3901,262,60
2020-06-03 14:41:35.484000,0.39065,0.39015,570,60
2020-06-03 14:41:36.318000,0.3907,0.3902,45,60
2020-06-03 14:41:36.927000,0.39075,0.39025,570,60
2020-06-03 14:41:37.457000,0.39075,0.3903,525,60
2020-06-03 14:41:37.608000,0.39075,0.39025,307,60
2020-06-03 14:41:37.969000,0.39075,0.3903,262,60
2020-06-03 14:41:38.247000,0.39075,0.39025,307,60
2020-06-03 14:41:38.356000,0.39086,0.39045,75,60
2020-06-03 14:41:38.456000,0.39095,0.39045,307,307
2020-06-03 14:41:38.617000,0.39105,0.39055,570,60
2020-06-03 14:41:38.961000,0.39095,0.39045,262,307
2020-06-03 14:41:39.091000,0.39095,0.39045,307,307
2020-06-03 14:41:39.242000,0.39096,0.39055,45,60
2020-06-03 14:41:39.348000,0.39105,0.39055,570,60
2020-06-03 14:41:39.491000,0.39105,0.3906,262,60
2020-06-03 14:41:39.627000,0.39105,0.39055,307,60
2020-06-03 14:41:39.957000,0.391,0.3905,75,60
2020-06-03 14:41:40.817000,0.39095,0.39045,75,307
2020-06-03 14:41:40.929000,0.3909,0.3904,56,60
2020-06-03 14:41:41.088000,0.39095,0.3905,525,60
2020-06-03 14:41:41.342000,0.39105,0.39055,600,60
2020-06-03 14:41:43.861000,0.39105,0.39055,337,307
2020-06-03 14:41:43.985000,0.39105,0.39055,337,307
2020-06-03 14:41:45.329000,0.3911,0.3906,75,60
2020-06-03 14:41:45.480000,0.39105,0.39055,581,60
2020-06-03 14:41:46.669000,0.3909,0.3904,45,570
2020-06-03 14:41:46.776000,0.39085,0.39035,45,307
2020-06-03 14:41:46.876000,0.39085,0.39035,570,60
2020-06-03 14:41:47.374000,0.3908,0.3903,56,60
2020-06-03 14:41:47.890000,0.39075,0.39025,307,60
2020-06-03 14:41:48.098000,0.39076,0.39035,45,60
2020-06-03 14:41:48.434000,0.39085,0.39035,570,60
2020-06-03 14:41:48.682000,0.39075,0.39025,262,307
2020-06-03 14:41:48.732000,0.39075,0.39025,570,60
2020-06-03 14:41:49.294000,0.39075,0.3903,262,60
2020-06-03 14:41:49.804000,0.39075,0.39025,570,60
2020-06-03 14:41:50.149000,0.39085,0.39035,570,60
2020-06-03 14:41:50.265000,0.39085,0.3904,262,60
2020-06-03 14:41:50.436000,0.39085,0.39035,307,307
2020-06-03 14:41:51.957000,0.39075,0.39025,262,307
2020-06-03 14:41:52.126000,0.39085,0.39035,570,60
2020-06-03 14:41:52.275000,0.39075,0.3903,262,60
