time,ask,bid,ask_volume,bid_volume
2017-11-15 15:25:00.263000,0.61905,0.6185,11,126
2017-11-15 15:25:00.428000,0.61915,0.61855,11,490
2017-11-15 15:25:01.598000,0.61915,0.6186,11,126
2017-11-15 15:25:01.699000,0.61915,0.61855,11,490
2017-11-15 15:25:01.820000,0.61915,0.6186,11,126
2017-11-15 15:25:02.320000,0.6192,0.61865,33,364
2017-11-15 15:25:03.070000,0.61925,0.61865,11,490
2017-11-15 15:25:03.158000,0.6192,0.61865,33,364
2017-11-15 15:25:03.632000,0.61915,0.61855,11,490
2017-11-15 15:25:03.683000,0.61915,0.6186,11,126
2017-11-15 15:25:03.876000,0.61925,0.61865,11,490
2017-11-15 15:25:03.929000,0.6192,0.61865,33,364
2017-11-15 15:25:04.959000,0.61925,0.61865,11,490
2017-11-15 15:25:05.159000,0.6192,0.61865,33,364
2017-11-15 15:25:05.273000,0.61925,0.61865,11,490
2017-11-15 15:25:06.630000,0.6192,0.61865,33,364
2017-11-15 15:25:06.951000,0.61915,0.6186,11,126
2017-11-15 15:25:07.001000,0.61915,0.61855,11,490
2017-11-15 15:25:07.052000,0.61915,0.6186,11,126
2017-11-15 15:25:07.254000,0.61925,0.61865,11,490
2017-11-15 15:25:09.504000,0.61925,0.61875,11,126
2017-11-15 15:25:09.811000,0.61925,0.6188,11,126
2017-11-15 15:25:09.862000,0.6194,0.61885,33,364
2017-11-15 15:25:10.094000,0.61935,0.6188,11,126
2017-11-15 15:25:10.145000,0.61935,0.61875,11,490
2017-11-15 15:25:10.276000,0.61935,0.6188,11,126
2017-11-15 15:25:10.327000,0.61935,0.61875,11,490
2017-11-15 15:25:10.462000,0.61935,0.6188,11,126
2017-11-15 15:25:10.788000,0.6194,0.61885,33,364
2017-11-15 15:25:11.318000,0.61945,0.61885,11,490
2017-11-15 15:25:12.149000,0.6194,0.61885,33,364
2017-11-15 15:25:12.200000,0.61935,0.61875,11,490
2017-11-15 15:25:13.647000,0.61935,0.6188,11,126
2017-11-15 15:25:14.172000,0.6194,0.61885,33,364
2017-11-15 15:25:14.889000,0.61945,0.61885,11,490
2017-11-15 15:25:22.315000,0.61935,0.61885,33,364
2017-11-15 15:25:22.410000,0.61935,0.61875,11,490
2017-11-15 15:25:31.159000,0.6193,0.61875,33,364
2017-11-15 15:25:31.607000,0.61925,0.61865,11,490
2017-11-15 15:25:31.658000,0.61925,0.6187,11,126
2017-11-15 15:25:31.820000,0.61925,0.61865,11,490
2017-11-15 15:25:32.751000,0.61925,0.6187,11,126
2017-11-15 15:25:33.361000,0.6193,0.61875,33,364
2017-11-15 15:25:34.547000,0.61935,0.61875,11,490
2017-11-15 15:25:40.789000,0.61935,0.6188,11,126
2017-11-15 15:25:41.095000,0.61935,0.61875,11,490
2017-11-15 15:25:41.146000,0.6193,0.61875,33,364
2017-11-15 15:25:41.425000,0.61925,0.61865,11,490
2017-11-15 15:25:41.546000,0.6192,0.61865,33,364
2017-11-15 15:25:41.597000,0.61925,0.61865,11,364
2017-11-15 15:25:41.648000,0.6192,0.61865,33,364
2017-11-15 15:25:41.700000,0.61925,0.61865,11,490
2017-11-15 15:25:43.036000,0.6192,0.61865,33,364
2017-11-15 15:25:43.234000,0.61925,0.61865,11,490
2017-11-15 15:25:43.766000,0.61915,0.61865,11,126
2017-11-15 15:25:43.901000,0.61925,0.61865,11,490
2017-11-15 15:25:44.025000,0.6192,0.61865,33,364
2017-11-15 15:25:45.266000,0.61915,0.6186,11,126
2017-11-15 15:25:45.316000,0.61915,0.61855,11,490
2017-11-15 15:25:45.552000,0.6192,0.61865,33,364
2017-11-15 15:25:45.621000,0.61925,0.61865,11,490
2017-11-15 15:25:46.868000,0.6192,0.61865,33,364
2017-11-15 15:25:46.969000,0.61925,0.61865,11,364
2017-11-15 15:25:47.556000,0.6192,0.61865,33,364
2017-11-15 15:25:47.607000,0.61925,0.61865,11,490
2017-11-15 15:25:48.136000,0.6192,0.61865,33,364
2017-11-15 15:25:49.848000,0.61915,0.61855,11,490
2017-11-15 15:25:52.654000,0.61915,0.61865,11,126
2017-11-15 15:25:52.817000,0.61925,0.61865,11,490
2017-11-15 15:25:53.196000,0.61925,0.6187,11,126
2017-11-15 15:25:53.559000,0.6193,0.61875,33,364
2017-11-15 15:25:54.929000,0.61925,0.6187,11,126
2017-11-15 15:25:54.980000,0.61925,0.61865,11,490
2017-11-15 15:25:55.511000,0.61925,0.61875,33,364
2017-11-15 15:25:55.687000,0.6193,0.61875,33,364
2017-11-15 15:25:55.737000,0.61925,0.61875,33,364
2017-11-15 15:25:55.845000,0.61925,0.61865,11,490
2017-11-15 15:25:55.946000,0.61925,0.6187,11,126
2017-11-15 15:25:56.346000,0.61925,0.61875,33,364
2017-11-15 15:25:56.494000,0.61925,0.61865,11,490
2017-11-15 15:25:57.401000,0.6192,0.61865,33,364
2017-11-15 15:25:57.571000,0.61915,0.61855,11,490
2017-11-15 15:25:59.362000,0.61915,0.6187,11,126
2017-11-15 15:25:59.564000,0.6193,0.61875,33,364
2017-11-15 15:25:59.931000,0.61935,0.61875,11,490
2017-11-15 15:26:00.082000,0.61925,0.61875,33,364
2017-11-15 15:26:00.144000,0.61925,0.61865,11,490
2017-11-15 15:26:00.733000,0.6192,0.61865,33,364
2017-11-15 15:26:00.821000,0.61925,0.61865,11,490
2017-11-15 15:26:00.872000,0.61915,0.6186,11,126
2017-11-15 15:26:00.932000,0.61915,0.61855,11,490
2017-11-15 15:26:01.324000,0.61915,0.61865,11,126
2017-11-15 15:26:01.375000,0.6192,0.61865,33,364
2017-11-15 15:26:01.600000,0.61915,0.6186,11,126
2017-11-15 15:26:01.650000,0.61915,0.61855,11,490
2017-11-15 15:26:02.496000,0.61915,0.61865,11,126
2017-11-15 15:26:02.647000,0.61935,0.61875,11,490
2017-11-15 15:26:02.773000,0.6193,0.61875,33,364
2017-11-15 15:26:02.824000,0.61925,0.61865,11,490
2017-11-15 15:26:05.184000,0.6192,0.61865,33,364
2017-11-15 15:26:06.790000,0.61925,0.61865,11,490
2017-11-15 15:26:07.325000,0.6192,0.61865,33,364
2017-11-15 15:26:08.005000,0.61915,0.6186,11,126
2017-11-15 15:26:08.055000,0.61915,0.61855,11,490
2017-11-15 15:26:08.484000,0.61915,0.61865,33,364
2017-11-15 15:26:08.535000,0.6192,0.61865,33,364
2017-11-15 15:26:09.103000,0.61925,0.61865,11,490
2017-11-15 15:26:09.794000,0.61925,0.61875,11,126
2017-11-15 15:26:10.046000,0.61935,0.61875,11,490
2017-11-15 15:26:10.587000,0.61935,0.61885,11,126
2017-11-15 15:26:10.671000,0.61935,0.6188,11,126
2017-11-15 15:26:10.722000,0.61935,0.61875,11,490
2017-11-15 15:26:10.772000,0.61935,0.6188,11,126
2017-11-15 15:26:11.362000,0.6194,0.61885,33,364
2017-11-15 15:26:12.487000,0.61945,0.61885,11,490
2017-11-15 15:26:14.628000,0.61945,0.6189,11,126
2017-11-15 15:26:14.679000,0.61945,0.61885,11,490
2017-11-15 15:26:18.943000,0.6194,0.61885,33,364
2017-11-15 15:26:19.703000,0.61935,0.61885,33,364
2017-11-15 15:26:19.795000,0.61945,0.61885,11,364
2017-11-15 15:26:19.845000,0.6194,0.61885,33,364
2017-11-15 15:26:20.421000,0.61945,0.61895,11,126
2017-11-15 15:26:20.595000,0.61955,0.61895,11,490
2017-11-15 15:26:21.276000,0.61955,0.619,11,126
2017-11-15 15:26:21.885000,0.6196,0.61905,33,364
2017-11-15 15:26:22.855000,0.61965,0.61905,11,364
2017-11-15 15:26:22.905000,0.6196,0.61905,33,364
2017-11-15 15:26:23.091000,0.61965,0.61905,11,490
2017-11-15 15:26:23.255000,0.61955,0.619,11,126
2017-11-15 15:26:23.518000,0.61965,0.61905,11,490
2017-11-15 15:26:24.380000,0.6196,0.61905,33,364
2017-11-15 15:26:24.703000,0.61955,0.619,11,126
2017-11-15 15:26:24.753000,0.61955,0.61895,11,490
2017-11-15 15:26:29.730000,0.61955,0.619,11,126
2017-11-15 15:26:30.151000,0.61955,0.61895,11,490
2017-11-15 15:26:31.294000,0.61955,0.61905,11,126
2017-11-15 15:26:31.455000,0.61965,0.61905,11,490
2017-11-15 15:26:35.651000,0.61965,0.6191,11,126
2017-11-15 15:26:35.702000,0.61965,0.61905,11,490
2017-11-15 15:26:39.226000,0.61965,0.6191,11,126
2017-11-15 15:26:39.394000,0.61965,0.61905,11,490
2017-11-15 15:26:40.196000,0.6196,0.61905,33,364
2017-11-15 15:26:40.464000,0.61965,0.61905,11,490
2017-11-15 15:26:40.523000,0.6196,0.61905,33,364
2017-11-15 15:26:40.646000,0.61965,0.61905,11,490
2017-11-15 15:26:41.799000,0.6196,0.61905,33,364
2017-11-15 15:26:41.877000,0.61965,0.61905,11,490
2017-11-15 15:26:42.251000,0.6196,0.61905,33,364
2017-11-15 15:26:42.442000,0.61955,0.61895,11,490
2017-11-15 15:26:42.493000,0.61955,0.619,11,126
2017-11-15 15:26:43.053000,0.6196,0.61905,33,364
2017-11-15 15:26:43.383000,0.61955,0.619,11,126
2017-11-15 15:26:44.010000,0.61955,0.61895,11,490
2017-11-15 15:26:44.232000,0.61955,0.61905,11,126
2017-11-15 15:26:44.333000,0.61965,0.61905,11,490
2017-11-15 15:26:44.384000,0.6196,0.61905,33,364
2017-11-15 15:26:44.435000,0.61965,0.61905,11,490
2017-11-15 15:26:48.634000,0.61965,0.61915,11,126
2017-11-15 15:26:48.735000,0.61975,0.61915,11,490
2017-11-15 15:26:51.028000,0.61975,0.6192,11,126
2017-11-15 15:26:51.304000,0.61985,0.61925,11,490
2017-11-15 15:26:51.429000,0.6198,0.61925,33,364
2017-11-15 15:26:51.783000,0.61985,0.61925,11,490
2017-11-15 15:26:51.833000,0.6198,0.61925,33,364
2017-11-15 15:26:52.093000,0.61975,0.61915,11,490
2017-11-15 15:26:52.727000,0.61975,0.6192,11,126
2017-11-15 15:26:53.110000,0.61975,0.61915,11,490
2017-11-15 15:26:53.633000,0.61975,0.6192,11,126
2017-11-15 15:26:53.787000,0.61985,0.61925,11,490
2017-11-15 15:26:54.098000,0.6198,0.61925,33,364
2017-11-15 15:26:54.433000,0.61975,0.61915,11,490
2017-11-15 15:26:54.734000,0.6197,0.61915,33,364
2017-11-15 15:26:54.786000,0.61975,0.61915,11,490
2017-11-15 15:26:55.011000,0.6197,0.61915,33,364
2017-11-15 15:26:55.162000,0.61965,0.61905,11,490
2017-11-15 15:26:55.307000,0.61965,0.6191,11,126
2017-11-15 15:26:55.714000,0.61985,0.61925,11,490
2017-11-15 15:26:56.971000,0.6198,0.61925,33,364
2017-11-15 15:26:57.406000,0.61975,0.6192,11,126
2017-11-15 15:26:58.041000,0.61975,0.61915,11,490
2017-11-15 15:26:58.684000,0.6197,0.61915,33,364
2017-11-15 15:26:58.997000,0.61975,0.61915,11,490
2017-11-15 15:26:59.209000,0.6197,0.61915,33,364
2017-11-15 15:26:59.260000,0.61975,0.61915,11,490
2017-11-15 15:26:59.438000,0.6197,0.61915,33,364
2017-11-15 15:26:59.589000,0.61975,0.61915,11,490
2017-11-15 15:26:59.702000,0.6197,0.61915,33,364
2017-11-15 15:26:59.923000,0.61965,0.61905,11,490
2017-11-15 15:27:00.448000,0.61965,0.61915,11,126
2017-11-15 15:27:00.499000,0.61965,0.6191,11,126
2017-11-15 15:27:00.620000,0.6197,0.61915,33,364
2017-11-15 15:27:02.342000,0.61965,0.6191,11,126
2017-11-15 15:27:02.517000,0.61965,0.61905,11,490
2017-11-15 15:27:03.878000,0.61965,0.61915,11,126
2017-11-15 15:27:03.971000,0.61975,0.61915,11,490
2017-11-15 15:27:06.901000,0.6197,0.61915,33,364
2017-11-15 15:27:07.434000,0.61975,0.61915,11,490
2017-11-15 15:27:07.583000,0.61975,0.6192,11,126
2017-11-15 15:27:07.684000,0.61985,0.61925,11,490
2017-11-15 15:27:08.329000,0.6198,0.61925,33,364
2017-11-15 15:27:08.761000,0.61985,0.61925,11,490
2017-11-15 15:27:09.028000,0.6198,0.61925,33,364
2017-11-15 15:27:11.219000,0.61985,0.61925,11,490
2017-11-15 15:27:11.273000,0.6198,0.61925,33,364
2017-11-15 15:27:12.348000,0.61985,0.61925,11,490
2017-11-15 15:27:12.875000,0.6198,0.61925,33,364
2017-11-15 15:27:13.233000,0.61975,0.61925,33,364
2017-11-15 15:27:13.401000,0.61975,0.61915,11,490
2017-11-15 15:27:14.875000,0.6197,0.61915,33,364
2017-11-15 15:27:15.467000,0.61975,0.61915,11,490
2017-11-15 15:27:15.844000,0.6197,0.61915,33,364
2017-11-15 15:27:17.592000,0.61975,0.61915,11,490
2017-11-15 15:27:18.722000,0.6197,0.61915,33,364
2017-11-15 15:27:18.929000,0.61965,0.61905,11,490
2017-11-15 15:27:19.930000,0.61965,0.6191,11,126
2017-11-15 15:27:20.469000,0.61965,0.61915,33,364
2017-11-15 15:27:20.612000,0.61965,0.61905,11,490
2017-11-15 15:27:21.916000,0.61955,0.61905,33,364
2017-11-15 15:27:22.067000,0.61935,0.6188,11,126
2017-11-15 15:27:22.413000,0.61935,0.61875,11,490
2017-11-15 15:27:22.464000,0.6193,0.61875,33,364
2017-11-15 15:27:22.619000,0.61935,0.61875,11,490
2017-11-15 15:27:22.694000,0.6193,0.61875,33,364
2017-11-15 15:27:23.290000,0.61925,0.6187,11,126
2017-11-15 15:27:23.341000,0.61925,0.61865,11,490
2017-11-15 15:27:23.476000,0.61925,0.61875,11,126
2017-11-15 15:27:23.577000,0.61925,0.6187,11,126
2017-11-15 15:27:23.677000,0.61935,0.61875,11,490
2017-11-15 15:27:24.821000,0.6193,0.61875,33,364
2017-11-15 15:27:25.712000,0.61925,0.6187,11,126
2017-11-15 15:27:25.762000,0.61925,0.61865,11,490
2017-11-15 15:27:26.162000,0.61925,0.6187,11,126
2017-11-15 15:27:26.497000,0.6193,0.61875,33,364
2017-11-15 15:27:26.547000,0.61935,0.61875,11,490
2017-11-15 15:27:27.026000,0.61935,0.6188,11,126
2017-11-15 15:27:27.127000,0.61945,0.61885,11,490
2017-11-15 15:27:27.311000,0.6194,0.61885,33,364
2017-11-15 15:27:27.442000,0.61945,0.61885,11,490
2017-11-15 15:27:27.868000,0.61945,0.6189,11,126
2017-11-15 15:27:27.966000,0.61955,0.61895,11,364
2017-11-15 15:27:28.136000,0.6195,0.61895,33,364
2017-11-15 15:27:28.291000,0.61955,0.61895,11,490
2017-11-15 15:27:32.674000,0.6195,0.61895,33,364
2017-11-15 15:27:32.725000,0.61955,0.61895,11,364
2017-11-15 15:27:32.821000,0.61945,0.6189,11,126
2017-11-15 15:27:33.176000,0.61945,0.61885,11,490
2017-11-15 15:27:33.449000,0.61945,0.6189,11,126
2017-11-15 15:27:33.499000,0.61945,0.61885,11,490
2017-11-15 15:27:40.334000,0.61945,0.6189,11,126
2017-11-15 15:27:40.646000,0.61955,0.61895,11,490
2017-11-15 15:27:43.470000,0.61955,0.61905,11,126
2017-11-15 15:27:43.626000,0.61965,0.61905,11,490
2017-11-15 15:27:45.728000,0.61965,0.6191,11,126
2017-11-15 15:27:45.902000,0.61975,0.61915,11,490
2017-11-15 15:27:47.561000,0.6197,0.61915,33,364
2017-11-15 15:27:47.894000,0.61965,0.6191,11,126
2017-11-15 15:27:47.944000,0.61965,0.61905,11,490
2017-11-15 15:27:48.537000,0.61965,0.6191,11,126
2017-11-15 15:27:48.852000,0.6197,0.61915,33,364
2017-11-15 15:27:48.903000,0.61975,0.61915,11,490
2017-11-15 15:27:48.971000,0.6197,0.61915,33,364
2017-11-15 15:27:49.287000,0.61975,0.61915,11,490
2017-11-15 15:27:49.408000,0.6197,0.61915,33,364
2017-11-15 15:27:49.982000,0.61975,0.61915,11,490
2017-11-15 15:27:53.038000,0.6197,0.61915,33,364
2017-11-15 15:27:53.245000,0.61975,0.61915,11,490
2017-11-15 15:27:57.388000,0.6197,0.61915,33,364
2017-11-15 15:27:57.733000,0.61975,0.61915,11,490
2017-11-15 15:27:57.784000,0.6197,0.61915,33,364
2017-11-15 15:27:57.925000,0.61975,0.61915,11,490
2017-11-15 15:27:58.026000,0.6197,0.61915,33,364
2017-11-15 15:27:58.087000,0.61975,0.61915,11,490
2017-11-15 15:27:58.138000,0.6196,0.61915,33,364
2017-11-15 15:27:58.238000,0.61955,0.61895,11,490
2017-11-15 15:27:58.289000,0.61955,0.619,11,126
2017-11-15 15:27:58.552000,0.61965,0.61905,11,364
2017-11-15 15:27:58.613000,0.61955,0.619,11,126
2017-11-15 15:27:58.796000,0.61965,0.61905,11,490
2017-11-15 15:28:00.088000,0.6196,0.61905,33,364
2017-11-15 15:28:00.243000,0.61955,0.61895,11,490
2017-11-15 15:28:01.369000,0.61955,0.619,11,126
2017-11-15 15:28:02.802000,0.61955,0.61895,11,490
2017-11-15 15:28:04.266000,0.61945,0.61895,33,364
2017-11-15 15:28:04.354000,0.61945,0.61885,11,490
2017-11-15 15:28:04.925000,0.6194,0.61885,33,364
2017-11-15 15:28:05.147000,0.61945,0.61885,11,364
2017-11-15 15:28:05.228000,0.61935,0.6188,11,126
2017-11-15 15:28:05.433000,0.61935,0.61875,11,490
2017-11-15 15:28:06.604000,0.6193,0.61875,33,364
2017-11-15 15:28:07.740000,0.61925,0.61865,11,490
2017-11-15 15:28:10.513000,0.6192,0.61865,33,364
2017-11-15 15:28:10.927000,0.61915,0.61855,11,490
2017-11-15 15:28:10.978000,0.61915,0.6186,11,126
2017-11-15 15:28:11.322000,0.6192,0.61865,33,364
2017-11-15 15:28:11.374000,0.61915,0.61855,11,490
2017-11-15 15:28:13.039000,0.6191,0.61855,33,364
2017-11-15 15:28:13.226000,0.61915,0.61855,11,490
2017-11-15 15:28:13.752000,0.6191,0.61855,33,364
2017-11-15 15:28:13.836000,0.61915,0.61855,11,490
2017-11-15 15:28:14.003000,0.6191,0.61855,33,364
2017-11-15 15:28:14.104000,0.61915,0.61855,11,490
2017-11-15 15:28:14.673000,0.61915,0.61865,11,126
2017-11-15 15:28:14.802000,0.61925,0.61865,11,490
2017-11-15 15:28:16.653000,0.61925,0.61875,11,126
2017-11-15 15:28:16.744000,0.61935,0.61875,11,490
2017-11-15 15:28:17.522000,0.6193,0.61875,33,364
2017-11-15 15:28:17.858000,0.61925,0.61865,11,490
2017-11-15 15:28:20.343000,0.61925,0.61875,11,126
2017-11-15 15:28:20.515000,0.61935,0.61875,11,490
2017-11-15 15:28:21.624000,0.6193,0.61875,33,364
2017-11-15 15:28:22.668000,0.61935,0.61875,11,490
2017-11-15 15:28:24.691000,0.61935,0.6188,11,126
2017-11-15 15:28:24.911000,0.61945,0.61885,11,490
2017-11-15 15:28:24.998000,0.6194,0.61885,33,364
2017-11-15 15:28:25.332000,0.61935,0.61875,11,490
2017-11-15 15:28:25.508000,0.6193,0.61875,33,364
2017-11-15 15:28:25.654000,0.61925,0.61865,11,490
2017-11-15 15:28:27.982000,0.61925,0.61875,11,126
2017-11-15 15:28:28.154000,0.61935,0.61875,11,490
2017-11-15 15:28:32.139000,0.6193,0.61875,33,364
2017-11-15 15:28:32.245000,0.61935,0.61875,11,364
2017-11-15 15:28:32.574000,0.6193,0.61875,33,364
2017-11-15 15:28:32.624000,0.61925,0.61865,11,490
2017-11-15 15:28:34.139000,0.61925,0.61875,11,126
2017-11-15 15:28:34.312000,0.61935,0.61875,11,490
2017-11-15 15:28:36.914000,0.61935,0.6188,11,126
2017-11-15 15:28:37.211000,0.61945,0.61885,11,490
2017-11-15 15:28:38.121000,0.61945,0.6189,11,126
2017-11-15 15:28:38.589000,0.6195,0.61895,33,364
2017-11-15 15:28:38.807000,0.61955,0.61895,11,490
2017-11-15 15:28:39.218000,0.61955,0.619,11,126
2017-11-15 15:28:39.509000,0.61965,0.61905,11,490
2017-11-15 15:28:39.861000,0.6196,0.61905,33,364
2017-11-15 15:28:39.962000,0.61965,0.61905,11,490
2017-11-15 15:28:43.308000,0.61965,0.61915,11,126
2017-11-15 15:28:43.482000,0.61975,0.61915,11,490
2017-11-15 15:28:43.596000,0.6197,0.61915,33,364
2017-11-15 15:28:43.900000,0.61965,0.6191,11,126
2017-11-15 15:28:44.057000,0.61975,0.61915,11,490
2017-11-15 15:28:47.302000,0.61975,0.61925,11,126
2017-11-15 15:28:47.526000,0.6198,0.61925,33,364
2017-11-15 15:28:47.627000,0.61985,0.61925,11,490
2017-11-15 15:28:47.912000,0.6198,0.61925,33,364
2017-11-15 15:28:47.996000,0.61985,0.61925,11,490
2017-11-15 15:28:49.074000,0.61985,0.61935,33,364
2017-11-15 15:28:49.124000,0.6199,0.61935,33,364
2017-11-15 15:28:49.287000,0.61985,0.6193,11,126
2017-11-15 15:28:49.337000,0.61985,0.61925,11,490
2017-11-15 15:28:51.916000,0.6198,0.61925,33,364
2017-11-15 15:28:52.263000,0.61975,0.6192,11,126
2017-11-15 15:28:53.303000,0.6197,0.61915,33,364
2017-11-15 15:28:53.914000,0.61965,0.6191,11,126
2017-11-15 15:28:54.673000,0.61965,0.61905,11,490
2017-11-15 15:28:56.839000,0.6196,0.61905,33,364
2017-11-15 15:28:57.139000,0.61965,0.61905,11,490
2017-11-15 15:28:59.171000,0.61965,0.61915,11,126
2017-11-15 15:28:59.328000,0.61975,0.61915,11,490
2017-11-15 15:28:59.674000,0.61975,0.6192,11,126
2017-11-15 15:29:02.382000,0.61975,0.61915,11,490
2017-11-15 15:29:02.433000,0.61975,0.61925,11,126
2017-11-15 15:29:02.487000,0.61975,0.6192,11,126
2017-11-15 15:29:02.541000,0.6198,0.61925,33,364
2017-11-15 15:29:02.959000,0.61975,0.61915,11,490
2017-11-15 15:29:03.812000,0.6197,0.61915,33,364
2017-11-15 15:29:04.124000,0.61965,0.6191,11,126
2017-11-15 15:29:04.225000,0.61965,0.61905,11,490
2017-11-15 15:29:06.332000,0.61955,0.61895,11,490
2017-11-15 15:29:07.324000,0.61945,0.6189,11,126
2017-11-15 15:29:07.797000,0.61945,0.61885,11,490
2017-11-15 15:29:07.848000,0.61945,0.61895,11,126
2017-11-15 15:29:07.984000,0.61955,0.61895,11,490
2017-11-15 15:29:08.169000,0.6195,0.61895,33,364
2017-11-15 15:29:08.830000,0.61955,0.61895,11,490
2017-11-15 15:29:08.974000,0.61955,0.619,11,126
2017-11-15 15:29:09.025000,0.61965,0.61905,11,364
2017-11-15 15:29:09.244000,0.6196,0.61905,33,364
2017-11-15 15:29:09.295000,0.61955,0.61895,11,490
2017-11-15 15:29:09.345000,0.6195,0.61895,33,364
2017-11-15 15:29:09.635000,0.61945,0.61885,11,490
2017-11-15 15:29:10.501000,0.61945,0.61895,11,126
2017-11-15 15:29:10.630000,0.61955,0.61895,11,490
2017-11-15 15:29:13.075000,0.61955,0.61905,11,126
2017-11-15 15:29:13.129000,0.61965,0.61905,11,490
2017-11-15 15:29:15.490000,0.6196,0.61905,33,364
2017-11-15 15:29:15.843000,0.61955,0.619,11,126
2017-11-15 15:29:15.894000,0.61955,0.61895,11,490
2017-11-15 15:29:16.782000,0.61955,0.61905,11,126
2017-11-15 15:29:16.911000,0.61955,0.619,11,126
2017-11-15 15:29:17.030000,0.61955,0.61895,11,490
2017-11-15 15:29:17.608000,0.6195,0.61895,33,364
2017-11-15 15:29:18.118000,0.61945,0.6189,11,126
2017-11-15 15:29:18.169000,0.61945,0.61885,11,490
2017-11-15 15:29:18.413000,0.6194,0.61885,33,364
2017-11-15 15:29:18.464000,0.61945,0.61885,11,490
2017-11-15 15:29:18.989000,0.6194,0.61885,33,364
2017-11-15 15:29:19.040000,0.61945,0.61885,11,490
2017-11-15 15:29:20.139000,0.61935,0.61885,11,126
2017-11-15 15:29:20.253000,0.61945,0.61885,11,490
2017-11-15 15:29:20.347000,0.6194,0.61885,33,364
2017-11-15 15:29:20.460000,0.61945,0.61885,11,364
2017-11-15 15:29:20.511000,0.61935,0.61885,11,126
2017-11-15 15:29:20.576000,0.61945,0.61885,11,490
2017-11-15 15:29:24.992000,0.61945,0.6189,11,126
2017-11-15 15:29:25.042000,0.61945,0.61885,11,490
2017-11-15 15:29:25.093000,0.61945,0.6189,11,126
2017-11-15 15:29:25.508000,0.6195,0.61895,33,364
2017-11-15 15:29:25.889000,0.61955,0.61895,11,490
2017-11-15 15:29:26.018000,0.6195,0.61895,33,364
2017-11-15 15:29:26.146000,0.61955,0.61895,11,490
2017-11-15 15:29:26.430000,0.6195,0.61895,33,364
2017-11-15 15:29:26.591000,0.61945,0.61885,11,490
2017-11-15 15:29:27.893000,0.61945,0.61905,11,126
2017-11-15 15:29:28.044000,0.61975,0.61915,11,490
2017-11-15 15:29:28.620000,0.6197,0.61915,33,364
2017-11-15 15:29:28.671000,0.61975,0.61915,11,490
2017-11-15 15:29:29.277000,0.61965,0.61905,11,490
2017-11-15 15:29:29.884000,0.6196,0.61905,33,364
2017-11-15 15:29:29.935000,0.61965,0.61905,11,490
2017-11-15 15:29:33.952000,0.61965,0.61915,11,126
2017-11-15 15:29:34.087000,0.61975,0.6192,11,126
2017-11-15 15:29:34.573000,0.61975,0.61915,11,490
2017-11-15 15:29:34.624000,0.61975,0.61925,11,126
2017-11-15 15:29:34.737000,0.61985,0.61925,11,490
2017-11-15 15:29:35.170000,0.61985,0.6193,11,126
2017-11-15 15:29:35.221000,0.61995,0.61935,11,364
2017-11-15 15:29:35.296000,0.6199,0.61935,33,364
2017-11-15 15:29:35.347000,0.61995,0.61935,11,490
2017-11-15 15:29:36.603000,0.6199,0.61935,33,364
2017-11-15 15:29:36.704000,0.61985,0.61925,11,490
2017-11-15 15:29:37.688000,0.61975,0.61925,33,364
2017-11-15 15:29:37.800000,0.6198,0.61925,33,364
2017-11-15 15:29:37.851000,0.61975,0.61925,33,364
2017-11-15 15:29:37.976000,0.61965,0.6191,11,126
2017-11-15 15:29:38.510000,0.61965,0.61905,11,490
2017-11-15 15:29:38.561000,0.6196,0.61905,33,364
2017-11-15 15:29:38.611000,0.61965,0.61905,11,490
2017-11-15 15:29:39.302000,0.61965,0.61915,11,126
2017-11-15 15:29:39.402000,0.61965,0.6191,11,126
2017-11-15 15:29:39.453000,0.6197,0.61915,33,364
2017-11-15 15:29:40.112000,0.61965,0.6191,11,126
2017-11-15 15:29:40.163000,0.61965,0.61905,11,490
2017-11-15 15:29:45.482000,0.6196,0.61905,33,364
2017-11-15 15:29:45.540000,0.61965,0.61905,11,490
2017-11-15 15:29:45.769000,0.6196,0.61905,33,364
2017-11-15 15:29:45.954000,0.61945,0.61885,11,490
2017-11-15 15:29:46.005000,0.6194,0.61885,33,364
2017-11-15 15:29:46.118000,0.61945,0.61885,11,490
2017-11-15 15:29:46.555000,0.61945,0.61895,11,126
2017-11-15 15:29:46.731000,0.61955,0.61895,11,490
2017-11-15 15:29:47.510000,0.61955,0.61905,11,126
2017-11-15 15:29:47.561000,0.61955,0.619,11,126
2017-11-15 15:29:48.230000,0.61955,0.61895,11,490
2017-11-15 15:29:51.540000,0.61955,0.61905,11,126
2017-11-15 15:29:51.691000,0.61975,0.61915,11,490
2017-11-15 15:29:52.156000,0.6197,0.61915,33,364
2017-11-15 15:29:52.485000,0.61955,0.61915,33,364
2017-11-15 15:29:52.536000,0.61955,0.61895,11,490
2017-11-15 15:29:52.980000,0.6195,0.61895,33,364
2017-11-15 15:29:53.425000,0.61945,0.6189,11,126
2017-11-15 15:29:56.778000,0.61945,0.61895,11,126
2017-11-15 15:29:56.903000,0.61955,0.61895,11,490
2017-11-15 15:29:59.169000,0.61955,0.61905,11,126
2017-11-15 15:29:59.270000,0.61965,0.61905,11,490
2017-11-15 15:29:59.405000,0.61965,0.61915,11,126
2017-11-15 15:29:59.636000,0.61975,0.61915,11,490
2017-11-15 15:30:00.162000,0.61975,0.6192,11,126
2017-11-15 15:30:00.654000,0.61975,0.61915,11,490
2017-11-15 15:30:01.302000,0.61975,0.61925,11,126
2017-11-15 15:30:01.513000,0.61985,0.61925,11,490
2017-11-15 15:30:01.564000,0.6198,0.61925,33,364
2017-11-15 15:30:01.896000,0.61965,0.61905,11,490
2017-11-15 15:30:02.069000,0.61965,0.6191,11,126
2017-11-15 15:30:02.535000,0.61965,0.61905,11,490
2017-11-15 15:30:02.727000,0.61975,0.61915,11,490
2017-11-15 15:30:03.150000,0.6197,0.61915,33,364
2017-11-15 15:30:03.201000,0.61965,0.61905,11,490
2017-11-15 15:30:03.265000,0.61965,0.6191,11,126
2017-11-15 15:30:03.808000,0.6197,0.61915,33,364
2017-11-15 15:30:05.140000,0.61965,0.61915,33,364
2017-11-15 15:30:05.285000,0.61965,0.61905,11,490
2017-11-15 15:30:05.506000,0.6196,0.61905,33,364
2017-11-15 15:30:05.698000,0.61955,0.61895,11,490
2017-11-15 15:30:05.748000,0.6195,0.61895,33,364
2017-11-15 15:30:06.308000,0.61945,0.6189,11,126
2017-11-15 15:30:07.704000,0.61945,0.61885,11,490
2017-11-15 15:30:07.754000,0.6194,0.61885,33,364
2017-11-15 15:30:07.905000,0.61945,0.61885,11,490
2017-11-15 15:30:11.739000,0.6194,0.61885,33,364
2017-11-15 15:30:11.789000,0.61945,0.61885,11,490
2017-11-15 15:30:11.840000,0.6194,0.61885,33,364
2017-11-15 15:30:12.003000,0.61945,0.61885,11,490
2017-11-15 15:30:13.139000,0.6194,0.61885,33,364
2017-11-15 15:30:13.443000,0.61945,0.61885,11,490
2017-11-15 15:30:17.803000,0.6194,0.61885,33,364
2017-11-15 15:30:19.087000,0.61945,0.61885,11,490
2017-11-15 15:30:19.138000,0.61945,0.6191,11,126
2017-11-15 15:30:19.252000,0.61975,0.61915,11,490
2017-11-15 15:30:19.353000,0.61975,0.6192,11,126
2017-11-15 15:30:19.556000,0.61975,0.61915,11,490
2017-11-15 15:30:20.329000,0.61965,0.61915,33,364
2017-11-15 15:30:20.693000,0.61965,0.61905,11,490
2017-11-15 15:30:21.934000,0.61965,0.61915,11,126
2017-11-15 15:30:22.092000,0.61975,0.61915,11,490
2017-11-15 15:30:22.560000,0.6197,0.61915,33,364
2017-11-15 15:30:22.805000,0.61975,0.61915,11,364
2017-11-15 15:30:22.857000,0.61965,0.61905,11,490
2017-11-15 15:30:25.315000,0.61955,0.619,11,126
2017-11-15 15:30:25.487000,0.61955,0.61895,11,490
2017-11-15 15:30:25.537000,0.61955,0.61905,11,126
2017-11-15 15:30:25.644000,0.61965,0.61905,11,490
2017-11-15 15:30:29.814000,0.61965,0.61915,11,126
2017-11-15 15:30:29.984000,0.61975,0.61915,11,490
2017-11-15 15:30:30.316000,0.61955,0.61895,11,490
2017-11-15 15:30:31.311000,0.61945,0.61895,33,364
2017-11-15 15:30:31.427000,0.61945,0.61885,11,490
2017-11-15 15:30:32.377000,0.6194,0.61885,33,364
2017-11-15 15:30:32.653000,0.61935,0.61875,11,490
2017-11-15 15:30:32.703000,0.6194,0.61885,33,364
2017-11-15 15:30:33.153000,0.61935,0.61885,33,364
2017-11-15 15:30:33.297000,0.61935,0.61875,11,490
2017-11-15 15:30:34.274000,0.61905,0.61875,11,126
2017-11-15 15:30:34.324000,0.619,0.61845,33,364
2017-11-15 15:30:34.375000,0.61905,0.6185,11,126
2017-11-15 15:30:34.476000,0.61915,0.61855,11,488
2017-11-15 15:30:34.763000,0.61915,0.61865,12,126
2017-11-15 15:30:34.813000,0.61925,0.61865,12,488
2017-11-15 15:30:35.090000,0.6192,0.61865,33,362
2017-11-15 15:30:35.241000,0.61915,0.61855,13,488
2017-11-15 15:30:36.627000,0.6191,0.61855,33,362
2017-11-15 15:30:36.678000,0.61915,0.61855,13,362
2017-11-15 15:30:36.829000,0.6191,0.61855,33,362
2017-11-15 15:30:36.925000,0.61915,0.61855,13,362
2017-11-15 15:30:36.976000,0.61905,0.6185,13,126
2017-11-15 15:30:37.304000,0.61915,0.61855,13,488
2017-11-15 15:30:37.641000,0.6191,0.61855,33,362
2017-11-15 15:30:38.007000,0.61915,0.61855,13,488
2017-11-15 15:30:38.149000,0.6191,0.61855,33,362
2017-11-15 15:30:38.278000,0.61915,0.61855,13,488
2017-11-15 15:30:39.586000,0.61915,0.6186,13,126
2017-11-15 15:30:39.787000,0.61925,0.61865,13,362
2017-11-15 15:30:39.846000,0.61915,0.6186,13,126
2017-11-15 15:30:39.897000,0.61915,0.61855,13,488
2017-11-15 15:30:40.757000,0.6191,0.61855,33,362
2017-11-15 15:30:41.222000,0.61905,0.61855,33,362
2017-11-15 15:30:41.366000,0.61905,0.61845,13,488
2017-11-15 15:30:42.488000,0.619,0.61845,33,362
2017-11-15 15:30:43.018000,0.61895,0.6184,13,126
2017-11-15 15:30:43.766000,0.61895,0.61835,13,362
2017-11-15 15:30:43.817000,0.6189,0.61835,33,362
2017-11-15 15:30:43.968000,0.61885,0.61825,13,488
2017-11-15 15:30:46.286000,0.6188,0.61825,33,362
2017-11-15 15:30:46.449000,0.61875,0.61815,13,488
2017-11-15 15:30:48.540000,0.6187,0.61815,33,362
2017-11-15 15:30:48.705000,0.61875,0.61815,13,488
2017-11-15 15:30:49.227000,0.6187,0.61815,33,362
2017-11-15 15:30:49.278000,0.61875,0.61815,13,488
2017-11-15 15:30:49.805000,0.6187,0.61815,33,362
2017-11-15 15:30:49.943000,0.61875,0.61815,13,488
2017-11-15 15:30:49.994000,0.61865,0.61815,13,126
2017-11-15 15:30:50.114000,0.61875,0.61815,13,488
2017-11-15 15:30:52.393000,0.6187,0.61815,33,362
2017-11-15 15:30:52.964000,0.61865,0.61805,13,488
2017-11-15 15:30:53.195000,0.6186,0.61805,33,362
2017-11-15 15:30:54.424000,0.61865,0.61805,13,488
2017-11-15 15:30:54.539000,0.6186,0.61805,33,362
2017-11-15 15:30:55.310000,0.61865,0.61805,13,488
2017-11-15 15:30:56.720000,0.6186,0.61805,33,362
2017-11-15 15:30:57.283000,0.61855,0.618,13,126
2017-11-15 15:30:57.333000,0.61855,0.61795,13,488
2017-11-15 15:30:57.384000,0.61855,0.61805,13,126
2017-11-15 15:30:57.441000,0.61865,0.61805,13,488
2017-11-15 15:30:58.161000,0.61865,0.6181,13,126
2017-11-15 15:30:58.262000,0.61865,0.61805,13,488
2017-11-15 15:30:58.923000,0.61865,0.61815,13,126
2017-11-15 15:30:59.072000,0.61875,0.61815,13,488
2017-11-15 15:30:59.594000,0.6187,0.61815,33,362
2017-11-15 15:30:59.645000,0.61875,0.61815,13,488
2017-11-15 15:31:00.255000,0.6187,0.61815,33,362
2017-11-15 15:31:00.372000,0.61875,0.61815,13,488
2017-11-15 15:31:00.488000,0.6187,0.61815,33,362
2017-11-15 15:31:00.715000,0.61875,0.61815,13,488
2017-11-15 15:31:00.982000,0.6187,0.61815,33,362
2017-11-15 15:31:02.375000,0.61875,0.61815,13,488
2017-11-15 15:31:02.675000,0.6187,0.61815,33,362
2017-11-15 15:31:02.964000,0.61875,0.61815,13,488
2017-11-15 15:31:04.430000,0.6187,0.61815,33,362
2017-11-15 15:31:04.481000,0.61875,0.61815,13,362
2017-11-15 15:31:07.603000,0.6187,0.61815,33,362
2017-11-15 15:31:08.211000,0.61865,0.6181,13,126
2017-11-15 15:31:08.307000,0.61865,0.61805,13,488
2017-11-15 15:31:08.358000,0.61865,0.61815,13,126
2017-11-15 15:31:08.537000,0.61875,0.61815,13,488
2017-11-15 15:31:14.164000,0.61875,0.61825,13,126
2017-11-15 15:31:14.215000,0.61875,0.6182,13,126
2017-11-15 15:31:14.370000,0.6188,0.61825,33,362
2017-11-15 15:31:14.487000,0.61875,0.61815,13,488
2017-11-15 15:31:16.607000,0.61875,0.6182,13,126
2017-11-15 15:31:16.937000,0.61875,0.61825,33,362
2017-11-15 15:31:16.987000,0.61875,0.61815,13,488
2017-11-15 15:31:17.222000,0.61875,0.6182,13,126
2017-11-15 15:31:17.841000,0.61875,0.61815,13,488
2017-11-15 15:31:20.942000,0.6187,0.61815,33,362
2017-11-15 15:31:21.477000,0.61865,0.6181,13,126
2017-11-15 15:31:23.553000,0.61865,0.61805,13,488
2017-11-15 15:31:23.603000,0.6186,0.61805,33,362
2017-11-15 15:31:24.120000,0.61855,0.618,13,126
2017-11-15 15:31:25.822000,0.61855,0.61795,13,488
2017-11-15 15:31:25.873000,0.61855,0.61805,13,126
2017-11-15 15:31:25.987000,0.61865,0.61805,13,488
2017-11-15 15:31:27.548000,0.6186,0.61805,33,362
2017-11-15 15:31:27.662000,0.61855,0.61795,13,488
2017-11-15 15:31:31.323000,0.6185,0.61795,33,362
2017-11-15 15:31:31.453000,0.61845,0.61785,11,490
2017-11-15 15:31:33.142000,0.61845,0.61795,11,126
2017-11-15 15:31:33.320000,0.61855,0.61795,11,490
2017-11-15 15:31:33.377000,0.6185,0.61795,33,364
2017-11-15 15:31:34.978000,0.61855,0.61795,11,490
2017-11-15 15:31:35.681000,0.6185,0.61795,33,364
2017-11-15 15:31:36.383000,0.61855,0.61795,11,490
2017-11-15 15:31:38.355000,0.6185,0.61795,33,364
2017-11-15 15:31:38.501000,0.61845,0.61785,11,490
2017-11-15 15:31:39.855000,0.61845,0.6179,11,126
2017-11-15 15:31:40.036000,0.61855,0.61795,11,490
2017-11-15 15:31:40.236000,0.6185,0.61795,33,364
2017-11-15 15:31:41.104000,0.61855,0.61795,11,490
2017-11-15 15:31:42.335000,0.6185,0.61795,33,364
2017-11-15 15:31:42.479000,0.61845,0.61785,11,490
2017-11-15 15:31:48.797000,0.61845,0.61795,11,126
2017-11-15 15:31:49.016000,0.61855,0.61795,11,490
2017-11-15 15:31:52.977000,0.61855,0.61805,11,126
2017-11-15 15:31:53.307000,0.61865,0.61805,11,490
2017-11-15 15:31:53.458000,0.61855,0.61795,11,490
2017-11-15 15:32:00.034000,0.6185,0.61795,33,364
2017-11-15 15:32:00.185000,0.61835,0.61775,11,490
2017-11-15 15:32:00.444000,0.6183,0.61775,33,364
2017-11-15 15:32:00.509000,0.61835,0.61775,11,490
2017-11-15 15:32:02.940000,0.61835,0.61785,11,126
2017-11-15 15:32:03.113000,0.61845,0.61785,11,490
2017-11-15 15:32:04.735000,0.61845,0.61795,11,126
2017-11-15 15:32:04.786000,0.61845,0.6179,11,126
2017-11-15 15:32:04.836000,0.61845,0.61795,11,126
2017-11-15 15:32:04.887000,0.61855,0.61795,11,490
2017-11-15 15:32:05.069000,0.6185,0.61795,33,364
2017-11-15 15:32:05.119000,0.61855,0.61795,11,490
2017-11-15 15:32:06.879000,0.61855,0.61805,33,364
2017-11-15 15:32:06.930000,0.6186,0.61805,33,364
2017-11-15 15:32:07.009000,0.61865,0.61805,11,490
2017-11-15 15:32:07.059000,0.61855,0.61795,11,490
2017-11-15 15:32:07.672000,0.61855,0.618,11,126
2017-11-15 15:32:07.983000,0.61865,0.61805,11,490
2017-11-15 15:32:08.995000,0.61865,0.6181,11,126
2017-11-15 15:32:09.097000,0.61875,0.61815,11,490
2017-11-15 15:32:10.952000,0.6187,0.61815,33,364
2017-11-15 15:32:11.103000,0.61875,0.61815,11,490
2017-11-15 15:32:14.800000,0.6187,0.61815,33,364
2017-11-15 15:32:16.258000,0.61875,0.61815,11,490
2017-11-15 15:32:16.355000,0.6187,0.61815,33,364
2017-11-15 15:32:16.588000,0.61855,0.61795,11,490
2017-11-15 15:32:18.174000,0.6185,0.61795,33,364
2017-11-15 15:32:18.518000,0.61845,0.6179,11,126
2017-11-15 15:32:20.385000,0.61845,0.61785,11,490
2017-11-15 15:32:20.543000,0.61845,0.6179,11,126
2017-11-15 15:32:20.690000,0.61855,0.61795,11,490
2017-11-15 15:32:25.092000,0.6185,0.61795,33,364
2017-11-15 15:32:28.669000,0.61855,0.61795,11,490
2017-11-15 15:32:29.409000,0.61855,0.618,11,126
2017-11-15 15:32:29.460000,0.61855,0.61795,11,490
2017-11-15 15:32:30.414000,0.6185,0.61795,33,364
2017-11-15 15:32:31.391000,0.61855,0.61795,11,490
2017-11-15 15:32:31.491000,0.61855,0.61805,11,126
2017-11-15 15:32:31.550000,0.61865,0.61805,11,490
2017-11-15 15:32:32.406000,0.6186,0.61805,33,364
2017-11-15 15:32:32.457000,0.61865,0.61805,11,364
2017-11-15 15:32:32.572000,0.6186,0.61805,33,364
2017-11-15 15:32:32.622000,0.61865,0.61805,11,490
2017-11-15 15:32:34.053000,0.6186,0.61805,33,364
2017-11-15 15:32:34.234000,0.61865,0.61805,11,490
2017-11-15 15:32:34.847000,0.6186,0.61805,33,364
2017-11-15 15:32:35.245000,0.61865,0.61805,11,490
2017-11-15 15:32:36.910000,0.6186,0.61805,33,364
2017-11-15 15:32:37.864000,0.61865,0.61805,11,490
2017-11-15 15:32:37.915000,0.6186,0.61805,33,364
2017-11-15 15:32:37.966000,0.61865,0.61805,11,490
2017-11-15 15:32:38.097000,0.6186,0.61805,33,364
2017-11-15 15:32:39.187000,0.61865,0.61805,11,490
2017-11-15 15:32:39.278000,0.6186,0.61805,33,364
2017-11-15 15:32:39.917000,0.61855,0.61805,33,364
2017-11-15 15:32:40.190000,0.61845,0.6179,11,126
2017-11-15 15:32:40.396000,0.61845,0.61785,11,490
2017-11-15 15:32:43.973000,0.6184,0.61785,33,364
2017-11-15 15:32:44.149000,0.61835,0.61775,11,490
2017-11-15 15:32:46.143000,0.61835,0.61785,11,126
2017-11-15 15:32:46.284000,0.61845,0.61785,11,490
2017-11-15 15:32:47.746000,0.6183,0.61785,33,364
2017-11-15 15:32:47.865000,0.6183,0.61775,33,364
2017-11-15 15:32:49.230000,0.61835,0.61775,11,490
2017-11-15 15:32:49.562000,0.6183,0.61775,33,364
2017-11-15 15:32:49.638000,0.61835,0.61775,11,490
2017-11-15 15:32:53.607000,0.61835,0.61785,11,126
2017-11-15 15:32:53.812000,0.61845,0.61785,11,490
2017-11-15 15:32:57.723000,0.6184,0.61785,33,364
2017-11-15 15:32:57.925000,0.61835,0.61775,11,364
2017-11-15 15:32:57.975000,0.6183,0.61775,33,364
2017-11-15 15:32:58.026000,0.61835,0.61775,11,490
2017-11-15 15:32:59.709000,0.61835,0.61785,11,126
2017-11-15 15:32:59.872000,0.61845,0.61785,11,490
2017-11-15 15:33:00.248000,0.61845,0.6179,11,126
2017-11-15 15:33:00.625000,0.61845,0.61785,11,490
2017-11-15 15:33:01.064000,0.61845,0.6179,11,126
2017-11-15 15:33:01.280000,0.61855,0.61795,11,490
2017-11-15 15:33:01.331000,0.61845,0.61795,33,364
2017-11-15 15:33:01.391000,0.61845,0.61785,11,490
2017-11-15 15:33:04.375000,0.6184,0.61785,33,364
2017-11-15 15:33:04.441000,0.61845,0.61785,11,490
2017-11-15 15:33:04.594000,0.6184,0.61785,33,364
2017-11-15 15:33:04.663000,0.61845,0.61785,11,490
2017-11-15 15:33:07.708000,0.61845,0.6179,11,126
2017-11-15 15:33:07.910000,0.61855,0.61795,11,490
2017-11-15 15:33:08.314000,0.6185,0.61795,33,364
2017-11-15 15:33:08.394000,0.61855,0.61795,11,490
2017-11-15 15:33:08.727000,0.6185,0.61795,33,364
2017-11-15 15:33:09.332000,0.61855,0.61795,11,490
2017-11-15 15:33:11.424000,0.61855,0.618,11,126
2017-11-15 15:33:11.531000,0.61865,0.61805,11,490
2017-11-15 15:33:11.666000,0.6186,0.61805,33,364
2017-11-15 15:33:12.093000,0.61855,0.618,11,126
2017-11-15 15:33:12.151000,0.61855,0.61795,11,490
2017-11-15 15:33:12.265000,0.6185,0.61795,33,364
2017-11-15 15:33:12.567000,0.61855,0.61795,11,490
2017-11-15 15:33:15.610000,0.61855,0.618,11,126
2017-11-15 15:33:16.220000,0.6186,0.61805,33,364
2017-11-15 15:33:16.796000,0.61865,0.61805,11,490
2017-11-15 15:33:21.010000,0.61865,0.6181,11,126
2017-11-15 15:33:21.168000,0.61875,0.61815,11,490
2017-11-15 15:33:22.219000,0.6187,0.61815,33,364
2017-11-15 15:33:22.365000,0.61865,0.61805,11,490
2017-11-15 15:33:23.426000,0.61865,0.6181,11,126
2017-11-15 15:33:23.587000,0.61875,0.61815,11,490
2017-11-15 15:33:23.862000,0.6187,0.61815,33,364
2017-11-15 15:33:24.239000,0.61865,0.6181,11,126
2017-11-15 15:33:24.720000,0.61865,0.61805,11,490
2017-11-15 15:33:27.489000,0.6186,0.61805,33,364
2017-11-15 15:33:27.640000,0.61855,0.61795,11,490
2017-11-15 15:33:30.472000,0.6185,0.61795,33,364
2017-11-15 15:33:30.931000,0.61835,0.6178,11,126
2017-11-15 15:33:31.138000,0.61835,0.61775,11,490
2017-11-15 15:33:31.188000,0.6183,0.61775,33,364
2017-11-15 15:33:36.216000,0.61825,0.61775,33,364
2017-11-15 15:33:36.367000,0.61815,0.6176,11,126
2017-11-15 15:33:37.369000,0.61815,0.61755,11,490
2017-11-15 15:33:37.419000,0.61805,0.61755,33,364
2017-11-15 15:33:37.722000,0.618,0.61745,33,364
2017-11-15 15:33:37.845000,0.61805,0.61745,11,490
2017-11-15 15:33:40.761000,0.61805,0.61755,11,126
2017-11-15 15:33:40.910000,0.61815,0.61755,11,490
2017-11-15 15:33:41.005000,0.61815,0.6176,11,126
2017-11-15 15:33:41.178000,0.61825,0.61765,11,490
2017-11-15 15:33:43.919000,0.61825,0.6177,11,126
2017-11-15 15:33:44.079000,0.61835,0.61775,11,490
2017-11-15 15:33:45.402000,0.6183,0.61775,33,364
2017-11-15 15:33:45.549000,0.61825,0.61765,11,490
2017-11-15 15:33:48.194000,0.61825,0.6177,11,126
2017-11-15 15:33:48.749000,0.6183,0.61775,33,364
2017-11-15 15:33:49.990000,0.61825,0.6177,11,126
2017-11-15 15:33:50.041000,0.61825,0.61765,11,490
2017-11-15 15:33:50.826000,0.6182,0.61765,33,364
2017-11-15 15:33:51.050000,0.61815,0.61755,11,490
2017-11-15 15:33:52.963000,0.61815,0.61765,33,364
2017-11-15 15:33:53.014000,0.6182,0.61765,33,364
2017-11-15 15:33:53.167000,0.61825,0.61765,11,490
2017-11-15 15:33:53.217000,0.6182,0.61765,33,364
2017-11-15 15:33:54.827000,0.61815,0.6176,11,126
2017-11-15 15:33:54.877000,0.61815,0.61755,11,490
2017-11-15 15:33:55.071000,0.61815,0.61765,33,364
2017-11-15 15:33:55.122000,0.6182,0.61765,33,364
2017-11-15 15:33:56.236000,0.61815,0.6176,11,126
2017-11-15 15:33:56.287000,0.61815,0.61755,11,490
2017-11-15 15:33:56.337000,0.61815,0.6176,11,126
2017-11-15 15:33:56.739000,0.61815,0.61755,11,490
2017-11-15 15:33:56.873000,0.61815,0.6176,11,126
2017-11-15 15:33:57.353000,0.6182,0.61765,33,364
2017-11-15 15:33:57.672000,0.61815,0.61755,11,490
2017-11-15 15:34:00.617000,0.61815,0.6176,11,126
2017-11-15 15:34:00.757000,0.61825,0.61765,11,490
2017-11-15 15:34:01.120000,0.6182,0.61765,33,364
2017-11-15 15:34:01.228000,0.61825,0.61765,11,490
2017-11-15 15:34:02.110000,0.6182,0.61765,33,364
2017-11-15 15:34:03.027000,0.61825,0.61765,11,490
2017-11-15 15:34:04.355000,0.61825,0.61775,11,126
2017-11-15 15:34:04.567000,0.61835,0.61775,11,490
2017-11-15 15:34:04.663000,0.6183,0.61775,33,364
2017-11-15 15:34:04.864000,0.61825,0.61765,11,490
2017-11-15 15:34:06.366000,0.61825,0.6177,11,126
2017-11-15 15:34:06.537000,0.61835,0.61775,11,490
2017-11-15 15:34:07.081000,0.61835,0.6178,11,126
2017-11-15 15:34:07.352000,0.61845,0.61785,11,490
2017-11-15 15:34:07.865000,0.6184,0.61785,33,364
2017-11-15 15:34:08.027000,0.61835,0.61775,11,490
2017-11-15 15:34:11.070000,0.6183,0.61775,33,364
2017-11-15 15:34:11.854000,0.61825,0.61775,33,364
2017-11-15 15:34:11.906000,0.61825,0.61765,11,490
2017-11-15 15:34:12.446000,0.6182,0.61765,33,364
2017-11-15 15:34:12.853000,0.61825,0.61765,11,490
2017-11-15 15:34:14.531000,0.61825,0.6177,11,126
2017-11-15 15:34:14.698000,0.61835,0.61775,11,490
2017-11-15 15:34:15.688000,0.6183,0.61775,33,364
2017-11-15 15:34:15.847000,0.61825,0.61765,11,490
2017-11-15 15:34:19.857000,0.61825,0.6177,11,126
2017-11-15 15:34:20.057000,0.61835,0.61775,11,490
2017-11-15 15:34:20.703000,0.6183,0.61775,33,364
2017-11-15 15:34:20.754000,0.61835,0.61775,11,364
2017-11-15 15:34:20.806000,0.61825,0.61775,33,364
2017-11-15 15:34:20.900000,0.6183,0.61775,33,364
2017-11-15 15:34:21.283000,0.61835,0.61775,11,490
2017-11-15 15:34:21.863000,0.6183,0.61775,33,364
2017-11-15 15:34:22.761000,0.61835,0.61775,11,490
2017-11-15 15:34:22.977000,0.6183,0.61775,33,364
2017-11-15 15:34:23.027000,0.61835,0.61775,11,490
2017-11-15 15:34:26.913000,0.61835,0.6178,11,126
2017-11-15 15:34:27.076000,0.61845,0.61785,11,490
2017-11-15 15:34:27.748000,0.6184,0.61785,33,364
2017-11-15 15:34:28.704000,0.61845,0.61785,11,490
2017-11-15 15:34:28.755000,0.6184,0.61785,33,364
2017-11-15 15:34:28.865000,0.61845,0.61785,11,490
2017-11-15 15:34:30.017000,0.61845,0.6179,11,126
2017-11-15 15:34:30.393000,0.6185,0.61795,33,364
2017-11-15 15:34:32.660000,0.61855,0.61795,11,490
2017-11-15 15:34:32.711000,0.6185,0.61795,33,364
2017-11-15 15:34:33.744000,0.61855,0.61795,11,490
2017-11-15 15:34:33.794000,0.6185,0.61795,33,364
2017-11-15 15:34:33.845000,0.61855,0.61795,11,490
2017-11-15 15:34:35.120000,0.61855,0.618,11,126
2017-11-15 15:34:35.310000,0.61875,0.61815,11,490
2017-11-15 15:34:35.360000,0.6187,0.61815,33,364
2017-11-15 15:34:35.461000,0.61865,0.61805,11,490
2017-11-15 15:34:35.716000,0.61865,0.6181,11,126
2017-11-15 15:34:35.938000,0.61865,0.61805,11,490
2017-11-15 15:34:36.353000,0.61865,0.6181,11,126
2017-11-15 15:34:36.493000,0.61865,0.61805,11,490
2017-11-15 15:34:37.017000,0.61865,0.61815,33,364
2017-11-15 15:34:37.068000,0.6187,0.61815,33,364
2017-11-15 15:34:37.143000,0.61865,0.61815,33,364
2017-11-15 15:34:37.194000,0.61865,0.61805,11,490
2017-11-15 15:34:37.428000,0.61865,0.61815,33,364
2017-11-15 15:34:37.479000,0.6187,0.61815,33,364
2017-11-15 15:34:38.094000,0.61865,0.6181,11,126
2017-11-15 15:34:38.144000,0.61865,0.61805,11,490
2017-11-15 15:34:38.614000,0.61865,0.6181,11,126
2017-11-15 15:34:38.732000,0.61865,0.61805,11,490
2017-11-15 15:34:38.859000,0.61865,0.6181,11,126
2017-11-15 15:34:39.086000,0.61875,0.61815,11,490
2017-11-15 15:34:39.272000,0.6187,0.61815,33,364
2017-11-15 15:34:39.838000,0.61865,0.61815,33,364
2017-11-15 15:34:39.889000,0.61865,0.61805,11,490
2017-11-15 15:34:40.101000,0.61865,0.61815,11,126
2017-11-15 15:34:40.302000,0.61875,0.61815,11,490
2017-11-15 15:34:41.630000,0.6187,0.61815,33,364
2017-11-15 15:34:41.775000,0.61865,0.61805,11,490
2017-11-15 15:34:41.900000,0.61865,0.6181,11,126
2017-11-15 15:34:42.234000,0.6187,0.61815,33,364
2017-11-15 15:34:43.128000,0.61865,0.6181,11,126
2017-11-15 15:34:43.178000,0.61865,0.61805,11,490
2017-11-15 15:34:45.216000,0.61865,0.61815,33,364
2017-11-15 15:34:45.266000,0.6187,0.61815,33,364
2017-11-15 15:34:45.794000,0.61865,0.6181,11,126
2017-11-15 15:34:45.845000,0.61865,0.61805,11,490
2017-11-15 15:34:46.481000,0.6186,0.61805,33,364
2017-11-15 15:34:47.858000,0.61865,0.61805,11,490
2017-11-15 15:34:57.610000,0.61865,0.61815,33,364
2017-11-15 15:34:57.661000,0.6187,0.61815,33,364
2017-11-15 15:34:59.548000,0.61875,0.61815,11,490
2017-11-15 15:35:00.859000,0.6187,0.61815,33,364
2017-11-15 15:35:01.116000,0.61865,0.61805,11,490
2017-11-15 15:35:01.194000,0.61865,0.6181,11,126
2017-11-15 15:35:01.587000,0.6187,0.61815,33,364
2017-11-15 15:35:01.684000,0.61875,0.61815,11,490
2017-11-15 15:35:02.314000,0.61865,0.61805,11,490
2017-11-15 15:35:07,0.61865,0.61815,11,126
2017-11-15 15:35:07.144000,0.61875,0.61815,11,490
2017-11-15 15:35:07.296000,0.6187,0.61815,33,364
2017-11-15 15:35:07.672000,0.61865,0.6181,11,126
2017-11-15 15:35:08.121000,0.61865,0.61805,11,490
2017-11-15 15:35:08.172000,0.6187,0.61815,33,364
2017-11-15 15:35:09.625000,0.61865,0.6181,11,126
2017-11-15 15:35:09.676000,0.61865,0.61805,11,490
2017-11-15 15:35:09.726000,0.61865,0.61815,11,126
2017-11-15 15:35:09.777000,0.61865,0.6181,11,126
2017-11-15 15:35:09.827000,0.6187,0.61815,33,364
2017-11-15 15:35:11.510000,0.61875,0.61815,11,490
2017-11-15 15:35:11.561000,0.6187,0.61815,33,364
2017-11-15 15:35:11.891000,0.61875,0.61815,11,490
2017-11-15 15:35:17.883000,0.61875,0.61825,11,126
2017-11-15 15:35:18.084000,0.61885,0.61825,11,490
2017-11-15 15:35:18.422000,0.61885,0.6183,11,126
2017-11-15 15:35:18.745000,0.61885,0.61825,11,490
2017-11-15 15:35:19.620000,0.61885,0.61835,33,364
2017-11-15 15:35:19.670000,0.6189,0.61835,33,364
2017-11-15 15:35:20.065000,0.61885,0.61825,11,490
2017-11-15 15:35:20.743000,0.61885,0.6183,11,126
2017-11-15 15:35:21.109000,0.61895,0.61835,11,490
2017-11-15 15:35:22.595000,0.6189,0.61835,33,364
2017-11-15 15:35:23.429000,0.61895,0.61835,11,490
2017-11-15 15:35:23.479000,0.6189,0.61835,33,364
2017-11-15 15:35:24.503000,0.61885,0.6183,11,126
2017-11-15 15:35:24.704000,0.61895,0.61835,11,490
2017-11-15 15:35:24.755000,0.6189,0.61835,33,364
2017-11-15 15:35:24.805000,0.61895,0.61835,11,490
2017-11-15 15:35:33.474000,0.6189,0.61835,33,364
2017-11-15 15:35:33.524000,0.61895,0.61835,11,490
2017-11-15 15:35:34.429000,0.6189,0.61835,33,364
2017-11-15 15:35:34.479000,0.61885,0.61825,11,490
2017-11-15 15:35:34.744000,0.61885,0.61835,33,364
2017-11-15 15:35:34.795000,0.6189,0.61835,33,364
2017-11-15 15:35:35.339000,0.61885,0.6183,11,126
2017-11-15 15:35:35.389000,0.61885,0.61825,11,490
2017-11-15 15:35:50.610000,0.61885,0.61835,33,364
2017-11-15 15:35:50.661000,0.6189,0.61835,33,364
2017-11-15 15:35:50.794000,0.61885,0.6183,11,126
2017-11-15 15:35:50.844000,0.61885,0.61825,11,490
2017-11-15 15:35:50.921000,0.61885,0.6183,11,126
2017-11-15 15:35:51.370000,0.6189,0.61835,33,364
2017-11-15 15:35:52.865000,0.61885,0.6183,11,126
2017-11-15 15:35:52.915000,0.61885,0.61825,11,490
2017-11-15 15:36:02.755000,0.61875,0.61825,33,364
2017-11-15 15:36:02.907000,0.6187,0.61815,33,364
2017-11-15 15:36:03.059000,0.61865,0.6181,11,126
2017-11-15 15:36:03.110000,0.61865,0.61805,11,490
2017-11-15 15:36:04.185000,0.61865,0.6181,11,126
2017-11-15 15:36:04.254000,0.61865,0.61805,11,490
2017-11-15 15:36:04.304000,0.61865,0.6181,11,126
2017-11-15 15:36:04.355000,0.61875,0.61815,11,490
2017-11-15 15:36:10.638000,0.6187,0.61815,33,364
2017-11-15 15:36:11.477000,0.61875,0.61815,11,490
2017-11-15 15:36:11.834000,0.6187,0.61815,33,364
2017-11-15 15:36:12.416000,0.61865,0.6181,11,126
2017-11-15 15:36:13.391000,0.6186,0.61805,33,364
2017-11-15 15:36:13.491000,0.61865,0.61805,11,490
2017-11-15 15:36:14.972000,0.61865,0.61815,11,126
2017-11-15 15:36:15.142000,0.61875,0.61815,11,490
2017-11-15 15:36:15.419000,0.6187,0.61815,33,364
2017-11-15 15:36:15.729000,0.61865,0.61805,11,490
2017-11-15 15:36:17.274000,0.61865,0.61815,11,126
2017-11-15 15:36:17.325000,0.61865,0.61805,11,490
2017-11-15 15:36:17.375000,0.61865,0.6181,11,126
2017-11-15 15:36:17.786000,0.6187,0.61815,33,364
2017-11-15 15:36:17.964000,0.61865,0.61805,11,490
2017-11-15 15:36:18.942000,0.6186,0.61805,33,364
2017-11-15 15:36:19.158000,0.61865,0.61805,11,364
2017-11-15 15:36:19.248000,0.61855,0.618,11,126
2017-11-15 15:36:19.402000,0.61855,0.61795,11,490
2017-11-15 15:36:20.041000,0.61855,0.618,11,126
2017-11-15 15:36:20.672000,0.61855,0.61795,11,490
2017-11-15 15:36:20.722000,0.61855,0.618,11,126
2017-11-15 15:36:21.088000,0.6186,0.61805,33,364
2017-11-15 15:36:21.468000,0.61865,0.61805,11,490
2017-11-15 15:36:23.045000,0.6186,0.61805,33,364
2017-11-15 15:36:23.196000,0.61855,0.61795,11,490
2017-11-15 15:36:25.231000,0.6185,0.61795,33,364
2017-11-15 15:36:25.362000,0.61855,0.61795,11,490
2017-11-15 15:36:32.709000,0.61855,0.618,11,126
2017-11-15 15:36:32.760000,0.61855,0.61795,11,490
2017-11-15 15:36:33.942000,0.6185,0.61795,33,364
2017-11-15 15:36:35.914000,0.61855,0.61795,11,490
2017-11-15 15:36:36.422000,0.61855,0.61805,11,126
2017-11-15 15:36:36.559000,0.61865,0.61805,11,490
2017-11-15 15:36:36.999000,0.6186,0.61805,33,364
2017-11-15 15:36:37.172000,0.61865,0.61805,11,490
2017-11-15 15:36:39.526000,0.6186,0.61805,33,364
2017-11-15 15:36:39.577000,0.61865,0.61805,11,490
2017-11-15 15:36:39.758000,0.6186,0.61805,33,364
2017-11-15 15:36:40.150000,0.61865,0.61805,11,490
2017-11-15 15:36:41.464000,0.61865,0.6181,11,126
2017-11-15 15:36:42.084000,0.6187,0.61815,33,364
2017-11-15 15:36:42.528000,0.61875,0.61815,11,490
2017-11-15 15:36:42.579000,0.6187,0.61815,33,364
2017-11-15 15:36:44.174000,0.61865,0.6181,11,126
2017-11-15 15:36:44.225000,0.61865,0.61805,11,490
2017-11-15 15:36:45.423000,0.61875,0.61815,11,490
2017-11-15 15:36:46.415000,0.6187,0.61815,33,364
2017-11-15 15:36:47.025000,0.61865,0.6181,11,126
2017-11-15 15:36:48.888000,0.61865,0.61805,11,490
2017-11-15 15:36:48.939000,0.61865,0.61815,11,126
2017-11-15 15:36:48.996000,0.61865,0.6181,11,126
2017-11-15 15:36:49.046000,0.61865,0.61815,11,126
2017-11-15 15:36:49.097000,0.61875,0.61815,11,490
2017-11-15 15:36:50.651000,0.61875,0.6182,11,126
2017-11-15 15:36:50.948000,0.61885,0.61825,11,490
2017-11-15 15:36:52.788000,0.6188,0.61825,33,364
2017-11-15 15:36:52.838000,0.61885,0.61825,11,490
2017-11-15 15:36:52.889000,0.6188,0.61825,33,364
2017-11-15 15:36:52.951000,0.61885,0.61825,11,490
2017-11-15 15:36:53.316000,0.6188,0.61825,33,364
2017-11-15 15:36:53.460000,0.61885,0.61825,11,490
2017-11-15 15:36:54.516000,0.6188,0.61825,33,364
2017-11-15 15:36:54.784000,0.61885,0.61825,11,490
2017-11-15 15:36:54.834000,0.6188,0.61825,33,364
2017-11-15 15:36:54.991000,0.61875,0.61815,11,490
2017-11-15 15:36:55.043000,0.6187,0.61815,33,364
2017-11-15 15:36:55.865000,0.61875,0.61815,11,490
2017-11-15 15:36:57.242000,0.6187,0.61815,33,364
2017-11-15 15:36:57.650000,0.61875,0.61815,11,490
2017-11-15 15:36:57.907000,0.6187,0.61815,33,364
2017-11-15 15:36:58.046000,0.61875,0.61815,11,490
2017-11-15 15:36:58.160000,0.6187,0.61815,33,364
2017-11-15 15:36:58.667000,0.61865,0.6181,11,126
2017-11-15 15:36:58.718000,0.61865,0.61805,11,490
2017-11-15 15:36:58.826000,0.61865,0.6181,11,126
2017-11-15 15:36:58.927000,0.61875,0.61815,11,364
2017-11-15 15:36:58.988000,0.61865,0.6181,11,126
2017-11-15 15:36:59.189000,0.61875,0.61815,11,490
2017-11-15 15:37:00.017000,0.6187,0.61815,33,364
2017-11-15 15:37:00.407000,0.61865,0.6181,11,126
2017-11-15 15:37:00.566000,0.61885,0.61825,11,490
2017-11-15 15:37:02.660000,0.6188,0.61825,33,364
2017-11-15 15:37:03.163000,0.61875,0.6182,11,126
2017-11-15 15:37:03.480000,0.61875,0.61815,11,490
2017-11-15 15:37:05.423000,0.6187,0.61815,33,364
2017-11-15 15:37:05.474000,0.61875,0.61815,11,490
2017-11-15 15:37:08.534000,0.6187,0.61815,33,364
2017-11-15 15:37:08.685000,0.61875,0.61815,11,490
2017-11-15 15:37:08.767000,0.6187,0.61815,33,364
2017-11-15 15:37:09.061000,0.61875,0.61815,11,490
2017-11-15 15:37:09.212000,0.61875,0.6182,11,126
2017-11-15 15:37:09.416000,0.61875,0.61815,11,490
2017-11-15 15:37:11.757000,0.61875,0.6182,11,126
2017-11-15 15:37:11.808000,0.61875,0.61815,11,490
2017-11-15 15:37:12.558000,0.61875,0.61825,11,126
2017-11-15 15:37:12.754000,0.61885,0.61825,11,490
2017-11-15 15:37:13.561000,0.6188,0.61825,33,364
2017-11-15 15:37:14.172000,0.61875,0.6182,11,126
2017-11-15 15:37:14.387000,0.61875,0.61815,11,490
2017-11-15 15:37:14.439000,0.61875,0.6182,11,126
2017-11-15 15:37:24.141000,0.61875,0.61815,11,490
2017-11-15 15:37:24.192000,0.61865,0.61815,33,364
2017-11-15 15:37:24.311000,0.61865,0.61805,11,490
2017-11-15 15:37:30.322000,0.61865,0.61815,11,126
2017-11-15 15:37:30.527000,0.61875,0.61815,11,490
2017-11-15 15:37:30.577000,0.6187,0.61815,33,364
2017-11-15 15:37:30.763000,0.61875,0.61815,11,364
2017-11-15 15:37:30.813000,0.61865,0.6181,11,126
2017-11-15 15:37:30.864000,0.61865,0.61805,11,490
2017-11-15 15:37:35.051000,0.61865,0.6181,11,126
2017-11-15 15:37:35.813000,0.61865,0.61805,11,490
2017-11-15 15:37:35.863000,0.61865,0.61815,11,126
2017-11-15 15:37:35.979000,0.61875,0.61815,11,490
2017-11-15 15:37:36.218000,0.6187,0.61815,33,364
2017-11-15 15:37:37.634000,0.61875,0.61815,11,490
2017-11-15 15:37:37.707000,0.6187,0.61815,33,364
2017-11-15 15:37:38.987000,0.61875,0.61815,11,490
2017-11-15 15:37:39.074000,0.61875,0.6182,11,126
2017-11-15 15:37:39.175000,0.61885,0.61825,11,490
2017-11-15 15:37:40.411000,0.6188,0.61825,33,364
2017-11-15 15:37:40.512000,0.61885,0.61825,11,364
2017-11-15 15:37:45.654000,0.61885,0.6183,11,126
2017-11-15 15:37:45.704000,0.61885,0.61825,11,490
2017-11-15 15:37:45.755000,0.61885,0.6183,11,126
2017-11-15 15:37:45.925000,0.61895,0.61835,11,490
2017-11-15 15:37:54.853000,0.61895,0.61845,11,126
2017-11-15 15:37:54.903000,0.61895,0.6184,11,126
2017-11-15 15:37:54.972000,0.61895,0.61835,11,490
2017-11-15 15:37:56.091000,0.619,0.61845,33,364
2017-11-15 15:37:57.117000,0.61905,0.61845,11,490
2017-11-15 15:37:57.217000,0.61905,0.6185,11,126
2017-11-15 15:37:57.286000,0.61905,0.61845,11,490
2017-11-15 15:37:58.847000,0.61905,0.61855,33,364
2017-11-15 15:37:58.898000,0.6191,0.61855,33,364
2017-11-15 15:37:58.949000,0.61905,0.61855,33,364
2017-11-15 15:37:59.009000,0.61905,0.61845,11,490
2017-11-15 15:37:59.940000,0.61905,0.6185,11,126
2017-11-15 15:37:59.991000,0.61905,0.61845,11,490
2017-11-15 15:38:00.132000,0.61905,0.6185,11,126
2017-11-15 15:38:01.121000,0.61905,0.61855,33,364
2017-11-15 15:38:01.172000,0.6191,0.61855,33,364
2017-11-15 15:38:01.833000,0.61915,0.61855,11,490
2017-11-15 15:38:01.883000,0.6191,0.61855,33,364
2017-11-15 15:38:03.140000,0.61905,0.6185,11,126
2017-11-15 15:38:03.190000,0.61905,0.61845,11,490
2017-11-15 15:38:13.124000,0.61905,0.61855,11,126
2017-11-15 15:38:13.290000,0.61915,0.61855,11,490
2017-11-15 15:38:18.065000,0.61915,0.6186,11,126
2017-11-15 15:38:18.122000,0.61915,0.61855,11,490
2017-11-15 15:38:18.173000,0.61915,0.6186,11,126
2017-11-15 15:38:18.223000,0.61925,0.61865,11,490
2017-11-15 15:38:18.458000,0.6192,0.61865,33,364
2017-11-15 15:38:19.194000,0.61915,0.61865,33,364
2017-11-15 15:38:19.245000,0.61915,0.61855,11,490
2017-11-15 15:38:19.295000,0.61915,0.6186,11,126
2017-11-15 15:38:19.925000,0.6192,0.61865,33,364
2017-11-15 15:38:20.443000,0.61925,0.61865,11,364
2017-11-15 15:38:22.715000,0.6192,0.61865,33,364
2017-11-15 15:38:22.766000,0.61925,0.61865,11,364
2017-11-15 15:38:23.275000,0.6191,0.61865,33,364
2017-11-15 15:38:23.326000,0.61915,0.61865,33,364
2017-11-15 15:38:23.497000,0.61925,0.61865,11,490
2017-11-15 15:38:25.240000,0.61925,0.6187,11,126
2017-11-15 15:38:25.291000,0.61925,0.61865,11,490
2017-11-15 15:38:28.817000,0.61925,0.6187,11,126
2017-11-15 15:38:28.867000,0.61925,0.61865,11,490
2017-11-15 15:38:29.019000,0.6192,0.61865,33,364
2017-11-15 15:38:29.070000,0.61925,0.61865,11,490
2017-11-15 15:38:29.332000,0.61915,0.61865,33,364
2017-11-15 15:38:29.408000,0.6192,0.61865,33,364
2017-11-15 15:38:29.459000,0.61915,0.61865,33,364
2017-11-15 15:38:29.509000,0.6192,0.61865,33,364
2017-11-15 15:38:29.560000,0.61925,0.61865,11,490
2017-11-15 15:38:29.834000,0.6192,0.61865,33,364
2017-11-15 15:38:29.990000,0.61925,0.61865,11,490
2017-11-15 15:38:30.041000,0.6192,0.61865,33,364
2017-11-15 15:38:30.654000,0.61925,0.61865,11,490
2017-11-15 15:38:30.817000,0.6192,0.61865,33,364
2017-11-15 15:38:30.868000,0.61925,0.61865,11,490
2017-11-15 15:38:32.802000,0.6192,0.61865,33,364
2017-11-15 15:38:32.853000,0.61925,0.61865,11,490
2017-11-15 15:38:33.189000,0.6192,0.61865,33,364
2017-11-15 15:38:33.290000,0.61925,0.61865,11,490
2017-11-15 15:38:38.309000,0.6192,0.61865,33,364
2017-11-15 15:38:38.511000,0.61925,0.61865,11,490
2017-11-15 15:38:38.562000,0.6192,0.61865,33,364
2017-11-15 15:38:39.140000,0.61925,0.61865,11,490
2017-11-15 15:38:41.590000,0.61925,0.6187,11,126
2017-11-15 15:38:41.641000,0.61925,0.61865,11,490
2017-11-15 15:39:07.471000,0.61925,0.6187,11,126
2017-11-15 15:39:07.522000,0.61925,0.61865,11,490
2017-11-15 15:39:07.834000,0.6192,0.61865,33,364
2017-11-15 15:39:08.248000,0.61925,0.61865,11,490
2017-11-15 15:39:12.102000,0.6192,0.61865,33,364
2017-11-15 15:39:12.270000,0.61925,0.61865,11,490
2017-11-15 15:39:18.376000,0.61915,0.61865,33,364
2017-11-15 15:39:18.427000,0.61915,0.61855,11,490
2017-11-15 15:39:18.599000,0.6191,0.61855,33,364
2017-11-15 15:39:19.123000,0.61905,0.6185,11,126
2017-11-15 15:39:19.174000,0.61905,0.61845,11,490
2017-11-15 15:39:19.276000,0.61905,0.61855,11,126
2017-11-15 15:39:19.327000,0.61915,0.61855,11,490
2017-11-15 15:39:21.663000,0.61915,0.6186,11,126
2017-11-15 15:39:21.714000,0.61925,0.61865,11,490
2017-11-15 15:39:22.070000,0.6192,0.61865,33,364
2017-11-15 15:39:22.257000,0.61915,0.61855,11,490
2017-11-15 15:39:23.513000,0.61915,0.61865,11,126
2017-11-15 15:39:23.668000,0.61925,0.61865,11,490
2017-11-15 15:39:24.904000,0.61925,0.61875,11,126
2017-11-15 15:39:25.106000,0.61935,0.6188,11,126
2017-11-15 15:39:25.249000,0.61935,0.61875,11,490
2017-11-15 15:39:25.300000,0.61925,0.61875,33,364
2017-11-15 15:39:25.401000,0.61925,0.61865,11,490
2017-11-15 15:39:26.182000,0.6192,0.61865,33,364
2017-11-15 15:39:28.569000,0.61925,0.61865,11,490
2017-11-15 15:39:36.594000,0.61925,0.61875,11,126
2017-11-15 15:39:36.645000,0.61925,0.61865,11,490
2017-11-15 15:39:46.091000,0.61925,0.6187,11,126
2017-11-15 15:39:46.192000,0.61925,0.61865,11,490
2017-11-15 15:39:46.242000,0.61925,0.6187,11,126
2017-11-15 15:39:46.293000,0.61935,0.61875,11,490
2017-11-15 15:39:46.343000,0.6193,0.61875,33,364
2017-11-15 15:39:46.602000,0.61935,0.61875,11,490
2017-11-15 15:39:48.759000,0.6193,0.61875,33,364
2017-11-15 15:39:51.049000,0.61935,0.61875,11,490
2017-11-15 15:39:53.423000,0.61925,0.61875,33,364
2017-11-15 15:39:53.474000,0.61935,0.61875,11,490
2017-11-15 15:39:53.524000,0.6193,0.61875,33,364
2017-11-15 15:39:53.575000,0.61925,0.61865,11,490
2017-11-15 15:39:55.217000,0.61925,0.61875,11,126
2017-11-15 15:39:55.405000,0.61935,0.61875,11,490
2017-11-15 15:39:59.463000,0.6193,0.61875,33,364
2017-11-15 15:39:59.975000,0.61925,0.6187,11,126
2017-11-15 15:40:00.710000,0.61925,0.61865,11,490
2017-11-15 15:40:00.761000,0.61925,0.6187,11,126
2017-11-15 15:40:01.296000,0.6193,0.61875,33,364
2017-11-15 15:40:01.385000,0.61935,0.61875,11,490
2017-11-15 15:40:24.511000,0.61935,0.61885,12,126
2017-11-15 15:40:24.562000,0.61935,0.6188,12,126
2017-11-15 15:40:24.713000,0.6194,0.61885,33,363
2017-11-15 15:40:26.479000,0.61945,0.61885,12,489
2017-11-15 15:40:26.629000,0.61945,0.61895,12,126
2017-11-15 15:40:26.680000,0.61955,0.61895,12,489
2017-11-15 15:40:27.955000,0.61955,0.61905,12,126
2017-11-15 15:40:28.005000,0.61955,0.619,12,126
2017-11-15 15:40:28.056000,0.61955,0.61905,12,126
2017-11-15 15:40:28.106000,0.61965,0.61905,12,489
2017-11-15 15:40:31.542000,0.6196,0.61905,33,363
2017-11-15 15:40:31.837000,0.61965,0.61905,12,489
2017-11-15 15:40:35.649000,0.6196,0.61905,33,363
2017-11-15 15:40:35.863000,0.61965,0.61905,12,489
2017-11-15 15:40:37.299000,0.61965,0.61915,12,126
2017-11-15 15:40:37.350000,0.61975,0.61915,12,489
2017-11-15 15:40:37.401000,0.6196,0.61915,33,363
2017-11-15 15:40:37.519000,0.61965,0.61915,33,363
2017-11-15 15:40:37.620000,0.61965,0.61905,12,489
2017-11-15 15:40:37.670000,0.6197,0.61915,33,363
2017-11-15 15:40:37.834000,0.61995,0.61935,12,489
2017-11-15 15:40:37.884000,0.6199,0.61935,33,363
2017-11-15 15:40:38.074000,0.61985,0.61925,12,489
2017-11-15 15:40:38.125000,0.61975,0.61925,33,363
2017-11-15 15:40:38.175000,0.61975,0.61915,12,489
2017-11-15 15:40:38.292000,0.61975,0.6192,12,126
2017-11-15 15:40:38.392000,0.61985,0.61925,12,489
2017-11-15 15:40:39.778000,0.61985,0.6193,12,126
2017-11-15 15:40:40.032000,0.61995,0.61935,12,489
2017-11-15 15:40:40.277000,0.61995,0.6194,12,126
2017-11-15 15:40:40.430000,0.62005,0.61945,12,489
2017-11-15 15:40:40.488000,0.62005,0.61955,12,126
2017-11-15 15:40:40.538000,0.62005,0.6195,12,126
2017-11-15 15:40:40.639000,0.62015,0.61955,12,489
2017-11-15 15:40:40.689000,0.62015,0.61965,12,126
2017-11-15 15:40:40.740000,0.62015,0.6196,12,126
2017-11-15 15:40:40.790000,0.62015,0.61965,12,126
2017-11-15 15:40:40.932000,0.62025,0.61965,12,489
2017-11-15 15:40:40.984000,0.6202,0.61965,33,363
2017-11-15 15:40:41.419000,0.62015,0.61965,12,126
2017-11-15 15:40:41.470000,0.62025,0.61965,12,489
2017-11-15 15:40:42.689000,0.62025,0.61975,11,126
2017-11-15 15:40:42.787000,0.62025,0.6197,11,126
2017-11-15 15:40:42.838000,0.62025,0.61985,11,126
2017-11-15 15:40:42.888000,0.62025,0.61975,11,126
2017-11-15 15:40:43.018000,0.62035,0.61975,11,490
2017-11-15 15:40:43.753000,0.62035,0.6199,11,126
2017-11-15 15:40:43.854000,0.62035,0.61985,11,126
2017-11-15 15:40:43.905000,0.62035,0.61975,11,490
2017-11-15 15:40:43.956000,0.62025,0.6197,11,126
2017-11-15 15:40:44.175000,0.62035,0.61975,11,490
2017-11-15 15:40:44.276000,0.6203,0.61975,33,364
2017-11-15 15:40:44.326000,0.62035,0.61975,11,490
2017-11-15 15:40:45.558000,0.6203,0.61975,33,364
2017-11-15 15:40:45.636000,0.62035,0.61975,11,490
2017-11-15 15:40:45.759000,0.6203,0.61975,33,364
2017-11-15 15:40:46.273000,0.62035,0.61975,11,490
2017-11-15 15:40:46.323000,0.62025,0.6197,11,126
2017-11-15 15:40:46.374000,0.62025,0.61965,11,490
2017-11-15 15:40:46.475000,0.62025,0.6197,11,126
2017-11-15 15:40:46.583000,0.62035,0.61975,11,364
2017-11-15 15:40:46.645000,0.62025,0.6197,11,126
2017-11-15 15:40:46.906000,0.62025,0.61965,11,490
2017-11-15 15:40:47.111000,0.62015,0.61965,33,364
2017-11-15 15:40:47.276000,0.62015,0.61955,11,490
2017-11-15 15:40:47.977000,0.62015,0.61965,11,126
2017-11-15 15:40:48.028000,0.62015,0.6196,11,126
2017-11-15 15:40:48.129000,0.62015,0.61955,11,490
2017-11-15 15:40:48.237000,0.62015,0.6196,11,126
2017-11-15 15:40:48.643000,0.62015,0.61955,11,490
2017-11-15 15:40:49.992000,0.62015,0.61965,11,126
2017-11-15 15:40:50.170000,0.62025,0.61965,11,490
2017-11-15 15:40:50.691000,0.6203,0.61975,33,364
2017-11-15 15:40:50.838000,0.62035,0.61975,11,490
2017-11-15 15:40:51.108000,0.62035,0.6198,11,126
2017-11-15 15:40:51.402000,0.62035,0.61975,11,490
2017-11-15 15:40:51.518000,0.62035,0.61985,11,126
2017-11-15 15:40:51.568000,0.62045,0.6199,11,126
2017-11-15 15:40:51.619000,0.62045,0.61985,11,490
2017-11-15 15:40:51.826000,0.62045,0.61995,11,126
2017-11-15 15:40:51.876000,0.62045,0.6199,11,126
2017-11-15 15:40:51.927000,0.6205,0.61995,33,364
2017-11-15 15:40:52.060000,0.62055,0.61995,11,490
2017-11-15 15:40:52.143000,0.6205,0.61995,33,364
2017-11-15 15:40:52.243000,0.62045,0.61985,11,490
2017-11-15 15:40:52.399000,0.62045,0.61995,11,126
2017-11-15 15:40:52.567000,0.62055,0.61995,11,490
2017-11-15 15:40:52.618000,0.6205,0.61995,33,364
2017-11-15 15:40:52.668000,0.62055,0.61995,11,490
2017-11-15 15:40:53.748000,0.6205,0.61995,33,364
2017-11-15 15:40:53.906000,0.62055,0.61995,11,490
2017-11-15 15:40:54.042000,0.6205,0.61995,33,364
2017-11-15 15:40:54.092000,0.62055,0.61995,11,490
2017-11-15 15:40:55.235000,0.62055,0.62,11,126
2017-11-15 15:40:55.644000,0.6206,0.62005,34,364
2017-11-15 15:40:56.103000,0.62055,0.62,11,126
2017-11-15 15:40:56.153000,0.62055,0.61995,11,490
2017-11-15 15:40:56.553000,0.62055,0.62,11,126
2017-11-15 15:40:56.807000,0.62055,0.61995,11,490
2017-11-15 15:40:56.858000,0.62055,0.62,11,126
2017-11-15 15:40:57.297000,0.6206,0.62005,34,364
2017-11-15 15:40:57.532000,0.62065,0.62005,11,490
2017-11-15 15:40:57.582000,0.6206,0.62005,34,364
2017-11-15 15:40:57.954000,0.62055,0.62,11,126
2017-11-15 15:40:58.422000,0.62055,0.61995,11,490
2017-11-15 15:40:58.473000,0.62055,0.62,11,126
2017-11-15 15:40:58.602000,0.62065,0.62005,11,490
2017-11-15 15:40:59.085000,0.62065,0.62015,11,126
2017-11-15 15:40:59.185000,0.62065,0.6201,11,126
2017-11-15 15:40:59.236000,0.62065,0.62005,11,490
2017-11-15 15:40:59.287000,0.6206,0.62005,34,364
2017-11-15 15:40:59.337000,0.62065,0.62005,11,490
2017-11-15 15:40:59.473000,0.62065,0.6201,11,126
2017-11-15 15:40:59.799000,0.62075,0.62015,11,364
2017-11-15 15:40:59.849000,0.62065,0.6201,11,126
2017-11-15 15:41:00.047000,0.62065,0.62005,11,490
2017-11-15 15:41:00.462000,0.6206,0.62005,34,364
2017-11-15 15:41:00.541000,0.62065,0.62005,11,490
2017-11-15 15:41:00.595000,0.6206,0.62005,34,364
2017-11-15 15:41:00.646000,0.62065,0.62005,11,490
2017-11-15 15:41:00.747000,0.6206,0.62005,34,364
2017-11-15 15:41:00.889000,0.62065,0.62005,11,490
2017-11-15 15:41:01.037000,0.6206,0.62005,34,364
2017-11-15 15:41:01.438000,0.62085,0.62025,11,490
2017-11-15 15:41:01.488000,0.6208,0.62025,34,364
2017-11-15 15:41:01.759000,0.62075,0.62015,11,490
2017-11-15 15:41:01.972000,0.62075,0.62025,11,126
2017-11-15 15:41:02.023000,0.62075,0.6202,11,126
2017-11-15 15:41:02.153000,0.6208,0.62025,34,364
2017-11-15 15:41:02.346000,0.62085,0.62025,11,490
2017-11-15 15:41:02.802000,0.62085,0.62035,11,126
2017-11-15 15:41:02.853000,0.62085,0.6203,11,126
2017-11-15 15:41:02.954000,0.62085,0.62025,11,490
2017-11-15 15:41:03.157000,0.6208,0.62025,34,364
2017-11-15 15:41:04.202000,0.62075,0.62025,34,364
2017-11-15 15:41:04.253000,0.6208,0.62025,34,364
2017-11-15 15:41:04.303000,0.62075,0.6202,11,126
2017-11-15 15:41:04.485000,0.62085,0.62025,11,490
2017-11-15 15:41:04.551000,0.6208,0.62025,34,364
2017-11-15 15:41:05.670000,0.62085,0.62025,11,490
2017-11-15 15:41:06.214000,0.6208,0.62025,34,364
2017-11-15 15:41:06.264000,0.62075,0.62015,11,490
2017-11-15 15:41:06.315000,0.62075,0.6202,11,126
2017-11-15 15:41:06.665000,0.6208,0.62025,34,364
2017-11-15 15:41:07.047000,0.62085,0.62025,11,490
2017-11-15 15:41:07.307000,0.6208,0.62025,33,364
2017-11-15 15:41:07.583000,0.62075,0.62015,11,490
2017-11-15 15:41:07.706000,0.62075,0.62025,33,364
2017-11-15 15:41:07.757000,0.6208,0.62025,33,364
2017-11-15 15:41:08.036000,0.62085,0.62025,11,490
2017-11-15 15:41:08.089000,0.6208,0.62025,33,364
2017-11-15 15:41:08.521000,0.62075,0.62015,11,490
2017-11-15 15:41:08.698000,0.62075,0.6202,11,126
2017-11-15 15:41:11.242000,0.62075,0.62015,11,490
2017-11-15 15:41:11.292000,0.62075,0.6202,11,126
2017-11-15 15:41:11.741000,0.62075,0.62015,11,490
2017-11-15 15:41:11.792000,0.6207,0.62015,33,364
2017-11-15 15:41:12.120000,0.62065,0.62005,11,490
2017-11-15 15:41:12.170000,0.62055,0.62005,33,364
2017-11-15 15:41:12.266000,0.62055,0.61995,11,490
2017-11-15 15:41:12.771000,0.62055,0.62005,11,126
2017-11-15 15:41:12.948000,0.62075,0.62015,11,490
2017-11-15 15:41:15.212000,0.62065,0.62015,33,364
2017-11-15 15:41:15.350000,0.62065,0.62005,11,490
2017-11-15 15:41:17.038000,0.6206,0.62005,33,364
2017-11-15 15:41:17.203000,0.62055,0.61995,11,490
2017-11-15 15:41:19.295000,0.6205,0.61995,33,364
2017-11-15 15:41:19.446000,0.62045,0.61985,11,490
2017-11-15 15:41:21.507000,0.6204,0.61985,33,364
2017-11-15 15:41:22.030000,0.62035,0.61975,11,490
2017-11-15 15:41:22.196000,0.6203,0.61975,33,364
2017-11-15 15:41:23.083000,0.62025,0.6197,11,126
2017-11-15 15:41:23.134000,0.62025,0.61965,11,490
2017-11-15 15:41:26.019000,0.62025,0.61975,11,126
2017-11-15 15:41:26.070000,0.62025,0.6197,11,126
2017-11-15 15:41:26.179000,0.6203,0.61975,33,364
2017-11-15 15:41:26.230000,0.62035,0.61975,11,490
2017-11-15 15:41:26.280000,0.62035,0.61985,11,126
2017-11-15 15:41:26.381000,0.62035,0.6198,11,126
2017-11-15 15:41:26.432000,0.62035,0.61975,11,490
2017-11-15 15:41:26.482000,0.6203,0.61975,33,364
2017-11-15 15:41:26.533000,0.62025,0.61965,11,490
2017-11-15 15:41:27.877000,0.62025,0.6197,11,126
2017-11-15 15:41:28.295000,0.62045,0.61985,11,490
2017-11-15 15:41:28.477000,0.6205,0.61995,33,364
2017-11-15 15:41:28.527000,0.62055,0.61995,11,490
2017-11-15 15:41:28.968000,0.6205,0.61995,33,364
2017-11-15 15:41:29.108000,0.62055,0.61995,11,490
2017-11-15 15:41:30.354000,0.62055,0.62,11,126
2017-11-15 15:41:30.545000,0.62065,0.62005,11,490
2017-11-15 15:41:30.863000,0.6206,0.62005,33,364
2017-11-15 15:41:31.294000,0.62065,0.62005,11,490
2017-11-15 15:41:32.084000,0.62065,0.6201,11,126
2017-11-15 15:41:32.574000,0.62065,0.62005,11,490
2017-11-15 15:41:32.624000,0.6206,0.62005,33,364
2017-11-15 15:41:32.675000,0.62065,0.62005,11,490
2017-11-15 15:41:32.849000,0.6206,0.62005,33,364
2017-11-15 15:41:33.424000,0.62065,0.62005,11,490
2017-11-15 15:41:34.007000,0.6206,0.62005,33,364
2017-11-15 15:41:34.153000,0.62055,0.61995,11,490
2017-11-15 15:41:34.316000,0.62055,0.62,11,126
2017-11-15 15:41:34.720000,0.62065,0.62005,11,490
2017-11-15 15:41:35.154000,0.62065,0.62015,11,126
2017-11-15 15:41:35.305000,0.62065,0.6201,11,126
2017-11-15 15:41:35.804000,0.62065,0.62005,11,490
2017-11-15 15:41:36.179000,0.6206,0.62005,33,364
2017-11-15 15:41:37.033000,0.62055,0.62,11,126
2017-11-15 15:41:37.084000,0.62055,0.61995,11,490
2017-11-15 15:41:37.667000,0.62055,0.62005,33,364
2017-11-15 15:41:37.718000,0.6206,0.62005,33,364
2017-11-15 15:41:38.346000,0.62055,0.62,11,126
2017-11-15 15:41:38.397000,0.62055,0.61995,11,490
2017-11-15 15:41:40.039000,0.62055,0.62005,33,364
2017-11-15 15:41:40.090000,0.6206,0.62005,33,364
2017-11-15 15:41:41.431000,0.62065,0.62005,11,490
2017-11-15 15:41:41.581000,0.6206,0.62005,33,364
2017-11-15 15:41:42.636000,0.62055,0.62,11,126
2017-11-15 15:41:42.687000,0.62055,0.61995,11,490
2017-11-15 15:41:43.899000,0.6205,0.61995,32,364
2017-11-15 15:41:44.046000,0.62045,0.61985,11,490
2017-11-15 15:41:44.677000,0.6204,0.61985,32,364
2017-11-15 15:41:45.155000,0.62035,0.6198,11,126
2017-11-15 15:41:45.205000,0.62035,0.61975,11,490
2017-11-15 15:41:45.433000,0.62035,0.61985,11,126
2017-11-15 15:41:45.484000,0.62035,0.6198,11,126
2017-11-15 15:41:45.534000,0.6204,0.61985,32,364
2017-11-15 15:41:46.428000,0.62045,0.61985,11,490
2017-11-15 15:41:48.097000,0.62045,0.6199,11,126
2017-11-15 15:41:48.148000,0.62055,0.61995,11,490
2017-11-15 15:41:48.400000,0.6205,0.61995,32,364
2017-11-15 15:41:49.034000,0.62055,0.61995,11,490
2017-11-15 15:41:49.274000,0.6205,0.61995,32,364
2017-11-15 15:41:49.612000,0.62055,0.61995,11,490
2017-11-15 15:41:53.472000,0.62055,0.62,11,126
2017-11-15 15:41:54.081000,0.6206,0.62005,32,364
2017-11-15 15:41:54.382000,0.62055,0.61995,11,490
2017-11-15 15:41:54.483000,0.6205,0.61995,32,364
2017-11-15 15:41:54.825000,0.62045,0.6199,11,126
2017-11-15 15:41:54.875000,0.62045,0.61985,11,490
2017-11-15 15:41:59.954000,0.62045,0.6199,11,126
2017-11-15 15:42:00.289000,0.62055,0.61995,11,490
2017-11-15 15:42:00.903000,0.62055,0.62,11,126
2017-11-15 15:42:01.437000,0.6206,0.62005,32,364
2017-11-15 15:42:01.757000,0.62065,0.62005,11,490
2017-11-15 15:42:01.808000,0.6206,0.62005,32,364
2017-11-15 15:42:01.945000,0.62065,0.62005,11,490
2017-11-15 15:42:03.429000,0.62065,0.62015,11,126
2017-11-15 15:42:03.593000,0.62075,0.62015,11,490
2017-11-15 15:42:04.510000,0.6207,0.62015,32,364
2017-11-15 15:42:05.175000,0.62065,0.6201,11,126
2017-11-15 15:42:05.226000,0.62065,0.62005,11,490
2017-11-15 15:42:06.254000,0.62065,0.6201,11,126
2017-11-15 15:42:06.770000,0.6207,0.62015,32,364
2017-11-15 15:42:07.945000,0.62065,0.6201,11,126
2017-11-15 15:42:07.996000,0.62065,0.62005,11,490
2017-11-15 15:42:08.086000,0.62065,0.6201,11,126
2017-11-15 15:42:08.530000,0.6207,0.62015,32,364
2017-11-15 15:42:08.980000,0.62065,0.6201,11,126
2017-11-15 15:42:09.031000,0.62065,0.62005,11,490
2017-11-15 15:42:10.229000,0.6206,0.62005,32,364
2017-11-15 15:42:10.517000,0.62055,0.61995,11,490
2017-11-15 15:42:10.626000,0.6205,0.61995,32,364
2017-11-15 15:42:10.743000,0.62055,0.61995,11,490
2017-11-15 15:42:11.274000,0.6205,0.61995,32,364
2017-11-15 15:42:14.691000,0.62045,0.6199,11,126
2017-11-15 15:42:14.741000,0.62045,0.61985,11,490
2017-11-15 15:42:16.094000,0.62045,0.6199,11,126
2017-11-15 15:42:16.561000,0.6205,0.61995,32,364
2017-11-15 15:42:16.941000,0.62045,0.61985,11,490
2017-11-15 15:42:19.648000,0.62045,0.61995,11,126
2017-11-15 15:42:19.749000,0.62045,0.6199,11,126
2017-11-15 15:42:19.800000,0.6205,0.61995,32,364
2017-11-15 15:42:21.959000,0.62055,0.61995,11,490
2017-11-15 15:42:22.060000,0.6205,0.61995,32,364
2017-11-15 15:42:22.111000,0.62045,0.61985,11,490
2017-11-15 15:42:22.203000,0.62045,0.6199,11,126
2017-11-15 15:42:22.304000,0.62045,0.61985,11,490
2017-11-15 15:42:22.355000,0.62045,0.6199,11,126
2017-11-15 15:42:22.920000,0.6205,0.61995,32,364
2017-11-15 15:42:23.250000,0.62045,0.6199,11,126
2017-11-15 15:42:23.579000,0.6205,0.61995,32,364
2017-11-15 15:42:23.910000,0.62045,0.61995,32,364
2017-11-15 15:42:23.961000,0.62045,0.61985,11,490
2017-11-15 15:42:24.320000,0.62045,0.6199,11,126
2017-11-15 15:42:24.370000,0.62055,0.61995,11,490
2017-11-15 15:42:26.018000,0.62055,0.62005,32,364
2017-11-15 15:42:26.069000,0.6206,0.62005,32,364
2017-11-15 15:42:26.614000,0.62055,0.62005,32,364
2017-11-15 15:42:26.701000,0.62065,0.62005,11,490
2017-11-15 15:42:35.667000,0.6206,0.62005,32,364
2017-11-15 15:42:36.166000,0.6205,0.61995,32,364
2017-11-15 15:42:36.561000,0.62045,0.6199,11,126
2017-11-15 15:42:36.611000,0.62045,0.61985,11,490
2017-11-15 15:42:36.700000,0.62045,0.6199,11,126
2017-11-15 15:42:36.750000,0.62045,0.61985,11,490
2017-11-15 15:42:45.941000,0.62035,0.61985,32,364
2017-11-15 15:42:46.043000,0.62035,0.61975,11,490
2017-11-15 15:42:49.452000,0.6203,0.61975,32,364
2017-11-15 15:42:49.929000,0.62025,0.6197,11,126
2017-11-15 15:42:53.383000,0.62025,0.61965,11,490
2017-11-15 15:42:53.434000,0.6203,0.61975,32,364
2017-11-15 15:42:55.277000,0.62025,0.6197,11,126
2017-11-15 15:42:55.328000,0.62025,0.61965,11,490
2017-11-15 15:42:55.634000,0.62025,0.6197,11,126
2017-11-15 15:42:56.133000,0.6203,0.61975,32,364
2017-11-15 15:42:59.038000,0.62025,0.6197,11,126
2017-11-15 15:42:59.205000,0.62025,0.61965,11,490
2017-11-15 15:42:59.362000,0.62015,0.61965,11,126
2017-11-15 15:42:59.412000,0.62015,0.6196,11,126
2017-11-15 15:43:00.387000,0.62015,0.61955,11,490
2017-11-15 15:43:00.438000,0.62015,0.61965,11,126
2017-11-15 15:43:00.570000,0.62025,0.61965,11,490
2017-11-15 15:43:05.927000,0.62025,0.6197,11,126
2017-11-15 15:43:06.028000,0.62035,0.61975,11,490
2017-11-15 15:43:11.846000,0.62035,0.6198,11,126
2017-11-15 15:43:12.285000,0.6204,0.61985,32,364
2017-11-15 15:43:12.938000,0.62045,0.61985,11,490
2017-11-15 15:43:14.983000,0.62045,0.61995,11,126
2017-11-15 15:43:15.379000,0.62055,0.61995,11,490
2017-11-15 15:43:18.556000,0.62055,0.62,11,126
2017-11-15 15:43:18.656000,0.62065,0.62005,11,364
2017-11-15 15:43:18.707000,0.62055,0.62005,11,126
2017-11-15 15:43:18.758000,0.62055,0.62,11,126
2017-11-15 15:43:18.864000,0.62055,0.62005,11,126
2017-11-15 15:43:18.915000,0.62065,0.62005,11,490
2017-11-15 15:43:19.328000,0.6206,0.62005,32,364
2017-11-15 15:43:19.841000,0.62055,0.62,11,126
2017-11-15 15:43:19.891000,0.62055,0.61995,11,490
2017-11-15 15:43:23.462000,0.6205,0.61995,32,364
2017-11-15 15:43:23.604000,0.62045,0.61985,11,490
2017-11-15 15:43:25.306000,0.62045,0.61995,32,364
2017-11-15 15:43:25.357000,0.6205,0.61995,32,364
2017-11-15 15:43:29.869000,0.62055,0.61995,11,490
2017-11-15 15:43:31.598000,0.62055,0.62005,32,364
2017-11-15 15:43:31.649000,0.6206,0.62005,32,364
2017-11-15 15:43:31.749000,0.62065,0.62005,11,490
2017-11-15 15:43:31.800000,0.62055,0.62,11,126
2017-11-15 15:43:31.862000,0.62055,0.61995,11,490
2017-11-15 15:43:32.070000,0.62055,0.62,11,126
2017-11-15 15:43:32.679000,0.6206,0.62005,32,364
2017-11-15 15:43:32.935000,0.62065,0.62005,11,490
2017-11-15 15:43:34.499000,0.62065,0.62015,11,126
2017-11-15 15:43:34.644000,0.62075,0.62015,11,490
2017-11-15 15:43:35.430000,0.6207,0.62015,32,364
2017-11-15 15:43:35.481000,0.62075,0.62015,11,490
2017-11-15 15:43:35.538000,0.6207,0.62015,32,364
2017-11-15 15:43:35.597000,0.62075,0.62015,11,490
2017-11-15 15:43:35.958000,0.62075,0.6202,11,126
2017-11-15 15:43:36.008000,0.62075,0.62015,11,490
2017-11-15 15:43:36.109000,0.6208,0.62025,32,364
2017-11-15 15:43:36.428000,0.62075,0.62015,11,490
2017-11-15 15:43:38.715000,0.62075,0.6202,11,126
2017-11-15 15:43:39.057000,0.62085,0.62025,11,490
2017-11-15 15:43:39.108000,0.62085,0.62035,11,126
2017-11-15 15:43:39.227000,0.62095,0.62035,11,490
2017-11-15 15:43:42.340000,0.62095,0.62045,11,126
2017-11-15 15:43:42.391000,0.62095,0.6204,11,126
2017-11-15 15:43:45.232000,0.62095,0.62035,11,490
2017-11-15 15:43:45.282000,0.621,0.62045,32,364
2017-11-15 15:43:45.600000,0.62105,0.62045,11,490
2017-11-15 15:43:45.702000,0.621,0.62045,32,364
2017-11-15 15:43:46.055000,0.62105,0.62045,11,490
2017-11-15 15:43:46.106000,0.621,0.62045,32,364
2017-11-15 15:43:46.413000,0.62105,0.62045,11,490
2017-11-15 15:43:47.474000,0.621,0.62045,32,364
2017-11-15 15:43:47.805000,0.62095,0.62085,11,126
2017-11-15 15:43:47.855000,0.62135,0.62085,11,126
2017-11-15 15:43:47.978000,0.62135,0.6208,11,126
2017-11-15 15:43:48.079000,0.62135,0.62085,11,126
2017-11-15 15:43:48.180000,0.62145,0.62085,11,490
2017-11-15 15:43:48.399000,0.62145,0.6209,11,126
2017-11-15 15:43:48.531000,0.62155,0.62095,11,490
2017-11-15 15:43:48.582000,0.6215,0.62095,32,364
2017-11-15 15:43:48.632000,0.62155,0.62095,11,490
2017-11-15 15:43:48.683000,0.6215,0.62095,32,364
2017-11-15 15:43:48.754000,0.62155,0.62095,11,364
2017-11-15 15:43:48.851000,0.62145,0.6209,11,126
2017-11-15 15:43:48.901000,0.62145,0.62085,11,490
2017-11-15 15:43:49.379000,0.6214,0.62085,32,364
2017-11-15 15:43:49.518000,0.62135,0.62075,11,490
2017-11-15 15:43:49.595000,0.62135,0.6208,11,126
2017-11-15 15:43:49.696000,0.62145,0.62085,11,490
2017-11-15 15:43:49.746000,0.62145,0.6209,11,126
2017-11-15 15:43:49.889000,0.62155,0.62095,11,490
2017-11-15 15:43:49.940000,0.6215,0.62095,32,364
2017-11-15 15:43:50.091000,0.62155,0.62095,11,364
2017-11-15 15:43:50.162000,0.62145,0.6209,11,126
2017-11-15 15:43:50.406000,0.62145,0.62085,11,490
2017-11-15 15:43:50.494000,0.62145,0.6209,11,126
2017-11-15 15:43:50.659000,0.62155,0.62095,11,490
2017-11-15 15:43:51.057000,0.62145,0.6209,11,126
2017-11-15 15:43:51.108000,0.62145,0.62085,11,490
2017-11-15 15:43:51.158000,0.62145,0.6209,11,126
2017-11-15 15:43:51.607000,0.6215,0.62095,32,364
2017-11-15 15:43:51.847000,0.62155,0.62095,11,364
2017-11-15 15:43:51.897000,0.62145,0.62095,31,364
2017-11-15 15:43:51.998000,0.62135,0.6208,11,126
2017-11-15 15:43:52.268000,0.62135,0.62075,11,490
2017-11-15 15:43:52.319000,0.62135,0.6208,11,126
2017-11-15 15:43:52.649000,0.62135,0.62075,11,490
2017-11-15 15:43:52.766000,0.62135,0.6208,11,126
2017-11-15 15:43:53.168000,0.62135,0.62075,11,490
2017-11-15 15:43:54.072000,0.62135,0.6209,11,126
2017-11-15 15:43:54.123000,0.62135,0.62085,11,126
2017-11-15 15:43:54.195000,0.62145,0.62085,11,490
2017-11-15 15:43:56.052000,0.62135,0.62085,31,364
2017-11-15 15:43:56.172000,0.62135,0.62075,11,490
2017-11-15 15:43:56.226000,0.62135,0.6208,11,126
2017-11-15 15:43:56.454000,0.62135,0.62075,11,490
2017-11-15 15:43:56.782000,0.62135,0.6208,11,126
2017-11-15 15:43:57.320000,0.62135,0.62075,11,490
2017-11-15 15:43:57.421000,0.62135,0.62085,11,126
2017-11-15 15:43:57.471000,0.62135,0.6208,11,126
2017-11-15 15:43:57.522000,0.6214,0.62085,31,364
2017-11-15 15:43:57.786000,0.62145,0.62085,11,364
2017-11-15 15:43:57.921000,0.62135,0.6208,11,126
2017-11-15 15:43:57.983000,0.62135,0.62075,11,490
2017-11-15 15:43:58.033000,0.6213,0.62075,31,364
2017-11-15 15:43:58.084000,0.62135,0.62075,11,490
2017-11-15 15:43:58.441000,0.6213,0.62075,31,364
2017-11-15 15:43:58.775000,0.62125,0.62075,31,364
2017-11-15 15:43:58.917000,0.62115,0.62055,11,490
2017-11-15 15:43:58.968000,0.62115,0.6206,11,126
2017-11-15 15:43:59.178000,0.62115,0.62055,11,490
2017-11-15 15:43:59.239000,0.62105,0.62055,11,126
2017-11-15 15:43:59.289000,0.62105,0.62045,11,490
2017-11-15 15:43:59.949000,0.62105,0.62055,10,126
2017-11-15 15:44:00.116000,0.62115,0.62055,10,491
2017-11-15 15:44:01.670000,0.62115,0.6206,10,126
2017-11-15 15:44:01.855000,0.62125,0.62065,10,491
2017-11-15 15:44:02.646000,0.62125,0.62085,10,126
2017-11-15 15:44:02.697000,0.62125,0.6208,10,126
2017-11-15 15:44:02.798000,0.62125,0.62085,10,126
2017-11-15 15:44:02.848000,0.62145,0.62085,10,491
2017-11-15 15:44:04.920000,0.62155,0.62095,10,491
2017-11-15 15:44:05.386000,0.62155,0.62105,31,365
2017-11-15 15:44:05.436000,0.6216,0.62105,31,365
2017-11-15 15:44:06.125000,0.62155,0.621,10,126
2017-11-15 15:44:06.176000,0.62155,0.62095,10,491
2017-11-15 15:44:06.320000,0.62155,0.621,10,126
2017-11-15 15:44:06.572000,0.62155,0.62095,10,491
2017-11-15 15:44:06.901000,0.6215,0.62095,31,365
2017-11-15 15:44:06.952000,0.62155,0.62095,10,491
2017-11-15 15:44:07.003000,0.62155,0.621,10,126
2017-11-15 15:44:07.408000,0.62155,0.62095,10,491
2017-11-15 15:44:08.255000,0.62155,0.621,10,126
2017-11-15 15:44:08.309000,0.62155,0.62095,10,491
2017-11-15 15:44:09.461000,0.62155,0.621,10,126
2017-11-15 15:44:09.653000,0.62155,0.62095,10,491
2017-11-15 15:44:09.980000,0.6215,0.62095,31,365
2017-11-15 15:44:10.036000,0.62155,0.62095,10,491
2017-11-15 15:44:10.086000,0.6215,0.62095,31,365
2017-11-15 15:44:10.522000,0.62145,0.6209,10,126
2017-11-15 15:44:10.572000,0.62145,0.62085,10,491
2017-11-15 15:44:11.365000,0.6214,0.62085,31,365
2017-11-15 15:44:11.508000,0.62135,0.62075,10,491
2017-11-15 15:44:12.067000,0.62135,0.62085,10,126
2017-11-15 15:44:12.252000,0.62145,0.62085,10,491
2017-11-15 15:44:12.384000,0.62135,0.62085,31,365
2017-11-15 15:44:12.435000,0.62135,0.62075,10,491
2017-11-15 15:44:13.030000,0.62135,0.6208,10,126
2017-11-15 15:44:13.086000,0.62135,0.62075,10,491
2017-11-15 15:44:13.136000,0.62135,0.6208,10,126
2017-11-15 15:44:13.363000,0.62145,0.62085,10,365
2017-11-15 15:44:13.418000,0.62135,0.6208,10,126
2017-11-15 15:44:13.572000,0.62135,0.62075,10,491
2017-11-15 15:44:14.746000,0.62135,0.6208,10,126
2017-11-15 15:44:15.171000,0.6214,0.62085,31,365
2017-11-15 15:44:16.224000,0.62135,0.6208,10,126
2017-11-15 15:44:16.274000,0.62135,0.62075,10,491
2017-11-15 15:44:16.336000,0.62135,0.6208,10,126
2017-11-15 15:44:16.823000,0.6214,0.62085,31,365
2017-11-15 15:44:16.886000,0.62145,0.62085,10,491
2017-11-15 15:44:17.598000,0.62145,0.6209,10,126
2017-11-15 15:44:19.875000,0.62145,0.62085,10,491
2017-11-15 15:44:19.925000,0.62145,0.6209,10,126
2017-11-15 15:44:20.454000,0.6215,0.62095,31,365
2017-11-15 15:44:20.631000,0.62155,0.62095,10,491
2017-11-15 15:44:20.732000,0.6215,0.62095,31,365
2017-11-15 15:44:20.783000,0.62155,0.62095,10,491
2017-11-15 15:44:21.398000,0.6215,0.62095,31,365
2017-11-15 15:44:21.542000,0.62145,0.62085,8,493
2017-11-15 15:44:22.362000,0.6214,0.62085,31,367
2017-11-15 15:44:22.554000,0.62135,0.62075,8,493
2017-11-15 15:44:27.744000,0.62135,0.62085,8,126
2017-11-15 15:44:27.845000,0.62145,0.62085,8,493
2017-11-15 15:44:31.135000,0.62145,0.62095,8,126
2017-11-15 15:44:31.269000,0.62155,0.62095,8,493
2017-11-15 15:44:32.895000,0.6215,0.62095,31,367
2017-11-15 15:44:33.042000,0.62145,0.62085,8,493
2017-11-15 15:44:33.461000,0.62135,0.62085,31,367
2017-11-15 15:44:33.512000,0.62135,0.62075,8,493
2017-11-15 15:44:34.121000,0.62135,0.62085,8,126
2017-11-15 15:44:34.249000,0.62145,0.62085,8,493
2017-11-15 15:44:34.857000,0.6214,0.62085,31,367
2017-11-15 15:44:34.966000,0.62135,0.62075,8,493
2017-11-15 15:44:35.842000,0.62135,0.62085,31,367
2017-11-15 15:44:36.151000,0.62135,0.62075,8,493
2017-11-15 15:44:38.367000,0.6213,0.62075,31,367
2017-11-15 15:44:38.546000,0.62125,0.62065,8,493
2017-11-15 15:44:38.789000,0.62125,0.62075,31,367
2017-11-15 15:44:38.839000,0.62135,0.62075,8,367
2017-11-15 15:44:38.950000,0.62125,0.62075,8,126
2017-11-15 15:44:39.001000,0.62125,0.62065,8,493
2017-11-15 15:44:39.453000,0.62125,0.6207,8,126
2017-11-15 15:44:39.606000,0.62135,0.62075,8,493
2017-11-15 15:44:39.698000,0.6213,0.62075,31,367
2017-11-15 15:44:39.749000,0.62135,0.62075,8,493
2017-11-15 15:44:40.547000,0.6213,0.62075,31,367
2017-11-15 15:44:40.648000,0.62135,0.62075,8,493
2017-11-15 15:44:40.743000,0.6213,0.62075,31,367
2017-11-15 15:44:41.478000,0.62125,0.6207,8,126
2017-11-15 15:44:41.528000,0.62125,0.62065,8,493
2017-11-15 15:44:43.941000,0.6212,0.62065,31,367
2017-11-15 15:44:44.006000,0.62125,0.62065,8,493
2017-11-15 15:44:44.107000,0.6212,0.62065,31,367
2017-11-15 15:44:44.411000,0.62115,0.62055,8,493
2017-11-15 15:44:44.902000,0.62115,0.6206,8,126
2017-11-15 15:44:45.103000,0.62125,0.62065,8,493
2017-11-15 15:44:49.957000,0.6212,0.62065,31,367
2017-11-15 15:44:50.242000,0.62125,0.62065,8,493
2017-11-15 15:44:51.234000,0.6212,0.62065,31,367
2017-11-15 15:44:52.127000,0.62125,0.62065,8,493
2017-11-15 15:44:53.580000,0.6212,0.62065,31,367
2017-11-15 15:44:54.205000,0.62115,0.62055,8,493
2017-11-15 15:44:59.406000,0.6211,0.62055,31,367
2017-11-15 15:44:59.962000,0.62105,0.6205,8,126
2017-11-15 15:45:00.518000,0.62105,0.62045,8,493
