time,ask,bid,ask_volume,bid_volume
2017-03-30 12:25:00.485000,1.07421,1.07419,1000000,1000000
2017-03-30 12:25:01.067000,1.07422,1.07419,1500000,1570000
2017-03-30 12:25:01.574000,1.07421,1.07418,1000000,1000000
2017-03-30 12:25:02.080000,1.07422,1.07419,1500000,1000000
2017-03-30 12:25:05.056000,1.07421,1.07418,1000000,1570000
2017-03-30 12:25:05.361000,1.07417,1.07416,1000000,2250000
2017-03-30 12:25:05.462000,1.07417,1.07414,1000000,2620000
2017-03-30 12:25:05.969000,1.07417,1.07414,1000000,1950000
2017-03-30 12:25:06.501000,1.07417,1.07414,1000000,1950000
2017-03-30 12:25:07.007000,1.07416,1.07413,1000000,3450000
2017-03-30 12:25:07.524000,1.07416,1.07413,1000000,1240000
2017-03-30 12:25:11.468000,1.07417,1.07414,1500000,1150000
2017-03-30 12:25:13.088000,1.07417,1.07413,1000000,3110000
2017-03-30 12:25:13.600000,1.07416,1.07414,1000000,1000000
2017-03-30 12:25:14.218000,1.07416,1.07413,1000000,1610000
2017-03-30 12:25:19.720000,1.07417,1.07412,1500000,3410000
2017-03-30 12:25:23.459000,1.07418,1.07413,3750000,1240000
2017-03-30 12:25:24.269000,1.07416,1.07413,1000000,1240000
2017-03-30 12:25:25.433000,1.07417,1.07413,1500000,1240000
2017-03-30 12:25:27.787000,1.07417,1.07413,2250000,1990000
2017-03-30 12:25:28.296000,1.07417,1.07414,1500000,1500000
2017-03-30 12:25:28.832000,1.07417,1.07413,1500000,4240000
2017-03-30 12:25:29.149000,1.07417,1.07415,1000000,1000000
2017-03-30 12:25:29.401000,1.07417,1.07413,1000000,11740000
2017-03-30 12:25:30.018000,1.07417,1.07414,1000000,1000000
2017-03-30 12:25:30.773000,1.07418,1.07414,1500000,1000000
2017-03-30 12:25:31.435000,1.07417,1.07414,1120000,1000000
2017-03-30 12:25:31.975000,1.07418,1.07414,1000000,1500000
2017-03-30 12:25:32.526000,1.07417,1.07414,1000000,1500000
2017-03-30 12:25:33.484000,1.07418,1.07414,1000000,1500000
2017-03-30 12:25:34.002000,1.07417,1.07413,1000000,6490000
2017-03-30 12:25:35.932000,1.07418,1.07413,2250000,7240000
2017-03-30 12:25:36.438000,1.07417,1.07413,1000000,1990000
2017-03-30 12:25:41.306000,1.07416,1.07413,1000000,3840000
2017-03-30 12:25:41.812000,1.07417,1.07413,2400000,3840000
2017-03-30 12:25:45.464000,1.07417,1.07414,1300000,1000000
2017-03-30 12:25:45.926000,1.07418,1.07416,1300000,3750000
2017-03-30 12:25:46.200000,1.07425,1.07424,1000000,1000000
2017-03-30 12:25:46.251000,1.07427,1.07425,1000000,1000000
2017-03-30 12:25:46.403000,1.07426,1.07424,1000000,1500000
2017-03-30 12:25:46.555000,1.07428,1.07424,2250000,1000000
2017-03-30 12:25:47.083000,1.07428,1.07425,1500000,1000000
2017-03-30 12:25:47.235000,1.07427,1.07423,1000000,4590000
2017-03-30 12:25:47.561000,1.07427,1.07425,1500000,1000000
2017-03-30 12:25:48.070000,1.07427,1.07424,1870000,1870000
2017-03-30 12:25:48.576000,1.07426,1.07424,1120000,1120000
2017-03-30 12:25:50.385000,1.07427,1.07425,2250000,1000000
2017-03-30 12:25:50.891000,1.07427,1.07424,1870000,1120000
2017-03-30 12:25:52.347000,1.07427,1.07425,1120000,1500000
2017-03-30 12:25:53.985000,1.07428,1.07424,2250000,2620000
2017-03-30 12:25:55.679000,1.07427,1.07425,1120000,1000000
2017-03-30 12:25:56.401000,1.07429,1.07425,1870000,1000000
2017-03-30 12:26:00.437000,1.07429,1.07427,1120000,1000000
2017-03-30 12:26:00.742000,1.07432,1.0743,1120000,1000000
2017-03-30 12:26:01.281000,1.07432,1.07429,1120000,1000000
2017-03-30 12:26:03.313000,1.07432,1.07428,1120000,1870000
2017-03-30 12:26:03.821000,1.07432,1.07429,1120000,1000000
2017-03-30 12:26:04.334000,1.07432,1.07428,2250000,1120000
2017-03-30 12:26:05.201000,1.07431,1.07428,1000000,1120000
2017-03-30 12:26:05.506000,1.07428,1.07425,1000000,3370000
2017-03-30 12:26:06.011000,1.07428,1.07425,1000000,4500000
2017-03-30 12:26:06.524000,1.07427,1.07424,1000000,5620000
2017-03-30 12:26:06.864000,1.07429,1.07426,1000000,1500000
2017-03-30 12:26:07.371000,1.07428,1.07424,1000000,8810000
2017-03-30 12:26:08.079000,1.0743,1.07426,2250000,4120000
2017-03-30 12:26:08.387000,1.07431,1.07428,1500000,1000000
2017-03-30 12:26:09.019000,1.07431,1.07427,3000000,1870000
2017-03-30 12:26:09.525000,1.07431,1.07428,3750000,1030000
2017-03-30 12:26:10.247000,1.07431,1.07427,3000000,1120000
2017-03-30 12:26:10.753000,1.07431,1.07428,2250000,1870000
2017-03-30 12:26:11.613000,1.07431,1.07429,1000000,1000000
2017-03-30 12:26:12.116000,1.07432,1.07428,2250000,3000000
2017-03-30 12:26:13.599000,1.07432,1.07429,1500000,1000000
2017-03-30 12:26:18.953000,1.07433,1.07431,1000000,4120000
2017-03-30 12:26:19.055000,1.07437,1.07433,3370000,4030000
2017-03-30 12:26:19.106000,1.07437,1.07433,3000000,3280000
2017-03-30 12:26:19.157000,1.07437,1.07435,1500000,1000000
2017-03-30 12:26:19.410000,1.07437,1.07433,1000000,4870000
2017-03-30 12:26:20.222000,1.07438,1.07433,2250000,5910000
2017-03-30 12:26:20.869000,1.07438,1.07433,2250000,7670000
2017-03-30 12:26:22.864000,1.07438,1.07433,2250000,6660000
2017-03-30 12:26:23.824000,1.07438,1.07433,2250000,8230000
2017-03-30 12:26:24.329000,1.07438,1.07433,2620000,7410000
2017-03-30 12:26:26.469000,1.07437,1.07433,1000000,5980000
2017-03-30 12:26:27.514000,1.07437,1.07433,1000000,3560000
2017-03-30 12:26:28.825000,1.07438,1.07433,2620000,2810000
2017-03-30 12:26:31.627000,1.07437,1.07433,1000000,2440000
2017-03-30 12:26:32.196000,1.07437,1.07433,1000000,2440000
2017-03-30 12:26:32.834000,1.07437,1.07433,1000000,3940000
2017-03-30 12:26:33.383000,1.07438,1.07433,1870000,4690000
2017-03-30 12:26:36.168000,1.07439,1.07435,6000000,1000000
2017-03-30 12:26:37.004000,1.07438,1.07435,1000000,1000000
2017-03-30 12:26:37.526000,1.07438,1.07435,3000000,1000000
2017-03-30 12:26:39.671000,1.07438,1.07435,1120000,1000000
2017-03-30 12:26:40.709000,1.07438,1.07434,1500000,2360000
2017-03-30 12:26:49.468000,1.07439,1.07435,4120000,1000000
2017-03-30 12:26:51.066000,1.07438,1.07435,1000000,1000000
2017-03-30 12:26:51.572000,1.07439,1.07436,5250000,1000000
2017-03-30 12:26:52.121000,1.07438,1.07435,1000000,1000000
2017-03-30 12:26:53.583000,1.07438,1.07434,1000000,3000000
2017-03-30 12:26:57.161000,1.07439,1.07436,4120000,5440000
2017-03-30 12:26:57.667000,1.07438,1.07436,1000000,1100000
2017-03-30 12:26:58.201000,1.07438,1.07435,2250000,1000000
2017-03-30 12:26:58.927000,1.07438,1.07433,2250000,5440000
2017-03-30 12:27:00.122000,1.07438,1.07435,1500000,1870000
2017-03-30 12:27:00.629000,1.07438,1.07435,1500000,1000000
2017-03-30 12:27:01.139000,1.07438,1.07434,1500000,1500000
2017-03-30 12:27:01.712000,1.07437,1.07433,1000000,5740000
2017-03-30 12:27:02.269000,1.07437,1.07435,3370000,1000000
2017-03-30 12:27:02.574000,1.07444,1.07443,2250000,1000000
2017-03-30 12:27:02.726000,1.07442,1.07441,1000000,1870000
2017-03-30 12:27:02.911000,1.07442,1.07438,1000000,5620000
2017-03-30 12:27:02.962000,1.07442,1.0744,1000000,1000000
2017-03-30 12:27:03.013000,1.07442,1.07438,1000000,6000000
2017-03-30 12:27:03.516000,1.07443,1.07438,2250000,3370000
2017-03-30 12:27:04.030000,1.07442,1.07438,1000000,4970000
2017-03-30 12:27:04.539000,1.07443,1.07438,7500000,3750000
2017-03-30 12:27:04.641000,1.0744,1.07438,1000000,3750000
2017-03-30 12:27:05.168000,1.0744,1.07437,1000000,1000000
2017-03-30 12:27:05.682000,1.0744,1.07438,1000000,1000000
2017-03-30 12:27:08.042000,1.0744,1.07437,2240000,1000000
2017-03-30 12:27:08.547000,1.07441,1.07437,5620000,1000000
2017-03-30 12:27:11.456000,1.0744,1.07437,1000000,1840000
2017-03-30 12:27:11.966000,1.0744,1.07436,1870000,4460000
2017-03-30 12:27:12.468000,1.07441,1.07437,1870000,1460000
2017-03-30 12:27:13.652000,1.0744,1.07437,1000000,1460000
2017-03-30 12:27:15.352000,1.07438,1.07437,1000000,1000000
2017-03-30 12:27:15.505000,1.07437,1.07433,3750000,5720000
2017-03-30 12:27:15.758000,1.07435,1.07433,1000000,2440000
2017-03-30 12:27:16.684000,1.07436,1.07433,1870000,2440000
2017-03-30 12:27:17.917000,1.07435,1.07432,1000000,4690000
2017-03-30 12:27:18.565000,1.07434,1.07433,1000000,2440000
2017-03-30 12:27:18.616000,1.07433,1.07431,1000000,5020000
2017-03-30 12:27:18.768000,1.07432,1.07429,1000000,1500000
2017-03-30 12:27:19.122000,1.0743,1.07428,1000000,1000000
2017-03-30 12:27:19.668000,1.07432,1.07428,2140000,1120000
2017-03-30 12:27:20.585000,1.07431,1.07427,1120000,5620000
2017-03-30 12:27:20.889000,1.07428,1.07427,1000000,1000000
2017-03-30 12:27:21.127000,1.07429,1.07425,1500000,3750000
2017-03-30 12:27:21.431000,1.07428,1.07427,1000000,1130000
2017-03-30 12:27:21.938000,1.0743,1.07427,3370000,1000000
2017-03-30 12:27:22.866000,1.07429,1.07426,1000000,6940000
2017-03-30 12:27:23.372000,1.0743,1.07428,1000000,1000000
2017-03-30 12:27:24.042000,1.0743,1.07427,1000000,1500000
2017-03-30 12:27:24.195000,1.07432,1.07427,4120000,1500000
2017-03-30 12:27:26.092000,1.07432,1.07427,3370000,3070000
2017-03-30 12:27:26.392000,1.0743,1.07427,1000000,1070000
2017-03-30 12:27:27.008000,1.0743,1.07427,1000000,2250000
2017-03-30 12:27:30.112000,1.07429,1.07427,1120000,1000000
2017-03-30 12:27:30.315000,1.07428,1.07424,2440000,1240000
2017-03-30 12:27:30.569000,1.07426,1.07423,1000000,1500000
2017-03-30 12:27:31.075000,1.07426,1.07422,1000000,7590000
2017-03-30 12:27:31.588000,1.07427,1.07422,2060000,9090000
2017-03-30 12:27:32.687000,1.07427,1.07423,3070000,3090000
2017-03-30 12:27:33.710000,1.07425,1.07423,1500000,3090000
2017-03-30 12:27:33.963000,1.07427,1.07423,6450000,3090000
2017-03-30 12:27:37.514000,1.07427,1.07424,2700000,1000000
2017-03-30 12:27:41.096000,1.07427,1.07423,2060000,2360000
2017-03-30 12:27:42.571000,1.07427,1.07424,1120000,1000000
2017-03-30 12:27:44.176000,1.07428,1.07425,5060000,1500000
2017-03-30 12:27:44.277000,1.0743,1.07426,5250000,3150000
2017-03-30 12:27:44.329000,1.0743,1.07428,1000000,1000000
2017-03-30 12:27:44.926000,1.0743,1.07427,1120000,2440000
2017-03-30 12:27:45.446000,1.0743,1.07428,1000000,1000000
2017-03-30 12:27:46.125000,1.0743,1.07427,1000000,2810000
2017-03-30 12:27:46.645000,1.0743,1.07426,1120000,5250000
2017-03-30 12:27:46.980000,1.07427,1.07424,1000000,3860000
2017-03-30 12:27:47.386000,1.07428,1.07426,3190000,1000000
2017-03-30 12:27:47.639000,1.0743,1.07427,1120000,1000000
2017-03-30 12:27:48.186000,1.0743,1.07426,1120000,6070000
2017-03-30 12:27:48.523000,1.07431,1.07428,6560000,1000000
2017-03-30 12:27:49.032000,1.07431,1.07428,4310000,1000000
2017-03-30 12:27:50.067000,1.0743,1.07428,1000000,1000000
2017-03-30 12:27:50.321000,1.07429,1.07426,1000000,1500000
2017-03-30 12:27:50.419000,1.07429,1.07428,1000000,1000000
2017-03-30 12:27:50.942000,1.0743,1.07426,1870000,1500000
2017-03-30 12:27:51.246000,1.07429,1.07425,2620000,1500000
2017-03-30 12:27:51.818000,1.07428,1.07424,1000000,6940000
2017-03-30 12:27:52.640000,1.07428,1.07424,1000000,3190000
2017-03-30 12:27:53.147000,1.07428,1.07424,1000000,6750000
2017-03-30 12:27:53.452000,1.07431,1.07428,6190000,1000000
2017-03-30 12:27:54.226000,1.0743,1.07427,1500000,1000000
2017-03-30 12:27:54.278000,1.0743,1.07425,2250000,3370000
2017-03-30 12:27:54.783000,1.07429,1.07427,2250000,1000000
2017-03-30 12:27:55.392000,1.07431,1.07427,4690000,2250000
2017-03-30 12:27:56.012000,1.07431,1.07428,1250000,1500000
2017-03-30 12:27:56.941000,1.07431,1.07426,9190000,3370000
2017-03-30 12:27:57.448000,1.07429,1.07426,1000000,1000000
2017-03-30 12:27:57.997000,1.0743,1.07426,2440000,1500000
2017-03-30 12:28:00.102000,1.07429,1.07426,1500000,1000000
2017-03-30 12:28:00.608000,1.07429,1.07425,1500000,1610000
2017-03-30 12:28:01.182000,1.07427,1.07424,1250000,3110000
2017-03-30 12:28:01.335000,1.07426,1.07422,1690000,2550000
2017-03-30 12:28:01.392000,1.07426,1.07422,3110000,1800000
2017-03-30 12:28:01.899000,1.07425,1.07423,1000000,1000000
2017-03-30 12:28:04.298000,1.07425,1.07422,1000000,1000000
2017-03-30 12:28:04.808000,1.07426,1.07422,1310000,1000000
2017-03-30 12:28:05.228000,1.07424,1.07422,1000000,1000000
2017-03-30 12:28:05.330000,1.07426,1.07422,1310000,2250000
2017-03-30 12:28:06.182000,1.07425,1.07422,2440000,1200000
2017-03-30 12:28:06.233000,1.07424,1.0742,2250000,1000000
2017-03-30 12:28:06.776000,1.07423,1.0742,1000000,1500000
2017-03-30 12:28:07.691000,1.07423,1.07419,1000000,3000000
2017-03-30 12:28:08.817000,1.07423,1.07418,1000000,5910000
2017-03-30 12:28:09.841000,1.07422,1.07418,1000000,5160000
2017-03-30 12:28:10.094000,1.07422,1.0742,3000000,1000000
2017-03-30 12:28:10.246000,1.07424,1.07421,1000000,1000000
2017-03-30 12:28:10.787000,1.07425,1.0742,1690000,1100000
2017-03-30 12:28:12.366000,1.07424,1.0742,1000000,1000000
2017-03-30 12:28:12.740000,1.07425,1.07424,1000000,1000000
2017-03-30 12:28:12.842000,1.07427,1.07424,1000000,2250000
2017-03-30 12:28:13.347000,1.07428,1.07424,3370000,1650000
2017-03-30 12:28:13.876000,1.07428,1.07423,6370000,8340000
2017-03-30 12:28:14.785000,1.07428,1.07423,8250000,6840000
2017-03-30 12:28:14.836000,1.07428,1.07423,7120000,6840000
2017-03-30 12:28:16.067000,1.07428,1.07424,4120000,1000000
2017-03-30 12:28:16.597000,1.07427,1.07423,1000000,1500000
2017-03-30 12:28:16.829000,1.07429,1.07425,5250000,1000000
2017-03-30 12:28:17.439000,1.07429,1.07426,1120000,1000000
2017-03-30 12:28:17.944000,1.07428,1.07424,1120000,3900000
2017-03-30 12:28:18.470000,1.07429,1.07425,4870000,3000000
2017-03-30 12:28:18.978000,1.07429,1.07426,1000000,2250000
2017-03-30 12:28:19.463000,1.07431,1.07427,1000000,5250000
2017-03-30 12:28:19.868000,1.07431,1.07429,1000000,1000000
2017-03-30 12:28:20.401000,1.07432,1.07428,4120000,1000000
2017-03-30 12:28:20.975000,1.07432,1.07429,4120000,1500000
2017-03-30 12:28:21.526000,1.07432,1.07428,4120000,1000000
2017-03-30 12:28:22.043000,1.07432,1.07429,3370000,1500000
2017-03-30 12:28:22.807000,1.07432,1.07427,1000000,5620000
2017-03-30 12:28:24.002000,1.07431,1.07427,1000000,3370000
2017-03-30 12:28:24.963000,1.07431,1.07428,1500000,1120000
2017-03-30 12:28:26.478000,1.07431,1.07429,1000000,1000000
2017-03-30 12:28:27.490000,1.07431,1.07428,1000000,3090000
2017-03-30 12:28:27.998000,1.07431,1.07429,1500000,1000000
2017-03-30 12:28:29.321000,1.07432,1.07429,3370000,1000000
2017-03-30 12:28:29.826000,1.07433,1.07428,4120000,1870000
2017-03-30 12:28:30.732000,1.07431,1.07428,1000000,1870000
2017-03-30 12:28:37.536000,1.07431,1.07427,4120000,2620000
2017-03-30 12:28:37.839000,1.07428,1.07425,1000000,1000000
2017-03-30 12:28:39.599000,1.07429,1.07425,1000000,1000000
2017-03-30 12:28:40.676000,1.07426,1.07423,1000000,1120000
2017-03-30 12:28:40.727000,1.07427,1.07423,1000000,8910000
2017-03-30 12:28:41.234000,1.07426,1.07423,1500000,1000000
2017-03-30 12:28:41.882000,1.07426,1.07424,1500000,1000000
2017-03-30 12:28:42.388000,1.07426,1.07423,1000000,1000000
2017-03-30 12:28:42.590000,1.07428,1.07423,5620000,1000000
2017-03-30 12:28:43.120000,1.07428,1.07424,3750000,1000000
2017-03-30 12:28:44.102000,1.07428,1.07423,5620000,1500000
2017-03-30 12:28:44.695000,1.07427,1.07423,1500000,1500000
2017-03-30 12:28:46.636000,1.07427,1.07423,1000000,1000000
2017-03-30 12:28:47.581000,1.07427,1.07424,1500000,1000000
2017-03-30 12:28:49.164000,1.07424,1.07421,3370000,1870000
2017-03-30 12:28:49.215000,1.07422,1.07418,1000000,10030000
2017-03-30 12:28:49.419000,1.07422,1.0742,7870000,1000000
2017-03-30 12:28:49.672000,1.07425,1.07422,2250000,1000000
2017-03-30 12:28:50.178000,1.07426,1.07422,2620000,1150000
2017-03-30 12:28:50.684000,1.07427,1.07422,6940000,2250000
2017-03-30 12:28:51.297000,1.07427,1.07423,1250000,1000000
2017-03-30 12:28:51.876000,1.07428,1.07423,8440000,1000000
2017-03-30 12:28:52.443000,1.07427,1.07423,1000000,1000000
2017-03-30 12:28:53.607000,1.07427,1.07422,1000000,2020000
2017-03-30 12:28:55.914000,1.07426,1.07423,1000000,1000000
2017-03-30 12:28:56.119000,1.07425,1.07421,1000000,2770000
2017-03-30 12:28:56.626000,1.07425,1.07422,2620000,1000000
2017-03-30 12:28:57.234000,1.07425,1.07423,1500000,1000000
2017-03-30 12:28:57.950000,1.07426,1.07423,4870000,1000000
2017-03-30 12:28:58.456000,1.07425,1.07423,1000000,1000000
2017-03-30 12:28:58.861000,1.07426,1.07421,2250000,1120000
2017-03-30 12:28:59.064000,1.07423,1.07421,1000000,1120000
2017-03-30 12:28:59.114000,1.07423,1.07419,1000000,1000000
2017-03-30 12:28:59.389000,1.07421,1.07419,1000000,1000000
2017-03-30 12:28:59.897000,1.07421,1.07418,1000000,1120000
2017-03-30 12:29:00.404000,1.07422,1.07418,8440000,1000000
2017-03-30 12:29:00.556000,1.07421,1.07416,8620000,6000000
2017-03-30 12:29:01.098000,1.0742,1.07417,1000000,1000000
2017-03-30 12:29:01.609000,1.07419,1.07416,1000000,1650000
2017-03-30 12:29:02.274000,1.07421,1.07416,5620000,3220000
2017-03-30 12:29:02.791000,1.0742,1.07416,4870000,1300000
2017-03-30 12:29:03.746000,1.0742,1.07417,4870000,1000000
2017-03-30 12:29:09.967000,1.07419,1.07416,1000000,1600000
2017-03-30 12:29:11.069000,1.07417,1.07414,1500000,1950000
2017-03-30 12:29:11.120000,1.07417,1.07413,1500000,5910000
2017-03-30 12:29:11.323000,1.07417,1.07412,2250000,2250000
2017-03-30 12:29:11.637000,1.07414,1.07412,1000000,1120000
2017-03-30 12:29:11.789000,1.07414,1.0741,1500000,1000000
2017-03-30 12:29:12.203000,1.07413,1.07408,1000000,1310000
2017-03-30 12:29:12.732000,1.07413,1.07411,1120000,1500000
2017-03-30 12:29:12.783000,1.07413,1.07412,1120000,1120000
2017-03-30 12:29:12.834000,1.07416,1.07412,4500000,1500000
2017-03-30 12:29:14.510000,1.07415,1.07411,1000000,2850000
2017-03-30 12:29:14.868000,1.07413,1.07411,1000000,1000000
2017-03-30 12:29:14.970000,1.07413,1.07409,2250000,1120000
2017-03-30 12:29:15.172000,1.07411,1.07408,1000000,1120000
2017-03-30 12:29:15.720000,1.07411,1.07407,1500000,2250000
2017-03-30 12:29:16.074000,1.07408,1.07407,1000000,2250000
2017-03-30 12:29:17.204000,1.0741,1.07406,1500000,1500000
2017-03-30 12:29:17.710000,1.0741,1.07406,1500000,2250000
2017-03-30 12:29:20.109000,1.07409,1.07406,1000000,2250000
2017-03-30 12:29:20.634000,1.07409,1.07407,1000000,1120000
2017-03-30 12:29:21.180000,1.0741,1.07407,4500000,1120000
2017-03-30 12:29:21.819000,1.07409,1.07407,1000000,1120000
2017-03-30 12:29:22.350000,1.0741,1.07407,1500000,1120000
2017-03-30 12:29:23.117000,1.07408,1.07407,1120000,1500000
2017-03-30 12:29:23.168000,1.07408,1.07404,1870000,3360000
2017-03-30 12:29:23.219000,1.07406,1.07404,1000000,1860000
2017-03-30 12:29:23.726000,1.07407,1.07404,1500000,1120000
2017-03-30 12:29:24.132000,1.0741,1.07404,2620000,4120000
2017-03-30 12:29:24.183000,1.07408,1.07405,1000000,1000000
2017-03-30 12:29:24.815000,1.07407,1.07404,1500000,1000000
2017-03-30 12:29:25.118000,1.07405,1.07402,1000000,2620000
2017-03-30 12:29:25.220000,1.07407,1.07402,6370000,3370000
2017-03-30 12:29:25.746000,1.07407,1.07402,2250000,2620000
2017-03-30 12:29:27.377000,1.07406,1.07403,1000000,1690000
2017-03-30 12:29:27.429000,1.07409,1.07404,1250000,1870000
2017-03-30 12:29:27.935000,1.07408,1.07403,1870000,2810000
2017-03-30 12:29:28.451000,1.07404,1.07402,1500000,1870000
2017-03-30 12:29:28.691000,1.07402,1.07398,1000000,1120000
2017-03-30 12:29:29.045000,1.07401,1.07397,3000000,3000000
2017-03-30 12:29:29.147000,1.07402,1.07397,4120000,3370000
2017-03-30 12:29:29.934000,1.074,1.07397,1000000,1870000
2017-03-30 12:29:30.437000,1.07401,1.07397,1870000,1500000
2017-03-30 12:29:30.943000,1.07402,1.07398,4120000,1000000
2017-03-30 12:29:31.472000,1.07402,1.07399,1120000,1500000
2017-03-30 12:29:31.979000,1.07402,1.07398,1120000,1000000
2017-03-30 12:29:32.519000,1.07401,1.07399,1000000,1000000
2017-03-30 12:29:32.696000,1.074,1.07396,1000000,1000000
2017-03-30 12:29:33.203000,1.074,1.07397,1120000,2250000
2017-03-30 12:29:33.304000,1.07401,1.07399,1500000,1000000
2017-03-30 12:29:33.560000,1.074,1.07397,1120000,2250000
2017-03-30 12:29:34.081000,1.074,1.07399,1120000,1000000
2017-03-30 12:29:34.587000,1.07401,1.07397,1000000,4120000
2017-03-30 12:29:35.093000,1.07401,1.07398,1870000,1000000
2017-03-30 12:29:35.655000,1.07402,1.074,1870000,1000000
2017-03-30 12:29:35.757000,1.07402,1.07398,1870000,2250000
2017-03-30 12:29:36.265000,1.07402,1.07399,1000000,1000000
2017-03-30 12:29:36.418000,1.07403,1.07401,1870000,1500000
2017-03-30 12:29:36.677000,1.07402,1.07398,1120000,2340000
2017-03-30 12:29:37.184000,1.07402,1.07399,2620000,1000000
2017-03-30 12:29:37.696000,1.07401,1.07398,1000000,1220000
2017-03-30 12:29:38.209000,1.07401,1.07397,1000000,4440000
2017-03-30 12:29:38.750000,1.07401,1.07398,2250000,1000000
2017-03-30 12:29:39.268000,1.07401,1.07398,3370000,1000000
2017-03-30 12:29:42.223000,1.07402,1.07398,1120000,1000000
2017-03-30 12:29:42.324000,1.07403,1.07401,1120000,1000000
2017-03-30 12:29:42.375000,1.07404,1.07402,2250000,1120000
2017-03-30 12:29:42.914000,1.07405,1.07402,1120000,3000000
2017-03-30 12:29:43.918000,1.07407,1.07403,2250000,1000000
2017-03-30 12:29:44.425000,1.07406,1.07402,1370000,2620000
2017-03-30 12:29:45.077000,1.07406,1.07403,1370000,1000000
2017-03-30 12:29:45.583000,1.07406,1.07403,1000000,1120000
2017-03-30 12:29:46.122000,1.07408,1.07403,1000000,1000000
2017-03-30 12:29:46.274000,1.07406,1.07402,1000000,1000000
2017-03-30 12:29:46.932000,1.07407,1.07402,1000000,1000000
2017-03-30 12:29:47.237000,1.07396,1.07395,1500000,1000000
2017-03-30 12:29:47.289000,1.07397,1.07394,3370000,1500000
2017-03-30 12:29:47.340000,1.07394,1.07392,1500000,1000000
2017-03-30 12:29:47.583000,1.07398,1.07395,1870000,1000000
2017-03-30 12:29:47.634000,1.07398,1.07396,1000000,1000000
2017-03-30 12:29:47.838000,1.07399,1.07395,1000000,1000000
2017-03-30 12:29:47.889000,1.07399,1.07397,1000000,1000000
2017-03-30 12:29:48.143000,1.07405,1.074,1000000,1000000
2017-03-30 12:29:48.416000,1.07409,1.074,1500000,2250000
2017-03-30 12:29:48.620000,1.07407,1.07401,1500000,1000000
2017-03-30 12:29:48.924000,1.07408,1.07403,1500000,1000000
2017-03-30 12:29:49.517000,1.07409,1.07404,1000000,1000000
2017-03-30 12:29:50.030000,1.07408,1.07404,1000000,1000000
2017-03-30 12:29:50.338000,1.07414,1.07411,1000000,1100000
2017-03-30 12:29:50.619000,1.07411,1.07406,1000000,1950000
2017-03-30 12:29:50.671000,1.07411,1.07405,1000000,1000000
2017-03-30 12:29:50.825000,1.07413,1.07408,1000000,1000000
2017-03-30 12:29:50.927000,1.07416,1.07408,3750000,2250000
2017-03-30 12:29:51.232000,1.07417,1.07411,1500000,1000000
2017-03-30 12:29:51.487000,1.0742,1.07411,1500000,1500000
2017-03-30 12:29:51.998000,1.07419,1.0741,1500000,1500000
2017-03-30 12:29:52.152000,1.07421,1.07416,1500000,1000000
2017-03-30 12:29:52.205000,1.07423,1.07416,1500000,1000000
2017-03-30 12:29:52.259000,1.07425,1.07419,1500000,1000000
2017-03-30 12:29:52.311000,1.0743,1.07419,1870000,1120000
2017-03-30 12:29:52.362000,1.0743,1.07421,1500000,1000000
2017-03-30 12:29:52.617000,1.07426,1.07419,1000000,1120000
2017-03-30 12:29:52.907000,1.07425,1.07414,1500000,1870000
2017-03-30 12:29:53.415000,1.07426,1.07416,1000000,1000000
2017-03-30 12:29:53.496000,1.07424,1.07416,3370000,1000000
2017-03-30 12:29:53.598000,1.07423,1.07413,3900000,1000000
2017-03-30 12:29:53.649000,1.07421,1.07409,1000000,2250000
2017-03-30 12:29:53.700000,1.07421,1.07409,1000000,2250000
2017-03-30 12:29:54.385000,1.07421,1.07409,1000000,1870000
2017-03-30 12:29:54.436000,1.07422,1.07412,2250000,1000000
2017-03-30 12:29:55.018000,1.07421,1.07412,1000000,1000000
2017-03-30 12:29:55.559000,1.07422,1.07412,2250000,1000000
2017-03-30 12:29:56.113000,1.07421,1.07412,1000000,1000000
2017-03-30 12:29:56.755000,1.07421,1.07413,1000000,1000000
2017-03-30 12:29:57.374000,1.0742,1.07413,1000000,1000000
2017-03-30 12:29:57.425000,1.0742,1.07407,1000000,2850000
2017-03-30 12:29:57.527000,1.07419,1.07407,1000000,1470000
2017-03-30 12:29:57.578000,1.07419,1.07409,1000000,1270000
2017-03-30 12:29:57.629000,1.07421,1.07412,3370000,1350000
2017-03-30 12:29:57.731000,1.0742,1.07409,1000000,3150000
2017-03-30 12:29:57.937000,1.0742,1.07406,1120000,1620000
2017-03-30 12:29:58.038000,1.07416,1.07406,1000000,1250000
2017-03-30 12:29:58.191000,1.07416,1.07405,1870000,1500000
2017-03-30 12:29:58.242000,1.07408,1.07405,1500000,1000000
2017-03-30 12:29:58.515000,1.07411,1.07402,2250000,1000000
2017-03-30 12:29:58.566000,1.07407,1.07398,1000000,1000000
2017-03-30 12:29:58.668000,1.07405,1.07392,1000000,1500000
2017-03-30 12:29:58.972000,1.07402,1.07392,1000000,1500000
2017-03-30 12:29:59.024000,1.07405,1.07392,1000000,1500000
2017-03-30 12:29:59.125000,1.07405,1.07394,1000000,1150000
2017-03-30 12:29:59.532000,1.07399,1.07389,3000000,1500000
2017-03-30 12:29:59.806000,1.07403,1.0739,1000000,1000000
2017-03-30 12:30:00.316000,1.07402,1.07389,1000000,2250000
2017-03-30 12:30:00.468000,1.074,1.07389,1000000,2250000
2017-03-30 12:30:00.772000,1.07409,1.07397,1500000,1000000
2017-03-30 12:30:00.823000,1.07404,1.07397,1000000,1000000
2017-03-30 12:30:00.874000,1.074,1.07392,1000000,1120000
2017-03-30 12:30:00.925000,1.074,1.0739,1000000,1000000
2017-03-30 12:30:01.143000,1.07398,1.07387,1000000,6070000
2017-03-30 12:30:01.195000,1.07398,1.07387,1500000,3750000
2017-03-30 12:30:01.297000,1.07395,1.07387,1000000,3450000
2017-03-30 12:30:01.838000,1.07395,1.07388,1000000,1500000
2017-03-30 12:30:02.346000,1.07392,1.07386,3600000,1120000
2017-03-30 12:30:02.537000,1.07395,1.07382,1000000,6000000
2017-03-30 12:30:02.589000,1.07391,1.07382,1000000,6000000
2017-03-30 12:30:02.640000,1.07398,1.07388,1000000,1000000
2017-03-30 12:30:02.691000,1.07395,1.07387,1000000,2700000
2017-03-30 12:30:02.844000,1.07402,1.07387,1500000,1000000
2017-03-30 12:30:02.895000,1.07397,1.07387,1870000,1000000
2017-03-30 12:30:03.098000,1.07395,1.07384,2620000,3000000
2017-03-30 12:30:03.251000,1.07402,1.07387,1730000,1500000
2017-03-30 12:30:03.302000,1.07397,1.07388,1000000,1000000
2017-03-30 12:30:03.404000,1.07393,1.07387,1000000,6450000
2017-03-30 12:30:03.654000,1.07393,1.07382,1000000,5250000
2017-03-30 12:30:04.110000,1.07396,1.07382,1870000,4500000
2017-03-30 12:30:04.686000,1.07397,1.07383,1500000,1420000
2017-03-30 12:30:04.991000,1.0739,1.0738,1120000,1500000
2017-03-30 12:30:05.296000,1.07391,1.07384,1120000,1000000
2017-03-30 12:30:05.398000,1.07391,1.07382,1000000,1870000
2017-03-30 12:30:05.449000,1.07391,1.07384,1000000,1000000
2017-03-30 12:30:05.777000,1.07399,1.07389,1500000,3750000
2017-03-30 12:30:05.828000,1.07399,1.07391,1500000,1650000
2017-03-30 12:30:06.132000,1.074,1.07394,1000000,1500000
2017-03-30 12:30:06.335000,1.07401,1.07392,1500000,1000000
2017-03-30 12:30:06.441000,1.074,1.07394,1000000,1000000
2017-03-30 12:30:06.492000,1.074,1.07391,1000000,1150000
2017-03-30 12:30:07.046000,1.07399,1.07392,1370000,1500000
2017-03-30 12:30:07.353000,1.07401,1.07389,3370000,6000000
2017-03-30 12:30:08.041000,1.07399,1.0739,1000000,1370000
2017-03-30 12:30:08.093000,1.074,1.07389,1370000,2250000
2017-03-30 12:30:08.144000,1.07401,1.0739,1000000,1000000
2017-03-30 12:30:08.450000,1.07397,1.07389,2250000,3370000
2017-03-30 12:30:08.501000,1.074,1.07389,3750000,1870000
2017-03-30 12:30:08.569000,1.07395,1.07389,3370000,1120000
2017-03-30 12:30:08.620000,1.07395,1.0739,1870000,1120000
2017-03-30 12:30:08.772000,1.07392,1.07389,1000000,1950000
2017-03-30 12:30:08.931000,1.07394,1.07389,1500000,1000000
2017-03-30 12:30:09.241000,1.07393,1.07385,1120000,1450000
2017-03-30 12:30:09.293000,1.07393,1.07386,1870000,1120000
2017-03-30 12:30:09.344000,1.07394,1.07386,1870000,1120000
2017-03-30 12:30:09.404000,1.07392,1.07385,1090000,1000000
2017-03-30 12:30:09.455000,1.07393,1.07385,1120000,1000000
2017-03-30 12:30:09.507000,1.07393,1.07384,1120000,1350000
2017-03-30 12:30:10.487000,1.07394,1.07387,1000000,2250000
2017-03-30 12:30:10.538000,1.07396,1.07387,8250000,2250000
2017-03-30 12:30:10.589000,1.07394,1.07386,1000000,5620000
2017-03-30 12:30:10.894000,1.07392,1.07387,2620000,1000000
2017-03-30 12:30:10.945000,1.07391,1.07385,6000000,1500000
2017-03-30 12:30:11.046000,1.07391,1.07382,5250000,8250000
2017-03-30 12:30:11.302000,1.07393,1.07383,1120000,1870000
2017-03-30 12:30:11.639000,1.07389,1.07383,1120000,1000000
2017-03-30 12:30:11.943000,1.07389,1.07385,1000000,2770000
2017-03-30 12:30:11.994000,1.0739,1.07385,1000000,2920000
2017-03-30 12:30:12.095000,1.07392,1.07385,1000000,2770000
2017-03-30 12:30:12.619000,1.07391,1.07387,4500000,2250000
2017-03-30 12:30:12.670000,1.07391,1.07383,2250000,13970000
2017-03-30 12:30:12.772000,1.07393,1.07385,1120000,1000000
2017-03-30 12:30:13.076000,1.0739,1.07385,1000000,2100000
2017-03-30 12:30:13.510000,1.07392,1.0739,1000000,1000000
2017-03-30 12:30:13.683000,1.07394,1.07392,1000000,1270000
2017-03-30 12:30:13.734000,1.07396,1.07392,1000000,1120000
2017-03-30 12:30:13.888000,1.07395,1.07389,1000000,1000000
2017-03-30 12:30:14.385000,1.07395,1.07386,1000000,1870000
2017-03-30 12:30:14.739000,1.07394,1.0739,3750000,1000000
2017-03-30 12:30:14.928000,1.07395,1.07388,3370000,2340000
2017-03-30 12:30:15.335000,1.07393,1.07388,4870000,1120000
2017-03-30 12:30:15.843000,1.07393,1.07386,2620000,1870000
2017-03-30 12:30:16.575000,1.07393,1.07387,4120000,1500000
2017-03-30 12:30:17.094000,1.07391,1.07387,1000000,1500000
2017-03-30 12:30:17.431000,1.07393,1.07387,2620000,1500000
2017-03-30 12:30:17.583000,1.07391,1.07385,1000000,2470000
2017-03-30 12:30:17.887000,1.07391,1.07384,1500000,1000000
2017-03-30 12:30:18.405000,1.07393,1.07385,7120000,1120000
2017-03-30 12:30:18.506000,1.07393,1.07386,4500000,1200000
2017-03-30 12:30:18.962000,1.0739,1.07385,1000000,1570000
2017-03-30 12:30:19.114000,1.0739,1.07383,1000000,16120001
2017-03-30 12:30:19.665000,1.0739,1.07384,6000000,1000000
2017-03-30 12:30:19.818000,1.0739,1.07387,1870000,1000000
2017-03-30 12:30:19.921000,1.0739,1.07384,4500000,3000000
2017-03-30 12:30:20.429000,1.07389,1.07383,1000000,1500000
2017-03-30 12:30:20.967000,1.07389,1.07382,7870000,19219999
2017-03-30 12:30:21.476000,1.07389,1.07383,1500000,1000000
2017-03-30 12:30:21.982000,1.07388,1.07382,1120000,20620001
2017-03-30 12:30:23.595000,1.07387,1.07382,1000000,18750000
2017-03-30 12:30:23.949000,1.07387,1.07385,1000000,1000000
2017-03-30 12:30:24.217000,1.07387,1.07384,1000000,1000000
2017-03-30 12:30:24.876000,1.07388,1.07384,3370000,1000000
2017-03-30 12:30:25.130000,1.07389,1.07385,1990000,1370000
2017-03-30 12:30:25.599000,1.07387,1.07385,1120000,1000000
2017-03-30 12:30:26.106000,1.07388,1.07384,3000000,1000000
2017-03-30 12:30:26.563000,1.07388,1.07382,1870000,7120000
2017-03-30 12:30:27.070000,1.07387,1.07382,1000000,19870001
2017-03-30 12:30:27.578000,1.07388,1.07384,1000000,1650000
2017-03-30 12:30:27.882000,1.0739,1.07387,1870000,1120000
2017-03-30 12:30:28.347000,1.07389,1.07384,3560000,1500000
2017-03-30 12:30:29.005000,1.07389,1.07384,4120000,1000000
2017-03-30 12:30:29.795000,1.07389,1.07384,5620000,1000000
2017-03-30 12:30:30.150000,1.07389,1.07387,4120000,1120000
2017-03-30 12:30:30.302000,1.07389,1.07385,1120000,1500000
2017-03-30 12:30:31.182000,1.07389,1.07385,2620000,1000000
2017-03-30 12:30:31.233000,1.07389,1.07385,1870000,3150000
2017-03-30 12:30:31.740000,1.07389,1.07383,6000000,1000000
2017-03-30 12:30:32.446000,1.07386,1.07383,1000000,1000000
2017-03-30 12:30:32.881000,1.07384,1.07382,2250000,8910000
2017-03-30 12:30:32.984000,1.07381,1.07378,1120000,2250000
2017-03-30 12:30:33.391000,1.07379,1.07377,1000000,6660000
2017-03-30 12:30:33.739000,1.07377,1.07374,1120000,1000000
2017-03-30 12:30:34.094000,1.07377,1.07372,1870000,7870000
2017-03-30 12:30:34.449000,1.07375,1.07372,1370000,2470000
2017-03-30 12:30:34.949000,1.07376,1.07372,1120000,2620000
2017-03-30 12:30:35.101000,1.07374,1.07372,1000000,1000000
2017-03-30 12:30:35.203000,1.07375,1.07369,3190000,3000000
2017-03-30 12:30:35.406000,1.0737,1.07369,1000000,1000000
2017-03-30 12:30:35.609000,1.07369,1.07367,1000000,2160000
2017-03-30 12:30:35.660000,1.07368,1.07366,1250000,2160000
2017-03-30 12:30:35.941000,1.07364,1.07362,3370000,3750000
2017-03-30 12:30:36.094000,1.07366,1.0736,9190000,1120000
2017-03-30 12:30:36.145000,1.07364,1.0736,1000000,1000000
2017-03-30 12:30:36.555000,1.07363,1.07357,1000000,9280000
2017-03-30 12:30:37.131000,1.07363,1.07359,1120000,1000000
2017-03-30 12:30:37.283000,1.07363,1.07357,1120000,6370000
2017-03-30 12:30:37.688000,1.07361,1.07357,1000000,4500000
2017-03-30 12:30:37.992000,1.0736,1.07359,1000000,1000000
2017-03-30 12:30:38.494000,1.07361,1.07357,1250000,1000000
2017-03-30 12:30:39,1.07361,1.07357,6860000,3000000
2017-03-30 12:30:39.052000,1.07361,1.07359,3750000,1200000
2017-03-30 12:30:39.103000,1.07359,1.07357,1000000,2250000
2017-03-30 12:30:39.357000,1.07361,1.07357,3750000,1120000
2017-03-30 12:30:39.792000,1.07364,1.07357,5060000,3370000
2017-03-30 12:30:40.046000,1.07364,1.0736,2250000,2620000
2017-03-30 12:30:40.098000,1.07365,1.0736,1500000,6000000
2017-03-30 12:30:40.149000,1.07366,1.07365,1500000,1000000
2017-03-30 12:30:40.353000,1.07367,1.07366,1500000,1500000
2017-03-30 12:30:40.455000,1.07366,1.07364,1800000,3000000
2017-03-30 12:30:40.558000,1.07366,1.07362,1120000,1200000
2017-03-30 12:30:40.855000,1.07366,1.07365,1000000,1870000
2017-03-30 12:30:40.956000,1.0737,1.07367,1120000,2250000
2017-03-30 12:30:41.462000,1.07371,1.07367,1500000,1220000
2017-03-30 12:30:41.867000,1.0737,1.07364,1250000,2250000
2017-03-30 12:30:42.306000,1.07369,1.07364,1500000,1500000
2017-03-30 12:30:42.408000,1.07367,1.07362,1000000,4870000
2017-03-30 12:30:42.913000,1.07369,1.07362,2250000,4120000
2017-03-30 12:30:44.666000,1.07368,1.07362,7120000,4500000
2017-03-30 12:30:44.999000,1.07365,1.07362,1000000,2250000
2017-03-30 12:30:45.558000,1.07364,1.07362,1000000,1270000
2017-03-30 12:30:46.538000,1.07365,1.07359,5250000,3750000
2017-03-30 12:30:47.046000,1.07365,1.07361,1000000,1300000
2017-03-30 12:30:47.250000,1.07364,1.07358,2060000,3000000
2017-03-30 12:30:47.351000,1.07362,1.07357,1310000,3370000
2017-03-30 12:30:47.879000,1.07364,1.07361,1370000,1000000
2017-03-30 12:30:47.930000,1.07365,1.07361,1000000,1000000
2017-03-30 12:30:48.437000,1.07366,1.07362,1310000,1870000
2017-03-30 12:30:49.090000,1.07368,1.07362,3190000,5250000
2017-03-30 12:30:49.597000,1.07368,1.07362,1120000,4500000
2017-03-30 12:30:50.101000,1.07368,1.07363,1120000,3370000
2017-03-30 12:30:50.254000,1.07371,1.07367,1870000,1500000
2017-03-30 12:30:50.618000,1.07372,1.07371,1000000,2250000
2017-03-30 12:30:50.671000,1.07376,1.07372,1870000,1000000
2017-03-30 12:30:50.722000,1.07377,1.07371,1120000,4870000
2017-03-30 12:30:51.231000,1.07375,1.07371,1500000,1500000
2017-03-30 12:30:51.435000,1.07369,1.07364,4500000,2250000
2017-03-30 12:30:51.486000,1.07367,1.07363,1690000,1500000
2017-03-30 12:30:51.777000,1.07365,1.0736,1000000,3750000
2017-03-30 12:30:52.691000,1.07366,1.0736,2250000,3750000
2017-03-30 12:30:52.793000,1.07367,1.07362,3370000,1500000
2017-03-30 12:30:53.238000,1.07368,1.07363,2620000,1000000
2017-03-30 12:30:53.780000,1.07369,1.07364,1500000,1000000
2017-03-30 12:30:56.491000,1.07368,1.07364,1500000,1000000
2017-03-30 12:30:56.643000,1.07367,1.07362,1000000,1000000
2017-03-30 12:30:57.100000,1.07367,1.07365,1000000,1000000
2017-03-30 12:30:57.253000,1.07369,1.07366,6190000,1000000
2017-03-30 12:30:57.506000,1.07369,1.07363,2440000,4120000
2017-03-30 12:30:57.668000,1.07369,1.07364,2440000,2360000
2017-03-30 12:30:58.077000,1.07368,1.07365,1010000,1000000
2017-03-30 12:30:58.652000,1.0737,1.07366,2620000,1000000
2017-03-30 12:30:58.855000,1.07367,1.07364,1010000,1500000
2017-03-30 12:30:59.521000,1.07366,1.07363,5810000,1500000
2017-03-30 12:30:59.573000,1.07364,1.07362,1870000,2620000
2017-03-30 12:30:59.676000,1.07363,1.0736,1370000,1370000
2017-03-30 12:30:59.778000,1.07363,1.07359,1370000,1500000
2017-03-30 12:31:00.847000,1.07363,1.07358,2250000,2250000
2017-03-30 12:31:01.356000,1.07362,1.07357,1120000,2620000
2017-03-30 12:31:01.458000,1.07358,1.07356,1000000,3750000
2017-03-30 12:31:01.724000,1.07358,1.07354,3750000,1120000
2017-03-30 12:31:01.776000,1.07356,1.07353,1000000,1500000
2017-03-30 12:31:01.929000,1.07356,1.07352,1000000,1000000
2017-03-30 12:31:02.453000,1.07357,1.07352,1000000,3000000
2017-03-30 12:31:02.656000,1.07358,1.07354,1690000,1000000
2017-03-30 12:31:03.213000,1.07358,1.07354,1370000,1000000
2017-03-30 12:31:03.458000,1.07359,1.07354,1870000,3750000
2017-03-30 12:31:03.622000,1.0736,1.07356,1500000,1000000
2017-03-30 12:31:03.774000,1.07361,1.07357,1500000,1000000
2017-03-30 12:31:03.876000,1.07362,1.07357,1500000,1500000
2017-03-30 12:31:04.712000,1.07361,1.07356,1000000,6000000
2017-03-30 12:31:05.219000,1.07362,1.07357,1690000,1120000
2017-03-30 12:31:05.776000,1.07361,1.07357,1000000,2620000
2017-03-30 12:31:05.958000,1.07363,1.07357,5060000,2620000
2017-03-30 12:31:06.110000,1.0736,1.07356,2060000,1370000
2017-03-30 12:31:06.161000,1.07359,1.07355,4120000,2250000
2017-03-30 12:31:06.364000,1.07356,1.07352,1500000,2250000
2017-03-30 12:31:06.415000,1.07356,1.07352,3370000,1870000
2017-03-30 12:31:06.668000,1.07357,1.07353,3000000,1000000
2017-03-30 12:31:06.871000,1.07356,1.0735,1870000,2620000
2017-03-30 12:31:07.175000,1.07356,1.07352,1000000,1500000
2017-03-30 12:31:07.356000,1.07359,1.07353,4870000,1120000
2017-03-30 12:31:07.559000,1.0736,1.07355,3000000,1000000
2017-03-30 12:31:07.712000,1.07361,1.07355,4120000,1120000
2017-03-30 12:31:08.470000,1.07361,1.07355,3750000,1120000
2017-03-30 12:31:09.099000,1.07361,1.07355,4870000,1870000
2017-03-30 12:31:09.202000,1.07362,1.07357,1500000,1000000
2017-03-30 12:31:09.557000,1.07364,1.07357,4500000,3370000
2017-03-30 12:31:10.064000,1.07364,1.07359,1000000,1120000
2017-03-30 12:31:12.650000,1.07363,1.07357,1000000,6660000
2017-03-30 12:31:12.900000,1.07362,1.07357,1000000,4500000
2017-03-30 12:31:13.530000,1.07362,1.07357,2620000,3750000
2017-03-30 12:31:14.056000,1.07362,1.07357,2620000,3370000
2017-03-30 12:31:14.562000,1.07362,1.07358,1000000,1120000
2017-03-30 12:31:15.069000,1.07363,1.07358,1120000,1120000
2017-03-30 12:31:15.577000,1.07363,1.07357,2620000,4310000
2017-03-30 12:31:15.983000,1.07364,1.07359,4120000,2440000
2017-03-30 12:31:16.385000,1.07367,1.07362,3190000,1310000
2017-03-30 12:31:16.891000,1.07367,1.07363,1690000,2400000
2017-03-30 12:31:16.994000,1.0737,1.07366,2250000,2810000
2017-03-30 12:31:17.096000,1.07372,1.07367,1000000,1000000
2017-03-30 12:31:17.349000,1.07371,1.07369,1000000,1000000
2017-03-30 12:31:17.860000,1.07372,1.07368,1500000,1000000
2017-03-30 12:31:18.518000,1.07371,1.07368,1000000,1000000
2017-03-30 12:31:20.077000,1.07371,1.07367,1000000,1500000
2017-03-30 12:31:20.584000,1.07369,1.07367,1000000,1000000
2017-03-30 12:31:20.761000,1.07368,1.07365,1000000,1000000
2017-03-30 12:31:20.820000,1.07368,1.07363,1000000,3750000
2017-03-30 12:31:20.922000,1.07368,1.07365,1000000,1000000
2017-03-30 12:31:21.428000,1.07368,1.07364,1000000,2250000
2017-03-30 12:31:21.971000,1.07369,1.07365,1370000,2250000
2017-03-30 12:31:22.022000,1.0737,1.07365,2620000,3750000
2017-03-30 12:31:22.189000,1.0737,1.07365,3560000,3750000
2017-03-30 12:31:22.243000,1.07367,1.07363,1870000,2620000
2017-03-30 12:31:22.700000,1.07366,1.07361,1120000,4650000
2017-03-30 12:31:23.205000,1.07366,1.07361,3000000,3750000
2017-03-30 12:31:23.788000,1.07364,1.07361,1000000,4870000
2017-03-30 12:31:24.296000,1.07365,1.07361,1000000,1570000
2017-03-30 12:31:24.599000,1.07367,1.07361,4870000,4120000
2017-03-30 12:31:24.903000,1.07366,1.07361,2250000,3750000
2017-03-30 12:31:25.275000,1.07363,1.0736,1000000,1000000
2017-03-30 12:31:25.428000,1.07363,1.07357,3750000,7220000
2017-03-30 12:31:25.681000,1.07361,1.07357,1000000,6470000
2017-03-30 12:31:25.836000,1.0736,1.07355,1000000,2320000
2017-03-30 12:31:26.343000,1.07359,1.07356,1120000,1650000
2017-03-30 12:31:26.706000,1.07361,1.07357,1500000,1500000
2017-03-30 12:31:27.313000,1.07362,1.07357,3370000,1000000
2017-03-30 12:31:27.414000,1.07359,1.07355,1500000,4500000
2017-03-30 12:31:27.617000,1.07359,1.07353,5250000,1500000
2017-03-30 12:31:27.970000,1.07356,1.07353,1000000,1120000
2017-03-30 12:31:28.268000,1.07356,1.0735,6370000,5140000
2017-03-30 12:31:28.774000,1.07354,1.0735,1000000,2890000
2017-03-30 12:31:28.926000,1.07356,1.07351,2250000,1120000
2017-03-30 12:31:29.129000,1.07355,1.07351,4120000,1870000
2017-03-30 12:31:29.331000,1.0735,1.07347,4870000,1000000
2017-03-30 12:31:29.503000,1.07349,1.07345,2620000,2060000
2017-03-30 12:31:30.669000,1.07348,1.07346,1000000,2500000
2017-03-30 12:31:31.156000,1.07348,1.07345,2320000,1000000
2017-03-30 12:31:32.171000,1.07348,1.07344,1000000,1120000
2017-03-30 12:31:32.498000,1.07348,1.07346,1000000,1000000
2017-03-30 12:31:32.651000,1.07351,1.07347,1500000,1690000
2017-03-30 12:31:32.804000,1.07352,1.07349,1000000,1500000
2017-03-30 12:31:32.905000,1.07353,1.07347,3750000,10120000
2017-03-30 12:31:33.411000,1.07353,1.07348,3750000,1000000
2017-03-30 12:31:33.938000,1.07351,1.07347,1500000,1120000
2017-03-30 12:31:34.697000,1.0735,1.07347,1000000,1410000
2017-03-30 12:31:34.798000,1.07352,1.07347,5740000,1780000
2017-03-30 12:31:34.900000,1.07352,1.07349,3490000,1500000
2017-03-30 12:31:35.152000,1.07356,1.07352,1000000,3370000
2017-03-30 12:31:35.355000,1.07358,1.07352,1500000,4220000
2017-03-30 12:31:35.557000,1.07359,1.07355,3370000,1000000
2017-03-30 12:31:36.114000,1.07359,1.07354,1500000,2250000
2017-03-30 12:31:36.619000,1.07358,1.07354,1000000,2620000
2017-03-30 12:31:37.227000,1.07359,1.07354,1000000,2620000
2017-03-30 12:31:37.531000,1.07362,1.07359,1090000,1000000
2017-03-30 12:31:38.754000,1.0736,1.07358,1000000,2250000
2017-03-30 12:31:38.906000,1.07357,1.07354,1500000,1750000
2017-03-30 12:31:38.957000,1.07357,1.07354,1000000,1000000
2017-03-30 12:31:39.464000,1.07358,1.07354,1000000,1500000
2017-03-30 12:31:39.982000,1.07359,1.07354,1000000,1500000
2017-03-30 12:31:40.490000,1.07359,1.07355,1000000,1500000
2017-03-30 12:31:41.332000,1.0736,1.07355,1120000,1370000
2017-03-30 12:31:41.686000,1.07362,1.07357,2340000,1000000
2017-03-30 12:31:41.889000,1.0736,1.07356,1000000,2620000
2017-03-30 12:31:42.042000,1.07359,1.07354,1000000,6370000
2017-03-30 12:31:42.552000,1.07359,1.07354,2320000,2250000
2017-03-30 12:31:43.058000,1.07359,1.07354,2320000,3000000
2017-03-30 12:31:43.766000,1.07357,1.07354,1000000,1370000
2017-03-30 12:31:43.961000,1.07357,1.07353,1000000,1870000
2017-03-30 12:31:44.467000,1.07358,1.07354,1000000,1000000
2017-03-30 12:31:44.998000,1.07359,1.07353,3370000,4870000
2017-03-30 12:31:45.504000,1.07359,1.07354,4120000,1500000
2017-03-30 12:31:46.024000,1.07359,1.07354,2320000,1000000
2017-03-30 12:31:46.430000,1.07359,1.07356,1000000,1000000
2017-03-30 12:31:48.842000,1.07359,1.07357,1000000,1000000
2017-03-30 12:31:49.336000,1.07362,1.07357,1090000,4500000
2017-03-30 12:31:49.844000,1.07362,1.07359,1120000,1000000
2017-03-30 12:31:49.946000,1.07361,1.07357,1000000,3000000
2017-03-30 12:31:50.491000,1.0736,1.07357,1500000,1000000
2017-03-30 12:31:50.542000,1.0736,1.07355,2620000,1500000
2017-03-30 12:31:51.453000,1.07361,1.07358,1870000,2250000
2017-03-30 12:31:51.959000,1.07361,1.07357,2710000,1000000
2017-03-30 12:31:52.509000,1.0736,1.07357,1500000,1000000
2017-03-30 12:31:53.015000,1.0736,1.07356,2250000,1000000
2017-03-30 12:31:53.560000,1.0736,1.07355,1500000,4870000
2017-03-30 12:31:54.146000,1.0736,1.07356,2250000,1000000
2017-03-30 12:31:54.449000,1.07358,1.07355,1000000,1000000
2017-03-30 12:31:54.862000,1.07356,1.07355,1000000,1000000
2017-03-30 12:31:55.318000,1.07355,1.07353,1000000,1870000
2017-03-30 12:31:55.646000,1.07352,1.07349,3370000,1500000
2017-03-30 12:31:56.356000,1.07351,1.07349,1000000,1000000
2017-03-30 12:31:56.886000,1.07351,1.07349,4120000,1000000
2017-03-30 12:31:57.291000,1.07349,1.07347,2250000,5870000
2017-03-30 12:31:57.342000,1.07348,1.07345,1000000,4870000
2017-03-30 12:31:57.852000,1.07349,1.07344,2250000,4870000
2017-03-30 12:31:58.083000,1.07347,1.07344,1000000,2620000
2017-03-30 12:31:59.094000,1.07348,1.07344,2270000,1120000
2017-03-30 12:31:59.398000,1.07347,1.07343,3000000,1120000
2017-03-30 12:31:59.899000,1.07347,1.07342,1000000,3750000
2017-03-30 12:32:00.456000,1.07347,1.07343,1500000,1000000
2017-03-30 12:32:01.577000,1.07347,1.07344,1120000,1000000
2017-03-30 12:32:01.983000,1.07349,1.07345,2250000,1000000
2017-03-30 12:32:02.186000,1.07349,1.07347,1120000,1500000
2017-03-30 12:32:02.237000,1.07351,1.07347,3000000,3000000
2017-03-30 12:32:02.775000,1.07352,1.07349,1000000,1000000
2017-03-30 12:32:03.636000,1.07352,1.07348,1000000,2620000
2017-03-30 12:32:04.156000,1.07352,1.07349,1000000,1000000
2017-03-30 12:32:06.613000,1.07353,1.07349,2250000,1000000
2017-03-30 12:32:07.454000,1.07353,1.0735,1000000,1000000
2017-03-30 12:32:07.962000,1.07354,1.07349,3000000,2250000
2017-03-30 12:32:08.471000,1.07353,1.07349,1870000,1000000
2017-03-30 12:32:09.169000,1.07353,1.07351,1120000,1120000
2017-03-30 12:32:09.474000,1.07357,1.07354,4210000,1000000
2017-03-30 12:32:09.980000,1.07358,1.07354,1870000,1500000
2017-03-30 12:32:10.512000,1.07358,1.07355,3370000,1000000
2017-03-30 12:32:11.069000,1.07357,1.07355,1000000,1000000
2017-03-30 12:32:12.265000,1.07358,1.07355,1870000,1000000
2017-03-30 12:32:12.781000,1.07358,1.07354,2620000,1500000
2017-03-30 12:32:13.677000,1.07356,1.07354,1000000,1500000
2017-03-30 12:32:14.188000,1.07356,1.07353,1000000,1500000
2017-03-30 12:32:14.697000,1.07357,1.07353,3000000,1500000
2017-03-30 12:32:15.215000,1.07356,1.07353,1000000,1500000
2017-03-30 12:32:15.933000,1.07354,1.07351,1000000,11620000
2017-03-30 12:32:16.136000,1.07352,1.07349,1500000,2250000
2017-03-30 12:32:16.430000,1.0735,1.07347,1000000,3370000
2017-03-30 12:32:16.522000,1.0735,1.07347,1000000,1500000
2017-03-30 12:32:16.978000,1.07349,1.07344,1870000,4870000
2017-03-30 12:32:17.484000,1.07348,1.07344,1000000,4870000
2017-03-30 12:32:18.025000,1.07349,1.07344,1000000,4870000
2017-03-30 12:32:18.885000,1.0735,1.07344,6750000,4120000
2017-03-30 12:32:18.936000,1.07348,1.07344,1000000,4120000
2017-03-30 12:32:19.441000,1.07349,1.07344,2250000,6370000
2017-03-30 12:32:19.872000,1.0735,1.07347,1120000,1000000
2017-03-30 12:32:20.074000,1.07352,1.07348,1000000,1000000
2017-03-30 12:32:20.632000,1.07353,1.07348,4120000,1120000
2017-03-30 12:32:20.936000,1.07351,1.07348,1000000,1120000
2017-03-30 12:32:21.453000,1.07352,1.07348,2810000,1120000
2017-03-30 12:32:22.009000,1.07351,1.07347,1000000,2250000
2017-03-30 12:32:22.520000,1.07352,1.07347,1500000,3750000
2017-03-30 12:32:23.126000,1.07351,1.07347,1000000,4500000
2017-03-30 12:32:24.250000,1.07352,1.07347,1500000,3750000
2017-03-30 12:32:24.860000,1.07351,1.07348,1000000,1120000
2017-03-30 12:32:25.368000,1.07352,1.07348,1000000,1000000
2017-03-30 12:32:25.873000,1.07351,1.07348,1000000,1000000
2017-03-30 12:32:26.392000,1.07352,1.07348,1000000,1000000
2017-03-30 12:32:27.637000,1.07351,1.07348,1000000,1000000
2017-03-30 12:32:28.384000,1.07352,1.07348,2810000,1000000
2017-03-30 12:32:28.718000,1.07349,1.07346,1000000,2250000
2017-03-30 12:32:28.769000,1.0735,1.07346,1120000,1500000
2017-03-30 12:32:28.820000,1.07348,1.07344,1000000,2250000
2017-03-30 12:32:28.871000,1.07348,1.07344,1000000,1500000
2017-03-30 12:32:29.277000,1.07345,1.07343,1000000,6750000
2017-03-30 12:32:29.590000,1.07342,1.07341,1000000,2810000
2017-03-30 12:32:29.743000,1.07342,1.07339,1870000,1870000
2017-03-30 12:32:29.895000,1.07344,1.07341,1000000,3000000
2017-03-30 12:32:30.402000,1.07344,1.07342,1000000,1000000
2017-03-30 12:32:30.807000,1.07347,1.07342,1870000,1000000
2017-03-30 12:32:30.858000,1.07344,1.07342,1000000,1000000
2017-03-30 12:32:31.364000,1.07345,1.07341,1500000,1500000
2017-03-30 12:32:31.870000,1.07345,1.0734,2620000,2250000
2017-03-30 12:32:32.501000,1.07344,1.0734,1500000,3000000
2017-03-30 12:32:32.805000,1.07338,1.07336,1000000,1030000
2017-03-30 12:32:32.958000,1.07338,1.07334,1500000,1000000
2017-03-30 12:32:33.685000,1.07338,1.07333,1000000,5250000
2017-03-30 12:32:34.495000,1.07338,1.07336,1000000,1000000
2017-03-30 12:32:34.648000,1.07341,1.07337,1000000,1500000
2017-03-30 12:32:35.169000,1.07341,1.07336,2250000,1000000
2017-03-30 12:32:35.725000,1.07341,1.07335,2250000,6490000
2017-03-30 12:32:36.792000,1.07341,1.07336,3000000,1200000
2017-03-30 12:32:37.298000,1.0734,1.07335,1000000,7120000
2017-03-30 12:32:37.349000,1.0734,1.07337,1000000,1000000
2017-03-30 12:32:37.854000,1.0734,1.07338,1000000,1000000
2017-03-30 12:32:38.370000,1.07341,1.07338,1000000,1500000
2017-03-30 12:32:40.301000,1.07341,1.07337,1000000,6120000
2017-03-30 12:32:40.817000,1.0734,1.07338,1000000,1000000
2017-03-30 12:32:41.688000,1.0734,1.07337,1000000,4090000
2017-03-30 12:32:41.850000,1.0734,1.07335,8340000,1500000
2017-03-30 12:32:42.356000,1.07338,1.07334,1000000,1500000
2017-03-30 12:32:44.009000,1.07338,1.07333,2810000,2850000
2017-03-30 12:32:44.517000,1.07338,1.07334,2500000,1000000
2017-03-30 12:32:45.254000,1.07337,1.07333,1870000,1500000
2017-03-30 12:32:45.762000,1.07337,1.07332,1120000,4200000
2017-03-30 12:32:46.217000,1.07338,1.07333,2250000,2620000
2017-03-30 12:32:46.734000,1.07338,1.07337,1000000,1500000
2017-03-30 12:32:46.836000,1.0734,1.07339,1000000,3220000
2017-03-30 12:32:47.342000,1.07341,1.07339,1000000,1000000
2017-03-30 12:32:47.874000,1.0734,1.07339,1000000,1000000
2017-03-30 12:32:48.380000,1.0734,1.07338,1000000,1000000
2017-03-30 12:32:50.285000,1.07339,1.07337,1000000,5460000
2017-03-30 12:32:50.491000,1.0734,1.07336,1500000,7780000
2017-03-30 12:32:50.997000,1.0734,1.07337,1500000,1500000
2017-03-30 12:32:52.182000,1.0734,1.07336,1500000,2250000
2017-03-30 12:32:52.739000,1.0734,1.07337,1500000,1000000
2017-03-30 12:32:53.710000,1.07341,1.07337,1500000,1500000
2017-03-30 12:32:57.300000,1.0734,1.07337,1000000,3000000
2017-03-30 12:32:57.755000,1.0734,1.07339,1000000,1000000
2017-03-30 12:32:58.262000,1.0734,1.07338,1000000,1000000
2017-03-30 12:33:00.310000,1.0734,1.07339,1000000,1000000
2017-03-30 12:33:00.852000,1.0734,1.07338,1000000,1500000
2017-03-30 12:33:01.383000,1.0734,1.07339,1000000,1000000
2017-03-30 12:33:01.961000,1.0734,1.07337,1000000,2720000
2017-03-30 12:33:02.578000,1.0734,1.07338,1000000,1000000
2017-03-30 12:33:03.674000,1.07339,1.07337,3000000,4800000
2017-03-30 12:33:03.776000,1.07338,1.07336,1500000,1570000
2017-03-30 12:33:03.878000,1.07338,1.07334,2250000,3000000
2017-03-30 12:33:04.103000,1.07336,1.07334,1000000,1500000
2017-03-30 12:33:05.460000,1.07334,1.07333,1000000,1000000
2017-03-30 12:33:05.562000,1.07334,1.0733,1000000,4500000
2017-03-30 12:33:05.663000,1.07335,1.07332,2250000,1500000
2017-03-30 12:33:05.967000,1.0734,1.07338,3000000,5250000
2017-03-30 12:33:06.018000,1.07341,1.07339,1000000,2620000
2017-03-30 12:33:06.621000,1.07341,1.07339,1000000,3370000
2017-03-30 12:33:06.875000,1.07344,1.07339,2250000,1120000
2017-03-30 12:33:08.191000,1.07343,1.07339,1000000,3000000
2017-03-30 12:33:08.699000,1.07342,1.07339,1000000,1120000
2017-03-30 12:33:08.953000,1.0734,1.07338,1000000,2250000
2017-03-30 12:33:09.358000,1.07337,1.07335,1500000,1120000
2017-03-30 12:33:09.433000,1.07338,1.07335,1500000,1120000
2017-03-30 12:33:09.939000,1.07339,1.07335,1870000,5250000
2017-03-30 12:33:10.446000,1.07338,1.07335,1120000,1350000
2017-03-30 12:33:10.991000,1.07337,1.07335,1500000,2100000
2017-03-30 12:33:11.499000,1.07337,1.07334,1500000,1220000
2017-03-30 12:33:12.148000,1.07336,1.07333,1120000,1220000
2017-03-30 12:33:12.757000,1.07336,1.07333,1120000,1870000
2017-03-30 12:33:13.520000,1.07336,1.07334,1120000,1000000
2017-03-30 12:33:13.848000,1.07335,1.07334,2250000,1000000
2017-03-30 12:33:14.001000,1.07335,1.07331,2250000,2620000
2017-03-30 12:33:14.103000,1.07335,1.07333,2250000,1000000
2017-03-30 12:33:14.353000,1.07336,1.07332,3370000,2250000
2017-03-30 12:33:14.859000,1.07335,1.07332,1000000,1000000
2017-03-30 12:33:16.239000,1.07336,1.07332,1000000,1000000
2017-03-30 12:33:16.392000,1.07337,1.07334,2250000,1000000
2017-03-30 12:33:16.595000,1.07337,1.07332,2250000,4030000
2017-03-30 12:33:16.696000,1.07337,1.07332,1500000,6660000
2017-03-30 12:33:19.314000,1.07338,1.07333,4500000,3220000
2017-03-30 12:33:21.076000,1.07337,1.07334,1120000,1000000
2017-03-30 12:33:21.383000,1.07335,1.07332,1000000,1000000
2017-03-30 12:33:21.839000,1.07337,1.07333,1870000,2250000
2017-03-30 12:33:22.344000,1.07337,1.07334,1870000,1000000
2017-03-30 12:33:22.634000,1.07339,1.07337,1000000,1000000
2017-03-30 12:33:22.888000,1.07339,1.07335,1000000,2250000
2017-03-30 12:33:23.406000,1.07338,1.07335,1000000,1500000
2017-03-30 12:33:25.899000,1.07338,1.07334,1000000,1650000
2017-03-30 12:33:26.418000,1.07338,1.07335,1000000,1570000
2017-03-30 12:33:26.925000,1.07338,1.07334,1000000,1000000
2017-03-30 12:33:27.886000,1.07339,1.07334,1000000,4720000
2017-03-30 12:33:28.838000,1.0734,1.07335,3000000,1000000
2017-03-30 12:33:29.347000,1.0734,1.07334,6750000,3000000
2017-03-30 12:33:29.895000,1.0734,1.07334,5250000,3520000
2017-03-30 12:33:30.401000,1.07339,1.07335,1500000,1200000
2017-03-30 12:33:31.034000,1.0734,1.07336,4120000,1120000
2017-03-30 12:33:31.187000,1.07341,1.07337,4870000,1120000
2017-03-30 12:33:31.850000,1.07341,1.07338,1120000,1000000
2017-03-30 12:33:32.256000,1.07343,1.07339,2810000,1000000
2017-03-30 12:33:32.352000,1.07343,1.07342,2250000,1000000
2017-03-30 12:33:32.535000,1.07346,1.07342,1000000,1500000
2017-03-30 12:33:32.740000,1.07348,1.07342,6560000,2250000
2017-03-30 12:33:33.247000,1.07348,1.07342,5620000,2470000
2017-03-30 12:33:33.808000,1.07347,1.07343,1000000,1300000
2017-03-30 12:33:34.321000,1.07347,1.07342,2250000,2340000
2017-03-30 12:33:35.536000,1.07348,1.07342,4500000,3000000
2017-03-30 12:33:36.076000,1.07348,1.07343,3370000,1000000
2017-03-30 12:33:36.177000,1.07346,1.07342,1000000,3000000
2017-03-30 12:33:36.329000,1.07348,1.07342,4500000,2250000
2017-03-30 12:33:36.845000,1.07348,1.07343,3370000,1000000
2017-03-30 12:33:36.998000,1.07346,1.07342,1000000,4410000
2017-03-30 12:33:37.521000,1.07347,1.07342,1000000,3090000
2017-03-30 12:33:38.027000,1.07348,1.07342,4870000,3110000
2017-03-30 12:33:39.426000,1.07347,1.07342,1000000,3110000
2017-03-30 12:33:39.942000,1.07347,1.07344,1000000,1000000
2017-03-30 12:33:40.629000,1.07348,1.07344,2620000,1000000
2017-03-30 12:33:41.318000,1.07348,1.07343,3370000,1150000
2017-03-30 12:33:41.865000,1.07347,1.07346,1000000,1000000
2017-03-30 12:33:42.221000,1.07347,1.07343,1000000,3490000
2017-03-30 12:33:43.326000,1.07346,1.07342,1000000,3000000
2017-03-30 12:33:43.832000,1.07347,1.07342,4120000,1120000
2017-03-30 12:33:44.375000,1.07346,1.07342,1870000,1120000
2017-03-30 12:33:44.998000,1.07346,1.07343,1870000,1000000
2017-03-30 12:33:45.524000,1.07346,1.07342,1870000,1500000
2017-03-30 12:33:46.121000,1.07346,1.07344,2250000,1000000
2017-03-30 12:33:46.627000,1.07346,1.07343,1000000,1000000
2017-03-30 12:33:47.133000,1.07346,1.07342,1120000,2440000
2017-03-30 12:33:48.015000,1.07347,1.07342,1250000,2440000
2017-03-30 12:33:48.823000,1.07347,1.07342,1000000,2640000
2017-03-30 12:33:49.329000,1.07348,1.07343,3370000,1500000
2017-03-30 12:33:49.834000,1.07347,1.07342,2620000,2620000
2017-03-30 12:33:51.052000,1.07346,1.07341,1000000,5440000
2017-03-30 12:33:51.622000,1.07347,1.07342,2250000,1000000
2017-03-30 12:33:52.158000,1.07346,1.07342,1000000,1000000
2017-03-30 12:33:52.728000,1.07346,1.07341,10650000,3000000
2017-03-30 12:33:53.033000,1.07341,1.07339,1500000,1870000
2017-03-30 12:33:53.185000,1.07341,1.07337,1500000,5440000
2017-03-30 12:33:53.721000,1.07342,1.07338,1500000,1000000
2017-03-30 12:33:54.237000,1.07342,1.07337,1500000,5440000
2017-03-30 12:33:56.044000,1.07341,1.07337,1000000,3940000
2017-03-30 12:33:56.714000,1.07342,1.07337,3000000,4690000
2017-03-30 12:33:57.479000,1.07341,1.07337,1000000,4690000
2017-03-30 12:33:57.985000,1.07341,1.07337,1010000,4310000
2017-03-30 12:34:01.680000,1.07341,1.07337,2510000,2440000
2017-03-30 12:34:03.278000,1.07339,1.07337,1000000,1500000
2017-03-30 12:34:03.585000,1.07336,1.07335,1000000,1120000
2017-03-30 12:34:03.737000,1.07336,1.07333,1000000,3370000
2017-03-30 12:34:04.461000,1.07337,1.07332,2620000,10500000
2017-03-30 12:34:05.903000,1.07337,1.07333,1870000,1000000
2017-03-30 12:34:05.954000,1.07338,1.07335,3000000,1500000
2017-03-30 12:34:06.377000,1.07337,1.07333,1120000,2440000
2017-03-30 12:34:07.667000,1.07337,1.07332,3000000,6280000
2017-03-30 12:34:08.377000,1.07336,1.07332,1000000,7030000
2017-03-30 12:34:08.909000,1.07337,1.07332,3000000,7030000
2017-03-30 12:34:09.279000,1.07337,1.07335,2250000,1500000
2017-03-30 12:34:09.635000,1.07339,1.07337,1870000,1120000
2017-03-30 12:34:09.989000,1.07337,1.07335,1120000,3000000
2017-03-30 12:34:10.091000,1.07337,1.07333,1120000,1500000
2017-03-30 12:34:10.821000,1.07337,1.07332,1120000,1310000
2017-03-30 12:34:11.339000,1.07336,1.07332,1000000,1120000
2017-03-30 12:34:14.889000,1.07336,1.07333,2250000,1000000
2017-03-30 12:34:16.102000,1.07337,1.07333,1870000,1000000
2017-03-30 12:34:17.336000,1.07337,1.07333,3470000,1000000
2017-03-30 12:34:17.867000,1.07337,1.07333,1120000,1000000
2017-03-30 12:34:18.466000,1.07337,1.07336,1220000,1000000
2017-03-30 12:34:18.567000,1.07339,1.07336,1870000,1500000
2017-03-30 12:34:19.074000,1.0734,1.07338,1000000,1000000
2017-03-30 12:34:19.428000,1.07342,1.0734,4870000,1000000
2017-03-30 12:34:19.942000,1.07341,1.07338,3000000,3000000
2017-03-30 12:34:20.296000,1.0734,1.07336,1120000,6370000
2017-03-30 12:34:20.601000,1.07342,1.07338,2250000,1000000
2017-03-30 12:34:21.148000,1.07342,1.07339,2250000,1000000
2017-03-30 12:34:22.012000,1.07341,1.07338,1870000,1000000
2017-03-30 12:34:22.536000,1.07342,1.07337,5620000,1930000
2017-03-30 12:34:23.061000,1.07342,1.07339,4870000,1000000
2017-03-30 12:34:23.567000,1.07342,1.07338,4870000,1500000
2017-03-30 12:34:25.103000,1.07342,1.07339,2250000,1500000
2017-03-30 12:34:25.256000,1.07343,1.07339,1000000,3000000
2017-03-30 12:34:25.510000,1.07341,1.07338,1000000,1000000
2017-03-30 12:34:26.033000,1.07341,1.07337,1000000,2720000
2017-03-30 12:34:26.578000,1.07342,1.07337,1000000,2720000
2017-03-30 12:34:27.122000,1.07343,1.07337,8250000,3840000
2017-03-30 12:34:27.896000,1.07342,1.07337,1000000,2340000
2017-03-30 12:34:28.200000,1.07338,1.07335,1000000,1000000
2017-03-30 12:34:30.014000,1.07338,1.07334,2620000,2060000
2017-03-30 12:34:31.795000,1.07339,1.07333,7690000,3750000
2017-03-30 12:34:32.409000,1.07338,1.07333,1500000,2250000
2017-03-30 12:34:34.012000,1.07338,1.07336,1000000,1000000
2017-03-30 12:34:34.226000,1.0734,1.07335,7120000,1120000
2017-03-30 12:34:34.328000,1.07338,1.07336,1000000,1030000
2017-03-30 12:34:34.379000,1.07338,1.07334,1000000,2440000
2017-03-30 12:34:34.885000,1.07337,1.07334,1000000,1000000
2017-03-30 12:34:35.408000,1.07336,1.07334,1000000,1000000
2017-03-30 12:34:39.994000,1.07337,1.07334,1000000,1500000
2017-03-30 12:34:40.500000,1.07338,1.07335,2620000,3970000
2017-03-30 12:34:41.043000,1.07338,1.07333,4120000,6370000
2017-03-30 12:34:42.133000,1.07337,1.07334,1000000,1000000
2017-03-30 12:34:43.070000,1.07338,1.07334,1870000,1500000
2017-03-30 12:34:43.586000,1.07337,1.07335,1000000,1000000
2017-03-30 12:34:43.739000,1.07339,1.07336,1120000,1500000
2017-03-30 12:34:44.165000,1.07338,1.07334,1500000,1500000
2017-03-30 12:34:44.707000,1.07338,1.07333,5620000,1000000
2017-03-30 12:34:45.251000,1.07337,1.07333,1500000,1000000
2017-03-30 12:34:45.983000,1.07338,1.07335,1500000,1000000
2017-03-30 12:34:46.440000,1.07337,1.07332,1000000,3750000
2017-03-30 12:34:50.674000,1.07337,1.07332,4120000,1570000
2017-03-30 12:34:51.766000,1.07336,1.07332,1000000,3000000
2017-03-30 12:34:52.272000,1.07336,1.07333,1000000,1000000
2017-03-30 12:34:52.549000,1.07336,1.07335,1000000,2250000
2017-03-30 12:34:52.623000,1.0734,1.07336,1000000,1970000
2017-03-30 12:34:53.872000,1.07339,1.07336,1000000,1000000
2017-03-30 12:34:55.666000,1.07338,1.07334,1000000,2250000
2017-03-30 12:34:55.767000,1.07337,1.07333,1000000,4120000
2017-03-30 12:34:55.970000,1.07339,1.07334,5620000,9750000
2017-03-30 12:34:57.045000,1.07338,1.07333,1000000,7990000
2017-03-30 12:34:57.551000,1.07339,1.07333,6370000,6000000
2017-03-30 12:34:58.049000,1.07337,1.07334,1000000,1000000
2017-03-30 12:34:58.569000,1.07338,1.07333,1500000,2480000
2017-03-30 12:34:59.612000,1.07338,1.07333,1500000,1730000
2017-03-30 12:35:00.117000,1.07338,1.07334,1000000,1870000
2017-03-30 12:35:00.625000,1.07339,1.07335,1000000,3750000
2017-03-30 12:35:01.131000,1.0734,1.07335,4120000,3940000
2017-03-30 12:35:01.706000,1.07342,1.07338,3370000,1000000
2017-03-30 12:35:01.808000,1.07342,1.07338,1500000,1500000
2017-03-30 12:35:02.364000,1.07341,1.07338,1000000,1000000
2017-03-30 12:35:02.466000,1.07339,1.07336,3000000,1560000
2017-03-30 12:35:02.517000,1.07338,1.07335,1120000,1000000
2017-03-30 12:35:03.023000,1.07337,1.07334,1000000,1000000
2017-03-30 12:35:03.631000,1.07338,1.07334,7690000,1000000
2017-03-30 12:35:04.255000,1.07337,1.07333,1870000,1500000
2017-03-30 12:35:04.359000,1.07334,1.07331,1000000,11250000
2017-03-30 12:35:04.569000,1.07334,1.0733,2250000,10690000
2017-03-30 12:35:04.621000,1.07334,1.0733,3750000,6190000
2017-03-30 12:35:05.127000,1.07333,1.07329,1000000,3300000
2017-03-30 12:35:05.888000,1.07333,1.0733,1000000,1000000
2017-03-30 12:35:06.150000,1.07334,1.07332,1370000,1000000
2017-03-30 12:35:06.202000,1.07335,1.07331,3370000,1500000
2017-03-30 12:35:06.812000,1.07335,1.0733,4870000,6670000
2017-03-30 12:35:07.217000,1.07335,1.07332,6000000,1000000
2017-03-30 12:35:07.752000,1.07335,1.07332,4500000,1000000
2017-03-30 12:35:09.075000,1.07335,1.07331,6370000,1000000
2017-03-30 12:35:09.278000,1.07334,1.07329,1120000,1460000
2017-03-30 12:35:09.822000,1.07334,1.0733,1870000,1000000
2017-03-30 12:35:12.122000,1.07334,1.07331,1000000,1500000
2017-03-30 12:35:12.324000,1.07336,1.07333,5400000,1000000
2017-03-30 12:35:12.966000,1.07337,1.07333,1000000,1500000
2017-03-30 12:35:15.079000,1.07337,1.07332,1000000,2960000
2017-03-30 12:35:15.586000,1.07338,1.07333,4500000,1000000
2017-03-30 12:35:16.823000,1.07337,1.07333,1120000,1000000
2017-03-30 12:35:18.653000,1.07337,1.07335,1000000,1500000
2017-03-30 12:35:18.806000,1.07339,1.07336,4500000,1000000
2017-03-30 12:35:20.321000,1.07339,1.07335,1870000,1000000
2017-03-30 12:35:20.473000,1.07339,1.07337,1120000,1000000
2017-03-30 12:35:20.726000,1.07341,1.07337,3190000,1000000
2017-03-30 12:35:22.161000,1.07341,1.07338,1070000,1000000
2017-03-30 12:35:22.668000,1.07341,1.07337,1690000,1500000
2017-03-30 12:35:22.718000,1.07342,1.07341,2440000,1500000
2017-03-30 12:35:22.937000,1.07344,1.0734,1000000,2250000
2017-03-30 12:35:23.663000,1.07344,1.07341,1000000,1000000
2017-03-30 12:35:23.867000,1.07341,1.07339,1000000,1590000
2017-03-30 12:35:23.969000,1.07341,1.07337,1000000,1500000
2017-03-30 12:35:24.685000,1.07343,1.07339,2620000,1000000
2017-03-30 12:35:25.191000,1.07343,1.0734,1000000,1000000
2017-03-30 12:35:25.698000,1.07345,1.0734,3940000,1000000
2017-03-30 12:35:26.002000,1.07345,1.07343,1500000,1000000
2017-03-30 12:35:26.524000,1.07345,1.07343,1120000,1000000
2017-03-30 12:35:27.176000,1.07345,1.07341,3000000,1000000
2017-03-30 12:35:27.379000,1.07342,1.0734,1000000,1000000
2017-03-30 12:35:27.886000,1.07342,1.07339,1000000,4500000
2017-03-30 12:35:31.847000,1.07343,1.07342,1000000,1000000
2017-03-30 12:35:31.948000,1.07345,1.07342,1500000,1000000
2017-03-30 12:35:32.454000,1.07346,1.07342,1500000,1870000
2017-03-30 12:35:33.053000,1.07346,1.07343,1500000,1000000
2017-03-30 12:35:33.560000,1.07346,1.07342,2250000,1000000
2017-03-30 12:35:36.788000,1.07345,1.07341,1000000,4690000
2017-03-30 12:35:40.467000,1.07345,1.07344,1000000,1500000
2017-03-30 12:35:40.788000,1.07345,1.07342,1500000,3860000
2017-03-30 12:35:41.422000,1.07346,1.07342,1000000,1000000
2017-03-30 12:35:41.523000,1.07344,1.07342,1000000,1150000
2017-03-30 12:35:42.864000,1.07345,1.07342,1000000,1150000
2017-03-30 12:35:43.407000,1.07344,1.07342,1000000,1150000
2017-03-30 12:35:45.899000,1.07344,1.07342,1000000,1150000
2017-03-30 12:35:46.372000,1.07342,1.07339,2620000,1350000
2017-03-30 12:35:46.423000,1.0734,1.07336,1500000,7690000
2017-03-30 12:35:46.929000,1.0734,1.07336,1500000,3940000
2017-03-30 12:35:47.537000,1.07341,1.07336,3000000,3920000
2017-03-30 12:35:48.162000,1.07339,1.07336,1000000,5530000
2017-03-30 12:35:49.763000,1.07339,1.07337,1000000,1000000
2017-03-30 12:35:50.304000,1.07339,1.07336,1000000,1500000
2017-03-30 12:35:52.638000,1.07339,1.07337,1000000,1000000
2017-03-30 12:35:53.804000,1.07339,1.07336,1000000,4780000
2017-03-30 12:35:59.301000,1.0734,1.07336,1000000,1610000
2017-03-30 12:35:59.963000,1.07339,1.07336,1000000,3110000
2017-03-30 12:36:00.340000,1.07338,1.07336,1000000,2250000
2017-03-30 12:36:00.492000,1.07336,1.07333,1000000,3000000
2017-03-30 12:36:01.008000,1.07336,1.07332,1500000,2250000
2017-03-30 12:36:01.515000,1.07336,1.07333,1000000,1000000
2017-03-30 12:36:02.060000,1.07336,1.07332,1500000,3000000
2017-03-30 12:36:02.654000,1.07334,1.07332,1000000,1000000
2017-03-30 12:36:02.959000,1.07331,1.0733,1000000,1000000
2017-03-30 12:36:03.111000,1.0733,1.07328,1000000,1000000
2017-03-30 12:36:03.617000,1.07329,1.07328,1000000,1000000
2017-03-30 12:36:04.515000,1.07329,1.07327,1000000,1000000
2017-03-30 12:36:04.718000,1.07332,1.07327,7120000,1120000
2017-03-30 12:36:04.769000,1.0733,1.07327,1000000,1120000
2017-03-30 12:36:05.073000,1.0733,1.07329,1000000,1000000
2017-03-30 12:36:05.124000,1.0733,1.07327,1000000,1500000
2017-03-30 12:36:06.410000,1.07331,1.07328,1000000,1870000
2017-03-30 12:36:06.462000,1.07332,1.0733,1500000,2250000
2017-03-30 12:36:06.614000,1.07334,1.0733,4120000,1000000
2017-03-30 12:36:07.022000,1.07332,1.0733,1000000,2320000
2017-03-30 12:36:07.519000,1.07331,1.07328,1500000,1000000
2017-03-30 12:36:08.025000,1.07331,1.07327,1500000,3000000
2017-03-30 12:36:08.823000,1.0733,1.07327,1500000,2250000
2017-03-30 12:36:09.021000,1.07328,1.07326,1000000,1120000
2017-03-30 12:36:09.072000,1.07327,1.07324,1500000,1870000
2017-03-30 12:36:09.528000,1.07329,1.07325,2810000,1000000
2017-03-30 12:36:09.731000,1.0733,1.07327,1500000,1000000
2017-03-30 12:36:10.086000,1.07327,1.07325,1000000,5910000
2017-03-30 12:36:10.238000,1.07328,1.07326,3190000,1000000
2017-03-30 12:36:10.409000,1.07327,1.07323,1000000,1500000
2017-03-30 12:36:10.662000,1.07328,1.07325,3940000,1000000
2017-03-30 12:36:10.967000,1.07329,1.07327,1000000,1000000
2017-03-30 12:36:11.273000,1.07327,1.07324,1000000,4500000
2017-03-30 12:36:11.376000,1.07328,1.07326,1000000,2620000
2017-03-30 12:36:11.726000,1.07337,1.07335,6940000,6750000
2017-03-30 12:36:11.778000,1.07338,1.07337,1000000,1000000
2017-03-30 12:36:11.830000,1.07339,1.07338,1000000,3750000
2017-03-30 12:36:11.986000,1.07345,1.07342,7120000,1500000
2017-03-30 12:36:12.088000,1.07346,1.07342,1870000,1870000
2017-03-30 12:36:12.139000,1.07346,1.07344,1500000,1500000
2017-03-30 12:36:12.443000,1.07346,1.07341,2250000,6090000
2017-03-30 12:36:12.646000,1.07344,1.07341,1000000,4220000
2017-03-30 12:36:12.825000,1.07343,1.07339,3370000,6750000
2017-03-30 12:36:13.181000,1.07343,1.07341,2620000,1000000
2017-03-30 12:36:13.385000,1.07347,1.07341,5620000,4870000
2017-03-30 12:36:13.969000,1.07347,1.07342,1000000,2250000
2017-03-30 12:36:14.021000,1.07348,1.07346,7500000,1000000
2017-03-30 12:36:14.205000,1.0735,1.07346,1000000,3090000
2017-03-30 12:36:14.711000,1.07349,1.07345,3000000,3070000
2017-03-30 12:36:15.916000,1.07351,1.07346,4120000,1120000
2017-03-30 12:36:16.373000,1.07349,1.07345,1000000,7500000
2017-03-30 12:36:16.526000,1.07348,1.07344,4690000,1000000
2017-03-30 12:36:17.031000,1.07348,1.07343,2440000,1500000
2017-03-30 12:36:17.540000,1.07349,1.07345,2250000,1000000
2017-03-30 12:36:18.045000,1.07351,1.07346,8620000,1590000
2017-03-30 12:36:18.553000,1.07351,1.07346,7870000,1590000
2017-03-30 12:36:19.667000,1.07351,1.07348,2620000,1000000
2017-03-30 12:36:20.174000,1.07351,1.07347,1500000,1500000
2017-03-30 12:36:20.680000,1.0735,1.07347,1000000,1000000
2017-03-30 12:36:21.216000,1.07351,1.07347,2250000,1000000
2017-03-30 12:36:22.994000,1.0735,1.07347,1000000,1000000
2017-03-30 12:36:23.506000,1.07349,1.07346,1000000,2720000
2017-03-30 12:36:24.206000,1.07351,1.07346,4120000,3090000
2017-03-30 12:36:25.817000,1.0735,1.07346,1000000,4220000
2017-03-30 12:36:26.362000,1.07351,1.07346,3000000,3840000
2017-03-30 12:36:26.867000,1.0735,1.07346,1000000,3470000
2017-03-30 12:36:27.400000,1.0735,1.07347,1000000,1000000
2017-03-30 12:36:28.193000,1.0735,1.07346,1000000,3840000
2017-03-30 12:36:31.766000,1.0735,1.07347,1000000,1000000
2017-03-30 12:36:32.299000,1.0735,1.07346,1000000,2720000
2017-03-30 12:36:32.836000,1.07351,1.07346,1500000,6090000
2017-03-30 12:36:35.709000,1.07349,1.07346,1000000,2620000
2017-03-30 12:36:35.811000,1.07349,1.07344,3750000,1610000
2017-03-30 12:36:36.436000,1.07349,1.07344,7120000,1610000
2017-03-30 12:36:36.956000,1.07348,1.07345,1120000,1000000
2017-03-30 12:36:37.482000,1.07347,1.07343,1000000,1260000
2017-03-30 12:36:37.987000,1.07348,1.07342,7120000,2250000
2017-03-30 12:36:38.493000,1.07347,1.07343,1000000,1000000
2017-03-30 12:36:38.862000,1.07348,1.07344,3000000,1370000
2017-03-30 12:36:39.411000,1.07349,1.07346,1000000,1000000
2017-03-30 12:36:39.767000,1.0735,1.07348,1000000,1000000
2017-03-30 12:36:40.274000,1.07351,1.07348,1000000,1000000
2017-03-30 12:36:40.798000,1.07351,1.07347,1000000,1570000
2017-03-30 12:36:41.243000,1.07351,1.07349,1000000,1000000
2017-03-30 12:36:42.843000,1.07352,1.07349,1500000,1500000
2017-03-30 12:36:43.647000,1.07351,1.07348,1690000,1000000
2017-03-30 12:36:44.174000,1.0735,1.07346,2250000,1500000
2017-03-30 12:36:44.759000,1.0735,1.07347,2250000,1000000
2017-03-30 12:36:45.190000,1.07349,1.07345,3750000,1500000
2017-03-30 12:36:45.697000,1.07349,1.07344,8620000,1500000
2017-03-30 12:36:46.238000,1.07348,1.07345,1120000,1000000
2017-03-30 12:36:47.249000,1.07349,1.07346,6000000,1000000
2017-03-30 12:36:47.496000,1.07349,1.07347,1870000,1000000
2017-03-30 12:36:47.547000,1.07351,1.07349,1500000,1000000
2017-03-30 12:36:50.615000,1.07352,1.07349,5810000,1000000
2017-03-30 12:36:51.624000,1.07353,1.07349,2620000,1500000
2017-03-30 12:36:52.130000,1.07352,1.07349,1000000,1000000
2017-03-30 12:36:55.050000,1.0735,1.07348,1500000,1000000
2017-03-30 12:36:55.202000,1.07349,1.07345,3940000,1870000
2017-03-30 12:36:55.709000,1.07347,1.07343,1000000,2100000
2017-03-30 12:36:56.232000,1.07347,1.07344,1000000,1000000
2017-03-30 12:36:56.688000,1.07348,1.07346,1250000,1000000
2017-03-30 12:36:56.789000,1.07348,1.07344,1690000,1500000
2017-03-30 12:36:57.918000,1.07346,1.07344,1000000,2250000
2017-03-30 12:36:58.456000,1.07347,1.07343,2060000,3000000
2017-03-30 12:36:58.966000,1.07346,1.07343,1500000,2250000
2017-03-30 12:36:59.900000,1.07346,1.07344,1500000,1500000
2017-03-30 12:37:00.407000,1.07347,1.07344,1000000,2250000
2017-03-30 12:37:00.913000,1.07347,1.07345,1000000,1500000
2017-03-30 12:37:02.574000,1.07348,1.07347,1000000,1500000
2017-03-30 12:37:02.676000,1.07349,1.07347,1000000,1500000
2017-03-30 12:37:02.760000,1.07351,1.07348,1500000,1500000
2017-03-30 12:37:03.266000,1.07351,1.07349,1000000,1000000
2017-03-30 12:37:03.605000,1.07353,1.07349,2440000,1000000
2017-03-30 12:37:04.110000,1.07352,1.07349,1000000,1500000
2017-03-30 12:37:04.645000,1.07353,1.07349,2440000,1500000
2017-03-30 12:37:07.175000,1.07353,1.07351,3940000,1000000
2017-03-30 12:37:08.622000,1.07353,1.07349,3190000,1500000
2017-03-30 12:37:09.334000,1.07353,1.07349,7780000,1500000
2017-03-30 12:37:11.607000,1.07353,1.07349,3940000,1000000
2017-03-30 12:37:11.961000,1.07353,1.07351,1690000,1000000
2017-03-30 12:37:12.366000,1.07353,1.07349,1250000,1500000
2017-03-30 12:37:12.467000,1.07353,1.07351,1250000,1000000
2017-03-30 12:37:12.518000,1.07353,1.07349,2440000,2250000
2017-03-30 12:37:16.393000,1.07353,1.07351,1500000,1000000
2017-03-30 12:37:16.546000,1.07353,1.07349,3190000,2250000
2017-03-30 12:37:19.477000,1.07352,1.07348,6940000,1500000
2017-03-30 12:37:19.730000,1.07351,1.07347,9190000,1000000
2017-03-30 12:37:20.235000,1.0735,1.07346,5810000,1000000
2017-03-30 12:37:20.758000,1.0735,1.07347,1870000,1000000
2017-03-30 12:37:21.264000,1.07351,1.07348,7310000,1000000
2017-03-30 12:37:24.518000,1.07351,1.07347,5810000,1000000
2017-03-30 12:37:29.008000,1.07348,1.07346,1000000,1000000
2017-03-30 12:37:29.224000,1.07347,1.07342,2440000,2250000
2017-03-30 12:37:29.679000,1.07346,1.07341,4120000,1500000
2017-03-30 12:37:30.185000,1.07346,1.07342,2250000,1000000
2017-03-30 12:37:30.489000,1.07348,1.07345,1000000,4120000
2017-03-30 12:37:30.713000,1.0735,1.07346,1000000,1120000
2017-03-30 12:37:31.218000,1.07351,1.07347,1500000,1500000
2017-03-30 12:37:31.891000,1.07349,1.07347,1000000,1000000
2017-03-30 12:37:31.992000,1.07349,1.07343,3190000,6000000
2017-03-30 12:37:32.520000,1.07349,1.07343,4310000,5510000
2017-03-30 12:37:33.903000,1.07349,1.07343,5060000,4760000
2017-03-30 12:37:34.413000,1.07349,1.07345,2060000,1000000
2017-03-30 12:37:34.874000,1.07349,1.07343,4690000,4120000
2017-03-30 12:37:35.381000,1.07348,1.07343,1120000,4350000
2017-03-30 12:37:35.888000,1.07348,1.07343,1000000,3970000
2017-03-30 12:37:36.040000,1.0735,1.07345,4120000,1000000
2017-03-30 12:37:36.418000,1.07347,1.07346,1000000,1000000
2017-03-30 12:37:36.469000,1.07347,1.07344,1000000,1120000
2017-03-30 12:37:36.976000,1.07347,1.07343,1000000,3000000
2017-03-30 12:37:37.230000,1.07349,1.07343,7870000,3370000
2017-03-30 12:37:39.153000,1.07349,1.07343,5620000,3110000
2017-03-30 12:37:41.103000,1.07349,1.07343,2620000,3110000
2017-03-30 12:37:41.619000,1.07349,1.07343,4120000,3110000
2017-03-30 12:37:43.659000,1.07348,1.07343,1500000,3110000
2017-03-30 12:37:43.761000,1.07345,1.07343,1000000,1120000
2017-03-30 12:37:44.270000,1.07346,1.07342,2250000,1000000
2017-03-30 12:37:44.618000,1.0734,1.07339,1000000,3370000
2017-03-30 12:37:44.669000,1.0734,1.07337,1000000,3000000
2017-03-30 12:37:50.078000,1.07341,1.0734,1000000,8060000
2017-03-30 12:37:50.130000,1.07345,1.07343,6750000,3620000
2017-03-30 12:37:50.231000,1.0735,1.07348,17250000,2620000
2017-03-30 12:37:50.333000,1.07351,1.0735,1500000,1000000
2017-03-30 12:37:50.385000,1.07351,1.0735,1500000,4120000
2017-03-30 12:37:50.588000,1.07355,1.07353,1000000,1000000
2017-03-30 12:37:50.739000,1.07357,1.07353,1500000,1000000
2017-03-30 12:37:51.256000,1.07358,1.07354,1870000,1000000
2017-03-30 12:37:51.560000,1.07358,1.07356,2250000,2250000
2017-03-30 12:37:51.966000,1.07359,1.07354,1000000,3750000
2017-03-30 12:37:52.118000,1.07358,1.07354,2060000,2250000
2017-03-30 12:37:53.802000,1.07358,1.07354,1870000,3000000
2017-03-30 12:37:54.107000,1.0736,1.07357,5620000,1000000
2017-03-30 12:37:54.272000,1.07361,1.07357,4870000,2250000
2017-03-30 12:37:54.783000,1.07361,1.07358,1120000,1500000
2017-03-30 12:37:56.366000,1.07361,1.07359,1000000,1000000
2017-03-30 12:37:56.978000,1.07361,1.0736,1000000,1000000
2017-03-30 12:37:57.867000,1.07361,1.07359,4750000,3750000
2017-03-30 12:37:58.070000,1.0736,1.07358,1000000,2250000
2017-03-30 12:37:58.374000,1.0736,1.07356,1500000,2250000
2017-03-30 12:38:00.171000,1.07359,1.07356,1250000,1500000
2017-03-30 12:38:00.677000,1.07358,1.07355,1000000,1120000
2017-03-30 12:38:01.305000,1.0736,1.07357,1870000,1000000
2017-03-30 12:38:01.457000,1.0736,1.07355,1000000,6000000
2017-03-30 12:38:02.014000,1.0736,1.07355,1000000,7120000
2017-03-30 12:38:02.536000,1.07361,1.07357,2250000,1000000
2017-03-30 12:38:03.225000,1.07361,1.07358,1500000,1000000
2017-03-30 12:38:07.645000,1.07361,1.07357,1500000,3750000
2017-03-30 12:38:07.747000,1.07359,1.07357,1000000,1870000
2017-03-30 12:38:07.849000,1.07359,1.07354,4870000,2620000
2017-03-30 12:38:08.366000,1.07359,1.07354,9750000,1000000
2017-03-30 12:38:08.796000,1.07357,1.07354,2250000,1000000
2017-03-30 12:38:09.002000,1.07356,1.07352,1000000,1000000
2017-03-30 12:38:09.509000,1.07355,1.07352,1500000,1000000
2017-03-30 12:38:10.973000,1.07357,1.07354,1000000,1500000
2017-03-30 12:38:11.480000,1.07358,1.07355,1690000,1000000
2017-03-30 12:38:11.986000,1.07359,1.07355,3190000,1000000
2017-03-30 12:38:12.291000,1.07354,1.0735,3560000,1500000
2017-03-30 12:38:12.814000,1.07354,1.0735,6190000,1000000
2017-03-30 12:38:14.147000,1.07353,1.07349,1120000,1000000
2017-03-30 12:38:15.606000,1.07353,1.0735,2250000,1000000
2017-03-30 12:38:16.062000,1.07354,1.07352,1500000,1000000
2017-03-30 12:38:16.113000,1.07355,1.07351,3370000,1500000
2017-03-30 12:38:16.639000,1.07355,1.07352,1870000,1000000
2017-03-30 12:38:19.786000,1.07355,1.07353,1870000,1500000
2017-03-30 12:38:20.192000,1.07355,1.07351,1870000,1610000
2017-03-30 12:38:20.949000,1.07355,1.0735,2810000,2320000
2017-03-30 12:38:21.101000,1.07354,1.0735,5440000,1110000
2017-03-30 12:38:21.456000,1.07355,1.07352,1120000,1000000
2017-03-30 12:38:22.009000,1.07356,1.07352,1120000,1500000
2017-03-30 12:38:23.461000,1.07356,1.07353,1120000,1000000
2017-03-30 12:38:25.013000,1.07356,1.07352,1120000,2250000
2017-03-30 12:38:25.621000,1.07355,1.07352,1000000,1000000
2017-03-30 12:38:25.773000,1.07354,1.0735,1870000,2590000
2017-03-30 12:38:26.279000,1.07355,1.07349,6750000,4500000
2017-03-30 12:38:27.811000,1.07355,1.0735,3560000,1000000
2017-03-30 12:38:28.327000,1.07355,1.07351,1370000,1000000
2017-03-30 12:38:28.480000,1.07356,1.07352,2620000,1000000
2017-03-30 12:38:29.212000,1.07357,1.07352,3190000,2250000
2017-03-30 12:38:31.876000,1.07356,1.07352,1000000,2170000
2017-03-30 12:38:32.383000,1.07356,1.07351,7690000,1870000
2017-03-30 12:38:32.992000,1.07356,1.07353,3000000,1000000
2017-03-30 12:38:33.144000,1.07356,1.07351,2250000,4120000
2017-03-30 12:38:33.691000,1.07352,1.07351,1500000,1390000
2017-03-30 12:38:33.742000,1.07352,1.07349,2250000,1000000
2017-03-30 12:38:34.250000,1.07351,1.07348,1000000,1120000
2017-03-30 12:38:34.758000,1.07352,1.07348,1500000,1000000
2017-03-30 12:38:35.999000,1.07354,1.07348,11210000,2250000
2017-03-30 12:38:36.543000,1.07354,1.0735,6190000,1500000
2017-03-30 12:38:36.798000,1.07355,1.07351,1000000,1000000
2017-03-30 12:38:37.333000,1.07354,1.0735,1000000,4050000
2017-03-30 12:38:37.637000,1.07354,1.0735,1000000,3520000
2017-03-30 12:38:38.208000,1.07355,1.07351,1120000,1150000
2017-03-30 12:38:39.710000,1.07356,1.07352,4310000,1000000
2017-03-30 12:38:40.013000,1.07353,1.07352,1000000,1150000
2017-03-30 12:38:41.138000,1.07353,1.0735,1000000,1240000
2017-03-30 12:38:41.188000,1.07352,1.07349,1000000,10870000
2017-03-30 12:38:41.442000,1.07351,1.07348,1000000,1500000
2017-03-30 12:38:41.947000,1.0735,1.07348,1000000,1000000
2017-03-30 12:38:44.521000,1.0735,1.07347,1000000,3370000
2017-03-30 12:38:45.169000,1.07351,1.07347,1500000,1500000
2017-03-30 12:38:46.484000,1.07352,1.07347,1000000,2250000
2017-03-30 12:38:54.224000,1.07348,1.07347,1000000,1000000
2017-03-30 12:38:54.326000,1.07348,1.07344,1000000,1500000
2017-03-30 12:38:54.428000,1.07348,1.07343,1120000,3000000
2017-03-30 12:38:55.674000,1.07348,1.07344,1120000,1000000
2017-03-30 12:38:56.179000,1.07348,1.07343,2250000,2250000
2017-03-30 12:38:57.863000,1.07347,1.07343,1000000,1500000
2017-03-30 12:38:58.369000,1.07346,1.07342,1000000,3370000
2017-03-30 12:38:58.894000,1.07347,1.07343,1000000,1500000
2017-03-30 12:38:59.683000,1.07347,1.07342,1000000,1870000
2017-03-30 12:39:00.187000,1.07346,1.07342,1000000,1120000
2017-03-30 12:39:00.694000,1.07346,1.07341,1870000,3750000
2017-03-30 12:39:01.784000,1.07346,1.07342,1870000,1000000
2017-03-30 12:39:03.086000,1.07346,1.07343,1120000,1000000
2017-03-30 12:39:04.110000,1.07346,1.07344,1120000,1500000
2017-03-30 12:39:04.915000,1.07345,1.07344,1000000,1000000
2017-03-30 12:39:05.016000,1.07343,1.0734,1000000,3370000
2017-03-30 12:39:05.219000,1.07342,1.07338,1120000,3000000
2017-03-30 12:39:05.763000,1.07341,1.07338,1000000,1500000
2017-03-30 12:39:06.318000,1.07341,1.07337,1000000,5620000
2017-03-30 12:39:07.371000,1.07341,1.07338,1000000,2250000
2017-03-30 12:39:07.920000,1.07342,1.07339,1000000,1000000
2017-03-30 12:39:08.437000,1.07342,1.07338,1000000,6370000
2017-03-30 12:39:08.964000,1.07342,1.07339,1120000,1000000
2017-03-30 12:39:09.564000,1.07341,1.07339,1000000,1000000
2017-03-30 12:39:10.113000,1.07341,1.07338,1000000,1500000
2017-03-30 12:39:10.620000,1.07341,1.07337,1000000,5060000
2017-03-30 12:39:11.503000,1.07342,1.07337,2620000,5060000
2017-03-30 12:39:11.662000,1.07341,1.07339,1000000,1000000
2017-03-30 12:39:12.429000,1.07341,1.07337,1000000,4870000
2017-03-30 12:39:13.315000,1.07342,1.07337,2620000,5620000
2017-03-30 12:39:14.576000,1.07341,1.07337,1000000,4870000
2017-03-30 12:39:15.096000,1.07341,1.07338,1000000,1000000
2017-03-30 12:39:15.778000,1.07341,1.07337,1000000,5620000
2017-03-30 12:39:16.333000,1.07341,1.07338,1000000,1000000
2017-03-30 12:39:16.813000,1.07342,1.07339,1500000,3000000
2017-03-30 12:39:17.119000,1.0734,1.07339,3000000,1000000
2017-03-30 12:39:17.275000,1.07337,1.07336,1000000,2440000
2017-03-30 12:39:17.528000,1.07336,1.07332,1000000,2250000
2017-03-30 12:39:19.799000,1.07337,1.07333,3000000,1120000
2017-03-30 12:39:20.326000,1.07336,1.07333,1000000,1000000
2017-03-30 12:39:21.541000,1.07338,1.07333,3190000,1120000
2017-03-30 12:39:21.714000,1.07336,1.07333,1000000,1120000
2017-03-30 12:39:22.884000,1.07336,1.07332,1000000,4870000
2017-03-30 12:39:24.040000,1.07336,1.07333,1000000,1000000
2017-03-30 12:39:25.451000,1.07337,1.07333,1000000,1500000
2017-03-30 12:39:25.798000,1.07339,1.07334,3750000,3790000
2017-03-30 12:39:25.900000,1.07337,1.07335,1000000,1300000
2017-03-30 12:39:26.078000,1.07337,1.07333,1500000,1000000
2017-03-30 12:39:26.586000,1.07337,1.07332,2250000,3370000
2017-03-30 12:39:27.571000,1.07337,1.07334,1500000,1000000
2017-03-30 12:39:27.673000,1.07337,1.07332,1500000,1120000
2017-03-30 12:39:28.779000,1.07337,1.07333,1500000,3000000
2017-03-30 12:39:28.931000,1.07339,1.07334,3190000,1500000
2017-03-30 12:39:29.083000,1.07337,1.07333,1000000,1000000
2017-03-30 12:39:30.555000,1.07337,1.07334,1000000,1500000
2017-03-30 12:39:31.060000,1.07337,1.07333,1000000,2250000
2017-03-30 12:39:34.534000,1.07336,1.07333,1000000,1000000
2017-03-30 12:39:35.041000,1.07336,1.07332,1000000,1120000
2017-03-30 12:39:35.625000,1.07337,1.07332,2250000,1120000
2017-03-30 12:39:36.259000,1.07336,1.07332,2250000,1120000
2017-03-30 12:39:36.615000,1.07333,1.07331,1000000,4120000
2017-03-30 12:39:36.768000,1.07333,1.07329,1000000,1870000
2017-03-30 12:39:37.689000,1.07333,1.07328,1500000,14250000
2017-03-30 12:39:38.094000,1.07331,1.07328,1000000,1500000
2017-03-30 12:39:38.398000,1.07329,1.07327,2620000,1000000
2017-03-30 12:39:38.702000,1.07328,1.07323,1870000,7870000
2017-03-30 12:39:39.278000,1.07328,1.07324,1500000,1000000
2017-03-30 12:39:40.303000,1.07328,1.07322,3750000,3520000
2017-03-30 12:39:40.768000,1.07328,1.07325,1120000,1870000
2017-03-30 12:39:41.251000,1.07326,1.07325,1000000,1500000
2017-03-30 12:39:41.303000,1.07327,1.07322,2250000,1870000
2017-03-30 12:39:41.405000,1.07325,1.07322,1000000,1000000
2017-03-30 12:39:42.475000,1.07325,1.07324,1120000,1000000
2017-03-30 12:39:42.577000,1.07326,1.07324,1500000,1000000
2017-03-30 12:39:43.135000,1.07326,1.07323,1870000,1000000
2017-03-30 12:39:43.237000,1.07326,1.07321,1870000,8160000
2017-03-30 12:39:44.085000,1.07326,1.07322,1870000,1000000
2017-03-30 12:39:45.049000,1.07326,1.07321,1870000,9090000
2017-03-30 12:39:45.555000,1.07325,1.07321,1000000,1500000
2017-03-30 12:39:46.086000,1.07326,1.07321,3370000,1870000
2017-03-30 12:39:46.440000,1.07326,1.07323,1120000,1000000
2017-03-30 12:39:46.986000,1.07325,1.07323,1000000,1000000
2017-03-30 12:39:47.688000,1.07326,1.07323,1870000,1000000
2017-03-30 12:39:47.941000,1.07326,1.07321,1120000,6000000
2017-03-30 12:39:48.480000,1.07325,1.07321,1000000,1500000
2017-03-30 12:39:49.036000,1.07326,1.07321,1120000,4500000
2017-03-30 12:39:49.393000,1.07325,1.07323,1000000,1000000
2017-03-30 12:39:49.937000,1.07326,1.07323,1120000,1000000
2017-03-30 12:39:50.438000,1.07325,1.07322,1000000,1120000
2017-03-30 12:39:51.501000,1.07325,1.07324,1000000,1000000
2017-03-30 12:39:51.704000,1.0733,1.07326,4870000,1000000
2017-03-30 12:39:51.856000,1.07329,1.07326,2250000,1000000
2017-03-30 12:39:52.069000,1.07328,1.07323,2810000,2250000
2017-03-30 12:39:52.575000,1.07327,1.07323,1000000,2250000
2017-03-30 12:39:53.111000,1.07328,1.07324,1500000,1000000
2017-03-30 12:39:54.336000,1.07329,1.07325,1120000,1650000
2017-03-30 12:39:54.844000,1.07328,1.07325,1000000,3090000
2017-03-30 12:39:55.392000,1.07328,1.07324,1500000,1000000
2017-03-30 12:39:56.054000,1.07329,1.07324,3000000,1000000
2017-03-30 12:39:56.560000,1.07328,1.07323,1500000,1650000
2017-03-30 12:39:56.763000,1.07327,1.07323,3560000,1000000
2017-03-30 12:39:57.269000,1.07327,1.07323,1120000,1120000
2017-03-30 12:39:57.592000,1.07324,1.07321,1000000,2100000
2017-03-30 12:39:57.643000,1.07324,1.07321,1000000,1120000
2017-03-30 12:39:57.810000,1.07325,1.07323,1120000,1000000
2017-03-30 12:39:58.120000,1.07327,1.07323,1120000,1870000
2017-03-30 12:39:58.657000,1.07327,1.07324,1120000,1000000
2017-03-30 12:39:59.183000,1.07325,1.07321,1000000,12280000
2017-03-30 12:40:00.496000,1.07324,1.07321,1870000,7780000
2017-03-30 12:40:00.901000,1.07323,1.07319,1120000,3750000
2017-03-30 12:40:01.408000,1.07323,1.07318,1120000,5250000
2017-03-30 12:40:01.920000,1.07323,1.07319,1120000,1760000
2017-03-30 12:40:03.451000,1.07322,1.07319,1000000,1200000
2017-03-30 12:40:04.213000,1.07323,1.07318,2620000,6750000
2017-03-30 12:40:08.462000,1.0732,1.07318,1000000,6280000
2017-03-30 12:40:08.568000,1.07317,1.07316,1000000,1500000
2017-03-30 12:40:08.670000,1.07317,1.07313,1000000,5250000
2017-03-30 12:40:09.329000,1.07316,1.07312,1500000,1500000
2017-03-30 12:40:09.724000,1.07314,1.07313,1000000,1000000
2017-03-30 12:40:09.876000,1.07316,1.07313,1000000,1000000
2017-03-30 12:40:10.390000,1.07317,1.07313,1500000,1000000
2017-03-30 12:40:11.895000,1.07317,1.07311,2250000,2620000
2017-03-30 12:40:12.416000,1.07316,1.07311,1500000,12880000
2017-03-30 12:40:12.922000,1.07317,1.07312,1500000,1000000
2017-03-30 12:40:13.428000,1.07316,1.07311,1120000,12280000
2017-03-30 12:40:13.762000,1.07314,1.07311,1000000,4500000
2017-03-30 12:40:14.067000,1.0731,1.07308,1000000,1000000
2017-03-30 12:40:14.343000,1.07314,1.0731,1500000,2620000
2017-03-30 12:40:14.445000,1.07316,1.07312,3750000,1000000
2017-03-30 12:40:14.648000,1.07316,1.0731,3000000,4500000
2017-03-30 12:40:14.801000,1.07316,1.07312,2250000,1000000
2017-03-30 12:40:15.307000,1.07315,1.0731,1000000,2250000
2017-03-30 12:40:15.997000,1.07315,1.07312,1000000,1000000
2017-03-30 12:40:16.503000,1.07314,1.07311,1000000,1890000
2017-03-30 12:40:16.706000,1.07316,1.07311,2620000,1000000
2017-03-30 12:40:17.211000,1.07316,1.07312,1500000,1000000
2017-03-30 12:40:17.493000,1.07314,1.07311,1000000,1000000
2017-03-30 12:40:18.406000,1.07313,1.07309,1000000,1000000
2017-03-30 12:40:18.659000,1.07311,1.07308,1000000,3000000
2017-03-30 12:40:18.973000,1.07311,1.07306,1000000,2620000
2017-03-30 12:40:19.479000,1.07311,1.07307,2250000,1000000
2017-03-30 12:40:19.935000,1.07309,1.07306,2250000,1000000
2017-03-30 12:40:20.037000,1.07308,1.07304,1000000,1120000
2017-03-30 12:40:20.546000,1.07309,1.07304,1000000,3000000
2017-03-30 12:40:20.997000,1.07307,1.07304,1000000,1000000
2017-03-30 12:40:21.353000,1.07306,1.07301,1870000,6560000
2017-03-30 12:40:21.417000,1.07304,1.07301,1500000,6560000
2017-03-30 12:40:21.886000,1.07304,1.07299,1120000,7120000
2017-03-30 12:40:22.405000,1.07303,1.07299,1000000,6370000
2017-03-30 12:40:22.809000,1.07305,1.073,1500000,1000000
2017-03-30 12:40:23.077000,1.07306,1.07302,7310000,2250000
2017-03-30 12:40:23.266000,1.07308,1.07303,2620000,1500000
2017-03-30 12:40:23.520000,1.07307,1.07304,1000000,5400000
2017-03-30 12:40:23.571000,1.0731,1.07304,6940000,6600000
2017-03-30 12:40:24.077000,1.07309,1.07305,1000000,1120000
2017-03-30 12:40:24.588000,1.0731,1.07306,1310000,1000000
2017-03-30 12:40:25.094000,1.07309,1.07305,1000000,1000000
2017-03-30 12:40:25.599000,1.07309,1.07304,1500000,1500000
2017-03-30 12:40:27.515000,1.0731,1.07306,2920000,2340000
2017-03-30 12:40:27.769000,1.07312,1.07307,4690000,1500000
2017-03-30 12:40:28.123000,1.0731,1.07306,1000000,3000000
2017-03-30 12:40:28.651000,1.07312,1.07306,5550000,4590000
2017-03-30 12:40:29.178000,1.07312,1.07307,6300000,1000000
2017-03-30 12:40:29.712000,1.07312,1.07306,4690000,6840000
2017-03-30 12:40:30.021000,1.07312,1.07308,4690000,1000000
2017-03-30 12:40:30.656000,1.07315,1.07311,4870000,1000000
2017-03-30 12:40:31.215000,1.07314,1.07311,1000000,1500000
2017-03-30 12:40:31.520000,1.07311,1.07308,1000000,2250000
2017-03-30 12:40:32.027000,1.07311,1.07308,1500000,1000000
2017-03-30 12:40:32.386000,1.07309,1.07307,1000000,1870000
2017-03-30 12:40:32.794000,1.07311,1.07308,1000000,1000000
2017-03-30 12:40:33.308000,1.07312,1.07308,2740000,1000000
2017-03-30 12:40:34.077000,1.07311,1.07308,1000000,1000000
2017-03-30 12:40:34.587000,1.07311,1.07307,1500000,1500000
2017-03-30 12:40:35.041000,1.07311,1.07309,1500000,1000000
2017-03-30 12:40:35.244000,1.07311,1.07307,1000000,1500000
2017-03-30 12:40:36.513000,1.0731,1.07306,1000000,3000000
2017-03-30 12:40:36.716000,1.07309,1.07304,3370000,2620000
2017-03-30 12:40:37.223000,1.07308,1.07302,3750000,3370000
2017-03-30 12:40:37.628000,1.07307,1.07304,1500000,1000000
2017-03-30 12:40:38.165000,1.07308,1.07304,3110000,1000000
2017-03-30 12:40:39.873000,1.07307,1.07304,1000000,1000000
2017-03-30 12:40:41.641000,1.07308,1.07302,4950000,3370000
2017-03-30 12:40:42.485000,1.07307,1.07303,1570000,1000000
2017-03-30 12:40:43.012000,1.07307,1.07302,2320000,2740000
2017-03-30 12:40:43.521000,1.07306,1.07302,1000000,2740000
2017-03-30 12:40:44.268000,1.07306,1.07303,1000000,1000000
2017-03-30 12:40:47.151000,1.07307,1.07303,1000000,1120000
2017-03-30 12:40:48.556000,1.07308,1.07304,2250000,1500000
2017-03-30 12:40:48.607000,1.07308,1.07306,1500000,1000000
2017-03-30 12:40:48.820000,1.0731,1.07307,1000000,1000000
2017-03-30 12:40:49.329000,1.07311,1.07307,2250000,1000000
2017-03-30 12:40:49.881000,1.07311,1.07306,2250000,2250000
2017-03-30 12:40:51.266000,1.07311,1.07307,1000000,1000000
2017-03-30 12:40:51.772000,1.07312,1.07308,1000000,1150000
2017-03-30 12:40:52.290000,1.07313,1.07308,5250000,1150000
2017-03-30 12:40:52.906000,1.07313,1.07309,1120000,1000000
2017-03-30 12:40:53.413000,1.07314,1.07309,1870000,3000000
2017-03-30 12:40:53.919000,1.07315,1.0731,1120000,2850000
2017-03-30 12:40:54.442000,1.07315,1.07311,1120000,1000000
2017-03-30 12:40:55.437000,1.07315,1.0731,1250000,2400000
2017-03-30 12:40:56.170000,1.07315,1.07311,1000000,1000000
2017-03-30 12:40:56.451000,1.07314,1.07309,3000000,1500000
2017-03-30 12:40:56.983000,1.07315,1.0731,5590000,1000000
2017-03-30 12:40:57.205000,1.07312,1.0731,1000000,2250000
2017-03-30 12:40:57.357000,1.07311,1.07308,1000000,1610000
2017-03-30 12:40:57.559000,1.07313,1.07308,3750000,2710000
2017-03-30 12:40:57.965000,1.0731,1.07308,1000000,1000000
2017-03-30 12:40:58.167000,1.07307,1.07304,1000000,4870000
2017-03-30 12:40:58.710000,1.07308,1.07305,1000000,1000000
2017-03-30 12:40:59.218000,1.07308,1.07304,1000000,3820000
2017-03-30 12:40:59.630000,1.0731,1.07305,1000000,4870000
2017-03-30 12:40:59.884000,1.07308,1.07305,1000000,3370000
2017-03-30 12:40:59.985000,1.07307,1.07302,1000000,4120000
2017-03-30 12:41:00.512000,1.07306,1.07302,1000000,2360000
2017-03-30 12:41:04.525000,1.07306,1.07303,1000000,1000000
2017-03-30 12:41:06.222000,1.07306,1.07302,1000000,1000000
2017-03-30 12:41:06.735000,1.07306,1.07301,1500000,1870000
2017-03-30 12:41:07.357000,1.07306,1.07302,1500000,1000000
2017-03-30 12:41:08.053000,1.07307,1.07302,1220000,1000000
2017-03-30 12:41:09.006000,1.07306,1.07302,1130000,1000000
2017-03-30 12:41:09.633000,1.07308,1.07304,9000000,2250000
2017-03-30 12:41:10.139000,1.07307,1.07303,3750000,1000000
2017-03-30 12:41:11.483000,1.07307,1.07303,4500000,1000000
2017-03-30 12:41:11.787000,1.07307,1.07301,4500000,5620000
2017-03-30 12:41:12.420000,1.07307,1.07303,3750000,1000000
2017-03-30 12:41:12.927000,1.07307,1.07302,3750000,1500000
2017-03-30 12:41:13.438000,1.07306,1.07302,1500000,1500000
2017-03-30 12:41:13.966000,1.07306,1.07301,2250000,3560000
2017-03-30 12:41:15.740000,1.07305,1.07301,1000000,3190000
2017-03-30 12:41:16.044000,1.07302,1.073,1000000,1000000
2017-03-30 12:41:16.349000,1.07301,1.07298,1100000,1000000
2017-03-30 12:41:17.773000,1.07301,1.07297,1100000,1500000
2017-03-30 12:41:18.677000,1.07299,1.07295,1000000,1500000
2017-03-30 12:41:18.981000,1.07297,1.07295,1000000,1000000
2017-03-30 12:41:19.285000,1.07295,1.07294,1000000,2620000
2017-03-30 12:41:19.387000,1.07295,1.07293,1690000,6750000
2017-03-30 12:41:19.539000,1.07297,1.07294,2620000,2530000
2017-03-30 12:41:19.823000,1.07296,1.07292,1000000,6750000
2017-03-30 12:41:19.925000,1.07294,1.07292,1000000,1500000
2017-03-30 12:41:20.128000,1.07294,1.0729,1500000,5250000
2017-03-30 12:41:20.636000,1.07293,1.07289,1000000,4120000
2017-03-30 12:41:21.066000,1.07294,1.07288,8250000,3070000
2017-03-30 12:41:21.270000,1.07292,1.07288,1500000,1100000
2017-03-30 12:41:21.574000,1.07294,1.07289,1000000,7120000
2017-03-30 12:41:22.079000,1.07294,1.07289,4370000,3000000
2017-03-30 12:41:22.593000,1.07294,1.07288,6750000,4120000
2017-03-30 12:41:22.948000,1.07293,1.07288,1120000,1950000
2017-03-30 12:41:23.459000,1.07292,1.07287,1120000,12370000
2017-03-30 12:41:23.981000,1.07292,1.07288,2250000,1500000
2017-03-30 12:41:24.286000,1.07289,1.07285,1120000,5250000
2017-03-30 12:41:24.592000,1.07285,1.07283,1000000,3000000
2017-03-30 12:41:25.048000,1.07285,1.07281,1000000,1500000
2017-03-30 12:41:25.564000,1.07285,1.0728,1250000,8250000
2017-03-30 12:41:25.716000,1.07283,1.0728,1000000,5620000
2017-03-30 12:41:25.818000,1.07285,1.0728,2440000,5620000
2017-03-30 12:41:27.447000,1.07285,1.0728,2060000,6000000
2017-03-30 12:41:27.952000,1.07285,1.0728,2060000,5620000
2017-03-30 12:41:28.106000,1.07283,1.0728,1000000,5620000
2017-03-30 12:41:29.030000,1.07282,1.0728,1000000,1000000
2017-03-30 12:41:29.182000,1.07284,1.0728,1500000,1000000
2017-03-30 12:41:29.688000,1.07284,1.07279,1000000,13350000
2017-03-30 12:41:30.206000,1.07284,1.0728,1500000,5250000
2017-03-30 12:41:30.644000,1.07285,1.07282,1690000,1000000
2017-03-30 12:41:30.948000,1.07283,1.07279,6000000,3000000
2017-03-30 12:41:30.999000,1.07281,1.07279,1000000,1500000
2017-03-30 12:41:31.303000,1.07274,1.07272,1000000,1000000
2017-03-30 12:41:31.839000,1.07274,1.07271,1000000,13690000
2017-03-30 12:41:32.345000,1.07275,1.07271,1000000,13310000
2017-03-30 12:41:32.751000,1.07277,1.07274,2620000,1500000
2017-03-30 12:41:33.129000,1.07276,1.07272,1500000,2960000
2017-03-30 12:41:33.231000,1.07274,1.07271,1000000,13030000
2017-03-30 12:41:33.765000,1.07274,1.07271,1000000,1500000
2017-03-30 12:41:34.298000,1.07275,1.07271,1000000,1460000
2017-03-30 12:41:34.619000,1.07276,1.07273,1000000,1250000
2017-03-30 12:41:35.125000,1.07276,1.07271,2250000,9820000
2017-03-30 12:41:35.631000,1.07275,1.07271,1000000,9450000
2017-03-30 12:41:36.444000,1.07275,1.0727,1500000,12000000
2017-03-30 12:41:36.748000,1.07276,1.07272,2810000,1000000
2017-03-30 12:41:37.526000,1.07276,1.07271,5060000,8250000
2017-03-30 12:41:38.065000,1.07276,1.0727,2810000,11250000
2017-03-30 12:41:38.421000,1.07274,1.07272,1000000,1690000
2017-03-30 12:41:38.472000,1.07276,1.07273,1120000,3750000
2017-03-30 12:41:38.626000,1.07276,1.07274,1000000,7500000
2017-03-30 12:41:38.778000,1.07276,1.07273,1120000,1000000
2017-03-30 12:41:39.296000,1.07275,1.07271,1000000,6470000
2017-03-30 12:41:40.362000,1.07275,1.07271,1000000,6840000
2017-03-30 12:41:41.434000,1.07275,1.07274,1000000,1500000
2017-03-30 12:41:41.486000,1.07275,1.07272,1000000,1990000
2017-03-30 12:41:41.537000,1.07276,1.07273,1000000,3750000
2017-03-30 12:41:41.638000,1.07275,1.07273,1000000,1000000
2017-03-30 12:41:41.740000,1.07274,1.07271,1000000,13590000
2017-03-30 12:41:41.993000,1.07275,1.07271,1000000,7240000
2017-03-30 12:41:42.297000,1.07278,1.07276,1000000,8250000
2017-03-30 12:41:42.818000,1.07279,1.07275,1000000,8250000
2017-03-30 12:41:45.263000,1.07278,1.07275,1000000,12750000
2017-03-30 12:41:45.770000,1.07277,1.07276,1000000,8250000
2017-03-30 12:41:46.787000,1.07278,1.07276,2620000,8250000
2017-03-30 12:41:47.293000,1.07277,1.07276,1500000,9000000
2017-03-30 12:41:47.815000,1.07276,1.07271,1870000,3970000
2017-03-30 12:41:50.104000,1.07277,1.07274,6190000,1500000
2017-03-30 12:41:50.611000,1.07277,1.07275,1000000,14340000
2017-03-30 12:41:51.119000,1.07277,1.07276,1000000,8720000
2017-03-30 12:41:51.664000,1.07278,1.07276,1000000,8720000
2017-03-30 12:41:52.177000,1.07279,1.07275,1500000,9470000
2017-03-30 12:41:52.683000,1.07279,1.07276,2250000,8720000
2017-03-30 12:41:54.659000,1.07277,1.07276,1000000,8720000
2017-03-30 12:41:54.869000,1.07279,1.07276,1000000,1000000
2017-03-30 12:41:55.476000,1.07277,1.07275,1000000,9470000
2017-03-30 12:41:55.628000,1.07275,1.07273,1000000,1150000
2017-03-30 12:41:56.440000,1.07276,1.07273,1120000,1610000
2017-03-30 12:41:56.644000,1.07276,1.07275,1000000,3750000
2017-03-30 12:41:56.898000,1.07277,1.07273,1500000,3110000
2017-03-30 12:41:57.404000,1.07275,1.07273,1000000,1150000
2017-03-30 12:41:57.626000,1.07276,1.07273,1000000,3640000
2017-03-30 12:41:57.980000,1.07275,1.07271,1000000,1870000
2017-03-30 12:41:58.031000,1.07275,1.07272,1500000,1610000
2017-03-30 12:41:58.538000,1.07278,1.07274,1500000,1000000
2017-03-30 12:41:58.863000,1.07276,1.07274,1000000,1500000
2017-03-30 12:41:59.370000,1.07277,1.07273,1000000,1870000
2017-03-30 12:41:59.892000,1.07276,1.07273,1000000,1870000
2017-03-30 12:42:00.398000,1.07275,1.07273,1000000,2740000
2017-03-30 12:42:00.631000,1.07274,1.07271,1000000,3220000
2017-03-30 12:42:01.136000,1.07276,1.07272,2250000,1240000
2017-03-30 12:42:01.188000,1.07274,1.07272,1000000,2620000
2017-03-30 12:42:01.239000,1.07276,1.07272,1500000,1240000
2017-03-30 12:42:01.753000,1.07276,1.07273,1000000,1000000
2017-03-30 12:42:02.674000,1.07277,1.07274,1000000,1200000
2017-03-30 12:42:02.877000,1.07278,1.07275,2250000,1200000
2017-03-30 12:42:02.979000,1.07278,1.07274,3000000,1500000
2017-03-30 12:42:03.283000,1.07276,1.07275,1500000,1000000
2017-03-30 12:42:03.424000,1.07275,1.07272,1500000,1990000
2017-03-30 12:42:04.036000,1.07275,1.07274,2250000,1000000
2017-03-30 12:42:04.290000,1.07275,1.07272,1500000,2620000
2017-03-30 12:42:04.796000,1.07276,1.07272,1500000,1500000
2017-03-30 12:42:05.302000,1.07275,1.07271,1000000,7870000
2017-03-30 12:42:06.412000,1.07274,1.07271,1000000,7870000
2017-03-30 12:42:06.918000,1.07273,1.0727,3750000,2250000
2017-03-30 12:42:07.376000,1.07272,1.0727,1000000,3370000
2017-03-30 12:42:07.579000,1.07271,1.07268,1000000,6000000
2017-03-30 12:42:08.136000,1.07271,1.07269,1500000,1000000
2017-03-30 12:42:08.683000,1.07271,1.07268,1000000,1500000
2017-03-30 12:42:08.936000,1.0727,1.07268,1000000,1500000
2017-03-30 12:42:08.987000,1.07271,1.07268,1000000,1120000
2017-03-30 12:42:09.342000,1.07269,1.07268,1000000,1000000
2017-03-30 12:42:09.916000,1.07269,1.07267,1000000,7500000
2017-03-30 12:42:10.221000,1.07267,1.07266,1000000,4780000
2017-03-30 12:42:10.274000,1.07269,1.07266,2250000,4410000
2017-03-30 12:42:10.325000,1.07267,1.07265,1000000,10780000
2017-03-30 12:42:10.681000,1.07264,1.07261,1000000,5810000
2017-03-30 12:42:10.732000,1.07266,1.07263,3000000,1000000
2017-03-30 12:42:11.036000,1.07264,1.07261,1000000,1120000
2017-03-30 12:42:11.366000,1.07264,1.07263,1000000,2770000
2017-03-30 12:42:11.682000,1.07265,1.0726,3750000,6150000
2017-03-30 12:42:11.783000,1.07265,1.07261,4500000,3560000
2017-03-30 12:42:12.505000,1.07265,1.0726,3750000,9190000
2017-03-30 12:42:12.606000,1.07266,1.07264,2810000,1120000
2017-03-30 12:42:12.911000,1.07267,1.07266,1000000,1000000
2017-03-30 12:42:13.115000,1.07266,1.07263,1000000,1370000
2017-03-30 12:42:13.377000,1.07265,1.07262,3750000,1000000
2017-03-30 12:42:13.882000,1.07265,1.07261,3750000,5060000
2017-03-30 12:42:14.841000,1.07266,1.07261,6750000,3470000
2017-03-30 12:42:15.347000,1.07265,1.07261,2020000,4220000
2017-03-30 12:42:15.663000,1.07266,1.07265,1000000,1500000
2017-03-30 12:42:16.019000,1.07265,1.07262,1000000,1000000
2017-03-30 12:42:16.526000,1.07266,1.07262,1500000,2250000
2017-03-30 12:42:16.851000,1.07267,1.07265,3150000,1500000
2017-03-30 12:42:17.375000,1.07268,1.07266,1000000,1000000
2017-03-30 12:42:17.577000,1.07267,1.07264,1500000,1000000
