time,ask,bid,ask_volume,bid_volume
2018-06-20 14:25:00.018000,1.15767,1.15763,3210000,1450000
2018-06-20 14:25:00.212000,1.1577,1.15766,5890000,2100000
2018-06-20 14:25:00.715000,1.1577,1.15766,3190000,5250000
2018-06-20 14:25:01.126000,1.15765,1.15764,1000000,1200000
2018-06-20 14:25:01.291000,1.15765,1.15762,2700000,1000000
2018-06-20 14:25:01.342000,1.15763,1.1576,4120000,1390000
2018-06-20 14:25:01.560000,1.15765,1.15761,8890000,3000000
2018-06-20 14:25:01.667000,1.15763,1.15761,1000000,1250000
2018-06-20 14:25:01.975000,1.15762,1.15759,1620000,3190000
2018-06-20 14:25:02.577000,1.15763,1.1576,4690000,1250000
2018-06-20 14:25:03.197000,1.15763,1.15759,3640000,1390000
2018-06-20 14:25:03.327000,1.15765,1.1576,10760000,3190000
2018-06-20 14:25:03.838000,1.15765,1.15762,1000000,6450000
2018-06-20 14:25:04.249000,1.15768,1.15764,7200000,1000000
2018-06-20 14:25:04.417000,1.15769,1.15764,5620000,4570000
2018-06-20 14:25:04.575000,1.15768,1.15765,1690000,3750000
2018-06-20 14:25:04.982000,1.15767,1.15763,8060000,3110000
2018-06-20 14:25:05.190000,1.15765,1.15762,1310000,1000000
2018-06-20 14:25:05.296000,1.15767,1.15764,1570000,1120000
2018-06-20 14:25:05.835000,1.15767,1.15764,1870000,1570000
2018-06-20 14:25:06.891000,1.15766,1.15763,1190000,1290000
2018-06-20 14:25:06.995000,1.15765,1.15761,1000000,5320000
2018-06-20 14:25:07.450000,1.15766,1.15763,1500000,4690000
2018-06-20 14:25:10.310000,1.15768,1.15765,1120000,2140000
2018-06-20 14:25:10.446000,1.1577,1.15767,4120000,1120000
2018-06-20 14:25:11.116000,1.15771,1.15768,5060000,2250000
2018-06-20 14:25:11.169000,1.15772,1.15769,2700000,1000000
2018-06-20 14:25:12.081000,1.15773,1.15768,5440000,2140000
2018-06-20 14:25:12.978000,1.15773,1.15769,6190000,1000000
2018-06-20 14:25:13.083000,1.15773,1.15771,2250000,1000000
2018-06-20 14:25:13.293000,1.15776,1.15774,1870000,1500000
2018-06-20 14:25:13.476000,1.15776,1.15772,3190000,6450000
2018-06-20 14:25:13.686000,1.15777,1.15773,1390000,3260000
2018-06-20 14:25:14.216000,1.15779,1.15775,2890000,1950000
2018-06-20 14:25:14.747000,1.15779,1.15775,7950000,2140000
2018-06-20 14:25:15.314000,1.15779,1.15775,5140000,1200000
2018-06-20 14:25:15.940000,1.15779,1.15775,8700000,2140000
2018-06-20 14:25:16.657000,1.15778,1.15775,1250000,1200000
2018-06-20 14:25:17.375000,1.15778,1.15775,1190000,1200000
2018-06-20 14:25:17.969000,1.15778,1.15774,3190000,1100000
2018-06-20 14:25:18.756000,1.15773,1.15772,1250000,3450000
2018-06-20 14:25:18.861000,1.15771,1.15767,2810000,6640000
2018-06-20 14:25:18.913000,1.15772,1.15771,1120000,3750000
2018-06-20 14:25:19.183000,1.15776,1.15771,9260000,7570000
2018-06-20 14:25:19.734000,1.15775,1.15771,1000000,4200000
2018-06-20 14:25:20.368000,1.15774,1.1577,1000000,8320000
2018-06-20 14:25:20.872000,1.15775,1.15771,3070000,2320000
2018-06-20 14:25:21.149000,1.15772,1.15769,3260000,4950000
2018-06-20 14:25:21.692000,1.15773,1.15769,2890000,4200000
2018-06-20 14:25:22.317000,1.15772,1.15769,1310000,4200000
2018-06-20 14:25:23.025000,1.15773,1.15769,4950000,4950000
2018-06-20 14:25:24.177000,1.15771,1.15768,3940000,1000000
2018-06-20 14:25:24.602000,1.15773,1.15771,1120000,2250000
2018-06-20 14:25:25.124000,1.15774,1.1577,1250000,5140000
2018-06-20 14:25:25.668000,1.15774,1.1577,3190000,7570000
2018-06-20 14:25:26.206000,1.15774,1.1577,3190000,5700000
2018-06-20 14:25:27.293000,1.15774,1.1577,3190000,6260000
2018-06-20 14:25:27.346000,1.15774,1.1577,3190000,5320000
2018-06-20 14:25:29.953000,1.15771,1.15768,3000000,1570000
2018-06-20 14:25:30.010000,1.15763,1.15761,1500000,1000000
2018-06-20 14:25:30.223000,1.15761,1.15759,4760000,1250000
2018-06-20 14:25:30.389000,1.1576,1.15757,1200000,3190000
2018-06-20 14:25:30.955000,1.1576,1.15758,4200000,1000000
2018-06-20 14:25:31.126000,1.1576,1.15756,6450000,1250000
2018-06-20 14:25:31.237000,1.15757,1.15754,1870000,1870000
2018-06-20 14:25:31.341000,1.15755,1.15751,3070000,3000000
2018-06-20 14:25:31.671000,1.15752,1.15748,1500000,5320000
2018-06-20 14:25:31.928000,1.15752,1.15747,3820000,5810000
2018-06-20 14:25:32.467000,1.15752,1.15748,3450000,1000000
2018-06-20 14:25:32.768000,1.1575,1.15745,4200000,7870000
2018-06-20 14:25:32.872000,1.15749,1.15745,1450000,8620000
2018-06-20 14:25:33.397000,1.15749,1.15746,1450000,1000000
2018-06-20 14:25:34.344000,1.15749,1.15745,1450000,3560000
2018-06-20 14:25:34.707000,1.15749,1.15746,1450000,2100000
2018-06-20 14:25:34.761000,1.15751,1.15747,1450000,3750000
2018-06-20 14:25:35.288000,1.1575,1.15745,1200000,5250000
2018-06-20 14:25:36.016000,1.15749,1.15746,1200000,3370000
2018-06-20 14:25:36.069000,1.15747,1.15744,1870000,1390000
2018-06-20 14:25:36.521000,1.15746,1.15744,5320000,1690000
2018-06-20 14:25:36.730000,1.15745,1.15742,1000000,3000000
2018-06-20 14:25:37.298000,1.15746,1.15743,5320000,1000000
2018-06-20 14:25:37.873000,1.15746,1.15742,5320000,1120000
2018-06-20 14:25:38.449000,1.15746,1.15743,1870000,1500000
2018-06-20 14:25:38.815000,1.15747,1.15745,1100000,1500000
2018-06-20 14:25:38.922000,1.15749,1.15746,3070000,1000000
2018-06-20 14:25:39.536000,1.15748,1.15745,1000000,5510000
2018-06-20 14:25:39.601000,1.15745,1.15743,1500000,1100000
2018-06-20 14:25:39.809000,1.15745,1.15741,1000000,1500000
2018-06-20 14:25:40.460000,1.15745,1.15741,1000000,4160000
2018-06-20 14:25:41.339000,1.15746,1.15742,7570000,3190000
2018-06-20 14:25:43.723000,1.15746,1.15745,1120000,2250000
2018-06-20 14:25:43.933000,1.1575,1.15747,2700000,2620000
2018-06-20 14:25:45.355000,1.1575,1.15746,2700000,11170000
2018-06-20 14:25:45.566000,1.15752,1.1575,1200000,4500000
2018-06-20 14:25:45.688000,1.15755,1.15751,6820000,2060000
2018-06-20 14:25:46.223000,1.15753,1.1575,3000000,1100000
2018-06-20 14:25:47.858000,1.15753,1.15749,1100000,4760000
2018-06-20 14:25:48.446000,1.15753,1.1575,1120000,1000000
2018-06-20 14:25:49.368000,1.15754,1.15751,3370000,1000000
2018-06-20 14:25:49.878000,1.15754,1.1575,1870000,2250000
2018-06-20 14:25:51.767000,1.15754,1.15751,1870000,1000000
2018-06-20 14:25:52.236000,1.15755,1.15753,1000000,4690000
2018-06-20 14:25:52.447000,1.15759,1.15756,1000000,5700000
2018-06-20 14:25:52.792000,1.15763,1.15759,3600000,4120000
2018-06-20 14:25:53.157000,1.15761,1.15757,2890000,2890000
2018-06-20 14:25:53.593000,1.15758,1.15756,1120000,3260000
2018-06-20 14:25:53.701000,1.15758,1.15754,3370000,6070000
2018-06-20 14:25:53.758000,1.15755,1.15752,2440000,2890000
2018-06-20 14:25:53.868000,1.15753,1.15751,1000000,1760000
2018-06-20 14:25:53.974000,1.15751,1.15747,3000000,4760000
2018-06-20 14:25:54.237000,1.15751,1.15747,7310000,1870000
2018-06-20 14:25:54.760000,1.15751,1.15747,1870000,4870000
2018-06-20 14:25:54.813000,1.15753,1.15749,2140000,4130000
2018-06-20 14:25:55.132000,1.15755,1.1575,1950000,4200000
2018-06-20 14:25:55.236000,1.15753,1.1575,1000000,2620000
2018-06-20 14:25:55.782000,1.15753,1.15749,2250000,2250000
2018-06-20 14:25:56.872000,1.15753,1.15749,3640000,1100000
2018-06-20 14:25:57.062000,1.1575,1.15746,1000000,4390000
2018-06-20 14:25:57.616000,1.15751,1.15747,4310000,1000000
2018-06-20 14:25:59.942000,1.15749,1.15747,1000000,1000000
2018-06-20 14:26:00.924000,1.15749,1.15746,1000000,3750000
2018-06-20 14:26:02.710000,1.15749,1.15748,1000000,1000000
2018-06-20 14:26:03.244000,1.1575,1.15747,1870000,2510000
2018-06-20 14:26:04.009000,1.15752,1.1575,1200000,1000000
2018-06-20 14:26:04.399000,1.15754,1.15753,1000000,1000000
2018-06-20 14:26:05.007000,1.15754,1.15752,1000000,2440000
2018-06-20 14:26:05.173000,1.15753,1.1575,1500000,1760000
2018-06-20 14:26:05.336000,1.15749,1.15746,1000000,6820000
2018-06-20 14:26:06.058000,1.15751,1.15749,1000000,1500000
2018-06-20 14:26:06.111000,1.15753,1.1575,2700000,1000000
2018-06-20 14:26:06.419000,1.15751,1.1575,1000000,1000000
2018-06-20 14:26:06.472000,1.1575,1.15748,1000000,1200000
2018-06-20 14:26:06.674000,1.1575,1.15746,1100000,7050000
2018-06-20 14:26:07.185000,1.1575,1.15747,1100000,4500000
2018-06-20 14:26:07.418000,1.15752,1.15748,1100000,4200000
2018-06-20 14:26:07.779000,1.1575,1.15747,1000000,3110000
2018-06-20 14:26:08.716000,1.1575,1.15749,1000000,1000000
2018-06-20 14:26:08.821000,1.1575,1.15747,1500000,3450000
2018-06-20 14:26:09.141000,1.15749,1.15745,1000000,13610000
2018-06-20 14:26:09.662000,1.15749,1.15746,1000000,1500000
2018-06-20 14:26:11.054000,1.15746,1.15745,1500000,1010000
2018-06-20 14:26:11.275000,1.15744,1.15741,1000000,6450000
2018-06-20 14:26:11.481000,1.15746,1.15743,1120000,2060000
2018-06-20 14:26:12.410000,1.15747,1.15746,2620000,1000000
2018-06-20 14:26:12.751000,1.15752,1.15751,1000000,1500000
2018-06-20 14:26:13.350000,1.15753,1.1575,1000000,3220000
2018-06-20 14:26:14.487000,1.15752,1.1575,2620000,4010000
2018-06-20 14:26:14.700000,1.1575,1.15748,1120000,1570000
2018-06-20 14:26:14.925000,1.15749,1.15745,1310000,4310000
2018-06-20 14:26:15.030000,1.15749,1.15747,1000000,1000000
2018-06-20 14:26:15.627000,1.15749,1.15745,1200000,8140000
2018-06-20 14:26:16.361000,1.15749,1.15747,1000000,1000000
2018-06-20 14:26:16.866000,1.15749,1.15746,1000000,2440000
2018-06-20 14:26:19.472000,1.15746,1.15744,1000000,4760000
2018-06-20 14:26:19.655000,1.15744,1.15741,1500000,1000000
2018-06-20 14:26:20.275000,1.15744,1.15742,1000000,1000000
2018-06-20 14:26:21.613000,1.15744,1.15743,1000000,1000000
2018-06-20 14:26:21.783000,1.15746,1.15745,1950000,3000000
2018-06-20 14:26:22.335000,1.15746,1.15744,1000000,1000000
2018-06-20 14:26:22.643000,1.15744,1.15741,1000000,2620000
2018-06-20 14:26:22.900000,1.15744,1.15743,1000000,1000000
2018-06-20 14:26:23.409000,1.15744,1.15742,1000000,1120000
2018-06-20 14:26:23.922000,1.15744,1.15743,1000000,1000000
2018-06-20 14:26:24.272000,1.15746,1.15744,1200000,2250000
2018-06-20 14:26:24.786000,1.15746,1.15743,3370000,1350000
2018-06-20 14:26:25.290000,1.15745,1.15742,1000000,1870000
2018-06-20 14:26:26.792000,1.15745,1.15743,1000000,1000000
2018-06-20 14:26:27.294000,1.15745,1.15742,1000000,1500000
2018-06-20 14:26:27.823000,1.15745,1.15743,1000000,1250000
2018-06-20 14:26:28.324000,1.15745,1.15742,1000000,5250000
2018-06-20 14:26:28.847000,1.15745,1.15743,1000000,1500000
2018-06-20 14:26:29.401000,1.15745,1.15742,1500000,1500000
2018-06-20 14:26:30.373000,1.15745,1.15743,3000000,1000000
2018-06-20 14:26:30.634000,1.15743,1.15741,1000000,1500000
2018-06-20 14:26:31.279000,1.15744,1.15741,1000000,4540000
2018-06-20 14:26:33.791000,1.15744,1.15743,1000000,1000000
2018-06-20 14:26:34.299000,1.15744,1.15741,1000000,3070000
2018-06-20 14:26:34.825000,1.15744,1.15742,1000000,1000000
2018-06-20 14:26:37.622000,1.15744,1.15741,1210000,1310000
2018-06-20 14:26:38.083000,1.15741,1.1574,1500000,1000000
2018-06-20 14:26:38.376000,1.1574,1.15737,1000000,4050000
2018-06-20 14:26:38.583000,1.1574,1.15736,3000000,3560000
2018-06-20 14:26:38.831000,1.1574,1.15736,1380000,6070000
2018-06-20 14:26:38.933000,1.1574,1.15737,1500000,3410000
2018-06-20 14:26:39.861000,1.1574,1.15736,1000000,12670000
2018-06-20 14:26:40.378000,1.1574,1.15737,1500000,2810000
2018-06-20 14:26:41.290000,1.15739,1.15737,1500000,1350000
2018-06-20 14:26:41.840000,1.15738,1.15735,1500000,1610000
2018-06-20 14:26:42.003000,1.15736,1.15734,1000000,11550000
2018-06-20 14:26:42.108000,1.15734,1.15731,1000000,12490000
2018-06-20 14:26:42.212000,1.15735,1.15731,7500000,1390000
2018-06-20 14:26:42.759000,1.15734,1.15732,1200000,1000000
2018-06-20 14:26:43.309000,1.15735,1.15732,1120000,1000000
2018-06-20 14:26:43.652000,1.15735,1.15732,2250000,4690000
2018-06-20 14:26:43.705000,1.15737,1.15734,1570000,3790000
2018-06-20 14:26:44.697000,1.15737,1.15735,1120000,1000000
2018-06-20 14:26:44.811000,1.15735,1.15733,2250000,1000000
2018-06-20 14:26:45.314000,1.15734,1.15732,1000000,1910000
2018-06-20 14:26:45.829000,1.15733,1.15732,1500000,1250000
2018-06-20 14:26:46.028000,1.15733,1.1573,1200000,3000000
2018-06-20 14:26:46.081000,1.15731,1.15728,6750000,2620000
2018-06-20 14:26:46.240000,1.1573,1.15727,1500000,4610000
2018-06-20 14:26:46.787000,1.1573,1.15728,1120000,1000000
2018-06-20 14:26:47.209000,1.15732,1.1573,1450000,2250000
2018-06-20 14:26:47.314000,1.15733,1.15731,1000000,1000000
2018-06-20 14:26:47.718000,1.15735,1.15732,5320000,1000000
2018-06-20 14:26:48.230000,1.15735,1.15731,4500000,1000000
2018-06-20 14:26:48.813000,1.15735,1.15732,3450000,1000000
2018-06-20 14:26:49.482000,1.15735,1.15731,2320000,2320000
2018-06-20 14:26:50.036000,1.15735,1.15732,3450000,1000000
2018-06-20 14:26:50.671000,1.15735,1.15731,1870000,6000000
2018-06-20 14:26:51.184000,1.15735,1.15732,1120000,1000000
2018-06-20 14:26:51.752000,1.15734,1.15732,2250000,1000000
2018-06-20 14:26:52.296000,1.15734,1.15731,1120000,3750000
2018-06-20 14:26:52.711000,1.15731,1.1573,1000000,1000000
2018-06-20 14:26:52.898000,1.15733,1.1573,3750000,3000000
2018-06-20 14:26:53.360000,1.15735,1.15733,3750000,1000000
2018-06-20 14:26:53.745000,1.15737,1.15735,1870000,3750000
2018-06-20 14:26:54.082000,1.15744,1.1574,4200000,1500000
2018-06-20 14:26:54.187000,1.1574,1.15738,1000000,3300000
2018-06-20 14:26:54.476000,1.15736,1.15734,1000000,1870000
2018-06-20 14:26:54.527000,1.15737,1.15734,1000000,2620000
2018-06-20 14:26:54.579000,1.15738,1.15736,3750000,1000000
2018-06-20 14:26:55.123000,1.15739,1.15736,1000000,1000000
2018-06-20 14:26:55.774000,1.15739,1.15737,1000000,1000000
2018-06-20 14:26:56.317000,1.15739,1.15736,1000000,9410000
2018-06-20 14:26:56.476000,1.1574,1.15738,1000000,2250000
2018-06-20 14:26:56.695000,1.15744,1.15741,1000000,4200000
2018-06-20 14:26:57.196000,1.15743,1.1574,1000000,2620000
2018-06-20 14:26:57.505000,1.1574,1.15738,1250000,2060000
2018-06-20 14:26:58.611000,1.1574,1.15737,1000000,1250000
2018-06-20 14:27:00.086000,1.1574,1.15736,3000000,5440000
2018-06-20 14:27:00.615000,1.15739,1.15736,1250000,5620000
2018-06-20 14:27:01.329000,1.15737,1.15735,3000000,2170000
2018-06-20 14:27:01.383000,1.15734,1.15731,1000000,1310000
2018-06-20 14:27:01.944000,1.15734,1.15732,1000000,1000000
2018-06-20 14:27:02.194000,1.15735,1.15733,3000000,3560000
2018-06-20 14:27:02.400000,1.15735,1.15732,1000000,2290000
2018-06-20 14:27:03.447000,1.15734,1.15732,1000000,1760000
2018-06-20 14:27:08.297000,1.15733,1.15732,1000000,1100000
2018-06-20 14:27:08.805000,1.15733,1.1573,1000000,1350000
2018-06-20 14:27:09.321000,1.15733,1.15731,1500000,1050000
2018-06-20 14:27:09.912000,1.15732,1.1573,1500000,1120000
2018-06-20 14:27:10.463000,1.15732,1.15729,1000000,1870000
2018-06-20 14:27:10.979000,1.15732,1.15729,1690000,2620000
2018-06-20 14:27:11.439000,1.15735,1.15732,3600000,4870000
2018-06-20 14:27:11.732000,1.15737,1.15734,1000000,4390000
2018-06-20 14:27:11.991000,1.15741,1.15738,10200000,4120000
2018-06-20 14:27:12.539000,1.15742,1.15738,1500000,3070000
2018-06-20 14:27:12.798000,1.15742,1.1574,2250000,1120000
2018-06-20 14:27:13.161000,1.1574,1.15738,1500000,2510000
2018-06-20 14:27:13.510000,1.15734,1.15733,1500000,3370000
2018-06-20 14:27:13.757000,1.15731,1.15729,5620000,1000000
2018-06-20 14:27:13.810000,1.1573,1.15726,1100000,1470000
2018-06-20 14:27:14.048000,1.15728,1.15726,1000000,1000000
2018-06-20 14:27:14.452000,1.15726,1.15724,3370000,2550000
2018-06-20 14:27:14.508000,1.15725,1.15722,1000000,3750000
2018-06-20 14:27:14.613000,1.15725,1.15724,1500000,1250000
2018-06-20 14:27:14.884000,1.15727,1.15725,1000000,1500000
2018-06-20 14:27:14.938000,1.1573,1.15727,1190000,2250000
2018-06-20 14:27:14.991000,1.1573,1.15728,1250000,1000000
2018-06-20 14:27:15.137000,1.1573,1.15726,1000000,11920000
2018-06-20 14:27:15.462000,1.1573,1.15728,1000000,1000000
2018-06-20 14:27:16.076000,1.15731,1.15727,6070000,1800000
2018-06-20 14:27:17.384000,1.15731,1.1573,2620000,1000000
2018-06-20 14:27:17.562000,1.15735,1.15733,1000000,1350000
2018-06-20 14:27:18.136000,1.15735,1.15732,1870000,3000000
2018-06-20 14:27:20.088000,1.15733,1.15731,1000000,3070000
2018-06-20 14:27:20.456000,1.15732,1.1573,1000000,8060000
2018-06-20 14:27:20.799000,1.15734,1.15732,1500000,1500000
2018-06-20 14:27:21.495000,1.15737,1.15735,1570000,1500000
2018-06-20 14:27:21.708000,1.15739,1.15736,1000000,1870000
2018-06-20 14:27:22.253000,1.15737,1.15735,1500000,2100000
2018-06-20 14:27:22.358000,1.15735,1.15732,1000000,1200000
2018-06-20 14:27:22.855000,1.15735,1.15734,1500000,1500000
2018-06-20 14:27:23.376000,1.15737,1.15735,1000000,2620000
2018-06-20 14:27:24.398000,1.15737,1.15736,1000000,1000000
2018-06-20 14:27:24.840000,1.1574,1.15738,1200000,1000000
2018-06-20 14:27:25.377000,1.15739,1.15737,1000000,1310000
2018-06-20 14:27:26.424000,1.15739,1.15736,1000000,4500000
2018-06-20 14:27:27.765000,1.15736,1.15734,1000000,1570000
2018-06-20 14:27:27.890000,1.15734,1.15731,2250000,5440000
2018-06-20 14:27:27.942000,1.15731,1.1573,1000000,1690000
2018-06-20 14:27:28.453000,1.15732,1.15728,1870000,4500000
2018-06-20 14:27:32.245000,1.15731,1.15728,1000000,5250000
2018-06-20 14:27:32.299000,1.1573,1.15727,1000000,3260000
2018-06-20 14:27:32.358000,1.15728,1.15726,1000000,1950000
2018-06-20 14:27:32.670000,1.15725,1.15722,1000000,1950000
2018-06-20 14:27:33.466000,1.15725,1.15721,2250000,7200000
2018-06-20 14:27:34.011000,1.15725,1.15721,1000000,5320000
2018-06-20 14:27:34.635000,1.15725,1.15721,1120000,4500000
2018-06-20 14:27:37.517000,1.15723,1.15721,1000000,4500000
2018-06-20 14:27:37.959000,1.15723,1.1572,1100000,6220000
2018-06-20 14:27:38.514000,1.15723,1.15721,1000000,1000000
2018-06-20 14:27:38.567000,1.15722,1.15719,2250000,1200000
2018-06-20 14:27:39.177000,1.15723,1.15719,1200000,11890000
2018-06-20 14:27:39.886000,1.15724,1.15719,9450000,4540000
2018-06-20 14:27:40.572000,1.15723,1.1572,1000000,1000000
2018-06-20 14:27:41.519000,1.15721,1.15719,1000000,3750000
2018-06-20 14:27:41.834000,1.15723,1.1572,3000000,1000000
2018-06-20 14:27:44.049000,1.15723,1.15719,1500000,7690000
2018-06-20 14:27:45.370000,1.15723,1.1572,1000000,1000000
2018-06-20 14:27:46.589000,1.15722,1.15719,1000000,4120000
2018-06-20 14:27:47.123000,1.15721,1.15719,1500000,1120000
2018-06-20 14:27:47.264000,1.15723,1.15722,3750000,4350000
2018-06-20 14:27:47.374000,1.15728,1.15726,1250000,2850000
2018-06-20 14:27:47.905000,1.15729,1.15726,1100000,1540000
2018-06-20 14:27:48.626000,1.15729,1.15727,2320000,1500000
2018-06-20 14:27:49.042000,1.15731,1.1573,1570000,1250000
2018-06-20 14:27:49.095000,1.15734,1.15731,1870000,3970000
2018-06-20 14:27:49.321000,1.15735,1.15734,1500000,1500000
2018-06-20 14:27:49.861000,1.15735,1.15732,1000000,6970000
2018-06-20 14:27:51.063000,1.15736,1.15735,1000000,1000000
2018-06-20 14:27:51.117000,1.15738,1.15735,1950000,2250000
2018-06-20 14:27:51.224000,1.15738,1.15737,1200000,1000000
2018-06-20 14:27:51.400000,1.1574,1.15736,2060000,5620000
2018-06-20 14:27:51.504000,1.15741,1.15739,1000000,2440000
2018-06-20 14:27:51.556000,1.15742,1.15739,1120000,2620000
2018-06-20 14:27:51.762000,1.15741,1.15738,1190000,2700000
2018-06-20 14:27:52.085000,1.15737,1.15736,1000000,1000000
2018-06-20 14:27:53.207000,1.15737,1.15734,1000000,3790000
2018-06-20 14:27:53.908000,1.15735,1.15732,1000000,7950000
2018-06-20 14:27:54.140000,1.15735,1.15732,1000000,1310000
2018-06-20 14:27:58.144000,1.15735,1.15733,1250000,1000000
2018-06-20 14:27:58.706000,1.15735,1.15732,1250000,3640000
2018-06-20 14:27:59.251000,1.15735,1.15733,1000000,1000000
2018-06-20 14:27:59.787000,1.15735,1.15732,1000000,2250000
2018-06-20 14:28:00.332000,1.15735,1.15731,1690000,6190000
2018-06-20 14:28:00.544000,1.15736,1.15733,2620000,1000000
2018-06-20 14:28:01.216000,1.15736,1.15735,1000000,2060000
2018-06-20 14:28:01.752000,1.15737,1.15735,1000000,2250000
2018-06-20 14:28:02.609000,1.15735,1.15733,1000000,1990000
2018-06-20 14:28:03.143000,1.15735,1.15732,2440000,2510000
2018-06-20 14:28:04.365000,1.15733,1.15732,1000000,1500000
2018-06-20 14:28:04.630000,1.15734,1.1573,1000000,6370000
2018-06-20 14:28:05.155000,1.15734,1.15731,1000000,1500000
2018-06-20 14:28:06.338000,1.15734,1.1573,1000000,7720000
2018-06-20 14:28:06.856000,1.15734,1.15731,1000000,1500000
2018-06-20 14:28:07.460000,1.15734,1.1573,1000000,6000000
2018-06-20 14:28:07.961000,1.15734,1.15731,1000000,1000000
2018-06-20 14:28:08.585000,1.15734,1.1573,1000000,9820000
2018-06-20 14:28:09.192000,1.15734,1.15731,1000000,1000000
2018-06-20 14:28:09.817000,1.15731,1.1573,1720000,1200000
2018-06-20 14:28:10.128000,1.15726,1.15724,1000000,3260000
2018-06-20 14:28:10.640000,1.15725,1.15722,1000000,1100000
2018-06-20 14:28:11.129000,1.15722,1.15721,1000000,2250000
2018-06-20 14:28:11.308000,1.15721,1.15719,1500000,1870000
2018-06-20 14:28:11.412000,1.15723,1.1572,1070000,5440000
2018-06-20 14:28:11.464000,1.15725,1.15722,3450000,1500000
2018-06-20 14:28:12,1.15725,1.15723,1000000,1500000
2018-06-20 14:28:12.154000,1.15727,1.15723,2250000,1500000
2018-06-20 14:28:12.774000,1.15726,1.15722,1250000,1050000
2018-06-20 14:28:13.162000,1.15724,1.15721,1000000,4760000
2018-06-20 14:28:13.726000,1.15724,1.15721,1000000,8610000
2018-06-20 14:28:13.778000,1.15726,1.15722,3370000,4500000
2018-06-20 14:28:13.883000,1.15728,1.15724,2890000,17850000
2018-06-20 14:28:14.417000,1.15728,1.15724,1500000,1500000
2018-06-20 14:28:14.731000,1.1573,1.15725,2250000,9110000
2018-06-20 14:28:15.346000,1.1573,1.15726,2620000,7870000
2018-06-20 14:28:15.849000,1.1573,1.15726,1870000,4870000
2018-06-20 14:28:16.175000,1.15732,1.15729,1200000,11250000
2018-06-20 14:28:16.329000,1.15733,1.15729,4310000,2250000
2018-06-20 14:28:16.883000,1.15733,1.15728,2250000,8510000
2018-06-20 14:28:17.417000,1.15733,1.15728,2620000,12260000
2018-06-20 14:28:18.350000,1.15733,1.15728,1120000,6450000
2018-06-20 14:28:18.404000,1.1573,1.15727,1000000,2320000
2018-06-20 14:28:18.937000,1.1573,1.15727,1120000,2320000
2018-06-20 14:28:19.481000,1.15729,1.15727,1000000,2850000
2018-06-20 14:28:22.750000,1.15729,1.15728,1000000,1120000
2018-06-20 14:28:23.288000,1.15733,1.15732,4500000,1300000
2018-06-20 14:28:23.341000,1.15736,1.15734,1000000,10500000
2018-06-20 14:28:23.857000,1.15737,1.15735,1000000,1250000
2018-06-20 14:28:24.372000,1.15737,1.15736,1000000,1250000
2018-06-20 14:28:24.994000,1.15738,1.15735,1870000,4390000
2018-06-20 14:28:25.230000,1.1574,1.15736,1120000,6790000
2018-06-20 14:28:26.307000,1.1574,1.15736,2620000,4240000
2018-06-20 14:28:26.912000,1.15739,1.15736,1120000,1000000
2018-06-20 14:28:27.800000,1.1574,1.15735,5810000,4010000
2018-06-20 14:28:28.332000,1.1574,1.15736,8810000,1120000
2018-06-20 14:28:28.859000,1.15739,1.15738,1000000,1250000
2018-06-20 14:28:29.436000,1.15739,1.15737,1000000,1390000
2018-06-20 14:28:29.982000,1.1574,1.15737,1000000,2810000
2018-06-20 14:28:31.180000,1.15741,1.15739,1000000,2660000
2018-06-20 14:28:31.425000,1.1574,1.15736,1000000,18219999
2018-06-20 14:28:31.479000,1.15742,1.15739,4840000,2250000
2018-06-20 14:28:32.389000,1.15743,1.15742,3900000,2250000
2018-06-20 14:28:32.441000,1.15745,1.15744,3000000,1540000
2018-06-20 14:28:32.494000,1.15747,1.15746,2850000,1250000
2018-06-20 14:28:32.546000,1.15749,1.15747,4500000,1000000
2018-06-20 14:28:33.047000,1.15751,1.15748,4870000,1120000
2018-06-20 14:28:34.476000,1.1575,1.15747,5440000,1950000
2018-06-20 14:28:34.895000,1.15748,1.15745,1310000,1450000
2018-06-20 14:28:35.213000,1.15746,1.15744,2060000,1200000
2018-06-20 14:28:35.736000,1.15747,1.15743,6750000,2140000
2018-06-20 14:28:36.464000,1.15747,1.15743,1870000,1200000
2018-06-20 14:28:36.882000,1.15748,1.15745,1310000,1470000
2018-06-20 14:28:37.466000,1.15748,1.15744,1310000,3490000
2018-06-20 14:28:38.523000,1.15749,1.15746,4120000,1000000
2018-06-20 14:28:38.907000,1.15754,1.15753,1050000,1000000
2018-06-20 14:28:38.964000,1.15756,1.15754,3370000,1000000
2018-06-20 14:28:39.682000,1.15756,1.15753,2060000,1200000
2018-06-20 14:28:40.262000,1.15757,1.15753,9940000,1390000
2018-06-20 14:28:41.968000,1.15756,1.15752,2060000,4240000
2018-06-20 14:28:42.323000,1.15759,1.15756,1950000,1000000
2018-06-20 14:28:42.620000,1.15761,1.15758,2250000,2740000
2018-06-20 14:28:43.225000,1.1576,1.15756,1870000,3070000
2018-06-20 14:28:43.757000,1.1576,1.15756,1250000,2320000
2018-06-20 14:28:44.134000,1.15758,1.15755,1200000,2320000
2018-06-20 14:28:44.239000,1.15757,1.15753,1120000,1950000
2018-06-20 14:28:44.466000,1.15756,1.15753,2060000,1000000
2018-06-20 14:28:46.259000,1.15754,1.15752,2250000,1100000
2018-06-20 14:28:46.500000,1.15755,1.1575,7310000,3820000
2018-06-20 14:28:46.706000,1.15755,1.15752,4120000,1000000
2018-06-20 14:28:47.223000,1.15755,1.15752,1500000,1950000
2018-06-20 14:28:47.919000,1.15756,1.15752,7120000,1200000
2018-06-20 14:28:48.435000,1.15755,1.15751,1000000,6070000
2018-06-20 14:28:51.071000,1.15753,1.15749,5250000,1370000
2018-06-20 14:28:51.231000,1.15751,1.15748,3370000,5320000
2018-06-20 14:28:51.926000,1.15751,1.15749,3000000,1000000
2018-06-20 14:28:52.139000,1.15753,1.15749,5700000,1870000
2018-06-20 14:28:52.227000,1.15753,1.15751,4870000,1120000
2018-06-20 14:28:52.540000,1.15761,1.15757,2140000,1800000
2018-06-20 14:28:53.056000,1.1576,1.15757,1200000,1350000
2018-06-20 14:28:53.956000,1.1576,1.15756,1100000,10200000
2018-06-20 14:28:54.064000,1.15759,1.15756,4120000,1000000
2018-06-20 14:28:54.278000,1.15758,1.15754,1120000,8620000
2018-06-20 14:28:54.820000,1.15757,1.15755,1250000,1690000
2018-06-20 14:28:55.357000,1.15758,1.15755,3640000,1500000
2018-06-20 14:28:56.157000,1.15757,1.15755,1250000,1250000
2018-06-20 14:28:56.921000,1.1576,1.15756,9260000,2620000
2018-06-20 14:28:56.999000,1.1576,1.15758,1310000,1500000
2018-06-20 14:28:57.160000,1.15767,1.15764,4460000,2060000
2018-06-20 14:28:57.265000,1.15765,1.15763,1500000,1250000
2018-06-20 14:28:57.503000,1.15762,1.15758,1690000,2440000
2018-06-20 14:28:57.608000,1.15763,1.15759,3260000,1190000
2018-06-20 14:28:57.766000,1.15762,1.15758,1500000,1500000
2018-06-20 14:28:58.762000,1.15761,1.15757,1200000,4610000
2018-06-20 14:28:59.264000,1.15761,1.15757,1200000,1570000
2018-06-20 14:28:59.317000,1.15763,1.15759,9260000,1500000
2018-06-20 14:28:59.441000,1.15763,1.15761,5440000,1500000
2018-06-20 14:28:59.700000,1.15768,1.15764,1570000,2850000
2018-06-20 14:28:59.906000,1.15766,1.15764,1000000,1000000
2018-06-20 14:29:00.460000,1.15765,1.15762,1870000,3000000
2018-06-20 14:29:00.962000,1.15764,1.15761,1000000,3820000
2018-06-20 14:29:01.272000,1.15764,1.15763,1000000,1500000
2018-06-20 14:29:01.426000,1.15765,1.15761,1120000,3260000
2018-06-20 14:29:01.863000,1.15763,1.1576,3370000,5320000
2018-06-20 14:29:02.018000,1.15762,1.15759,5250000,2250000
2018-06-20 14:29:02.582000,1.15763,1.15761,1570000,1000000
2018-06-20 14:29:02.930000,1.15766,1.15761,6070000,2100000
2018-06-20 14:29:03.384000,1.15764,1.15761,3190000,1250000
2018-06-20 14:29:03.682000,1.15764,1.15759,1100000,5620000
2018-06-20 14:29:03.946000,1.15765,1.1576,6070000,1370000
2018-06-20 14:29:04.497000,1.15765,1.15761,2510000,1000000
2018-06-20 14:29:04.825000,1.15766,1.15763,1570000,1000000
2018-06-20 14:29:05.354000,1.15767,1.15763,8320000,1000000
2018-06-20 14:29:05.892000,1.15767,1.15763,2140000,7500000
2018-06-20 14:29:06.455000,1.15767,1.15763,5770000,1120000
2018-06-20 14:29:07.346000,1.15767,1.15762,4760000,3940000
2018-06-20 14:29:08.456000,1.15767,1.15762,2510000,1500000
2018-06-20 14:29:09.097000,1.15767,1.15762,1390000,3640000
2018-06-20 14:29:10.015000,1.15767,1.15762,4200000,3410000
2018-06-20 14:29:10.523000,1.15767,1.15762,1000000,9490000
2018-06-20 14:29:11.432000,1.15767,1.15764,1000000,1000000
2018-06-20 14:29:11.539000,1.15766,1.15762,1500000,6070000
2018-06-20 14:29:11.645000,1.15765,1.15761,2060000,1950000
2018-06-20 14:29:11.870000,1.15764,1.1576,1120000,2250000
2018-06-20 14:29:12.077000,1.15765,1.15762,1500000,1000000
2018-06-20 14:29:13.104000,1.15766,1.15761,6560000,7800000
2018-06-20 14:29:13.642000,1.15765,1.15761,1000000,9450000
2018-06-20 14:29:14.171000,1.15766,1.15761,6560000,9260000
2018-06-20 14:29:14.709000,1.15765,1.15761,1500000,9900000
2018-06-20 14:29:15.255000,1.15764,1.15761,1000000,5400000
2018-06-20 14:29:15.583000,1.15768,1.15764,1200000,2440000
2018-06-20 14:29:15.636000,1.15773,1.15769,6520000,1120000
2018-06-20 14:29:15.845000,1.15771,1.15767,3940000,1270000
2018-06-20 14:29:16.155000,1.1577,1.15767,1250000,2890000
2018-06-20 14:29:16.677000,1.1577,1.15767,1000000,1950000
2018-06-20 14:29:18.389000,1.15769,1.15766,1500000,1570000
2018-06-20 14:29:18.599000,1.15766,1.15762,5700000,1200000
2018-06-20 14:29:19.103000,1.15765,1.15762,2250000,2700000
2018-06-20 14:29:19.704000,1.15763,1.15762,1100000,1000000
2018-06-20 14:29:19.756000,1.15763,1.15759,1950000,5890000
2018-06-20 14:29:20.021000,1.15764,1.1576,1200000,5700000
2018-06-20 14:29:20.553000,1.15764,1.1576,1000000,3940000
2018-06-20 14:29:20.863000,1.15761,1.1576,1500000,3000000
2018-06-20 14:29:20.916000,1.15761,1.15756,7120000,3260000
2018-06-20 14:29:21.442000,1.1576,1.15757,1500000,2250000
2018-06-20 14:29:24.730000,1.1576,1.15759,1000000,1000000
2018-06-20 14:29:24.989000,1.15766,1.15763,1690000,1120000
2018-06-20 14:29:25.326000,1.15769,1.15767,1700000,1000000
2018-06-20 14:29:25.482000,1.15767,1.15765,1100000,1500000
2018-06-20 14:29:25.637000,1.15766,1.15763,1000000,2620000
2018-06-20 14:29:26.151000,1.15765,1.15762,1000000,1950000
2018-06-20 14:29:26.668000,1.15766,1.15763,1690000,1950000
2018-06-20 14:29:27.201000,1.15765,1.1576,10690000,4010000
2018-06-20 14:29:27.518000,1.15762,1.15759,5140000,1000000
2018-06-20 14:29:27.752000,1.15763,1.15759,6640000,1000000
2018-06-20 14:29:28.301000,1.15762,1.15759,1250000,1120000
2018-06-20 14:29:28.457000,1.15761,1.15758,4690000,1310000
2018-06-20 14:29:28.995000,1.15761,1.15757,1000000,2320000
2018-06-20 14:29:29.367000,1.15767,1.15764,1000000,6820000
2018-06-20 14:29:29.897000,1.15768,1.15764,2320000,3070000
2018-06-20 14:29:31.024000,1.15769,1.15768,1950000,1500000
2018-06-20 14:29:31.136000,1.15771,1.15768,3190000,2620000
2018-06-20 14:29:31.656000,1.15771,1.15767,3940000,4310000
2018-06-20 14:29:32.075000,1.15772,1.15768,1500000,1120000
2018-06-20 14:29:32.943000,1.15773,1.15768,6300000,2250000
2018-06-20 14:29:33.291000,1.15776,1.15773,1950000,2620000
2018-06-20 14:29:33.833000,1.15776,1.15773,1000000,1200000
2018-06-20 14:29:34.349000,1.15777,1.15773,1950000,1200000
2018-06-20 14:29:36.209000,1.15777,1.15773,6560000,2250000
2018-06-20 14:29:36.521000,1.15777,1.15773,2060000,1870000
2018-06-20 14:29:38.625000,1.15778,1.15777,1500000,1000000
2018-06-20 14:29:38.783000,1.15783,1.1578,2320000,9000000
2018-06-20 14:29:38.976000,1.15784,1.15782,1870000,1870000
2018-06-20 14:29:39.084000,1.15783,1.15781,1250000,1100000
2018-06-20 14:29:39.137000,1.15785,1.15784,1000000,2320000
2018-06-20 14:29:39.449000,1.15784,1.15781,1250000,2700000
2018-06-20 14:29:39.663000,1.15786,1.15782,1870000,1000000
2018-06-20 14:29:40.740000,1.15787,1.15782,5810000,3070000
2018-06-20 14:29:40.948000,1.15787,1.15784,1950000,1370000
2018-06-20 14:29:41.054000,1.15789,1.15784,7350000,1500000
2018-06-20 14:29:41.107000,1.15787,1.15783,1440000,4200000
2018-06-20 14:29:43.127000,1.15787,1.15784,2440000,1470000
2018-06-20 14:29:43.671000,1.15788,1.15784,7010000,1120000
2018-06-20 14:29:43.903000,1.15788,1.15784,2060000,1870000
2018-06-20 14:29:44.160000,1.15787,1.15783,1310000,1120000
2018-06-20 14:29:44.461000,1.15788,1.15786,2250000,2250000
2018-06-20 14:29:44.963000,1.15789,1.15786,1000000,6820000
2018-06-20 14:29:45.479000,1.1579,1.15786,1000000,1470000
2018-06-20 14:29:45.729000,1.15788,1.15784,1950000,1200000
2018-06-20 14:29:46.098000,1.15786,1.15784,1500000,1120000
2018-06-20 14:29:46.760000,1.15788,1.15785,1390000,1000000
2018-06-20 14:29:47.256000,1.15787,1.15783,2060000,3640000
2018-06-20 14:29:47.993000,1.15787,1.15784,1950000,1500000
2018-06-20 14:29:48.201000,1.15789,1.15784,1540000,7690000
2018-06-20 14:29:48.357000,1.15787,1.15783,1310000,3070000
2018-06-20 14:29:48.744000,1.15782,1.15779,2060000,2440000
2018-06-20 14:29:48.796000,1.15781,1.15778,1190000,1690000
2018-06-20 14:29:48.951000,1.15782,1.15778,6820000,1500000
2018-06-20 14:29:49.105000,1.15783,1.15781,1120000,1120000
2018-06-20 14:29:49.463000,1.15782,1.15778,3940000,3450000
2018-06-20 14:29:49.569000,1.15782,1.15778,5440000,2060000
2018-06-20 14:29:51.133000,1.15782,1.15777,5060000,1200000
2018-06-20 14:29:51.237000,1.15783,1.15778,4950000,4500000
2018-06-20 14:29:51.748000,1.15782,1.15778,6260000,2140000
2018-06-20 14:29:52.280000,1.15782,1.15778,3640000,1470000
2018-06-20 14:29:53.614000,1.1578,1.15777,1000000,3300000
2018-06-20 14:29:54.111000,1.15777,1.15775,1500000,4760000
2018-06-20 14:29:54.318000,1.15776,1.15773,1120000,1100000
2018-06-20 14:29:55.153000,1.15777,1.15773,2320000,1100000
2018-06-20 14:29:55.688000,1.15777,1.15774,3820000,1120000
2018-06-20 14:29:55.741000,1.15779,1.15776,1100000,1000000
2018-06-20 14:29:56.254000,1.1578,1.15777,1500000,1000000
2018-06-20 14:29:56.900000,1.15778,1.15776,1500000,1950000
2018-06-20 14:29:57.447000,1.15779,1.15774,4950000,3560000
2018-06-20 14:29:57.972000,1.1578,1.15775,1000000,7760000
2018-06-20 14:29:58.287000,1.15777,1.15776,1000000,1120000
2018-06-20 14:29:58.461000,1.15776,1.15775,1500000,1100000
2018-06-20 14:29:58.513000,1.15776,1.15773,1690000,1690000
2018-06-20 14:29:59.055000,1.15772,1.15769,1200000,2060000
2018-06-20 14:29:59.143000,1.15774,1.1577,2320000,1190000
2018-06-20 14:29:59.357000,1.15776,1.15772,3940000,5620000
2018-06-20 14:29:59.664000,1.15771,1.15769,2250000,1950000
2018-06-20 14:29:59.875000,1.15771,1.15767,1500000,3000000
2018-06-20 14:30:00.202000,1.15773,1.1577,2700000,1870000
2018-06-20 14:30:00.731000,1.15773,1.15769,1500000,3940000
2018-06-20 14:30:01.046000,1.15771,1.15768,2250000,3370000
2018-06-20 14:30:01.595000,1.15772,1.1577,1570000,3000000
2018-06-20 14:30:01.910000,1.1577,1.15768,1000000,1440000
2018-06-20 14:30:02.250000,1.15773,1.1577,1450000,2620000
2018-06-20 14:30:02.303000,1.15774,1.15771,1950000,1500000
2018-06-20 14:30:02.471000,1.15771,1.1577,1500000,1200000
2018-06-20 14:30:02.546000,1.15769,1.15766,1000000,4950000
2018-06-20 14:30:02.650000,1.15768,1.15765,2250000,1570000
2018-06-20 14:30:02.758000,1.15766,1.15763,1500000,1570000
2018-06-20 14:30:03.077000,1.15769,1.15767,2250000,1000000
2018-06-20 14:30:03.588000,1.15768,1.15767,1000000,1000000
2018-06-20 14:30:03.890000,1.15766,1.15764,1000000,2510000
2018-06-20 14:30:03.942000,1.15765,1.15762,1500000,2060000
2018-06-20 14:30:04.045000,1.15765,1.15761,1500000,1690000
2018-06-20 14:30:04.514000,1.15768,1.15765,2140000,1000000
2018-06-20 14:30:04.836000,1.15771,1.15768,1690000,1100000
2018-06-20 14:30:05.377000,1.1577,1.15767,1000000,1640000
2018-06-20 14:30:05.786000,1.15773,1.15769,1200000,8620000
2018-06-20 14:30:05.894000,1.15775,1.1577,3450000,3370000
2018-06-20 14:30:06,1.15772,1.1577,1000000,1100000
2018-06-20 14:30:06.091000,1.15771,1.15768,1000000,1200000
2018-06-20 14:30:06.357000,1.15772,1.15771,1120000,1120000
2018-06-20 14:30:06.409000,1.15775,1.1577,5700000,1500000
2018-06-20 14:30:06.585000,1.15771,1.15768,1000000,2170000
2018-06-20 14:30:06.846000,1.15774,1.1577,2440000,4690000
2018-06-20 14:30:07.112000,1.1577,1.15768,1000000,1100000
2018-06-20 14:30:07.558000,1.15767,1.15765,3750000,2140000
2018-06-20 14:30:07.817000,1.15767,1.15764,1000000,4120000
2018-06-20 14:30:07.922000,1.15769,1.15766,1000000,1200000
2018-06-20 14:30:08.439000,1.15769,1.15767,1000000,1500000
2018-06-20 14:30:09.106000,1.15769,1.15768,1000000,1120000
2018-06-20 14:30:09.417000,1.15775,1.15773,2060000,2510000
2018-06-20 14:30:09.755000,1.15767,1.15766,3750000,1500000
2018-06-20 14:30:09.972000,1.15766,1.15764,1690000,2250000
2018-06-20 14:30:10.282000,1.15768,1.15765,8250000,1190000
2018-06-20 14:30:10.489000,1.15767,1.15764,1200000,3150000
2018-06-20 14:30:10.880000,1.15769,1.15766,2700000,1870000
2018-06-20 14:30:11.330000,1.15772,1.1577,1700000,1120000
2018-06-20 14:30:11.435000,1.15771,1.15768,1000000,1100000
2018-06-20 14:30:11.943000,1.1577,1.15768,1000000,1500000
2018-06-20 14:30:11.997000,1.15772,1.1577,1570000,1000000
2018-06-20 14:30:12.271000,1.15771,1.15768,3000000,1000000
2018-06-20 14:30:12.716000,1.1577,1.15766,2700000,2320000
2018-06-20 14:30:13.221000,1.1577,1.15767,1000000,1000000
2018-06-20 14:30:13.554000,1.15767,1.15766,1000000,1200000
2018-06-20 14:30:13.801000,1.15769,1.15766,1000000,6070000
2018-06-20 14:30:14.333000,1.15769,1.15767,1000000,1000000
2018-06-20 14:30:14.775000,1.15768,1.15765,1500000,1760000
2018-06-20 14:30:14.991000,1.15766,1.15764,1000000,1510000
2018-06-20 14:30:15.213000,1.15766,1.15762,3000000,4010000
2018-06-20 14:30:15.477000,1.15764,1.15762,1500000,1000000
2018-06-20 14:30:15.925000,1.15766,1.15763,1000000,4500000
2018-06-20 14:30:15.980000,1.15767,1.15764,1000000,3190000
2018-06-20 14:30:16.196000,1.15765,1.15761,1000000,1870000
2018-06-20 14:30:16.757000,1.15764,1.15761,1500000,2250000
2018-06-20 14:30:16.810000,1.15762,1.1576,1500000,1100000
2018-06-20 14:30:17.388000,1.15763,1.15759,3450000,2510000
2018-06-20 14:30:17.760000,1.15763,1.15761,1500000,1000000
2018-06-20 14:30:18.044000,1.1576,1.15756,4950000,2810000
2018-06-20 14:30:18.254000,1.15761,1.15758,2140000,1500000
2018-06-20 14:30:18.307000,1.15762,1.15758,4570000,1000000
2018-06-20 14:30:18.651000,1.15759,1.15756,1500000,3370000
2018-06-20 14:30:19.152000,1.15759,1.15756,2620000,2250000
2018-06-20 14:30:20.949000,1.15761,1.15759,1100000,8250000
2018-06-20 14:30:21.495000,1.15762,1.15758,2620000,4870000
2018-06-20 14:30:22.010000,1.15766,1.15764,8360000,1000000
2018-06-20 14:30:22.115000,1.15766,1.15762,1000000,5140000
2018-06-20 14:30:22.168000,1.15766,1.15765,1000000,1000000
2018-06-20 14:30:22.221000,1.15768,1.15765,1570000,7270000
2018-06-20 14:30:22.275000,1.1577,1.15768,1760000,1000000
2018-06-20 14:30:22.430000,1.15771,1.15768,1190000,6000000
2018-06-20 14:30:22.591000,1.1577,1.15767,3820000,1000000
2018-06-20 14:30:22.801000,1.1577,1.15767,1570000,1190000
2018-06-20 14:30:22.945000,1.1577,1.15766,5510000,1000000
2018-06-20 14:30:23.205000,1.15768,1.15764,6260000,2810000
2018-06-20 14:30:23.713000,1.15766,1.15764,1000000,2620000
2018-06-20 14:30:24.223000,1.15767,1.15764,1500000,2620000
2018-06-20 14:30:24.960000,1.15767,1.15763,1500000,1120000
2018-06-20 14:30:25.491000,1.15766,1.15763,1000000,1690000
2018-06-20 14:30:25.994000,1.15767,1.15764,3560000,4000000
2018-06-20 14:30:26.047000,1.15766,1.15763,1250000,2250000
2018-06-20 14:30:26.627000,1.15767,1.15766,2250000,1000000
2018-06-20 14:30:26.681000,1.1577,1.15766,2320000,2620000
2018-06-20 14:30:26.942000,1.15768,1.15765,2620000,1950000
2018-06-20 14:30:27.202000,1.15766,1.15762,7270000,1690000
2018-06-20 14:30:27.259000,1.15765,1.15761,4120000,4120000
2018-06-20 14:30:27.314000,1.15766,1.15765,1000000,1000000
2018-06-20 14:30:27.600000,1.1577,1.15766,1570000,1000000
2018-06-20 14:30:28.175000,1.1577,1.15766,1690000,1000000
2018-06-20 14:30:28.488000,1.1577,1.15767,2320000,1190000
2018-06-20 14:30:28.763000,1.15773,1.15768,4310000,1120000
2018-06-20 14:30:28.921000,1.15771,1.15768,4500000,1000000
2018-06-20 14:30:29.419000,1.15773,1.15768,6070000,1310000
2018-06-20 14:30:30.061000,1.15772,1.15768,1500000,3370000
2018-06-20 14:30:30.165000,1.15772,1.15771,1000000,1000000
2018-06-20 14:30:30.374000,1.15776,1.15772,1000000,7870000
2018-06-20 14:30:30.634000,1.15779,1.15775,3450000,3000000
2018-06-20 14:30:30.739000,1.1578,1.15776,1250000,2440000
2018-06-20 14:30:31.125000,1.15778,1.15775,1120000,1000000
2018-06-20 14:30:31.640000,1.15779,1.15775,1690000,1500000
2018-06-20 14:30:32.225000,1.15779,1.15775,1250000,3560000
2018-06-20 14:30:32.829000,1.15781,1.15779,1200000,1000000
2018-06-20 14:30:32.937000,1.15786,1.15784,1270000,1000000
2018-06-20 14:30:33.168000,1.15785,1.15781,1250000,1950000
2018-06-20 14:30:33.274000,1.15782,1.15779,2250000,3450000
2018-06-20 14:30:33.327000,1.1578,1.15777,1000000,1440000
2018-06-20 14:30:33.436000,1.1578,1.15776,2620000,1950000
2018-06-20 14:30:33.848000,1.15783,1.15779,3670000,1500000
2018-06-20 14:30:34.159000,1.15785,1.15781,1000000,1000000
2018-06-20 14:30:34.709000,1.15786,1.15781,3820000,4760000
2018-06-20 14:30:35.250000,1.15786,1.15783,1000000,1950000
2018-06-20 14:30:35.467000,1.15785,1.15781,2250000,3820000
2018-06-20 14:30:36.359000,1.15785,1.15781,6370000,1120000
2018-06-20 14:30:36.886000,1.15785,1.15781,2320000,1100000
2018-06-20 14:30:37.186000,1.15787,1.15783,1950000,5250000
2018-06-20 14:30:37.582000,1.15789,1.15786,1120000,1000000
2018-06-20 14:30:38.301000,1.15788,1.15786,1000000,1000000
2018-06-20 14:30:38.824000,1.1579,1.15786,2250000,1000000
2018-06-20 14:30:39.515000,1.15789,1.15786,1000000,1500000
2018-06-20 14:30:40.072000,1.1579,1.15786,1120000,1120000
2018-06-20 14:30:40.126000,1.15793,1.1579,2620000,1070000
2018-06-20 14:30:40.178000,1.15791,1.15789,1000000,1000000
2018-06-20 14:30:40.621000,1.15789,1.15785,4500000,3070000
2018-06-20 14:30:40.890000,1.15785,1.15782,2620000,1100000
2018-06-20 14:30:41.414000,1.15785,1.15782,3820000,1000000
2018-06-20 14:30:43.239000,1.15782,1.15781,1000000,1500000
2018-06-20 14:30:43.605000,1.15781,1.15777,1070000,1500000
2018-06-20 14:30:44.116000,1.15781,1.15777,3450000,1120000
2018-06-20 14:30:44.379000,1.15776,1.15775,1000000,1100000
2018-06-20 14:30:44.835000,1.15779,1.15777,1190000,2620000
2018-06-20 14:30:44.991000,1.15777,1.15775,1000000,1100000
2018-06-20 14:30:45.536000,1.15777,1.15774,1500000,1000000
2018-06-20 14:30:45.640000,1.15779,1.15776,1100000,1500000
2018-06-20 14:30:46.011000,1.15777,1.15774,6000000,1950000
2018-06-20 14:30:46.525000,1.15778,1.15776,1190000,6070000
2018-06-20 14:30:46.684000,1.15781,1.15779,1390000,1000000
2018-06-20 14:30:47.209000,1.1578,1.15778,2250000,1000000
2018-06-20 14:30:48.942000,1.15775,1.15774,1000000,4570000
2018-06-20 14:30:49.064000,1.15775,1.15772,2250000,1370000
2018-06-20 14:30:49.572000,1.15775,1.15772,2620000,1000000
2018-06-20 14:30:50.106000,1.15775,1.15771,3070000,1100000
2018-06-20 14:30:50.658000,1.15778,1.15775,3260000,2100000
2018-06-20 14:30:50.766000,1.1578,1.15776,1500000,2250000
2018-06-20 14:30:51.310000,1.15781,1.15777,4760000,1010000
2018-06-20 14:30:51.418000,1.15783,1.15778,5740000,1500000
2018-06-20 14:30:51.921000,1.15783,1.15779,4950000,1500000
2018-06-20 14:30:52.238000,1.15785,1.15782,1370000,1000000
2018-06-20 14:30:52.552000,1.15783,1.15779,2250000,3000000
2018-06-20 14:30:53.444000,1.15781,1.15778,3000000,1100000
2018-06-20 14:30:55.269000,1.15783,1.15779,3260000,1500000
2018-06-20 14:30:55.589000,1.15785,1.15782,1500000,3820000
2018-06-20 14:30:56.129000,1.15786,1.15783,1200000,1000000
2018-06-20 14:30:56.476000,1.15784,1.15782,1000000,1100000
2018-06-20 14:30:56.751000,1.15781,1.15777,3750000,1870000
2018-06-20 14:30:57.876000,1.15781,1.15777,3370000,1000000
2018-06-20 14:30:57.980000,1.15782,1.15779,4200000,1000000
2018-06-20 14:30:58.249000,1.15781,1.15777,3370000,1760000
2018-06-20 14:30:58.998000,1.15782,1.15778,1950000,2810000
2018-06-20 14:30:59.544000,1.15781,1.15777,1000000,1500000
2018-06-20 14:31:01.187000,1.15781,1.15778,1870000,2060000
2018-06-20 14:31:01.734000,1.15781,1.15777,4500000,1500000
2018-06-20 14:31:02.655000,1.15781,1.15777,3750000,2250000
2018-06-20 14:31:03.607000,1.1578,1.15777,1570000,1500000
2018-06-20 14:31:03.777000,1.15779,1.15775,3370000,1000000
2018-06-20 14:31:03.831000,1.15777,1.15773,4500000,4200000
2018-06-20 14:31:03.939000,1.15776,1.15771,13570000,6750000
2018-06-20 14:31:04.458000,1.15775,1.15771,2250000,6750000
2018-06-20 14:31:05.075000,1.15776,1.15771,16570000,6000000
2018-06-20 14:31:05.345000,1.15774,1.15771,1500000,1120000
2018-06-20 14:31:05.659000,1.15771,1.15768,1500000,5810000
2018-06-20 14:31:06.120000,1.15773,1.15771,1950000,1000000
2018-06-20 14:31:06.225000,1.15776,1.15773,5440000,3370000
2018-06-20 14:31:06.385000,1.15778,1.15775,1370000,1500000
2018-06-20 14:31:06.712000,1.15781,1.15777,4390000,2140000
2018-06-20 14:31:07.246000,1.15781,1.15777,3070000,1390000
2018-06-20 14:31:08.292000,1.1578,1.15777,1000000,3260000
2018-06-20 14:31:08.697000,1.15783,1.1578,1010000,2620000
2018-06-20 14:31:08.751000,1.15784,1.15782,1450000,2250000
2018-06-20 14:31:08.910000,1.15787,1.15783,10760000,1000000
2018-06-20 14:31:09.411000,1.15786,1.15783,2250000,1000000
2018-06-20 14:31:10.803000,1.15788,1.15784,7760000,4120000
2018-06-20 14:31:10.908000,1.15789,1.15787,1190000,1000000
2018-06-20 14:31:11.120000,1.1579,1.15788,1310000,1000000
2018-06-20 14:31:11.279000,1.15788,1.15785,3000000,1770000
2018-06-20 14:31:11.385000,1.15787,1.15784,1000000,1010000
2018-06-20 14:31:11.896000,1.15786,1.15783,3000000,1100000
2018-06-20 14:31:11.950000,1.15784,1.15781,1000000,5320000
2018-06-20 14:31:12.055000,1.15784,1.15781,3370000,1200000
2018-06-20 14:31:12.821000,1.15784,1.15779,7120000,2320000
2018-06-20 14:31:13.423000,1.15784,1.15778,7950000,5320000
2018-06-20 14:31:13.702000,1.15781,1.15777,3000000,4950000
2018-06-20 14:31:14.231000,1.15781,1.15777,3000000,3370000
2018-06-20 14:31:14.541000,1.15786,1.15781,2770000,2620000
2018-06-20 14:31:15.076000,1.15785,1.15781,1100000,3070000
2018-06-20 14:31:15.927000,1.15785,1.15782,1100000,1000000
2018-06-20 14:31:16.376000,1.15782,1.15779,1120000,3370000
2018-06-20 14:31:16.906000,1.15781,1.15778,4500000,1500000
2018-06-20 14:31:17.773000,1.15782,1.15778,1690000,1690000
2018-06-20 14:31:18.305000,1.15782,1.15778,1120000,1870000
2018-06-20 14:31:20.031000,1.1578,1.15778,5620000,1000000
2018-06-20 14:31:20.353000,1.15774,1.15771,6000000,1200000
2018-06-20 14:31:20.407000,1.15774,1.1577,12370000,2060000
2018-06-20 14:31:21.446000,1.15775,1.15772,5320000,1000000
2018-06-20 14:31:24.600000,1.15776,1.15773,3260000,1250000
2018-06-20 14:31:24.938000,1.15777,1.15776,1390000,3750000
2018-06-20 14:31:25.043000,1.1578,1.15777,3750000,1500000
2018-06-20 14:31:25.666000,1.15781,1.15777,4870000,1500000
2018-06-20 14:31:26.206000,1.15781,1.15778,2620000,1870000
2018-06-20 14:31:26.345000,1.15778,1.15777,12370000,2320000
2018-06-20 14:31:26.397000,1.15765,1.15762,7570000,2320000
2018-06-20 14:31:26.452000,1.15762,1.1576,7870000,1100000
2018-06-20 14:31:26.785000,1.15758,1.15756,1500000,1000000
2018-06-20 14:31:26.996000,1.1576,1.15756,1310000,2620000
2018-06-20 14:31:27.360000,1.1576,1.15756,1190000,7870000
2018-06-20 14:31:27.412000,1.15761,1.15756,1760000,4120000
2018-06-20 14:31:27.856000,1.1576,1.15759,1250000,1250000
2018-06-20 14:31:28.387000,1.15763,1.15758,4760000,3940000
2018-06-20 14:31:28.803000,1.15763,1.15759,1570000,6940000
2018-06-20 14:31:28.986000,1.15765,1.15762,5510000,1000000
2018-06-20 14:31:29.526000,1.15764,1.15761,2060000,1310000
2018-06-20 14:31:29.580000,1.15764,1.1576,4500000,1870000
2018-06-20 14:31:29.896000,1.15764,1.15761,2320000,1000000
2018-06-20 14:31:30.127000,1.15763,1.15759,1500000,3750000
2018-06-20 14:31:30.179000,1.15763,1.1576,1500000,1190000
2018-06-20 14:31:30.231000,1.15763,1.15759,1500000,4130000
2018-06-20 14:31:30.284000,1.15763,1.1576,1750000,1500000
2018-06-20 14:31:31.240000,1.15764,1.1576,3820000,3190000
2018-06-20 14:31:32.458000,1.15765,1.15761,1570000,1120000
2018-06-20 14:31:32.975000,1.15765,1.1576,1500000,5890000
2018-06-20 14:31:33.529000,1.15765,1.1576,1000000,7580000
2018-06-20 14:31:34.086000,1.15765,1.1576,1690000,10760000
2018-06-20 14:31:34.638000,1.15766,1.1576,5510000,6640000
2018-06-20 14:31:35.036000,1.15762,1.1576,1000000,1760000
2018-06-20 14:31:35.343000,1.15762,1.15758,1500000,3940000
2018-06-20 14:31:35.698000,1.15761,1.15757,3000000,2250000
2018-06-20 14:31:36.896000,1.15761,1.15756,2140000,7950000
2018-06-20 14:31:37.443000,1.15762,1.15759,2890000,1000000
2018-06-20 14:31:37.551000,1.15763,1.1576,2140000,1190000
2018-06-20 14:31:37.658000,1.15765,1.15761,2700000,5470000
2018-06-20 14:31:38.160000,1.15765,1.15761,1870000,1440000
2018-06-20 14:31:39.131000,1.15765,1.15761,3370000,2250000
2018-06-20 14:31:40.322000,1.15763,1.15761,1500000,1250000
2018-06-20 14:31:40.480000,1.15765,1.15761,1760000,1000000
2018-06-20 14:31:41.977000,1.15766,1.15762,1570000,2440000
2018-06-20 14:31:42.030000,1.15767,1.15762,4010000,3750000
2018-06-20 14:31:42.568000,1.15767,1.15762,2810000,4950000
2018-06-20 14:31:42.621000,1.15766,1.15761,5850000,1760000
2018-06-20 14:31:42.925000,1.15764,1.15759,5320000,2510000
2018-06-20 14:31:44.110000,1.15761,1.15756,1500000,10050000
2018-06-20 14:31:44.257000,1.15761,1.15756,1500000,7570000
2018-06-20 14:31:44.310000,1.15761,1.15756,2440000,8700000
2018-06-20 14:31:44.570000,1.15761,1.15756,2250000,5320000
2018-06-20 14:31:45.479000,1.15762,1.15759,1690000,1000000
2018-06-20 14:31:45.721000,1.15766,1.15761,3450000,1120000
2018-06-20 14:31:46.676000,1.15765,1.15761,2620000,3790000
2018-06-20 14:31:48.009000,1.15764,1.1576,1500000,1120000
2018-06-20 14:31:49.059000,1.15764,1.15761,1500000,1000000
2018-06-20 14:31:49.644000,1.15764,1.15761,2620000,1250000
2018-06-20 14:31:50.232000,1.15764,1.1576,1870000,1310000
2018-06-20 14:31:51.062000,1.15763,1.15759,1940000,3970000
2018-06-20 14:31:51.514000,1.15764,1.1576,1690000,3000000
2018-06-20 14:31:51.617000,1.15765,1.1576,2140000,1690000
2018-06-20 14:31:52.131000,1.15765,1.15761,2620000,1000000
2018-06-20 14:31:57.221000,1.15761,1.1576,1000000,3260000
2018-06-20 14:31:57.377000,1.15761,1.15757,11250000,1500000
2018-06-20 14:32:00.379000,1.1576,1.15757,4950000,1500000
2018-06-20 14:32:01.597000,1.1576,1.15758,2700000,2250000
2018-06-20 14:32:02.050000,1.15762,1.15759,1100000,4310000
2018-06-20 14:32:02.105000,1.15763,1.15761,1070000,2250000
2018-06-20 14:32:02.211000,1.15766,1.15763,2140000,1250000
2018-06-20 14:32:02.712000,1.15766,1.15763,1390000,1250000
2018-06-20 14:32:03.328000,1.15767,1.15765,1870000,8100000
2018-06-20 14:32:03.433000,1.1577,1.15767,2550000,4310000
2018-06-20 14:32:03.977000,1.15771,1.15767,6450000,2320000
2018-06-20 14:32:04.179000,1.15769,1.15767,1000000,1100000
2018-06-20 14:32:04.707000,1.15769,1.15765,2250000,3640000
2018-06-20 14:32:05.044000,1.15765,1.15763,2250000,1070000
2018-06-20 14:32:05.250000,1.15764,1.15761,1570000,1000000
2018-06-20 14:32:05.539000,1.15765,1.15763,4200000,1000000
2018-06-20 14:32:05.642000,1.15767,1.15763,1100000,1000000
2018-06-20 14:32:05.797000,1.15765,1.15762,1000000,1950000
2018-06-20 14:32:07.081000,1.15765,1.15761,1500000,1950000
2018-06-20 14:32:07.595000,1.15765,1.15762,1250000,1250000
2018-06-20 14:32:07.700000,1.15767,1.15762,6820000,4500000
2018-06-20 14:32:08.115000,1.15767,1.15763,1250000,3370000
2018-06-20 14:32:08.621000,1.15768,1.15762,5140000,9070000
2018-06-20 14:32:09.124000,1.15768,1.15763,5510000,1000000
2018-06-20 14:32:10.051000,1.15767,1.15763,1250000,3000000
2018-06-20 14:32:11.735000,1.15768,1.15763,7760000,1250000
2018-06-20 14:32:13.314000,1.15767,1.15763,1250000,1190000
2018-06-20 14:32:13.561000,1.15766,1.15761,5620000,1570000
2018-06-20 14:32:15.548000,1.15767,1.15764,1420000,1120000
2018-06-20 14:32:15.708000,1.15771,1.15766,5700000,4500000
2018-06-20 14:32:15.849000,1.15766,1.15765,1000000,1010000
2018-06-20 14:32:15.901000,1.15765,1.15762,1000000,2140000
2018-06-20 14:32:15.959000,1.15763,1.15762,1000000,2140000
2018-06-20 14:32:16.014000,1.15763,1.1576,1000000,3820000
2018-06-20 14:32:16.552000,1.15764,1.1576,2250000,1500000
2018-06-20 14:32:17.071000,1.15764,1.1576,3370000,1120000
2018-06-20 14:32:17.897000,1.15761,1.15758,3370000,5510000
2018-06-20 14:32:18.069000,1.1576,1.15756,1250000,5140000
2018-06-20 14:32:18.175000,1.15762,1.15758,1100000,6940000
2018-06-20 14:32:18.676000,1.15762,1.15758,1200000,4570000
2018-06-20 14:32:19.195000,1.15764,1.1576,5060000,1500000
2018-06-20 14:32:20.058000,1.15764,1.15759,7240000,3640000
2018-06-20 14:32:22.739000,1.15763,1.1576,3450000,1000000
2018-06-20 14:32:23.257000,1.15763,1.15759,1200000,1100000
2018-06-20 14:32:23.311000,1.15764,1.15761,1100000,1500000
2018-06-20 14:32:23.634000,1.15768,1.15765,2700000,1500000
2018-06-20 14:32:23.689000,1.15768,1.15766,1390000,1250000
2018-06-20 14:32:24.205000,1.15769,1.15766,1100000,1000000
2018-06-20 14:32:24.467000,1.15766,1.15765,2250000,1000000
2018-06-20 14:32:24.522000,1.15765,1.15761,1100000,3260000
2018-06-20 14:32:25.138000,1.15765,1.15762,1120000,1690000
2018-06-20 14:32:25.816000,1.15766,1.15761,2250000,4950000
2018-06-20 14:32:26.350000,1.15765,1.15761,1500000,6830000
2018-06-20 14:32:27.320000,1.15766,1.15762,5890000,1010000
2018-06-20 14:32:27.824000,1.15765,1.15761,1100000,3070000
2018-06-20 14:32:28.407000,1.15764,1.15761,1000000,1000000
2018-06-20 14:32:31.757000,1.15765,1.15762,3940000,1000000
2018-06-20 14:32:33.032000,1.15765,1.15761,2440000,1250000
2018-06-20 14:32:33.537000,1.15764,1.15761,1390000,1190000
2018-06-20 14:32:33.602000,1.1576,1.15758,1000000,3110000
2018-06-20 14:32:33.655000,1.1576,1.15757,3000000,1270000
2018-06-20 14:32:34.178000,1.1576,1.15757,1010000,2060000
2018-06-20 14:32:34.527000,1.15759,1.15756,2620000,1500000
2018-06-20 14:32:34.761000,1.15757,1.15753,1500000,4420000
2018-06-20 14:32:35.071000,1.15754,1.15751,1120000,2620000
2018-06-20 14:32:37.074000,1.15755,1.1575,3070000,3750000
2018-06-20 14:32:37.576000,1.15752,1.15749,1500000,3450000
2018-06-20 14:32:37.930000,1.15749,1.15746,1000000,2170000
2018-06-20 14:32:38.091000,1.15748,1.15746,1100000,1000000
2018-06-20 14:32:38.524000,1.15749,1.15745,1690000,8360000
2018-06-20 14:32:38.959000,1.15752,1.15748,1250000,1130000
2018-06-20 14:32:39.067000,1.15751,1.15749,1250000,1690000
2018-06-20 14:32:39.132000,1.15754,1.1575,3070000,3370000
2018-06-20 14:32:39.676000,1.15754,1.1575,2320000,2620000
2018-06-20 14:32:40.100000,1.15753,1.15749,3370000,2810000
2018-06-20 14:32:40.644000,1.15753,1.15749,6560000,1500000
2018-06-20 14:32:41.269000,1.15752,1.15749,1250000,2810000
2018-06-20 14:32:41.783000,1.15751,1.15749,1250000,1250000
2018-06-20 14:32:42.285000,1.15752,1.15749,1000000,2250000
2018-06-20 14:32:43.336000,1.1575,1.15748,1250000,1100000
2018-06-20 14:32:43.693000,1.1575,1.15746,3820000,1950000
2018-06-20 14:32:44.261000,1.15749,1.15746,1500000,1950000
2018-06-20 14:32:44.878000,1.15749,1.15745,1000000,6370000
2018-06-20 14:32:45.388000,1.1575,1.15745,8320000,4870000
2018-06-20 14:32:45.623000,1.15747,1.15746,2250000,1000000
2018-06-20 14:32:45.678000,1.15747,1.15744,4200000,1120000
2018-06-20 14:32:45.994000,1.15748,1.15746,1450000,1120000
2018-06-20 14:32:46.098000,1.15749,1.15745,1390000,5810000
2018-06-20 14:32:47.490000,1.15748,1.15745,1200000,4690000
2018-06-20 14:32:48.040000,1.15749,1.15745,2140000,6070000
2018-06-20 14:32:51.879000,1.15746,1.15745,6000000,1120000
2018-06-20 14:32:52.119000,1.15744,1.15741,6370000,2250000
2018-06-20 14:32:52.170000,1.15741,1.1574,4500000,1120000
2018-06-20 14:32:52.558000,1.15739,1.15737,1000000,1500000
2018-06-20 14:32:52.814000,1.15739,1.15736,1000000,5620000
2018-06-20 14:32:53.316000,1.15738,1.15735,1950000,1120000
2018-06-20 14:32:53.785000,1.1574,1.15736,4950000,7310000
2018-06-20 14:32:54.331000,1.1574,1.15739,1000000,1870000
2018-06-20 14:32:54.436000,1.1574,1.15736,1000000,4500000
2018-06-20 14:32:54.938000,1.1574,1.15736,3750000,2250000
2018-06-20 14:32:55.361000,1.15738,1.15735,1500000,2060000
2018-06-20 14:32:55.414000,1.15736,1.15733,2250000,2320000
2018-06-20 14:32:55.517000,1.15736,1.15732,3000000,1870000
2018-06-20 14:32:55.770000,1.15738,1.15735,4570000,1500000
2018-06-20 14:32:55.876000,1.15738,1.15734,2700000,1500000
2018-06-20 14:32:56.382000,1.15735,1.15733,6370000,1000000
2018-06-20 14:32:56.913000,1.15734,1.15732,1250000,2810000
2018-06-20 14:32:57.224000,1.15738,1.15735,1000000,6040000
2018-06-20 14:32:57.503000,1.1574,1.15736,1950000,7570000
2018-06-20 14:32:59.421000,1.1574,1.15738,1690000,1000000
2018-06-20 14:32:59.554000,1.15743,1.1574,4990000,1120000
2018-06-20 14:32:59.607000,1.15741,1.15739,2250000,1000000
2018-06-20 14:32:59.762000,1.1574,1.15737,1000000,1250000
2018-06-20 14:33:00.296000,1.15741,1.15737,4950000,2250000
2018-06-20 14:33:00.571000,1.15741,1.15739,4200000,2250000
2018-06-20 14:33:00.821000,1.15744,1.1574,3820000,4200000
2018-06-20 14:33:00.877000,1.15741,1.15739,3750000,1010000
2018-06-20 14:33:01.388000,1.15742,1.15738,5320000,3190000
2018-06-20 14:33:01.792000,1.15743,1.15741,1000000,1000000
2018-06-20 14:33:02.441000,1.15745,1.15741,2700000,1000000
2018-06-20 14:33:03.355000,1.15745,1.15742,3370000,1000000
2018-06-20 14:33:03.889000,1.15746,1.15743,3070000,1120000
2018-06-20 14:33:04.380000,1.15747,1.15745,3820000,1000000
2018-06-20 14:33:04.928000,1.15747,1.15745,1500000,1310000
2018-06-20 14:33:09.381000,1.15747,1.15744,3450000,1000000
2018-06-20 14:33:10.235000,1.15746,1.15744,1000000,1000000
2018-06-20 14:33:10.393000,1.15745,1.15742,3750000,1500000
2018-06-20 14:33:11.730000,1.15746,1.15743,1950000,1870000
2018-06-20 14:33:12.322000,1.15746,1.15742,7570000,1120000
2018-06-20 14:33:12.688000,1.15746,1.15743,1500000,6750000
2018-06-20 14:33:12.993000,1.15753,1.15749,5320000,1870000
2018-06-20 14:33:13.541000,1.15753,1.15749,6450000,1310000
2018-06-20 14:33:14.002000,1.1575,1.15748,3000000,1000000
2018-06-20 14:33:14.313000,1.15746,1.15744,2250000,3370000
2018-06-20 14:33:14.657000,1.1575,1.15746,6110000,3370000
2018-06-20 14:33:15.141000,1.15751,1.15748,8510000,1000000
2018-06-20 14:33:15.662000,1.15749,1.15746,1100000,2440000
2018-06-20 14:33:16.296000,1.15746,1.15744,4500000,1760000
2018-06-20 14:33:16.813000,1.15745,1.15742,3750000,2320000
2018-06-20 14:33:17.428000,1.15741,1.1574,3190000,1200000
2018-06-20 14:33:17.583000,1.15741,1.15738,6790000,1950000
2018-06-20 14:33:17.788000,1.1574,1.15736,2060000,5510000
2018-06-20 14:33:17.981000,1.1574,1.15737,1250000,3560000
2018-06-20 14:33:18.032000,1.15741,1.15737,1250000,6560000
2018-06-20 14:33:18.596000,1.15742,1.15739,1690000,1190000
2018-06-20 14:33:19.134000,1.15742,1.15739,2140000,1250000
2018-06-20 14:33:20.656000,1.15743,1.15741,1760000,1500000
2018-06-20 14:33:20.972000,1.15743,1.15739,1500000,4570000
2018-06-20 14:33:21.499000,1.15742,1.15739,1250000,2060000
2018-06-20 14:33:22.504000,1.15743,1.15739,4690000,3560000
2018-06-20 14:33:22.815000,1.15742,1.15741,1250000,1310000
2018-06-20 14:33:22.920000,1.15742,1.15739,1000000,1120000
2018-06-20 14:33:23.025000,1.15739,1.15738,1250000,1100000
2018-06-20 14:33:23.545000,1.1574,1.15736,3940000,3370000
2018-06-20 14:33:24.253000,1.15739,1.15736,1250000,2890000
2018-06-20 14:33:25.459000,1.15739,1.15736,1250000,6000000
2018-06-20 14:33:25.990000,1.15739,1.15737,1250000,1500000
2018-06-20 14:33:26.545000,1.15739,1.15738,1250000,1000000
2018-06-20 14:33:26.713000,1.15741,1.15739,1200000,2250000
2018-06-20 14:33:27.187000,1.15742,1.1574,1390000,2440000
2018-06-20 14:33:27.344000,1.15742,1.15739,1760000,1000000
2018-06-20 14:33:28.370000,1.15742,1.15739,1250000,2620000
2018-06-20 14:33:29.498000,1.15741,1.15739,1250000,1500000
2018-06-20 14:33:29.885000,1.15743,1.15741,3260000,2250000
2018-06-20 14:33:29.944000,1.15744,1.15741,3000000,2250000
2018-06-20 14:33:31.051000,1.15741,1.15739,2250000,6260000
2018-06-20 14:33:31.375000,1.15739,1.15737,1690000,4310000
2018-06-20 14:33:31.922000,1.15739,1.15737,2250000,2250000
2018-06-20 14:33:32.804000,1.1574,1.15737,4390000,1500000
2018-06-20 14:33:33.115000,1.15736,1.15734,1250000,2250000
2018-06-20 14:33:33.424000,1.15739,1.15736,1450000,3000000
2018-06-20 14:33:33.529000,1.1574,1.15738,1690000,1500000
2018-06-20 14:33:34.046000,1.15741,1.15736,2700000,2890000
2018-06-20 14:33:34.378000,1.15741,1.15739,1250000,1250000
2018-06-20 14:33:34.534000,1.1574,1.15737,1500000,1250000
2018-06-20 14:33:34.638000,1.15737,1.15735,1000000,3260000
2018-06-20 14:33:35.226000,1.15737,1.15734,3940000,2290000
2018-06-20 14:33:35.933000,1.15737,1.15734,3940000,1250000
2018-06-20 14:33:36.927000,1.15736,1.15734,1250000,1440000
2018-06-20 14:33:37.313000,1.15739,1.15736,1390000,3560000
2018-06-20 14:33:37.842000,1.1574,1.15736,2890000,5890000
2018-06-20 14:33:38.307000,1.15738,1.15736,7870000,1570000
2018-06-20 14:33:38.856000,1.15734,1.15732,7120000,4950000
2018-06-20 14:33:39.025000,1.15733,1.1573,6190000,3190000
2018-06-20 14:33:39.190000,1.15734,1.15732,1870000,1120000
2018-06-20 14:33:39.837000,1.15733,1.15731,1000000,1500000
2018-06-20 14:33:40.367000,1.15733,1.15731,1000000,3000000
2018-06-20 14:33:40.682000,1.15735,1.15731,8140000,5250000
2018-06-20 14:33:41.316000,1.15736,1.15735,1950000,1000000
2018-06-20 14:33:41.422000,1.15736,1.15733,1100000,1690000
2018-06-20 14:33:41.530000,1.15734,1.15731,2250000,3450000
2018-06-20 14:33:41.583000,1.15731,1.15729,3750000,1500000
2018-06-20 14:33:41.636000,1.15732,1.1573,3750000,1760000
2018-06-20 14:33:41.915000,1.15733,1.1573,6860000,1000000
2018-06-20 14:33:42.304000,1.15732,1.15728,11700000,1120000
2018-06-20 14:33:42.627000,1.15733,1.15729,3820000,1000000
2018-06-20 14:33:43.153000,1.15732,1.15729,1000000,1000000
2018-06-20 14:33:43.837000,1.15732,1.15731,1100000,1250000
2018-06-20 14:33:44.074000,1.15736,1.15733,1390000,2810000
2018-06-20 14:33:44.607000,1.15739,1.15735,2620000,4500000
2018-06-20 14:33:45.213000,1.1574,1.15736,7950000,1620000
2018-06-20 14:33:45.856000,1.15739,1.15736,1000000,1620000
2018-06-20 14:33:46.312000,1.15738,1.15735,9370000,3000000
2018-06-20 14:33:46.817000,1.15737,1.15735,2250000,2250000
2018-06-20 14:33:47.414000,1.15739,1.15735,3450000,1310000
2018-06-20 14:33:47.956000,1.15738,1.15735,1000000,3190000
2018-06-20 14:33:48.825000,1.15739,1.15735,4950000,1250000
2018-06-20 14:33:50.313000,1.15738,1.15735,5250000,2440000
2018-06-20 14:33:50.838000,1.15737,1.15735,2250000,3190000
2018-06-20 14:33:52.094000,1.15738,1.15735,6000000,2440000
2018-06-20 14:33:52.793000,1.15737,1.15735,2250000,3190000
2018-06-20 14:33:52.921000,1.15733,1.15732,1870000,1390000
2018-06-20 14:33:53.025000,1.15731,1.15727,12380000,1120000
2018-06-20 14:33:53.564000,1.15731,1.15725,15090000,11060000
2018-06-20 14:33:54.375000,1.15729,1.15725,1000000,8630000
2018-06-20 14:33:54.909000,1.15728,1.15726,1000000,5440000
2018-06-20 14:33:55.066000,1.1573,1.15727,4480000,1000000
2018-06-20 14:33:55.121000,1.15731,1.15728,3070000,2810000
2018-06-20 14:33:55.414000,1.15734,1.15729,4570000,9560000
2018-06-20 14:33:55.934000,1.15734,1.1573,3640000,5440000
2018-06-20 14:33:56.444000,1.15734,1.1573,2700000,4690000
2018-06-20 14:33:57.113000,1.15734,1.15731,6640000,1250000
2018-06-20 14:33:57.681000,1.15736,1.15734,3190000,3000000
2018-06-20 14:33:57.837000,1.15738,1.15736,4120000,1000000
2018-06-20 14:33:58.427000,1.15738,1.15735,1120000,6000000
2018-06-20 14:33:59.085000,1.15739,1.15735,1500000,9370000
2018-06-20 14:33:59.438000,1.15739,1.15736,1690000,3190000
2018-06-20 14:33:59.965000,1.1574,1.15738,2620000,1000000
2018-06-20 14:34:00.486000,1.15741,1.15737,6260000,3000000
2018-06-20 14:34:00.991000,1.15739,1.15736,4120000,2060000
2018-06-20 14:34:01.308000,1.15734,1.15731,4500000,5620000
2018-06-20 14:34:01.837000,1.15734,1.1573,1570000,15070000
2018-06-20 14:34:02.346000,1.15735,1.15732,1570000,5620000
2018-06-20 14:34:04.272000,1.15735,1.15732,1100000,5250000
2018-06-20 14:34:05.525000,1.15735,1.15733,3070000,1500000
2018-06-20 14:34:06.213000,1.15735,1.15732,1100000,5250000
2018-06-20 14:34:06.966000,1.15735,1.15733,1100000,1500000
2018-06-20 14:34:07.474000,1.15735,1.15733,1000000,3190000
2018-06-20 14:34:08.059000,1.15735,1.15733,1000000,2440000
2018-06-20 14:34:08.594000,1.15735,1.15733,1000000,2440000
2018-06-20 14:34:09.730000,1.15735,1.15732,1000000,6260000
2018-06-20 14:34:12.449000,1.15735,1.15732,1000000,6070000
2018-06-20 14:34:13.002000,1.15735,1.15733,1000000,1000000
2018-06-20 14:34:13.546000,1.15735,1.15732,1100000,1000000
2018-06-20 14:34:15.143000,1.15735,1.15733,1100000,1000000
2018-06-20 14:34:15.403000,1.15734,1.15731,2250000,1870000
2018-06-20 14:34:15.965000,1.15734,1.15732,3820000,1000000
2018-06-20 14:34:16.574000,1.15734,1.15731,3070000,2250000
2018-06-20 14:34:16.807000,1.15731,1.1573,1000000,1690000
2018-06-20 14:34:16.965000,1.1573,1.15728,2250000,1250000
2018-06-20 14:34:17.674000,1.1573,1.15727,2250000,4500000
2018-06-20 14:34:18.360000,1.15733,1.15732,3370000,1350000
2018-06-20 14:34:18.645000,1.15736,1.15732,1950000,2810000
2018-06-20 14:34:18.750000,1.15736,1.15732,2060000,9190000
2018-06-20 14:34:19.336000,1.15736,1.15732,3370000,6940000
2018-06-20 14:34:20.352000,1.15736,1.15733,2620000,1190000
2018-06-20 14:34:21.090000,1.15734,1.15732,2250000,3370000
2018-06-20 14:34:21.593000,1.15734,1.15731,1000000,1870000
2018-06-20 14:34:23.520000,1.15735,1.15731,2620000,2620000
2018-06-20 14:34:24.589000,1.15735,1.15734,1000000,1500000
2018-06-20 14:34:24.796000,1.15738,1.15736,6640000,2250000
2018-06-20 14:34:25.017000,1.1574,1.15738,7200000,1000000
2018-06-20 14:34:25.612000,1.1574,1.15738,5320000,1000000
2018-06-20 14:34:25.925000,1.15738,1.15737,2250000,1000000
2018-06-20 14:34:26.486000,1.15739,1.15737,6820000,1000000
2018-06-20 14:34:27.118000,1.15738,1.15737,1000000,1000000
2018-06-20 14:34:29.966000,1.15739,1.15737,2320000,1000000
2018-06-20 14:34:32.785000,1.1574,1.15738,1100000,1500000
2018-06-20 14:34:32.992000,1.15742,1.15739,1000000,3750000
2018-06-20 14:34:33.528000,1.15742,1.15738,1200000,4010000
2018-06-20 14:34:34.609000,1.15741,1.15738,1000000,2810000
2018-06-20 14:34:35.130000,1.15742,1.15738,4950000,3560000
2018-06-20 14:34:35.488000,1.15743,1.15741,3450000,1000000
2018-06-20 14:34:35.676000,1.15745,1.15743,1000000,2620000
2018-06-20 14:34:36.059000,1.15747,1.15746,1200000,1500000
2018-06-20 14:34:36.163000,1.15749,1.15746,1870000,1870000
2018-06-20 14:34:36.215000,1.15746,1.15744,1000000,7570000
2018-06-20 14:34:36.322000,1.15744,1.15741,4120000,1870000
2018-06-20 14:34:36.376000,1.15744,1.1574,3750000,3000000
2018-06-20 14:34:36.727000,1.15745,1.15741,3260000,6070000
2018-06-20 14:34:36.829000,1.15746,1.15741,7200000,5620000
2018-06-20 14:34:37.501000,1.15745,1.15742,1000000,1120000
2018-06-20 14:34:38.029000,1.15746,1.15741,1950000,5320000
2018-06-20 14:34:38.714000,1.15745,1.15742,1000000,1950000
2018-06-20 14:34:39.364000,1.15746,1.15741,1570000,6260000
2018-06-20 14:34:39.927000,1.15746,1.15742,2810000,2810000
2018-06-20 14:34:40.404000,1.15747,1.15745,4010000,1250000
2018-06-20 14:34:40.864000,1.15747,1.15742,2250000,12640000
2018-06-20 14:34:42.218000,1.15747,1.15744,1000000,3640000
2018-06-20 14:34:42.377000,1.1575,1.15746,3370000,3370000
2018-06-20 14:34:42.685000,1.15748,1.15746,2250000,1100000
2018-06-20 14:34:42.737000,1.15748,1.15744,2250000,3070000
2018-06-20 14:34:43.266000,1.15746,1.15742,1000000,2320000
2018-06-20 14:34:43.582000,1.15749,1.15747,1320000,1500000
2018-06-20 14:34:43.634000,1.1575,1.15747,4120000,1000000
2018-06-20 14:34:44.513000,1.1575,1.15748,1870000,1000000
2018-06-20 14:34:45.492000,1.1575,1.15747,1870000,1100000
2018-06-20 14:34:45.597000,1.15752,1.1575,1760000,2500000
2018-06-20 14:34:45.801000,1.15755,1.15752,1250000,5250000
2018-06-20 14:34:46.304000,1.15755,1.15751,1500000,1120000
2018-06-20 14:34:47.229000,1.15755,1.15752,3000000,1000000
2018-06-20 14:34:47.799000,1.15755,1.15751,1000000,1000000
2018-06-20 14:34:48.569000,1.15755,1.15752,1000000,1000000
2018-06-20 14:34:49.031000,1.15757,1.15755,4200000,1000000
2018-06-20 14:34:49.390000,1.15759,1.15754,1570000,12380000
2018-06-20 14:34:49.497000,1.15757,1.15754,2620000,1570000
2018-06-20 14:34:49.605000,1.15756,1.15752,1950000,1100000
2018-06-20 14:34:50.138000,1.15754,1.15751,3750000,1500000
2018-06-20 14:34:50.480000,1.15751,1.15749,1000000,1000000
2018-06-20 14:34:51.008000,1.15751,1.15748,1000000,1310000
2018-06-20 14:34:51.524000,1.15752,1.15749,2320000,1120000
2018-06-20 14:34:52.041000,1.15752,1.15748,1200000,8440000
2018-06-20 14:34:52.148000,1.15753,1.1575,1120000,5250000
2018-06-20 14:34:52.707000,1.15753,1.15751,1120000,1000000
2018-06-20 14:34:53.870000,1.15753,1.1575,1120000,5320000
2018-06-20 14:34:54.291000,1.1575,1.15748,2250000,1200000
2018-06-20 14:34:54.399000,1.1575,1.15746,3750000,1120000
2018-06-20 14:34:55.927000,1.15751,1.1575,1200000,1000000
2018-06-20 14:34:56.093000,1.15757,1.15753,1690000,3450000
2018-06-20 14:34:56.147000,1.15755,1.15753,1000000,1070000
2018-06-20 14:34:56.199000,1.15755,1.15752,1500000,1500000
2018-06-20 14:34:56.513000,1.15754,1.1575,1870000,1950000
2018-06-20 14:34:56.565000,1.15752,1.1575,1000000,1200000
2018-06-20 14:34:57.109000,1.15752,1.15748,1570000,4010000
2018-06-20 14:34:57.538000,1.15755,1.15751,10200000,3370000
2018-06-20 14:34:58.418000,1.15755,1.15752,1500000,1120000
2018-06-20 14:34:58.526000,1.15758,1.15755,12370000,1500000
2018-06-20 14:34:58.862000,1.15754,1.15751,4500000,1870000
2018-06-20 14:34:58.967000,1.15754,1.1575,3370000,3000000
2018-06-20 14:34:59.219000,1.15755,1.1575,13950000,1500000
2018-06-20 14:34:59.273000,1.1575,1.15747,1500000,2320000
2018-06-20 14:34:59.785000,1.1575,1.15746,3190000,1690000
2018-06-20 14:34:59.839000,1.15744,1.15743,3000000,2170000
2018-06-20 14:34:59.944000,1.15741,1.1574,1000000,1100000
2018-06-20 14:34:59.999000,1.1574,1.15738,1120000,3000000
2018-06-20 14:35:00.054000,1.15741,1.15737,8100000,1190000
2018-06-20 14:35:00.402000,1.15742,1.1574,4050000,1250000
2018-06-20 14:35:00.506000,1.15745,1.1574,6110000,3560000
2018-06-20 14:35:01.036000,1.15745,1.1574,9260000,3640000
2018-06-20 14:35:01.555000,1.15744,1.15741,1760000,1250000
2018-06-20 14:35:02.050000,1.15741,1.15738,5250000,1700000
2018-06-20 14:35:02.161000,1.1574,1.15736,1000000,1760000
2018-06-20 14:35:02.711000,1.1574,1.15736,1760000,1760000
2018-06-20 14:35:03.229000,1.15741,1.15736,4760000,1010000
2018-06-20 14:35:03.533000,1.15741,1.15738,3190000,1000000
2018-06-20 14:35:04.213000,1.15741,1.15737,2250000,1120000
2018-06-20 14:35:04.739000,1.1574,1.15736,1570000,1100000
2018-06-20 14:35:05.294000,1.1574,1.15737,1870000,1000000
2018-06-20 14:35:05.815000,1.15741,1.15736,7390000,1870000
2018-06-20 14:35:06.460000,1.15739,1.15736,1000000,1120000
2018-06-20 14:35:06.985000,1.15741,1.15737,1950000,2510000
2018-06-20 14:35:07.293000,1.15742,1.15739,3070000,1000000
2018-06-20 14:35:07.789000,1.15744,1.15741,1760000,1310000
2018-06-20 14:35:08.338000,1.15743,1.15738,1870000,8320000
2018-06-20 14:35:08.865000,1.15743,1.15739,1120000,5440000
2018-06-20 14:35:09.023000,1.15745,1.1574,1200000,3450000
2018-06-20 14:35:09.130000,1.15742,1.15738,7500000,1420000
2018-06-20 14:35:09.183000,1.15741,1.15736,3000000,3300000
2018-06-20 14:35:09.417000,1.15742,1.15737,6260000,5620000
2018-06-20 14:35:09.635000,1.15744,1.1574,4120000,2250000
2018-06-20 14:35:09.846000,1.15743,1.15738,5320000,6070000
2018-06-20 14:35:10.512000,1.15741,1.15737,1000000,2510000
2018-06-20 14:35:11.044000,1.1574,1.15736,2140000,1760000
2018-06-20 14:35:11.747000,1.1574,1.15736,2510000,3070000
2018-06-20 14:35:11.802000,1.15741,1.15738,2140000,1500000
2018-06-20 14:35:12.125000,1.15744,1.1574,2620000,3000000
2018-06-20 14:35:12.759000,1.15742,1.1574,3750000,1500000
2018-06-20 14:35:12.880000,1.1574,1.15736,1570000,3260000
2018-06-20 14:35:15.549000,1.1574,1.15737,1100000,1000000
2018-06-20 14:35:15.717000,1.15742,1.15737,6260000,1120000
2018-06-20 14:35:15.873000,1.15742,1.15739,1200000,1250000
2018-06-20 14:35:16.186000,1.15745,1.15741,9260000,1000000
2018-06-20 14:35:17.553000,1.15741,1.15739,1250000,1720000
2018-06-20 14:35:17.660000,1.15741,1.15737,4120000,3830000
2018-06-20 14:35:18.168000,1.15741,1.15737,1120000,1250000
2018-06-20 14:35:18.568000,1.15741,1.1574,1000000,1500000
2018-06-20 14:35:18.623000,1.15745,1.15741,1500000,4950000
2018-06-20 14:35:19.194000,1.15747,1.15741,13050000,9220000
2018-06-20 14:35:19.695000,1.15746,1.15742,2890000,2890000
2018-06-20 14:35:20.230000,1.15746,1.15742,2320000,4010000
2018-06-20 14:35:22.631000,1.15748,1.15745,3070000,1120000
2018-06-20 14:35:22.763000,1.1575,1.15747,1120000,2700000
2018-06-20 14:35:23.400000,1.15751,1.15747,2700000,3450000
2018-06-20 14:35:23.996000,1.15751,1.15747,1200000,1950000
2018-06-20 14:35:24.715000,1.15751,1.15747,1200000,1200000
2018-06-20 14:35:25.244000,1.15752,1.15748,5320000,1120000
2018-06-20 14:35:26.427000,1.15752,1.15748,4570000,1200000
2018-06-20 14:35:26.975000,1.15748,1.15746,6640000,1950000
2018-06-20 14:35:27.097000,1.15747,1.15744,4870000,1000000
2018-06-20 14:35:27.611000,1.15749,1.15747,3450000,1000000
2018-06-20 14:35:27.766000,1.1575,1.15747,1690000,1000000
2018-06-20 14:35:28.741000,1.15751,1.15747,5660000,2250000
2018-06-20 14:35:28.899000,1.15748,1.15747,1870000,1000000
2018-06-20 14:35:29.098000,1.15749,1.15745,1500000,6940000
2018-06-20 14:35:29.628000,1.15748,1.15745,1200000,1000000
2018-06-20 14:35:30.140000,1.15747,1.15744,1500000,1950000
2018-06-20 14:35:30.748000,1.15748,1.15744,4200000,1950000
2018-06-20 14:35:31.469000,1.15749,1.15745,4390000,3000000
2018-06-20 14:35:32.102000,1.15748,1.15745,2440000,1100000
2018-06-20 14:35:32.482000,1.15746,1.15743,1500000,2320000
2018-06-20 14:35:33.001000,1.15745,1.15742,1500000,1870000
2018-06-20 14:35:33.538000,1.15746,1.15742,5470000,2620000
2018-06-20 14:35:33.938000,1.15747,1.15744,3600000,1000000
2018-06-20 14:35:34.485000,1.15747,1.15744,3220000,1000000
2018-06-20 14:35:35.601000,1.15747,1.15745,1950000,1000000
2018-06-20 14:35:35.913000,1.15749,1.15747,1690000,1000000
2018-06-20 14:35:36.628000,1.15748,1.15747,1250000,1000000
2018-06-20 14:35:37.129000,1.15749,1.15747,1690000,1000000
2018-06-20 14:35:37.373000,1.15748,1.15745,1310000,2250000
2018-06-20 14:35:37.905000,1.15747,1.15744,2100000,1570000
2018-06-20 14:35:38.423000,1.15747,1.15744,2440000,1500000
2018-06-20 14:35:39.066000,1.15748,1.15745,1250000,1000000
2018-06-20 14:35:39.615000,1.15747,1.15745,1250000,1250000
2018-06-20 14:35:40.194000,1.15748,1.15745,1390000,1500000
2018-06-20 14:35:40.807000,1.15749,1.15745,3560000,2060000
2018-06-20 14:35:41.534000,1.15748,1.15745,1250000,4310000
2018-06-20 14:35:42.091000,1.15748,1.15745,1000000,5810000
2018-06-20 14:35:42.806000,1.15749,1.15745,3190000,2060000
2018-06-20 14:35:43.627000,1.15748,1.15745,1250000,8140000
2018-06-20 14:35:44.588000,1.15749,1.15745,3940000,7010000
2018-06-20 14:35:45.129000,1.15748,1.15746,1690000,1250000
2018-06-20 14:35:46.190000,1.1575,1.15748,3750000,2500000
2018-06-20 14:35:46.245000,1.15751,1.15749,1200000,1500000
2018-06-20 14:35:46.431000,1.15753,1.15749,3450000,2320000
2018-06-20 14:35:47.180000,1.15752,1.15749,1000000,3070000
2018-06-20 14:35:47.716000,1.15753,1.15749,3450000,3070000
2018-06-20 14:35:49.073000,1.15752,1.15749,4120000,3820000
2018-06-20 14:35:49.334000,1.1575,1.15747,6370000,1100000
2018-06-20 14:35:49.650000,1.15747,1.15745,4750000,2320000
2018-06-20 14:35:49.703000,1.15746,1.15743,1370000,3070000
2018-06-20 14:35:50.339000,1.15747,1.15743,4500000,2250000
2018-06-20 14:35:50.496000,1.15747,1.15743,6370000,5620000
2018-06-20 14:35:51.009000,1.15749,1.15745,3940000,1690000
2018-06-20 14:35:51.578000,1.15748,1.15746,1000000,1000000
2018-06-20 14:35:51.841000,1.1575,1.15746,3820000,3450000
2018-06-20 14:35:52.372000,1.15749,1.15744,5440000,16200001
2018-06-20 14:35:52.916000,1.15748,1.15745,1000000,1000000
2018-06-20 14:35:54.160000,1.15749,1.15747,5250000,1000000
2018-06-20 14:35:54.215000,1.15751,1.15749,1070000,4120000
2018-06-20 14:35:54.270000,1.15754,1.15751,1570000,16120001
2018-06-20 14:35:54.323000,1.15755,1.15754,1760000,9370000
2018-06-20 14:35:54.481000,1.15763,1.15759,1950000,1120000
2018-06-20 14:35:54.540000,1.15761,1.15758,1190000,6600000
2018-06-20 14:35:54.728000,1.15763,1.15759,2620000,3750000
2018-06-20 14:35:55.331000,1.15764,1.1576,8320000,1000000
2018-06-20 14:35:55.527000,1.1576,1.15758,1120000,1100000
2018-06-20 14:35:56.034000,1.1576,1.15757,1120000,3000000
2018-06-20 14:35:58.547000,1.15759,1.15755,5620000,5700000
2018-06-20 14:35:58.703000,1.15759,1.15754,4390000,4500000
2018-06-20 14:35:59.228000,1.15757,1.15754,3410000,1500000
2018-06-20 14:35:59.759000,1.15756,1.15753,1120000,4500000
2018-06-20 14:36:01.073000,1.15757,1.15755,3000000,1000000
2018-06-20 14:36:01.233000,1.1576,1.15756,3640000,6190000
2018-06-20 14:36:01.746000,1.15761,1.15756,4870000,6830000
2018-06-20 14:36:02.328000,1.15761,1.15758,4120000,1000000
2018-06-20 14:36:02.926000,1.1576,1.15758,1500000,1000000
2018-06-20 14:36:03.822000,1.15761,1.15758,5620000,1000000
2018-06-20 14:36:04.195000,1.15762,1.1576,2320000,1120000
2018-06-20 14:36:04.301000,1.15763,1.15759,1200000,3940000
2018-06-20 14:36:04.832000,1.15764,1.1576,1570000,7570000
2018-06-20 14:36:05.657000,1.15765,1.15761,4010000,1390000
2018-06-20 14:36:06.148000,1.15762,1.15759,5620000,4200000
2018-06-20 14:36:06.374000,1.15765,1.15761,6820000,2140000
2018-06-20 14:36:07.392000,1.15764,1.1576,2620000,1620000
2018-06-20 14:36:07.567000,1.15763,1.15759,1750000,3640000
2018-06-20 14:36:07.674000,1.15761,1.15758,1120000,1570000
2018-06-20 14:36:07.781000,1.15763,1.1576,3450000,1500000
2018-06-20 14:36:07.942000,1.15763,1.15759,1500000,1250000
2018-06-20 14:36:08.716000,1.15763,1.15759,2510000,5140000
2018-06-20 14:36:08.821000,1.1576,1.15757,1500000,2700000
2018-06-20 14:36:08.874000,1.1576,1.15756,3000000,2060000
2018-06-20 14:36:10.416000,1.15759,1.15755,5810000,1100000
2018-06-20 14:36:10.725000,1.15758,1.15753,4350000,3450000
2018-06-20 14:36:11.041000,1.15761,1.15757,3450000,1000000
2018-06-20 14:36:12.509000,1.15761,1.15758,1500000,1000000
2018-06-20 14:36:12.866000,1.15761,1.15756,6940000,5140000
2018-06-20 14:36:12.971000,1.1576,1.15755,1310000,5890000
2018-06-20 14:36:13.333000,1.15751,1.1575,1000000,3450000
2018-06-20 14:36:13.390000,1.15748,1.15743,1870000,8320000
2018-06-20 14:36:13.443000,1.15748,1.15745,2620000,1560000
2018-06-20 14:36:13.495000,1.15746,1.15745,2620000,1250000
2018-06-20 14:36:13.802000,1.15746,1.15741,4350000,2510000
2018-06-20 14:36:13.961000,1.15746,1.15742,3190000,3940000
2018-06-20 14:36:14.176000,1.15745,1.15741,3000000,1760000
2018-06-20 14:36:15.076000,1.15744,1.15741,1000000,2890000
2018-06-20 14:36:15.613000,1.15746,1.15741,10390000,1760000
2018-06-20 14:36:16.244000,1.15744,1.15741,1000000,1390000
2018-06-20 14:36:17.437000,1.15744,1.15741,1000000,1310000
2018-06-20 14:36:18.597000,1.15744,1.15741,1000000,2060000
2018-06-20 14:36:19.241000,1.15742,1.15739,2250000,6860000
2018-06-20 14:36:19.401000,1.15739,1.15735,1950000,1390000
2018-06-20 14:36:19.938000,1.15737,1.15734,1500000,2250000
2018-06-20 14:36:20.138000,1.15736,1.15732,1950000,3820000
2018-06-20 14:36:20.731000,1.15736,1.15732,3640000,1500000
2018-06-20 14:36:21.280000,1.15736,1.15732,3190000,1310000
2018-06-20 14:36:21.421000,1.15736,1.15735,1690000,1000000
2018-06-20 14:36:21.525000,1.1574,1.15736,10010000,1250000
2018-06-20 14:36:22.073000,1.15739,1.15735,1000000,9370000
2018-06-20 14:36:22.659000,1.1574,1.15735,6070000,9070000
2018-06-20 14:36:22.712000,1.15736,1.15734,2440000,2550000
2018-06-20 14:36:22.767000,1.15736,1.15733,2440000,1300000
2018-06-20 14:36:23.316000,1.15735,1.15732,1310000,1100000
2018-06-20 14:36:24.096000,1.15735,1.15731,1870000,2700000
2018-06-20 14:36:24.629000,1.15735,1.15731,1950000,2700000
2018-06-20 14:36:27.023000,1.15735,1.15731,2320000,1950000
2018-06-20 14:36:27.846000,1.15735,1.15732,1310000,1760000
2018-06-20 14:36:27.898000,1.15737,1.15735,1950000,5620000
2018-06-20 14:36:28.108000,1.15742,1.1574,1000000,1690000
2018-06-20 14:36:28.473000,1.15746,1.15741,2250000,1570000
2018-06-20 14:36:29.901000,1.15745,1.15741,1000000,4050000
2018-06-20 14:36:30.403000,1.15746,1.15741,2620000,1200000
2018-06-20 14:36:30.726000,1.15743,1.15741,1000000,1200000
2018-06-20 14:36:31.183000,1.15745,1.15744,2320000,2250000
2018-06-20 14:36:31.287000,1.15751,1.15747,4390000,1500000
2018-06-20 14:36:31.803000,1.1575,1.15746,2250000,5320000
2018-06-20 14:36:32.336000,1.1575,1.15747,1500000,1000000
2018-06-20 14:36:32.390000,1.15747,1.15746,1000000,1200000
2018-06-20 14:36:32.553000,1.15746,1.15742,2250000,2440000
2018-06-20 14:36:32.607000,1.15746,1.15745,1120000,1000000
2018-06-20 14:36:32.659000,1.15748,1.15744,1570000,1250000
2018-06-20 14:36:33.162000,1.15749,1.15745,1950000,1200000
2018-06-20 14:36:35.222000,1.15749,1.15746,1500000,1000000
2018-06-20 14:36:35.739000,1.1575,1.15747,1500000,1000000
2018-06-20 14:36:36.509000,1.15751,1.15747,2620000,1500000
2018-06-20 14:36:37.017000,1.15753,1.15751,1570000,1000000
2018-06-20 14:36:37.235000,1.15757,1.15753,2510000,1500000
2018-06-20 14:36:37.523000,1.15754,1.1575,3370000,4120000
2018-06-20 14:36:37.983000,1.15753,1.1575,1000000,2440000
2018-06-20 14:36:38.189000,1.15755,1.15752,1570000,1000000
2018-06-20 14:36:38.534000,1.1575,1.15746,1000000,4950000
2018-06-20 14:36:38.742000,1.15751,1.15746,3190000,4010000
2018-06-20 14:36:39.465000,1.15751,1.15747,4120000,1000000
2018-06-20 14:36:39.998000,1.15751,1.15746,4120000,5140000
2018-06-20 14:36:40.606000,1.15751,1.15747,3000000,1000000
2018-06-20 14:36:41.155000,1.15752,1.1575,1000000,1000000
2018-06-20 14:36:41.261000,1.15755,1.15752,1870000,1120000
2018-06-20 14:36:42.114000,1.15755,1.15751,2620000,2250000
2018-06-20 14:36:42.626000,1.15756,1.15752,3000000,1500000
2018-06-20 14:36:43.184000,1.15756,1.15752,1870000,1000000
2018-06-20 14:36:43.927000,1.15756,1.15752,1500000,1000000
2018-06-20 14:36:46.381000,1.15756,1.15753,1500000,4120000
2018-06-20 14:36:46.433000,1.15758,1.15755,3070000,1000000
2018-06-20 14:36:46.539000,1.15759,1.15755,2700000,1950000
2018-06-20 14:36:47.041000,1.1576,1.15756,5700000,1100000
2018-06-20 14:36:47.538000,1.15757,1.15756,1000000,2250000
2018-06-20 14:36:47.645000,1.15756,1.15754,5250000,1870000
2018-06-20 14:36:47.752000,1.15753,1.15751,1870000,3070000
2018-06-20 14:36:48.097000,1.15755,1.15753,6820000,1500000
2018-06-20 14:36:48.855000,1.15755,1.1575,10950000,11290000
2018-06-20 14:36:49.446000,1.15754,1.1575,1870000,12040000
2018-06-20 14:36:50.096000,1.15751,1.15748,1500000,4200000
2018-06-20 14:36:50.200000,1.15752,1.15747,4200000,2620000
2018-06-20 14:36:50.717000,1.15751,1.15747,2250000,2060000
2018-06-20 14:36:51.351000,1.15751,1.15748,1570000,1000000
2018-06-20 14:36:52.013000,1.15751,1.15747,1010000,1200000
2018-06-20 14:36:52.119000,1.15749,1.15746,1000000,1500000
2018-06-20 14:36:52.658000,1.15749,1.15744,3640000,8510000
2018-06-20 14:36:53.161000,1.15749,1.15744,8140000,6450000
2018-06-20 14:36:53.499000,1.15745,1.15741,6410000,2020000
2018-06-20 14:36:54.016000,1.15745,1.1574,3190000,8140000
2018-06-20 14:36:54.442000,1.15742,1.15739,1000000,3450000
2018-06-20 14:36:54.597000,1.15742,1.15738,3820000,2320000
2018-06-20 14:36:56.708000,1.15741,1.1574,1310000,1000000
2018-06-20 14:36:57.251000,1.15742,1.15739,1120000,1100000
2018-06-20 14:36:57.763000,1.15742,1.15738,1120000,1690000
2018-06-20 14:36:58.738000,1.15741,1.15738,1250000,1690000
2018-06-20 14:37:00.639000,1.15742,1.15738,4310000,3370000
2018-06-20 14:37:01.314000,1.15741,1.15738,1250000,5060000
2018-06-20 14:37:01.626000,1.1574,1.15737,3750000,1450000
2018-06-20 14:37:01.731000,1.15737,1.15734,1500000,1100000
2018-06-20 14:37:01.784000,1.15736,1.15732,1500000,2320000
2018-06-20 14:37:01.898000,1.15735,1.15732,1120000,1950000
2018-06-20 14:37:03.182000,1.15738,1.15734,4120000,1500000
2018-06-20 14:37:03.736000,1.15737,1.15733,1310000,1000000
2018-06-20 14:37:04.046000,1.15737,1.15733,2700000,1100000
2018-06-20 14:37:04.980000,1.15738,1.15735,6070000,3000000
2018-06-20 14:37:05.240000,1.15741,1.15736,3820000,2620000
2018-06-20 14:37:05.986000,1.15741,1.15737,6820000,1000000
2018-06-20 14:37:06.500000,1.1574,1.15736,1870000,3750000
2018-06-20 14:37:07.092000,1.1574,1.15737,1870000,1000000
2018-06-20 14:37:07.345000,1.15737,1.15736,1200000,2250000
2018-06-20 14:37:07.397000,1.15736,1.15733,1000000,2320000
2018-06-20 14:37:08.765000,1.15738,1.15735,2320000,1000000
2018-06-20 14:37:08.820000,1.15739,1.15736,4500000,1000000
2018-06-20 14:37:09.345000,1.1574,1.15734,6820000,5440000
2018-06-20 14:37:09.762000,1.15736,1.15733,2250000,3450000
2018-06-20 14:37:09.916000,1.15737,1.15732,6070000,4310000
2018-06-20 14:37:11.064000,1.15736,1.15733,1120000,2250000
2018-06-20 14:37:11.595000,1.15736,1.15732,1000000,3560000
2018-06-20 14:37:12.119000,1.15738,1.15735,1000000,1000000
2018-06-20 14:37:12.445000,1.1574,1.15737,1120000,1870000
2018-06-20 14:37:13.349000,1.1574,1.15738,1000000,2810000
2018-06-20 14:37:13.455000,1.15743,1.15739,4800000,1500000
2018-06-20 14:37:13.625000,1.15744,1.1574,1870000,3370000
2018-06-20 14:37:13.731000,1.15742,1.15739,1120000,1070000
2018-06-20 14:37:13.783000,1.15742,1.15738,1120000,9560000
2018-06-20 14:37:14.303000,1.15742,1.15738,8170000,1250000
2018-06-20 14:37:14.823000,1.15742,1.15738,1500000,8440000
2018-06-20 14:37:18.613000,1.15742,1.15738,1120000,11700000
2018-06-20 14:37:21.040000,1.15744,1.15739,10010000,4690000
2018-06-20 14:37:21.095000,1.15745,1.15742,3820000,2250000
2018-06-20 14:37:21.448000,1.15747,1.15742,5700000,4690000
2018-06-20 14:37:21.500000,1.15747,1.15742,5700000,4690000
2018-06-20 14:37:21.782000,1.15746,1.15742,1120000,3190000
2018-06-20 14:37:22.737000,1.15745,1.15742,1000000,2250000
2018-06-20 14:37:23.709000,1.15745,1.15741,1120000,1500000
2018-06-20 14:37:24.228000,1.15746,1.15741,6370000,1200000
2018-06-20 14:37:25.103000,1.15745,1.15741,1000000,2700000
2018-06-20 14:37:25.615000,1.15746,1.15741,4870000,1200000
2018-06-20 14:37:26.172000,1.15746,1.15741,5250000,4950000
2018-06-20 14:37:27.607000,1.15746,1.15741,5250000,3820000
2018-06-20 14:37:28.296000,1.15745,1.15742,1500000,2250000
2018-06-20 14:37:29.234000,1.15746,1.15742,3370000,1500000
2018-06-20 14:37:29.747000,1.15745,1.15742,1000000,2250000
2018-06-20 14:37:30.356000,1.15746,1.15742,3370000,1500000
2018-06-20 14:37:30.895000,1.15745,1.15742,1000000,2250000
2018-06-20 14:37:31.584000,1.15746,1.15742,3370000,1500000
2018-06-20 14:37:32.094000,1.15745,1.15742,1000000,3000000
2018-06-20 14:37:32.689000,1.15746,1.15742,6000000,1500000
2018-06-20 14:37:34.324000,1.15745,1.15742,1000000,1500000
2018-06-20 14:37:34.861000,1.15746,1.15742,2250000,2250000
2018-06-20 14:37:35.389000,1.15746,1.15743,2250000,1000000
2018-06-20 14:37:35.920000,1.15747,1.15745,3070000,2250000
2018-06-20 14:37:36.084000,1.15751,1.15747,1870000,2250000
2018-06-20 14:37:36.979000,1.15751,1.15748,5250000,1000000
2018-06-20 14:37:37.832000,1.15751,1.15747,1500000,2250000
2018-06-20 14:37:38.378000,1.15751,1.15748,1120000,1000000
2018-06-20 14:37:38.971000,1.15751,1.15747,1000000,2250000
2018-06-20 14:37:40.160000,1.15751,1.15748,3370000,1000000
2018-06-20 14:37:40.707000,1.15751,1.15747,1120000,2250000
2018-06-20 14:37:42.698000,1.15752,1.1575,4950000,1000000
2018-06-20 14:37:42.801000,1.15755,1.15751,1570000,6820000
2018-06-20 14:37:43.038000,1.15751,1.15748,1000000,1870000
2018-06-20 14:37:43.654000,1.15751,1.15748,1500000,2250000
2018-06-20 14:37:44.379000,1.15752,1.15749,1100000,1500000
2018-06-20 14:37:44.902000,1.15751,1.15748,1000000,1500000
2018-06-20 14:37:45.472000,1.1575,1.15747,1000000,1500000
2018-06-20 14:37:45.990000,1.15749,1.15746,1000000,1500000
2018-06-20 14:37:46.913000,1.15748,1.15746,2060000,1000000
2018-06-20 14:37:47.230000,1.15742,1.15739,3870000,4120000
2018-06-20 14:37:47.283000,1.1574,1.15738,1250000,1190000
2018-06-20 14:37:47.336000,1.15741,1.15737,3310000,3070000
2018-06-20 14:37:48.076000,1.15742,1.15738,1870000,2620000
2018-06-20 14:37:48.764000,1.15742,1.1574,2070000,2620000
2018-06-20 14:37:48.919000,1.15745,1.15742,4120000,1500000
2018-06-20 14:37:49.430000,1.15744,1.15742,1250000,1690000
2018-06-20 14:37:49.970000,1.15745,1.15742,2810000,1500000
2018-06-20 14:37:50.589000,1.15744,1.15742,1000000,1500000
2018-06-20 14:37:51.125000,1.15743,1.1574,1000000,1570000
2018-06-20 14:37:51.338000,1.15741,1.15737,1100000,5510000
2018-06-20 14:37:51.921000,1.15741,1.15738,1000000,3260000
2018-06-20 14:37:52.527000,1.15742,1.1574,1100000,1500000
2018-06-20 14:37:53.043000,1.15743,1.1574,1100000,1120000
2018-06-20 14:37:53.100000,1.15742,1.15738,3450000,1950000
2018-06-20 14:37:53.202000,1.1574,1.15737,1000000,2700000
2018-06-20 14:37:54.025000,1.1574,1.15736,1120000,8510000
2018-06-20 14:37:55.061000,1.1574,1.15736,1370000,4870000
2018-06-20 14:37:55.515000,1.15741,1.15739,4200000,1500000
2018-06-20 14:37:56.024000,1.15741,1.15738,1000000,4120000
2018-06-20 14:37:59.166000,1.15743,1.15739,3750000,1000000
2018-06-20 14:37:59.767000,1.15741,1.15738,2250000,1500000
2018-06-20 14:38:00.893000,1.15741,1.15737,1000000,10800000
2018-06-20 14:38:01.259000,1.15742,1.15739,1000000,3000000
2018-06-20 14:38:01.365000,1.15744,1.1574,1000000,8170000
2018-06-20 14:38:01.417000,1.15746,1.15742,7200000,1500000
2018-06-20 14:38:02.508000,1.15746,1.15742,1870000,2100000
2018-06-20 14:38:03.424000,1.15748,1.15745,1500000,1570000
2018-06-20 14:38:03.943000,1.15747,1.15744,1120000,2620000
2018-06-20 14:38:04.500000,1.15746,1.15744,1000000,1000000
2018-06-20 14:38:05.021000,1.15747,1.15744,1950000,1000000
2018-06-20 14:38:05.437000,1.15746,1.15742,1200000,2740000
2018-06-20 14:38:05.989000,1.15745,1.15742,1000000,8890000
2018-06-20 14:38:06.599000,1.15746,1.15742,1100000,3070000
2018-06-20 14:38:09.061000,1.15745,1.15742,1000000,1570000
2018-06-20 14:38:09.600000,1.15746,1.15742,2700000,1100000
2018-06-20 14:38:10.296000,1.15745,1.15742,1000000,1570000
2018-06-20 14:38:11.362000,1.15746,1.15742,2700000,1950000
2018-06-20 14:38:11.904000,1.15745,1.15742,1000000,4570000
2018-06-20 14:38:13.818000,1.15744,1.15741,1000000,4390000
2018-06-20 14:38:13.925000,1.15742,1.15741,1000000,1200000
2018-06-20 14:38:14.030000,1.15741,1.15737,1870000,2140000
2018-06-20 14:38:14.230000,1.15741,1.15739,1760000,2440000
2018-06-20 14:38:14.341000,1.15746,1.15742,1310000,11850000
2018-06-20 14:38:17.388000,1.15745,1.15742,1120000,1100000
2018-06-20 14:38:17.440000,1.15743,1.15741,1000000,1950000
2018-06-20 14:38:17.701000,1.15742,1.1574,1000000,1000000
2018-06-20 14:38:18.324000,1.15741,1.15737,1000000,3820000
2018-06-20 14:38:18.630000,1.15743,1.15741,1570000,1500000
2018-06-20 14:38:18.941000,1.15745,1.15741,1870000,3000000
2018-06-20 14:38:21.981000,1.15744,1.15741,1000000,1500000
2018-06-20 14:38:22.114000,1.15741,1.15739,1000000,1200000
2018-06-20 14:38:22.314000,1.15739,1.15736,1120000,7200000
2018-06-20 14:38:23.719000,1.15739,1.15735,1120000,1870000
2018-06-20 14:38:24.262000,1.15738,1.15735,1100000,1000000
2018-06-20 14:38:25.896000,1.15738,1.15734,1100000,2320000
2018-06-20 14:38:26.548000,1.15738,1.15735,1100000,1000000
2018-06-20 14:38:26.868000,1.1574,1.15737,2320000,1500000
2018-06-20 14:38:27.377000,1.15741,1.15737,3640000,1500000
2018-06-20 14:38:27.931000,1.15741,1.15736,2620000,8930000
2018-06-20 14:38:28.593000,1.15741,1.15737,2620000,1000000
2018-06-20 14:38:29.133000,1.1574,1.15736,2700000,1200000
2018-06-20 14:38:29.696000,1.15738,1.15736,1000000,1120000
2018-06-20 14:38:30.245000,1.15739,1.15735,3450000,4570000
2018-06-20 14:38:30.663000,1.15736,1.15733,4870000,3260000
2018-06-20 14:38:30.912000,1.1573,1.15726,1870000,5320000
2018-06-20 14:38:31.460000,1.1573,1.15726,1000000,5510000
2018-06-20 14:38:31.562000,1.15733,1.15729,4950000,1500000
2018-06-20 14:38:31.665000,1.15734,1.1573,5470000,1000000
2018-06-20 14:38:32.291000,1.15733,1.1573,1000000,1000000
2018-06-20 14:38:32.839000,1.15734,1.15729,3070000,1000000
2018-06-20 14:38:33.374000,1.15733,1.1573,1000000,1000000
2018-06-20 14:38:33.944000,1.15734,1.1573,3820000,1000000
2018-06-20 14:38:34.448000,1.15734,1.15729,3260000,1000000
2018-06-20 14:38:34.898000,1.15733,1.15729,3000000,1250000
2018-06-20 14:38:35.213000,1.1573,1.15727,1200000,1500000
2018-06-20 14:38:35.958000,1.15731,1.15726,4950000,8320000
2018-06-20 14:38:37.030000,1.15731,1.15727,1000000,3190000
2018-06-20 14:38:37.237000,1.15735,1.1573,4870000,10200000
2018-06-20 14:38:37.750000,1.15735,1.15731,3750000,1500000
2018-06-20 14:38:38.323000,1.15734,1.15731,1000000,4500000
2018-06-20 14:38:38.428000,1.15736,1.15735,1100000,1500000
2018-06-20 14:38:38.532000,1.15739,1.15736,1870000,1300000
2018-06-20 14:38:39.919000,1.15738,1.15735,1120000,5700000
2018-06-20 14:38:40.076000,1.15737,1.15733,4120000,5620000
2018-06-20 14:38:40.130000,1.15738,1.15735,1950000,2100000
2018-06-20 14:38:40.266000,1.15739,1.15735,1000000,2250000
2018-06-20 14:38:40.477000,1.15737,1.15734,1000000,2290000
2018-06-20 14:38:40.695000,1.15736,1.15732,1950000,4950000
2018-06-20 14:38:40.892000,1.15737,1.15734,1000000,3370000
2018-06-20 14:38:41,1.1574,1.15735,7390000,2250000
2018-06-20 14:38:41.542000,1.15738,1.15736,1000000,4950000
2018-06-20 14:38:42.046000,1.15739,1.15736,2510000,2250000
2018-06-20 14:38:42.663000,1.1574,1.15737,1100000,1000000
2018-06-20 14:38:43.258000,1.1574,1.15736,3640000,4950000
2018-06-20 14:38:43.793000,1.1574,1.15736,2890000,1200000
2018-06-20 14:38:44.315000,1.1574,1.15736,1570000,1390000
2018-06-20 14:38:47.033000,1.1574,1.15736,1570000,1950000
2018-06-20 14:38:47.136000,1.1574,1.15738,4200000,1000000
2018-06-20 14:38:47.191000,1.15743,1.15741,3560000,1000000
2018-06-20 14:38:47.247000,1.15744,1.15742,1500000,1000000
2018-06-20 14:38:47.301000,1.15745,1.15744,2250000,1000000
2018-06-20 14:38:47.837000,1.15746,1.15744,1500000,1000000
2018-06-20 14:38:47.891000,1.15745,1.15741,1000000,12860000
2018-06-20 14:38:49.230000,1.15744,1.15742,1870000,1570000
2018-06-20 14:38:49.753000,1.15745,1.15741,3070000,2250000
2018-06-20 14:38:51.244000,1.15744,1.15742,2060000,1000000
2018-06-20 14:38:51.790000,1.15744,1.15741,1120000,2250000
2018-06-20 14:38:53.436000,1.15745,1.15742,2890000,1000000
2018-06-20 14:38:53.970000,1.15745,1.15741,1100000,4200000
2018-06-20 14:38:54.517000,1.15745,1.15742,1500000,4350000
2018-06-20 14:38:55.027000,1.15746,1.15742,1870000,3600000
2018-06-20 14:38:55.891000,1.15745,1.15742,2140000,1000000
2018-06-20 14:38:56.425000,1.15745,1.15741,1760000,3300000
2018-06-20 14:38:56.939000,1.15745,1.15741,1200000,4050000
2018-06-20 14:38:58.554000,1.15745,1.15741,4120000,3370000
2018-06-20 14:38:58.882000,1.15739,1.15735,2250000,2700000
2018-06-20 14:38:58.935000,1.15738,1.15734,7500000,1390000
2018-06-20 14:38:59.120000,1.15737,1.15733,1120000,6450000
2018-06-20 14:39:00.767000,1.15737,1.15733,1500000,7420000
2018-06-20 14:39:02.520000,1.15734,1.15732,1120000,1570000
2018-06-20 14:39:02.572000,1.15734,1.15731,2320000,1120000
2018-06-20 14:39:02.779000,1.15732,1.1573,1000000,1010000
2018-06-20 14:39:03.370000,1.15732,1.15729,1500000,4760000
2018-06-20 14:39:05.419000,1.15731,1.15729,1000000,1000000
2018-06-20 14:39:05.957000,1.15731,1.15728,2620000,1570000
2018-06-20 14:39:06.503000,1.15731,1.15727,2620000,3970000
2018-06-20 14:39:07.731000,1.15728,1.15726,1000000,3450000
2018-06-20 14:39:07.835000,1.15727,1.15724,2620000,2060000
2018-06-20 14:39:08.520000,1.15727,1.15724,3560000,1870000
2018-06-20 14:39:09.143000,1.15727,1.15724,3000000,1870000
2018-06-20 14:39:09.765000,1.15725,1.15722,1500000,3640000
2018-06-20 14:39:10.300000,1.15726,1.15722,6560000,2810000
2018-06-20 14:39:10.947000,1.15726,1.15722,4120000,2620000
2018-06-20 14:39:11.641000,1.15725,1.15722,1000000,1870000
2018-06-20 14:39:12.195000,1.15725,1.15722,1000000,2250000
2018-06-20 14:39:12.719000,1.15726,1.15722,4870000,2250000
2018-06-20 14:39:13.224000,1.15725,1.15722,1000000,2250000
2018-06-20 14:39:13.751000,1.15726,1.15722,4120000,2250000
2018-06-20 14:39:14.264000,1.15725,1.15722,1000000,6000000
2018-06-20 14:39:14.782000,1.15726,1.15722,5250000,3750000
2018-06-20 14:39:15.321000,1.15725,1.15722,1000000,2440000
2018-06-20 14:39:18.931000,1.15726,1.15722,2250000,5810000
2018-06-20 14:39:19.273000,1.15728,1.15725,4570000,1500000
2018-06-20 14:39:19.537000,1.15726,1.15722,1870000,1500000
2018-06-20 14:39:20.078000,1.15725,1.15722,1500000,1500000
2018-06-20 14:39:21.233000,1.15725,1.15724,1000000,1500000
2018-06-20 14:39:21.284000,1.15727,1.15724,1010000,4120000
2018-06-20 14:39:21.601000,1.15727,1.15723,1200000,12450000
2018-06-20 14:39:22.145000,1.15727,1.15724,1870000,1000000
2018-06-20 14:39:22.861000,1.15727,1.15723,1120000,8320000
2018-06-20 14:39:23.378000,1.15727,1.15724,1870000,1000000
2018-06-20 14:39:23.956000,1.15727,1.15723,1120000,6070000
2018-06-20 14:39:24.692000,1.15727,1.15724,1870000,1000000
2018-06-20 14:39:25.654000,1.15726,1.15724,1000000,1000000
2018-06-20 14:39:27.909000,1.15725,1.15722,1000000,3000000
2018-06-20 14:39:33.891000,1.15726,1.15723,6750000,1000000
2018-06-20 14:39:33.997000,1.15728,1.15724,9450000,1500000
2018-06-20 14:39:34.510000,1.15728,1.15725,2140000,1500000
2018-06-20 14:39:36.173000,1.15729,1.15726,2510000,1500000
2018-06-20 14:39:36.834000,1.15728,1.15725,1000000,3560000
2018-06-20 14:39:37.405000,1.15727,1.15724,4570000,1120000
2018-06-20 14:39:37.928000,1.15728,1.15725,4010000,1690000
2018-06-20 14:39:40.051000,1.15729,1.15725,10990000,2810000
2018-06-20 14:39:40.565000,1.15728,1.15726,1500000,1250000
2018-06-20 14:39:40.774000,1.15728,1.15724,1870000,6370000
2018-06-20 14:39:41.379000,1.15726,1.15723,3000000,5550000
2018-06-20 14:39:42.115000,1.15726,1.15724,1100000,1000000
2018-06-20 14:39:42.219000,1.15728,1.15724,1010000,6560000
2018-06-20 14:39:42.323000,1.15729,1.15726,1570000,1870000
2018-06-20 14:39:42.837000,1.15732,1.1573,7010000,1120000
2018-06-20 14:39:42.950000,1.15734,1.1573,5700000,3940000
2018-06-20 14:39:43.101000,1.15735,1.15731,5510000,1500000
2018-06-20 14:39:43.260000,1.15734,1.15731,2810000,1500000
2018-06-20 14:39:43.672000,1.15734,1.15729,3260000,6070000
2018-06-20 14:39:44.191000,1.15734,1.15729,2060000,5700000
2018-06-20 14:39:44.844000,1.15733,1.15729,1000000,7570000
2018-06-20 14:39:45.732000,1.15734,1.1573,6260000,1000000
2018-06-20 14:39:46.427000,1.15732,1.15729,1870000,1250000
2018-06-20 14:39:46.588000,1.15731,1.15727,2060000,5810000
2018-06-20 14:39:46.853000,1.15735,1.15731,2320000,1690000
2018-06-20 14:39:47.387000,1.15735,1.15732,1100000,1500000
2018-06-20 14:39:48.031000,1.15732,1.1573,1870000,1950000
2018-06-20 14:39:48.137000,1.1573,1.15727,1250000,1120000
2018-06-20 14:39:48.662000,1.15729,1.15726,1500000,1000000
2018-06-20 14:39:49.222000,1.15727,1.15725,1000000,3190000
2018-06-20 14:39:49.775000,1.15727,1.15724,2060000,1690000
2018-06-20 14:39:50.300000,1.15727,1.15724,2810000,1000000
2018-06-20 14:39:52.596000,1.15727,1.15724,2810000,2440000
2018-06-20 14:39:53.120000,1.15727,1.15724,3640000,1000000
2018-06-20 14:39:53.475000,1.15725,1.15723,1000000,1540000
2018-06-20 14:39:53.987000,1.15726,1.15723,1310000,1720000
2018-06-20 14:39:54.512000,1.15725,1.15723,1000000,3000000
2018-06-20 14:39:55.092000,1.15726,1.15723,1120000,1100000
2018-06-20 14:39:55.607000,1.15725,1.15723,1000000,1570000
2018-06-20 14:39:56.118000,1.15726,1.15723,1120000,1100000
2018-06-20 14:39:56.677000,1.15729,1.15726,2700000,1690000
2018-06-20 14:39:56.990000,1.15732,1.15728,9260000,1500000
2018-06-20 14:39:57.536000,1.15732,1.15728,5510000,1500000
2018-06-20 14:39:58.065000,1.15732,1.15729,2140000,1000000
2018-06-20 14:39:58.654000,1.15732,1.15729,3640000,1000000
2018-06-20 14:39:59.198000,1.15731,1.15729,1000000,1000000
2018-06-20 14:39:59.798000,1.15731,1.15728,2250000,1690000
2018-06-20 14:39:59.958000,1.1573,1.15726,1100000,4800000
2018-06-20 14:40:00.495000,1.1573,1.15727,6750000,1000000
2018-06-20 14:40:00.652000,1.15729,1.15725,1070000,3190000
2018-06-20 14:40:01.590000,1.15727,1.15724,2250000,3070000
2018-06-20 14:40:02.143000,1.15727,1.15724,1950000,1000000
2018-06-20 14:40:03.382000,1.15727,1.15724,4500000,1500000
2018-06-20 14:40:03.487000,1.15725,1.15722,1000000,1120000
2018-06-20 14:40:04.021000,1.15726,1.15722,4950000,1000000
2018-06-20 14:40:04.649000,1.15725,1.15722,1000000,1000000
2018-06-20 14:40:06.633000,1.15726,1.15722,6000000,2250000
2018-06-20 14:40:07.710000,1.15725,1.15722,1000000,1500000
2018-06-20 14:40:08.364000,1.15726,1.15722,4200000,1000000
2018-06-20 14:40:08.890000,1.15726,1.15723,4120000,1000000
2018-06-20 14:40:10.193000,1.15722,1.1572,2500000,5330000
2018-06-20 14:40:10.245000,1.15721,1.15718,3000000,1250000
2018-06-20 14:40:10.801000,1.15721,1.15717,4800000,1500000
2018-06-20 14:40:11.041000,1.15717,1.15714,1500000,3820000
2018-06-20 14:40:11.411000,1.15716,1.15713,1120000,1870000
2018-06-20 14:40:12.804000,1.15716,1.15714,1000000,1500000
2018-06-20 14:40:13.305000,1.15716,1.15713,1100000,4870000
2018-06-20 14:40:13.357000,1.15717,1.15715,2700000,1500000
2018-06-20 14:40:13.710000,1.15717,1.15713,3000000,5810000
2018-06-20 14:40:13.763000,1.15715,1.15712,1000000,6940000
2018-06-20 14:40:14.377000,1.15716,1.15712,1500000,6000000
2018-06-20 14:40:14.864000,1.15718,1.15715,2700000,1500000
2018-06-20 14:40:15.025000,1.15718,1.15715,1500000,1500000
