time,ask,bid,ask_volume,bid_volume
2019-04-05 12:25:00.006000,1.12317,1.12313,3750000,5510000
2019-04-05 12:25:00.229000,1.12317,1.12313,1000000,9010000
2019-04-05 12:25:00.331000,1.12318,1.12313,6220000,5700000
2019-04-05 12:25:00.433000,1.12317,1.12314,1500000,2060000
2019-04-05 12:25:00.715000,1.12317,1.12313,1500000,1250000
2019-04-05 12:25:00.868000,1.12318,1.12314,3560000,1500000
2019-04-05 12:25:01.089000,1.12319,1.12314,6640000,2060000
2019-04-05 12:25:01.191000,1.12318,1.12314,1000000,3640000
2019-04-05 12:25:01.293000,1.12318,1.12315,1000000,1000000
2019-04-05 12:25:01.396000,1.12317,1.12315,1000000,1000000
2019-04-05 12:25:01.498000,1.12318,1.12313,3970000,5700000
2019-04-05 12:25:01.600000,1.12317,1.12314,2250000,1310000
2019-04-05 12:25:01.806000,1.12318,1.12313,3970000,5700000
2019-04-05 12:25:01.909000,1.12317,1.12313,1000000,7950000
2019-04-05 12:25:02.065000,1.12317,1.12313,1500000,5890000
2019-04-05 12:25:03.085000,1.12317,1.12314,1500000,1000000
2019-04-05 12:25:03.237000,1.12318,1.12313,9260000,2440000
2019-04-05 12:25:03.397000,1.12317,1.12313,1000000,3190000
2019-04-05 12:25:03.700000,1.12318,1.12313,7760000,2440000
2019-04-05 12:25:03.751000,1.12317,1.12313,3690000,1120000
2019-04-05 12:25:04.293000,1.12315,1.12313,1000000,1950000
2019-04-05 12:25:04.419000,1.12315,1.12314,1000000,1000000
2019-04-05 12:25:04.974000,1.12316,1.12314,4870000,1000000
2019-04-05 12:25:05.096000,1.12312,1.12311,1000000,2700000
2019-04-05 12:25:05.147000,1.12311,1.12308,1000000,3690000
2019-04-05 12:25:05.250000,1.12312,1.12308,3560000,2320000
2019-04-05 12:25:05.614000,1.12311,1.12308,1000000,7200000
2019-04-05 12:25:05.748000,1.12312,1.12308,3260000,5700000
2019-04-05 12:25:05.861000,1.12311,1.12309,1000000,2060000
2019-04-05 12:25:06.133000,1.12312,1.12309,3990000,1310000
2019-04-05 12:25:07.374000,1.12312,1.12308,1310000,1200000
2019-04-05 12:25:07.527000,1.12313,1.12308,10680000,1900000
2019-04-05 12:25:07.629000,1.12313,1.12309,2700000,1010000
2019-04-05 12:25:07.733000,1.12313,1.1231,1660000,1000000
2019-04-05 12:25:08.499000,1.12314,1.12312,6160000,1000000
2019-04-05 12:25:08.602000,1.12315,1.12314,3070000,1000000
2019-04-05 12:25:08.706000,1.12317,1.12315,1000000,1200000
2019-04-05 12:25:08.809000,1.12318,1.12314,6070000,2890000
2019-04-05 12:25:08.959000,1.12317,1.12313,1000000,6550000
2019-04-05 12:25:09.061000,1.12316,1.12314,1000000,1690000
2019-04-05 12:25:09.166000,1.12317,1.12314,1500000,1000000
2019-04-05 12:25:09.268000,1.12317,1.12313,1500000,2140000
2019-04-05 12:25:09.370000,1.12317,1.12314,2620000,2250000
2019-04-05 12:25:09.472000,1.12317,1.12313,1500000,4760000
2019-04-05 12:25:09.904000,1.12317,1.12314,1500000,1000000
2019-04-05 12:25:10.754000,1.12317,1.12313,1500000,2890000
2019-04-05 12:25:11.119000,1.12317,1.12314,3000000,1000000
2019-04-05 12:25:11.222000,1.12318,1.12314,6560000,1120000
2019-04-05 12:25:11.375000,1.12318,1.12313,5290000,7240000
2019-04-05 12:25:11.477000,1.12318,1.12314,11290000,1500000
2019-04-05 12:25:11.579000,1.12317,1.12313,1870000,5740000
2019-04-05 12:25:11.681000,1.12317,1.12314,5250000,1000000
2019-04-05 12:25:11.977000,1.12317,1.12313,1500000,3260000
2019-04-05 12:25:12.149000,1.12317,1.12312,8920000,2640000
2019-04-05 12:25:12.252000,1.12315,1.12312,3000000,1690000
2019-04-05 12:25:12.355000,1.12313,1.1231,1000000,1500000
2019-04-05 12:25:12.457000,1.12314,1.12309,6450000,10220000
2019-04-05 12:25:12.612000,1.12314,1.12311,2440000,1000000
2019-04-05 12:25:12.714000,1.12313,1.1231,1000000,1220000
2019-04-05 12:25:12.816000,1.12314,1.12309,3640000,3790000
2019-04-05 12:25:12.919000,1.12313,1.12309,2060000,4950000
2019-04-05 12:25:13.033000,1.12315,1.12313,1220000,1000000
2019-04-05 12:25:13.084000,1.12316,1.12313,1000000,1000000
2019-04-05 12:25:13.239000,1.12316,1.12314,2250000,1000000
2019-04-05 12:25:13.343000,1.12316,1.12311,2440000,3260000
2019-04-05 12:25:13.606000,1.12315,1.12311,2810000,3640000
2019-04-05 12:25:13.759000,1.12314,1.12311,2500000,1100000
2019-04-05 12:25:13.862000,1.12314,1.12311,4950000,3500000
2019-04-05 12:25:13.965000,1.12314,1.1231,1690000,5470000
2019-04-05 12:25:14.119000,1.12313,1.12311,1000000,1500000
2019-04-05 12:25:14.273000,1.12313,1.1231,1000000,1200000
2019-04-05 12:25:14.441000,1.12313,1.12311,1000000,3000000
2019-04-05 12:25:14.492000,1.12315,1.12311,5440000,3000000
2019-04-05 12:25:14.646000,1.12315,1.12313,1500000,2250000
2019-04-05 12:25:14.771000,1.12316,1.12313,1120000,3250000
2019-04-05 12:25:14.874000,1.12317,1.12315,3640000,1120000
2019-04-05 12:25:14.977000,1.12317,1.12314,2060000,3560000
2019-04-05 12:25:15.462000,1.12316,1.12314,1500000,1120000
2019-04-05 12:25:15.668000,1.12315,1.12312,1500000,2620000
2019-04-05 12:25:15.803000,1.12315,1.12313,1000000,1120000
2019-04-05 12:25:15.906000,1.12314,1.12313,1000000,1120000
2019-04-05 12:25:16.110000,1.12314,1.12312,1000000,1000000
2019-04-05 12:25:16.531000,1.12315,1.12312,2250000,1250000
2019-04-05 12:25:16.786000,1.12314,1.12311,1000000,10010000
2019-04-05 12:25:17.040000,1.12314,1.12312,1500000,3370000
2019-04-05 12:25:17.145000,1.12314,1.12311,1500000,10310000
2019-04-05 12:25:17.558000,1.12315,1.12311,1500000,5140000
2019-04-05 12:25:18.107000,1.12315,1.12312,8440000,3370000
2019-04-05 12:25:18.512000,1.12314,1.12312,1000000,3370000
2019-04-05 12:25:18.643000,1.12315,1.12312,3190000,3370000
2019-04-05 12:25:19.087000,1.12315,1.12311,3940000,6750000
2019-04-05 12:25:19.189000,1.12314,1.12311,1000000,6000000
2019-04-05 12:25:19.292000,1.12315,1.12311,2440000,3000000
2019-04-05 12:25:19.780000,1.12314,1.12311,1000000,2250000
2019-04-05 12:25:20.259000,1.12313,1.12309,3190000,2720000
2019-04-05 12:25:20.361000,1.12313,1.12308,6190000,3260000
2019-04-05 12:25:20.565000,1.12312,1.12309,1000000,1000000
2019-04-05 12:25:21.066000,1.12313,1.12308,8510000,2440000
2019-04-05 12:25:21.168000,1.12312,1.12308,1000000,1250000
2019-04-05 12:25:21.521000,1.12312,1.12309,1000000,1000000
2019-04-05 12:25:21.674000,1.12312,1.12308,1000000,7010000
2019-04-05 12:25:21.830000,1.12312,1.12309,1000000,1000000
2019-04-05 12:25:21.932000,1.12312,1.1231,1000000,1000000
2019-04-05 12:25:21.984000,1.12312,1.12308,1000000,11510000
2019-04-05 12:25:22.406000,1.12312,1.12309,1000000,1000000
2019-04-05 12:25:22.528000,1.12312,1.12308,1000000,5440000
2019-04-05 12:25:23.243000,1.12312,1.12309,1500000,2250000
2019-04-05 12:25:23.346000,1.12313,1.12309,2060000,1000000
2019-04-05 12:25:23.499000,1.12313,1.1231,2060000,1870000
2019-04-05 12:25:23.703000,1.12313,1.12309,1310000,6000000
2019-04-05 12:25:23.855000,1.12313,1.1231,1310000,1500000
2019-04-05 12:25:23.906000,1.12313,1.12308,2810000,7610000
2019-04-05 12:25:24.110000,1.12313,1.12309,3560000,3750000
2019-04-05 12:25:24.212000,1.12312,1.12309,1000000,3000000
2019-04-05 12:25:24.315000,1.12313,1.12308,2810000,11740000
2019-04-05 12:25:24.545000,1.12313,1.12309,2810000,1000000
2019-04-05 12:25:25.192000,1.12313,1.12308,1310000,9110000
2019-04-05 12:25:25.297000,1.12313,1.1231,4310000,2250000
2019-04-05 12:25:26.125000,1.12312,1.12309,1000000,1000000
2019-04-05 12:25:26.227000,1.12313,1.12308,2440000,4010000
2019-04-05 12:25:26.343000,1.12313,1.12309,4690000,1000000
2019-04-05 12:25:26.446000,1.12312,1.12308,2250000,2440000
2019-04-05 12:25:26.549000,1.12312,1.12309,3000000,1000000
2019-04-05 12:25:26.682000,1.12312,1.12308,2250000,3190000
2019-04-05 12:25:26.900000,1.12313,1.12309,5250000,2440000
2019-04-05 12:25:27.687000,1.12312,1.12309,1000000,1690000
2019-04-05 12:25:27.840000,1.12313,1.12309,1500000,1250000
2019-04-05 12:25:28.045000,1.12312,1.12309,1000000,1690000
2019-04-05 12:25:28.156000,1.12313,1.12309,3000000,1250000
2019-04-05 12:25:28.301000,1.12312,1.12309,1000000,3940000
2019-04-05 12:25:28.407000,1.12313,1.12309,3000000,3190000
2019-04-05 12:25:29.030000,1.12312,1.12309,1000000,2440000
2019-04-05 12:25:29.133000,1.12313,1.12309,3000000,1250000
2019-04-05 12:25:29.802000,1.12314,1.12313,4120000,1310000
2019-04-05 12:25:29.854000,1.12315,1.12314,1000000,1310000
2019-04-05 12:25:29.958000,1.12319,1.12313,6190000,7470000
2019-04-05 12:25:30.086000,1.12317,1.12313,1000000,4760000
2019-04-05 12:25:30.240000,1.12318,1.12313,1690000,2510000
2019-04-05 12:25:30.444000,1.12317,1.12313,1500000,7010000
2019-04-05 12:25:30.597000,1.12317,1.12313,2250000,2160000
2019-04-05 12:25:30.758000,1.12316,1.12313,1120000,1500000
2019-04-05 12:25:30.861000,1.12315,1.12313,1000000,1500000
2019-04-05 12:25:31.013000,1.12316,1.12312,1500000,4910000
2019-04-05 12:25:31.217000,1.12316,1.12313,1500000,1120000
2019-04-05 12:25:32.032000,1.12314,1.12312,1000000,1650000
2019-04-05 12:25:32.179000,1.12314,1.12311,2620000,1120000
2019-04-05 12:25:32.282000,1.12313,1.12311,1000000,1120000
2019-04-05 12:25:32.386000,1.12313,1.12309,1000000,4790000
2019-04-05 12:25:32.553000,1.12313,1.12309,1100000,4010000
2019-04-05 12:25:32.828000,1.12314,1.1231,5810000,1120000
2019-04-05 12:25:32.930000,1.12313,1.12309,3000000,3940000
2019-04-05 12:25:33.032000,1.12312,1.12309,1000000,5440000
2019-04-05 12:25:33.141000,1.12313,1.12309,3000000,3190000
2019-04-05 12:25:33.456000,1.12313,1.12309,3190000,3250000
2019-04-05 12:25:33.559000,1.12312,1.1231,1000000,1310000
2019-04-05 12:25:33.764000,1.12313,1.12309,2440000,2870000
2019-04-05 12:25:34.142000,1.12312,1.12309,1000000,4000000
2019-04-05 12:25:34.294000,1.12313,1.12309,3190000,3250000
2019-04-05 12:25:34.809000,1.12312,1.12309,1000000,4000000
2019-04-05 12:25:34.911000,1.12313,1.12309,2810000,3250000
2019-04-05 12:25:35.131000,1.12312,1.1231,1000000,1250000
2019-04-05 12:25:35.234000,1.12313,1.1231,3190000,1250000
2019-04-05 12:25:35.351000,1.12312,1.12309,1000000,4000000
2019-04-05 12:25:35.453000,1.12313,1.12309,1250000,2500000
2019-04-05 12:25:38.148000,1.12313,1.12309,1690000,1250000
2019-04-05 12:25:38.526000,1.12312,1.12309,1000000,1250000
2019-04-05 12:25:38.629000,1.12313,1.12309,5440000,1250000
2019-04-05 12:25:38.732000,1.12312,1.12309,1000000,1250000
2019-04-05 12:25:39.983000,1.12313,1.12309,6190000,1000000
2019-04-05 12:25:40.141000,1.12313,1.1231,3260000,1000000
2019-04-05 12:25:40.294000,1.12312,1.1231,1000000,1000000
2019-04-05 12:25:40.446000,1.12313,1.1231,4010000,1000000
2019-04-05 12:25:41.029000,1.12312,1.1231,1500000,1000000
2019-04-05 12:25:41.188000,1.12313,1.1231,4760000,1000000
2019-04-05 12:25:41.909000,1.12312,1.1231,1000000,1000000
2019-04-05 12:25:42.011000,1.12313,1.1231,3940000,1000000
2019-04-05 12:25:42.614000,1.12312,1.1231,1000000,1000000
2019-04-05 12:25:42.952000,1.12313,1.12311,3570000,1000000
2019-04-05 12:25:43.055000,1.12314,1.12312,8510000,1000000
2019-04-05 12:25:43.208000,1.12313,1.1231,1500000,1870000
2019-04-05 12:25:43.627000,1.12313,1.12311,1500000,1000000
2019-04-05 12:25:43.933000,1.12313,1.12309,2250000,3370000
2019-04-05 12:25:44.137000,1.12313,1.1231,1500000,1000000
2019-04-05 12:25:44.314000,1.12316,1.12314,9220000,1000000
2019-04-05 12:25:44.367000,1.12316,1.12314,3820000,1000000
2019-04-05 12:25:44.471000,1.12317,1.12314,2810000,1120000
2019-04-05 12:25:44.573000,1.12318,1.12315,8700000,1000000
2019-04-05 12:25:44.751000,1.12317,1.12313,1690000,5000000
2019-04-05 12:25:45.477000,1.12317,1.12314,1310000,4250000
2019-04-05 12:25:45.732000,1.12317,1.12314,1310000,2620000
2019-04-05 12:25:46.194000,1.12318,1.12314,2060000,7250000
2019-04-05 12:25:46.297000,1.12317,1.12315,1120000,1120000
2019-04-05 12:25:46.400000,1.12318,1.12314,2060000,10250000
2019-04-05 12:25:46.452000,1.12318,1.12316,1870000,2750000
2019-04-05 12:25:46.594000,1.12319,1.12318,1000000,1500000
2019-04-05 12:25:46.646000,1.1232,1.12316,1120000,4440000
2019-04-05 12:25:46.698000,1.12319,1.12318,1120000,1000000
2019-04-05 12:25:46.800000,1.1232,1.12318,6370000,1000000
2019-04-05 12:25:46.903000,1.12319,1.12316,1870000,7250000
2019-04-05 12:25:47.005000,1.12318,1.12316,1000000,3560000
2019-04-05 12:25:47.235000,1.12319,1.12315,2540000,2060000
2019-04-05 12:25:52.177000,1.12317,1.12314,1120000,1750000
2019-04-05 12:25:53.496000,1.12318,1.12314,1390000,2950000
2019-04-05 12:25:57.977000,1.12318,1.12314,3370000,1690000
2019-04-05 12:25:58.896000,1.12314,1.12312,1820000,3750000
2019-04-05 12:25:58.999000,1.12312,1.1231,1000000,1870000
2019-04-05 12:25:59.101000,1.12311,1.12308,1120000,1000000
2019-04-05 12:25:59.989000,1.1231,1.12309,1000000,1000000
2019-04-05 12:26:00.324000,1.12311,1.12309,4870000,1000000
2019-04-05 12:26:00.438000,1.12311,1.12308,4120000,6820000
2019-04-05 12:26:00.655000,1.1231,1.12308,1000000,6070000
2019-04-05 12:26:00.758000,1.12311,1.12308,1870000,3820000
2019-04-05 12:26:00.966000,1.1231,1.12308,1000000,2320000
2019-04-05 12:26:01.769000,1.12311,1.12308,1870000,1000000
2019-04-05 12:26:01.996000,1.1231,1.12309,1000000,1000000
2019-04-05 12:26:02.099000,1.12311,1.12309,2620000,1000000
2019-04-05 12:26:02.241000,1.1231,1.12309,1000000,1000000
2019-04-05 12:26:02.617000,1.12311,1.12309,1310000,1000000
2019-04-05 12:26:02.771000,1.12311,1.12308,2810000,1500000
2019-04-05 12:26:04.197000,1.12311,1.12307,1310000,12450000
2019-04-05 12:26:04.403000,1.12312,1.12311,3000000,1500000
2019-04-05 12:26:04.505000,1.12314,1.12311,1250000,5320000
2019-04-05 12:26:04.608000,1.12315,1.12311,2700000,5060000
2019-04-05 12:26:04.710000,1.12314,1.12312,1000000,1000000
2019-04-05 12:26:04.825000,1.12315,1.12311,1870000,8060000
2019-04-05 12:26:05.839000,1.12315,1.12311,4670000,7500000
2019-04-05 12:26:05.891000,1.12312,1.12311,1000000,1000000
2019-04-05 12:26:05.995000,1.12312,1.12309,3250000,1000000
2019-04-05 12:26:06.099000,1.1231,1.12308,1000000,1000000
2019-04-05 12:26:06.202000,1.12311,1.12307,7500000,1500000
2019-04-05 12:26:06.304000,1.1231,1.12307,1000000,1500000
2019-04-05 12:26:06.955000,1.1231,1.12308,1000000,1500000
2019-04-05 12:26:07.057000,1.12311,1.12308,1000000,2250000
2019-04-05 12:26:07.159000,1.12312,1.12308,2250000,3000000
2019-04-05 12:26:08.406000,1.12311,1.12308,1690000,1500000
2019-04-05 12:26:08.753000,1.12311,1.12307,1250000,5770000
2019-04-05 12:26:09.257000,1.12311,1.12308,2810000,1000000
2019-04-05 12:26:10.059000,1.1231,1.12308,1120000,1000000
2019-04-05 12:26:10.162000,1.12308,1.12306,3560000,1000000
2019-04-05 12:26:10.213000,1.12308,1.12304,3560000,4470000
2019-04-05 12:26:10.806000,1.12308,1.12303,3940000,5440000
2019-04-05 12:26:11.254000,1.12307,1.12304,2250000,1000000
2019-04-05 12:26:12.002000,1.12307,1.12303,9070000,1870000
2019-04-05 12:26:12.054000,1.12304,1.12302,1000000,3220000
2019-04-05 12:26:12.157000,1.12303,1.12302,1000000,1500000
2019-04-05 12:26:12.259000,1.12304,1.12301,1870000,1000000
2019-04-05 12:26:12.361000,1.12304,1.12302,1120000,1000000
2019-04-05 12:26:12.412000,1.12304,1.123,2620000,3560000
2019-04-05 12:26:12.924000,1.12304,1.123,3060000,2250000
2019-04-05 12:26:13.181000,1.12304,1.12301,3560000,1120000
2019-04-05 12:26:13.296000,1.12304,1.12302,1000000,1500000
2019-04-05 12:26:13.399000,1.12305,1.12302,1870000,2500000
2019-04-05 12:26:13.554000,1.12305,1.12302,2620000,1120000
2019-04-05 12:26:13.825000,1.12304,1.12302,1500000,1120000
2019-04-05 12:26:14.169000,1.12303,1.12302,1000000,1120000
2019-04-05 12:26:14.271000,1.12304,1.12302,2250000,1120000
2019-04-05 12:26:15.373000,1.12305,1.12302,2060000,1120000
2019-04-05 12:26:16.337000,1.12304,1.12302,1000000,1120000
2019-04-05 12:26:16.438000,1.12305,1.12302,1690000,1120000
2019-04-05 12:26:16.540000,1.12304,1.12302,1000000,1120000
2019-04-05 12:26:16.735000,1.12303,1.12301,1000000,1000000
2019-04-05 12:26:16.838000,1.12303,1.123,4500000,1000000
2019-04-05 12:26:17.360000,1.12302,1.123,1000000,1000000
2019-04-05 12:26:18.277000,1.12303,1.123,3000000,1000000
2019-04-05 12:26:18.329000,1.12302,1.12298,2250000,4310000
2019-04-05 12:26:18.432000,1.12301,1.12298,1000000,4690000
2019-04-05 12:26:18.688000,1.12302,1.12298,2250000,4760000
2019-04-05 12:26:18.791000,1.12301,1.12298,1000000,4760000
2019-04-05 12:26:19.059000,1.12302,1.123,4500000,1120000
2019-04-05 12:26:19.255000,1.12301,1.12298,1000000,2890000
2019-04-05 12:26:20.588000,1.12302,1.12298,3370000,2140000
2019-04-05 12:26:20.697000,1.12301,1.12298,1000000,2890000
2019-04-05 12:26:20.799000,1.12302,1.12298,2250000,4390000
2019-04-05 12:26:21.243000,1.12301,1.12297,3620000,6970000
2019-04-05 12:26:21.346000,1.12298,1.12295,2250000,2060000
2019-04-05 12:26:21.448000,1.12297,1.12295,1690000,1000000
2019-04-05 12:26:21.613000,1.12297,1.12295,2250000,1000000
2019-04-05 12:26:21.715000,1.12298,1.12295,3370000,1000000
2019-04-05 12:26:21.817000,1.12297,1.12295,1000000,1000000
2019-04-05 12:26:21.950000,1.12298,1.12295,3450000,1000000
2019-04-05 12:26:22.496000,1.12297,1.12295,1000000,1000000
2019-04-05 12:26:22.634000,1.12298,1.12295,3820000,1000000
2019-04-05 12:26:23.497000,1.12297,1.12295,4500000,1000000
2019-04-05 12:26:24.157000,1.12297,1.12295,3000000,1000000
2019-04-05 12:26:26.013000,1.12297,1.12293,2440000,2440000
2019-04-05 12:26:26.793000,1.12297,1.12293,2440000,4870000
2019-04-05 12:26:27.366000,1.12297,1.12293,3190000,3190000
2019-04-05 12:26:29.299000,1.12297,1.12296,2440000,1000000
2019-04-05 12:26:29.402000,1.12298,1.12297,1000000,1000000
2019-04-05 12:26:29.453000,1.123,1.12298,1100000,11440000
2019-04-05 12:26:29.505000,1.12302,1.123,4950000,6690000
2019-04-05 12:26:29.629000,1.12303,1.12301,1870000,3000000
2019-04-05 12:26:29.682000,1.12304,1.12302,1500000,1500000
2019-04-05 12:26:29.886000,1.12303,1.12302,1690000,1870000
2019-04-05 12:26:29.988000,1.12302,1.123,1000000,1500000
2019-04-05 12:26:30.224000,1.12301,1.123,1500000,3000000
2019-04-05 12:26:30.907000,1.12301,1.123,2250000,1000000
2019-04-05 12:26:31.112000,1.12301,1.123,1000000,1000000
2019-04-05 12:26:31.733000,1.123,1.12299,1000000,1000000
2019-04-05 12:26:31.784000,1.123,1.12298,1000000,1000000
2019-04-05 12:26:33.783000,1.12299,1.12298,1000000,2250000
2019-04-05 12:26:34.100000,1.123,1.12298,2250000,1000000
2019-04-05 12:26:34.202000,1.12299,1.12298,1500000,1000000
2019-04-05 12:26:34.638000,1.12299,1.12297,2250000,1500000
2019-04-05 12:26:36.297000,1.123,1.12297,2250000,1000000
2019-04-05 12:26:36.992000,1.123,1.12298,4500000,1120000
2019-04-05 12:26:37.095000,1.12299,1.12298,2250000,1120000
2019-04-05 12:26:37.249000,1.12299,1.12297,2250000,1500000
2019-04-05 12:26:37.523000,1.123,1.12297,7690000,1500000
2019-04-05 12:26:38.034000,1.12299,1.12297,1000000,1000000
2019-04-05 12:26:38.350000,1.12299,1.12297,1000000,3560000
2019-04-05 12:26:38.457000,1.12299,1.12297,1000000,3560000
2019-04-05 12:26:40.108000,1.12299,1.12298,1500000,1120000
2019-04-05 12:26:40.650000,1.12299,1.12297,1000000,1000000
2019-04-05 12:26:41.451000,1.12298,1.12297,1000000,1120000
2019-04-05 12:26:41.502000,1.12298,1.12295,1000000,1500000
2019-04-05 12:26:41.553000,1.12298,1.12297,1000000,1120000
2019-04-05 12:26:41.605000,1.12298,1.12295,1500000,1300000
2019-04-05 12:26:41.775000,1.12297,1.12294,1000000,2940000
2019-04-05 12:26:41.981000,1.12298,1.12294,1500000,2190000
2019-04-05 12:26:42.107000,1.12298,1.12294,2250000,3180000
2019-04-05 12:26:42.209000,1.12297,1.12294,1000000,2430000
2019-04-05 12:26:42.312000,1.12298,1.12294,2250000,2430000
2019-04-05 12:26:42.415000,1.12297,1.12294,1000000,3930000
2019-04-05 12:26:42.519000,1.12298,1.12294,1120000,1500000
2019-04-05 12:26:45.020000,1.12299,1.12294,8320000,1500000
2019-04-05 12:26:45.618000,1.12298,1.12295,1000000,6940000
2019-04-05 12:26:45.670000,1.123,1.12295,2890000,4810000
2019-04-05 12:26:45.874000,1.123,1.12296,3250000,3940000
2019-04-05 12:26:45.982000,1.12299,1.12296,1690000,3190000
2019-04-05 12:26:46.084000,1.123,1.12295,2440000,3940000
2019-04-05 12:26:46.395000,1.123,1.12295,3260000,5690000
2019-04-05 12:26:46.500000,1.12299,1.12295,1500000,3560000
2019-04-05 12:26:46.790000,1.12299,1.12295,1000000,3310000
2019-04-05 12:26:47.105000,1.123,1.12296,4760000,1500000
2019-04-05 12:26:47.535000,1.12299,1.12297,1000000,1000000
2019-04-05 12:26:48.312000,1.123,1.12296,5510000,1500000
2019-04-05 12:26:48.414000,1.12299,1.12296,1000000,1500000
2019-04-05 12:26:48.543000,1.123,1.12296,5440000,1500000
2019-04-05 12:26:48.999000,1.12301,1.12296,3260000,2250000
2019-04-05 12:26:49.102000,1.123,1.12297,1000000,1120000
2019-04-05 12:26:49.204000,1.12301,1.12297,5140000,1120000
2019-04-05 12:26:49.618000,1.12301,1.12298,1000000,2250000
2019-04-05 12:26:49.730000,1.12302,1.12298,1000000,5620000
2019-04-05 12:26:49.832000,1.12303,1.12298,1760000,3370000
2019-04-05 12:26:50.087000,1.12303,1.12298,1760000,4370000
2019-04-05 12:26:50.463000,1.12304,1.123,2140000,3370000
2019-04-05 12:26:51.170000,1.12304,1.12301,1100000,1500000
2019-04-05 12:26:51.273000,1.12305,1.123,6290000,3190000
2019-04-05 12:26:51.754000,1.12304,1.12302,1000000,1000000
2019-04-05 12:26:51.908000,1.12305,1.12299,5320000,6560000
2019-04-05 12:26:52.068000,1.12305,1.12299,7320000,3940000
2019-04-05 12:26:52.171000,1.12303,1.12299,10350000,1300000
2019-04-05 12:26:52.274000,1.12302,1.12298,3690000,1000000
2019-04-05 12:26:52.600000,1.12302,1.12297,7570000,5020000
2019-04-05 12:26:52.994000,1.12301,1.12298,1310000,1000000
2019-04-05 12:26:53.188000,1.12301,1.12297,1310000,3520000
2019-04-05 12:26:55.347000,1.123,1.12297,1000000,3150000
2019-04-05 12:26:56.349000,1.12299,1.12296,1000000,3500000
2019-04-05 12:26:56.689000,1.123,1.12296,3940000,3500000
2019-04-05 12:26:57.099000,1.12299,1.12296,1500000,1000000
2019-04-05 12:26:57.150000,1.12299,1.12295,3750000,1120000
2019-04-05 12:26:57.294000,1.12299,1.12294,3500000,3560000
2019-04-05 12:26:57.715000,1.12297,1.12294,1000000,1250000
2019-04-05 12:26:59.401000,1.12298,1.12294,1000000,1250000
2019-04-05 12:26:59.968000,1.12297,1.12294,1000000,2440000
2019-04-05 12:27:00.071000,1.12297,1.12293,1000000,4840000
2019-04-05 12:27:00.195000,1.12298,1.12293,3820000,1310000
2019-04-05 12:27:00.603000,1.12297,1.12293,3500000,1120000
2019-04-05 12:27:00.745000,1.12295,1.12291,1120000,2190000
2019-04-05 12:27:01.384000,1.12296,1.12291,6370000,1310000
2019-04-05 12:27:02.152000,1.12296,1.12293,1120000,1310000
2019-04-05 12:27:02.255000,1.12297,1.12293,3750000,1310000
2019-04-05 12:27:02.534000,1.12297,1.12293,3750000,4370000
2019-04-05 12:27:03.792000,1.12298,1.12294,2140000,1250000
2019-04-05 12:27:03.894000,1.12298,1.12294,5810000,2940000
2019-04-05 12:27:04.088000,1.12298,1.12294,5810000,1690000
2019-04-05 12:27:04.827000,1.12298,1.12294,1970000,1000000
2019-04-05 12:27:04.929000,1.12298,1.12293,1970000,1250000
2019-04-05 12:27:05.450000,1.12298,1.12293,3750000,3190000
2019-04-05 12:27:05.553000,1.12301,1.12299,8700000,1370000
2019-04-05 12:27:05.605000,1.123,1.12297,1000000,5060000
2019-04-05 12:27:05.797000,1.12301,1.12297,1690000,1310000
2019-04-05 12:27:06.296000,1.123,1.12297,1000000,1310000
2019-04-05 12:27:06.398000,1.12301,1.12297,2810000,1310000
2019-04-05 12:27:07.409000,1.123,1.12297,1000000,1120000
2019-04-05 12:27:07.765000,1.12302,1.12298,3760000,1000000
2019-04-05 12:27:07.867000,1.12302,1.12298,1250000,1100000
2019-04-05 12:27:08.023000,1.12303,1.12298,7010000,1100000
2019-04-05 12:27:08.774000,1.123,1.12297,1120000,2770000
2019-04-05 12:27:08.876000,1.123,1.12295,2620000,5070000
2019-04-05 12:27:09.197000,1.12299,1.12296,1500000,4160000
2019-04-05 12:27:09.699000,1.123,1.12296,6750000,3410000
2019-04-05 12:27:10.167000,1.12299,1.12296,1000000,1570000
2019-04-05 12:27:10.650000,1.12299,1.12298,1120000,1250000
2019-04-05 12:27:10.753000,1.12301,1.12299,1000000,1500000
2019-04-05 12:27:10.855000,1.12302,1.12299,2620000,1250000
2019-04-05 12:27:10.957000,1.12303,1.12299,5250000,1690000
2019-04-05 12:27:11.554000,1.12302,1.12299,1000000,1250000
2019-04-05 12:27:11.656000,1.12303,1.12299,3750000,1250000
2019-04-05 12:27:11.929000,1.12304,1.12299,12750000,1010000
2019-04-05 12:27:12.657000,1.12303,1.12299,2250000,1760000
2019-04-05 12:27:13.123000,1.12304,1.12299,7500000,1390000
2019-04-05 12:27:13.586000,1.12303,1.12299,1000000,1250000
2019-04-05 12:27:14.563000,1.12304,1.12299,5700000,1250000
2019-04-05 12:27:17.338000,1.12304,1.123,3370000,1310000
2019-04-05 12:27:17.493000,1.12303,1.123,1000000,4690000
2019-04-05 12:27:17.545000,1.12304,1.12302,1000000,2060000
2019-04-05 12:27:17.648000,1.12306,1.12304,1500000,1250000
2019-04-05 12:27:17.752000,1.12307,1.12304,1500000,1250000
2019-04-05 12:27:19.513000,1.12308,1.12304,3820000,2120000
2019-04-05 12:27:19.653000,1.12308,1.12303,3820000,8570000
2019-04-05 12:27:22.049000,1.12308,1.12306,1120000,1000000
2019-04-05 12:27:22.152000,1.12309,1.12306,1000000,1100000
2019-04-05 12:27:22.254000,1.1231,1.12306,4310000,1950000
2019-04-05 12:27:23.213000,1.12307,1.12306,1120000,1950000
2019-04-05 12:27:23.317000,1.12306,1.12302,1000000,1760000
2019-04-05 12:27:23.420000,1.12307,1.12303,1870000,1000000
2019-04-05 12:27:23.523000,1.12307,1.12304,1500000,1250000
2019-04-05 12:27:23.626000,1.12308,1.12304,3560000,1250000
2019-04-05 12:27:23.677000,1.12305,1.12303,2940000,1000000
2019-04-05 12:27:23.790000,1.12305,1.123,6760000,1200000
2019-04-05 12:27:23.994000,1.12302,1.12298,1500000,4540000
2019-04-05 12:27:24.097000,1.12301,1.12297,2900000,10820000
2019-04-05 12:27:25.547000,1.123,1.12297,1000000,4950000
2019-04-05 12:27:25.649000,1.12299,1.12295,1870000,3290000
2019-04-05 12:27:25.751000,1.12299,1.12295,2620000,4760000
2019-04-05 12:27:25.859000,1.12299,1.12295,1870000,3290000
2019-04-05 12:27:25.961000,1.12299,1.12296,1870000,1250000
2019-04-05 12:27:26.318000,1.12299,1.12295,2810000,1950000
2019-04-05 12:27:26.370000,1.12297,1.12295,1000000,1200000
2019-04-05 12:27:26.472000,1.12298,1.12294,2620000,8540000
2019-04-05 12:27:26.617000,1.12298,1.12294,1870000,1760000
2019-04-05 12:27:27.144000,1.12298,1.12294,2250000,1790000
2019-04-05 12:27:27.246000,1.12298,1.12294,3000000,1760000
2019-04-05 12:27:27.562000,1.12297,1.12294,1000000,4760000
2019-04-05 12:27:27.813000,1.12298,1.12294,5250000,3260000
2019-04-05 12:27:29.217000,1.12296,1.12293,1100000,1000000
2019-04-05 12:27:29.369000,1.12295,1.12293,1120000,1200000
2019-04-05 12:27:29.472000,1.12295,1.12292,1120000,1350000
2019-04-05 12:27:29.576000,1.12294,1.12291,1000000,1390000
2019-04-05 12:27:31.089000,1.12295,1.1229,4570000,3620000
2019-04-05 12:27:31.192000,1.12296,1.12294,1570000,1310000
2019-04-05 12:27:31.304000,1.12297,1.12294,1120000,5190000
2019-04-05 12:27:31.355000,1.12298,1.12295,1000000,2620000
2019-04-05 12:27:31.680000,1.12299,1.12295,6190000,1870000
2019-04-05 12:27:31.834000,1.12298,1.12295,1000000,2620000
2019-04-05 12:27:33.032000,1.12296,1.12281,1120000,6980000
2019-04-05 12:27:33.165000,1.12256,1.12254,2500000,3000000
2019-04-05 12:27:33.267000,1.12237,1.12232,7120000,3000000
2019-04-05 12:27:33.318000,1.12233,1.1223,1000000,14360000
2019-04-05 12:27:33.410000,1.12236,1.12233,4310000,1000000
2019-04-05 12:27:33.464000,1.12227,1.12224,1250000,2100000
2019-04-05 12:27:33.516000,1.12231,1.12228,1200000,1500000
2019-04-05 12:27:33.567000,1.12231,1.12227,1500000,2250000
2019-04-05 12:27:33.618000,1.12233,1.12232,2250000,1000000
2019-04-05 12:27:33.693000,1.12236,1.12232,2440000,1000000
2019-04-05 12:27:33.795000,1.12237,1.12233,1520000,1000000
2019-04-05 12:27:33.897000,1.12235,1.12233,1100000,1650000
2019-04-05 12:27:33.949000,1.12237,1.12233,1000000,1650000
2019-04-05 12:27:34,1.12237,1.12233,1600000,2250000
2019-04-05 12:27:34.104000,1.12241,1.12236,1900000,1870000
2019-04-05 12:27:34.156000,1.12242,1.12237,2250000,1120000
2019-04-05 12:27:34.310000,1.12239,1.12237,1220000,1500000
2019-04-05 12:27:34.413000,1.12239,1.12233,1200000,1000000
2019-04-05 12:27:34.572000,1.12238,1.1223,1000000,3500000
2019-04-05 12:27:34.674000,1.12236,1.12232,1000000,2060000
2019-04-05 12:27:34.776000,1.12236,1.12231,1600000,3600000
2019-04-05 12:27:34.883000,1.12237,1.12233,1200000,1250000
2019-04-05 12:27:34.985000,1.12238,1.12232,1000000,1820000
2019-04-05 12:27:35.088000,1.12238,1.12233,1000000,2120000
2019-04-05 12:27:35.191000,1.12239,1.12233,1570000,1750000
2019-04-05 12:27:35.298000,1.12239,1.12234,1100000,2700000
2019-04-05 12:27:35.350000,1.12241,1.12235,2700000,3920000
2019-04-05 12:27:35.402000,1.12244,1.12238,2000000,1750000
2019-04-05 12:27:35.505000,1.12248,1.12242,2810000,1500000
2019-04-05 12:27:35.608000,1.12247,1.12243,1000000,1870000
2019-04-05 12:27:35.924000,1.12248,1.12243,1100000,1120000
2019-04-05 12:27:36.028000,1.12247,1.12244,1000000,1120000
2019-04-05 12:27:36.133000,1.12249,1.12244,1570000,1120000
2019-04-05 12:27:36.184000,1.12247,1.12244,1000000,1120000
2019-04-05 12:27:36.304000,1.12249,1.12244,1000000,2120000
2019-04-05 12:27:36.407000,1.12249,1.12244,1000000,1310000
2019-04-05 12:27:37.977000,1.12251,1.12245,1570000,2250000
2019-04-05 12:27:38.080000,1.12251,1.12249,1500000,1390000
2019-04-05 12:27:38.183000,1.12255,1.12249,1000000,3640000
2019-04-05 12:27:38.286000,1.12255,1.1225,1000000,1950000
2019-04-05 12:27:39.106000,1.12255,1.12249,1000000,2350000
2019-04-05 12:27:39.306000,1.12256,1.12249,1010000,2350000
2019-04-05 12:27:39.459000,1.12256,1.1225,1000000,1390000
2019-04-05 12:27:39.662000,1.12255,1.1225,1100000,2280000
2019-04-05 12:27:39.957000,1.12256,1.1225,1500000,3000000
2019-04-05 12:27:40.162000,1.12256,1.1225,1500000,3020000
2019-04-05 12:27:40.315000,1.12255,1.1225,1000000,1560000
2019-04-05 12:27:40.613000,1.12256,1.1225,1000000,1990000
2019-04-05 12:27:40.716000,1.12256,1.12252,1000000,2140000
2019-04-05 12:27:41.043000,1.12257,1.12252,2440000,1250000
2019-04-05 12:27:41.550000,1.12257,1.12251,1500000,1310000
2019-04-05 12:27:41.931000,1.12257,1.12251,1500000,1520000
2019-04-05 12:27:42.582000,1.12257,1.12253,1500000,1600000
2019-04-05 12:27:42.837000,1.12258,1.12254,1120000,1200000
2019-04-05 12:27:42.981000,1.12261,1.12258,1120000,1200000
2019-04-05 12:27:43.084000,1.12262,1.12258,1500000,2950000
2019-04-05 12:27:43.136000,1.12263,1.1226,1000000,1250000
2019-04-05 12:27:43.187000,1.12263,1.12261,1000000,4910000
2019-04-05 12:27:43.239000,1.12267,1.12265,1000000,1200000
2019-04-05 12:27:43.399000,1.12268,1.12266,1000000,1600000
2019-04-05 12:27:43.502000,1.1227,1.12266,1310000,1200000
2019-04-05 12:27:43.604000,1.1227,1.12266,1310000,1600000
2019-04-05 12:27:43.706000,1.1227,1.12266,1250000,2140000
2019-04-05 12:27:43.809000,1.1227,1.12266,1250000,3040000
2019-04-05 12:27:43.960000,1.12269,1.12266,1120000,2160000
2019-04-05 12:27:44.062000,1.12269,1.12266,1120000,1390000
2019-04-05 12:27:44.215000,1.12269,1.12266,1120000,2450000
2019-04-05 12:27:44.317000,1.1227,1.12266,1000000,2450000
2019-04-05 12:27:44.725000,1.12272,1.12266,4120000,4820000
2019-04-05 12:27:44.878000,1.12272,1.12267,1000000,1500000
2019-04-05 12:27:44.992000,1.12271,1.12267,1000000,1200000
2019-04-05 12:27:45.096000,1.12272,1.12267,2250000,1390000
2019-04-05 12:27:45.251000,1.12272,1.12267,1000000,2310000
2019-04-05 12:27:45.367000,1.12277,1.12271,2620000,4310000
2019-04-05 12:27:45.724000,1.12277,1.12271,1120000,5910000
2019-04-05 12:27:45.826000,1.12277,1.12272,1000000,2440000
2019-04-05 12:27:46.092000,1.12277,1.12273,1000000,1570000
2019-04-05 12:27:46.449000,1.12279,1.12273,2250000,8510000
2019-04-05 12:27:46.559000,1.12278,1.12275,1000000,1500000
2019-04-05 12:27:46.661000,1.12279,1.12275,1500000,3100000
2019-04-05 12:27:46.763000,1.12281,1.12275,1870000,4010000
2019-04-05 12:27:46.866000,1.12281,1.12276,2620000,1500000
2019-04-05 12:27:48.185000,1.1228,1.12276,1000000,4100000
2019-04-05 12:27:48.885000,1.12279,1.12277,1500000,1120000
2019-04-05 12:27:48.937000,1.12278,1.12276,2250000,1600000
2019-04-05 12:27:49.146000,1.12279,1.12276,1000000,1600000
2019-04-05 12:27:49.197000,1.12278,1.12276,1000000,1950000
2019-04-05 12:27:49.249000,1.12277,1.12275,1000000,1870000
2019-04-05 12:27:49.351000,1.12279,1.12277,1000000,1220000
2019-04-05 12:27:49.555000,1.12279,1.12276,1000000,1850000
2019-04-05 12:27:49.827000,1.12281,1.12279,1500000,1250000
2019-04-05 12:27:49.930000,1.12284,1.1228,1250000,3040000
2019-04-05 12:27:50.033000,1.12284,1.12281,1750000,1600000
2019-04-05 12:27:50.238000,1.12285,1.12282,1500000,1200000
2019-04-05 12:27:50.343000,1.12285,1.12282,1250000,3070000
2019-04-05 12:27:50.446000,1.12285,1.12282,1250000,2100000
2019-04-05 12:27:50.906000,1.12286,1.12283,1000000,1950000
2019-04-05 12:27:51.038000,1.12286,1.12283,1000000,1220000
2019-04-05 12:27:51.140000,1.12287,1.12283,1500000,2470000
2019-04-05 12:27:51.243000,1.12289,1.12284,1500000,3220000
2019-04-05 12:27:51.345000,1.12288,1.12286,1000000,1200000
2019-04-05 12:27:51.562000,1.1229,1.12285,1000000,2100000
2019-04-05 12:27:51.614000,1.1229,1.12287,1000000,1220000
2019-04-05 12:27:51.717000,1.12291,1.12287,2440000,1220000
2019-04-05 12:27:51.820000,1.12291,1.12288,2440000,1600000
2019-04-05 12:27:51.923000,1.1229,1.12288,1500000,1220000
2019-04-05 12:27:52.030000,1.12289,1.12285,1500000,1970000
2019-04-05 12:27:52.962000,1.12289,1.12284,1000000,3410000
2019-04-05 12:27:53.066000,1.12289,1.12284,1000000,3040000
2019-04-05 12:27:53.276000,1.12289,1.12283,1000000,4990000
2019-04-05 12:27:53.553000,1.12289,1.12284,1000000,1870000
2019-04-05 12:27:54.048000,1.12289,1.12284,1000000,1100000
2019-04-05 12:27:54.488000,1.1229,1.12284,5060000,3350000
2019-04-05 12:27:54.995000,1.12289,1.12284,1000000,2100000
2019-04-05 12:27:55.099000,1.12291,1.12285,1690000,2620000
2019-04-05 12:27:55.202000,1.12291,1.12285,1250000,7160000
2019-04-05 12:27:55.324000,1.12292,1.12285,3340000,10130000
2019-04-05 12:27:55.913000,1.12291,1.12286,1000000,4300000
2019-04-05 12:27:56.366000,1.12293,1.12288,2400000,2470000
2019-04-05 12:27:56.522000,1.12293,1.12288,4810000,1850000
2019-04-05 12:27:56.670000,1.12292,1.12286,2120000,5660000
2019-04-05 12:27:56.772000,1.12292,1.12287,1000000,2290000
2019-04-05 12:27:56.875000,1.12291,1.12287,1000000,2290000
2019-04-05 12:27:56.978000,1.12291,1.12287,1000000,3220000
2019-04-05 12:27:57.081000,1.12292,1.12287,1250000,1850000
2019-04-05 12:27:57.198000,1.12293,1.12287,3190000,1850000
2019-04-05 12:27:57.302000,1.12293,1.12288,2250000,1600000
2019-04-05 12:27:57.507000,1.12293,1.12288,1000000,1390000
2019-04-05 12:27:57.609000,1.12293,1.12289,2620000,1100000
2019-04-05 12:27:57.988000,1.12292,1.12287,3380000,1600000
2019-04-05 12:27:58.243000,1.12292,1.12286,3190000,2750000
2019-04-05 12:27:59.257000,1.12291,1.12286,1000000,2370000
2019-04-05 12:27:59.423000,1.12292,1.12286,3190000,2370000
2019-04-05 12:27:59.526000,1.12291,1.12287,1000000,1390000
2019-04-05 12:27:59.628000,1.12292,1.12287,2060000,2290000
2019-04-05 12:27:59.773000,1.12292,1.12287,1250000,2290000
2019-04-05 12:27:59.926000,1.12293,1.12288,2250000,1600000
2019-04-05 12:28:00.028000,1.12292,1.12288,1000000,1600000
2019-04-05 12:28:00.131000,1.12291,1.12287,1690000,1600000
2019-04-05 12:28:00.235000,1.12288,1.12284,1000000,3860000
2019-04-05 12:28:00.383000,1.12283,1.12282,2250000,1000000
2019-04-05 12:28:00.538000,1.12281,1.12277,1500000,2350000
2019-04-05 12:28:00.848000,1.12282,1.12277,2250000,3470000
2019-04-05 12:28:01.001000,1.12283,1.12278,3190000,2140000
2019-04-05 12:28:01.053000,1.1228,1.12277,2500000,2350000
2019-04-05 12:28:01.104000,1.12279,1.12276,1000000,1200000
2019-04-05 12:28:01.329000,1.1228,1.12276,1500000,1200000
2019-04-05 12:28:01.431000,1.12281,1.12275,1000000,3410000
2019-04-05 12:28:01.534000,1.12282,1.12278,1000000,1000000
2019-04-05 12:28:01.857000,1.12283,1.12279,1000000,1100000
2019-04-05 12:28:01.960000,1.12284,1.1228,1000000,1200000
2019-04-05 12:28:02.062000,1.12284,1.12281,1000000,1220000
2019-04-05 12:28:02.165000,1.12285,1.12281,1000000,2100000
2019-04-05 12:28:02.268000,1.12286,1.12281,1400000,2470000
2019-04-05 12:28:02.443000,1.12286,1.12281,2150000,1720000
2019-04-05 12:28:02.546000,1.12286,1.12281,2360000,2470000
2019-04-05 12:28:02.648000,1.12286,1.12281,1120000,1720000
2019-04-05 12:28:03.355000,1.12285,1.12281,1000000,1100000
2019-04-05 12:28:03.508000,1.12286,1.12281,1000000,1200000
2019-04-05 12:28:03.890000,1.12287,1.12281,3370000,3290000
2019-04-05 12:28:04.441000,1.12287,1.12281,3940000,2100000
2019-04-05 12:28:04.569000,1.12286,1.12281,1000000,1600000
2019-04-05 12:28:05.604000,1.12287,1.12284,3520000,1000000
2019-04-05 12:28:05.707000,1.12288,1.12284,1500000,1000000
2019-04-05 12:28:05.884000,1.1229,1.12284,2440000,1100000
2019-04-05 12:28:05.986000,1.1229,1.12284,2510000,2100000
2019-04-05 12:28:06.089000,1.12289,1.12284,1000000,1390000
2019-04-05 12:28:06.191000,1.12289,1.12284,1000000,1410000
2019-04-05 12:28:06.344000,1.12289,1.12284,1000000,2510000
2019-04-05 12:28:06.468000,1.12289,1.12284,1000000,1850000
2019-04-05 12:28:06.571000,1.1229,1.12284,4500000,2290000
2019-04-05 12:28:06.794000,1.1229,1.12284,3750000,2510000
2019-04-05 12:28:07.190000,1.12289,1.12284,1000000,1390000
2019-04-05 12:28:07.746000,1.12291,1.12288,2320000,1250000
2019-04-05 12:28:07.849000,1.12292,1.1229,1500000,1250000
2019-04-05 12:28:07.946000,1.12294,1.1229,1000000,1250000
2019-04-05 12:28:08.048000,1.12295,1.1229,1250000,2910000
2019-04-05 12:28:08.150000,1.12295,1.1229,1250000,2890000
2019-04-05 12:28:08.305000,1.12295,1.1229,1750000,2200000
2019-04-05 12:28:08.719000,1.12293,1.12289,1500000,4570000
2019-04-05 12:28:08.771000,1.12295,1.1229,4310000,1000000
2019-04-05 12:28:08.874000,1.12294,1.1229,1000000,1000000
2019-04-05 12:28:09.028000,1.12295,1.1229,3640000,1200000
2019-04-05 12:28:09.292000,1.12294,1.1229,1000000,1200000
2019-04-05 12:28:09.864000,1.12293,1.1229,1000000,1200000
2019-04-05 12:28:10.578000,1.12293,1.12289,1000000,1390000
2019-04-05 12:28:10.727000,1.12294,1.12289,1500000,1390000
2019-04-05 12:28:10.829000,1.12294,1.12289,2500000,1390000
2019-04-05 12:28:11.138000,1.12294,1.12288,3190000,2910000
2019-04-05 12:28:11.241000,1.12294,1.12288,3940000,1010000
2019-04-05 12:28:11.343000,1.12294,1.12288,4750000,1390000
2019-04-05 12:28:11.690000,1.12293,1.12288,1500000,1100000
2019-04-05 12:28:12.027000,1.12291,1.12285,7310000,2290000
2019-04-05 12:28:12.133000,1.12291,1.12285,7100000,1250000
2019-04-05 12:28:12.489000,1.12291,1.1229,1100000,1000000
2019-04-05 12:28:12.541000,1.12293,1.12291,1000000,1500000
2019-04-05 12:28:12.692000,1.12293,1.12289,2440000,2000000
2019-04-05 12:28:12.796000,1.12294,1.12289,2200000,1000000
2019-04-05 12:28:13.001000,1.12293,1.12288,1500000,1000000
2019-04-05 12:28:13.053000,1.12291,1.12286,3190000,4220000
2019-04-05 12:28:13.155000,1.12291,1.12286,11890000,1000000
2019-04-05 12:28:13.658000,1.12291,1.12285,11140000,1000000
2019-04-05 12:28:13.986000,1.12291,1.12286,10410000,1000000
2019-04-05 12:28:14.273000,1.12291,1.12285,10410000,1500000
2019-04-05 12:28:14.597000,1.1229,1.12285,6750000,1000000
2019-04-05 12:28:14.712000,1.12287,1.12283,2440000,1100000
2019-04-05 12:28:14.764000,1.12286,1.12281,2440000,2250000
2019-04-05 12:28:14.866000,1.12286,1.12281,5880000,2250000
2019-04-05 12:28:14.969000,1.12283,1.12279,1120000,1600000
2019-04-05 12:28:15.072000,1.12284,1.12279,1310000,1000000
2019-04-05 12:28:16.681000,1.12285,1.1228,1250000,1500000
2019-04-05 12:28:17.186000,1.12283,1.1228,1000000,1000000
2019-04-05 12:28:18.306000,1.12284,1.12281,1250000,1000000
2019-04-05 12:28:18.407000,1.12285,1.1228,5200000,1000000
2019-04-05 12:28:19.219000,1.12285,1.1228,4200000,1000000
2019-04-05 12:28:19.322000,1.12284,1.1228,1100000,1000000
2019-04-05 12:28:19.424000,1.12283,1.1228,2320000,1000000
2019-04-05 12:28:19.475000,1.12282,1.12277,1000000,1000000
2019-04-05 12:28:19.628000,1.12282,1.12277,1450000,1000000
2019-04-05 12:28:21.092000,1.12282,1.12277,4390000,1000000
2019-04-05 12:28:21.330000,1.12281,1.12277,1870000,1000000
2019-04-05 12:28:24.840000,1.12282,1.12277,1100000,2560000
2019-04-05 12:28:24.943000,1.12283,1.12278,3640000,1120000
2019-04-05 12:28:25.300000,1.12284,1.12279,2200000,1000000
2019-04-05 12:28:26.305000,1.12284,1.12279,1250000,1620000
2019-04-05 12:28:26.935000,1.12285,1.12284,1950000,1000000
2019-04-05 12:28:27.038000,1.12288,1.12284,1000000,1200000
2019-04-05 12:28:27.140000,1.1229,1.12284,1690000,2010000
2019-04-05 12:28:27.692000,1.1229,1.12284,1250000,3540000
2019-04-05 12:28:28.332000,1.12287,1.12283,1220000,2750000
2019-04-05 12:28:28.420000,1.12288,1.12283,2140000,1100000
2019-04-05 12:28:28.624000,1.12288,1.12283,1900000,1100000
2019-04-05 12:28:28.828000,1.12287,1.12282,1270000,1870000
2019-04-05 12:28:30.062000,1.12288,1.12282,1200000,2470000
2019-04-05 12:28:30.216000,1.12288,1.12282,1000000,2320000
2019-04-05 12:28:30.464000,1.12289,1.12282,5440000,4200000
2019-04-05 12:28:30.772000,1.12289,1.12283,2250000,5890000
2019-04-05 12:28:30.875000,1.12291,1.12286,1000000,6000000
2019-04-05 12:28:30.991000,1.12291,1.12287,1000000,5320000
2019-04-05 12:28:31.043000,1.12292,1.12287,2810000,1100000
2019-04-05 12:28:31.615000,1.12291,1.12286,4500000,1220000
2019-04-05 12:28:31.724000,1.1229,1.12286,2440000,1950000
2019-04-05 12:28:33.065000,1.12289,1.12286,1120000,1200000
2019-04-05 12:28:33.309000,1.1229,1.12286,1120000,1200000
2019-04-05 12:28:33.551000,1.12291,1.12286,1120000,1200000
2019-04-05 12:28:33.701000,1.12291,1.12288,1120000,1000000
2019-04-05 12:28:34.190000,1.12286,1.12285,1000000,2320000
2019-04-05 12:28:34.293000,1.12283,1.1228,2810000,1200000
2019-04-05 12:28:34.446000,1.12283,1.12279,1310000,1000000
2019-04-05 12:28:34.552000,1.12284,1.12279,1870000,1000000
2019-04-05 12:28:36.588000,1.12279,1.12277,1120000,1000000
2019-04-05 12:28:36.691000,1.12279,1.12275,1200000,1050000
2019-04-05 12:28:36.793000,1.1228,1.12275,1950000,1000000
2019-04-05 12:28:36.946000,1.1228,1.12275,3100000,1000000
2019-04-05 12:28:37.049000,1.1228,1.12275,1120000,5890000
2019-04-05 12:28:37.162000,1.12282,1.12277,1870000,3000000
2019-04-05 12:28:37.264000,1.12282,1.12278,1120000,1500000
2019-04-05 12:28:37.468000,1.12282,1.12278,1120000,2100000
2019-04-05 12:28:37.834000,1.12283,1.12278,1120000,4350000
2019-04-05 12:28:37.937000,1.12282,1.12278,1120000,4200000
2019-04-05 12:28:38.039000,1.12283,1.12279,1120000,1500000
2019-04-05 12:28:38.154000,1.12283,1.12279,1120000,2720000
2019-04-05 12:28:38.300000,1.12284,1.12279,1310000,1600000
2019-04-05 12:28:39.682000,1.12283,1.12281,1120000,1000000
2019-04-05 12:28:39.734000,1.12282,1.12279,1690000,1200000
2019-04-05 12:28:39.873000,1.12282,1.12278,2620000,1950000
2019-04-05 12:28:39.926000,1.12282,1.12279,1120000,1220000
2019-04-05 12:28:40.030000,1.12282,1.12279,2060000,1200000
2019-04-05 12:28:40.134000,1.12279,1.12277,1000000,1950000
2019-04-05 12:28:40.237000,1.12278,1.12275,1000000,2320000
2019-04-05 12:28:42.063000,1.12279,1.12274,3370000,2850000
2019-04-05 12:28:42.439000,1.12278,1.12274,1870000,4350000
2019-04-05 12:28:42.542000,1.12279,1.12274,3370000,3600000
2019-04-05 12:28:42.726000,1.12279,1.12274,3370000,2700000
2019-04-05 12:28:42.828000,1.12279,1.12274,3370000,2720000
2019-04-05 12:28:42.930000,1.12279,1.12274,3820000,1570000
2019-04-05 12:28:42.981000,1.12275,1.12273,4500000,1970000
2019-04-05 12:28:43.058000,1.12274,1.12272,3190000,1000000
2019-04-05 12:28:43.110000,1.12269,1.12266,3150000,1500000
2019-04-05 12:28:43.212000,1.1227,1.12265,1120000,1010000
2019-04-05 12:28:43.366000,1.1227,1.12264,2060000,1390000
2019-04-05 12:28:43.634000,1.1227,1.12264,2060000,2160000
2019-04-05 12:28:43.685000,1.12265,1.12263,3370000,1000000
2019-04-05 12:28:43.737000,1.12262,1.1226,1000000,1500000
2019-04-05 12:28:43.788000,1.1226,1.12256,1250000,2700000
2019-04-05 12:28:43.891000,1.1226,1.12256,1750000,1000000
2019-04-05 12:28:43.998000,1.12259,1.12253,2890000,2440000
2019-04-05 12:28:44.100000,1.12259,1.12253,2060000,4010000
2019-04-05 12:28:44.525000,1.1226,1.12257,2250000,1500000
2019-04-05 12:28:44.628000,1.12267,1.12262,1500000,1310000
2019-04-05 12:28:44.680000,1.12267,1.12262,1000000,3280000
2019-04-05 12:28:44.732000,1.12265,1.12262,2250000,1120000
2019-04-05 12:28:44.836000,1.12263,1.12258,1250000,4600000
2019-04-05 12:28:44.997000,1.12262,1.12258,1000000,1350000
2019-04-05 12:28:45.305000,1.12262,1.12257,1760000,2270000
2019-04-05 12:28:45.461000,1.12263,1.12258,1000000,1870000
2019-04-05 12:28:45.512000,1.12262,1.12257,1000000,1390000
2019-04-05 12:28:45.615000,1.12263,1.12257,1390000,2440000
2019-04-05 12:28:45.717000,1.12262,1.12257,1000000,1690000
2019-04-05 12:28:45.819000,1.12263,1.12257,1760000,1690000
2019-04-05 12:28:46.023000,1.12261,1.12257,1000000,1000000
2019-04-05 12:28:46.203000,1.1226,1.12257,1000000,1120000
2019-04-05 12:28:46.254000,1.1226,1.12255,1000000,2510000
2019-04-05 12:28:46.305000,1.1226,1.12255,1000000,4260000
2019-04-05 12:28:47.011000,1.1226,1.12255,1000000,5760000
2019-04-05 12:28:47.178000,1.1226,1.12255,1000000,5510000
2019-04-05 12:28:47.896000,1.1226,1.12255,1000000,1820000
2019-04-05 12:28:48.414000,1.12261,1.12255,1000000,5950000
2019-04-05 12:28:49.058000,1.12263,1.12257,1000000,1500000
2019-04-05 12:28:49.214000,1.12263,1.12258,1250000,3000000
2019-04-05 12:28:50.720000,1.12263,1.12259,1250000,1000000
2019-04-05 12:28:50.949000,1.12264,1.12259,1000000,1000000
2019-04-05 12:28:51.151000,1.12264,1.12258,1000000,1390000
2019-04-05 12:28:51.406000,1.12264,1.12258,1250000,1100000
2019-04-05 12:28:52.550000,1.12264,1.12258,1250000,1970000
2019-04-05 12:28:52.747000,1.12264,1.1226,1250000,1220000
2019-04-05 12:28:52.900000,1.12265,1.12264,1000000,1000000
2019-04-05 12:28:53.003000,1.12269,1.12267,1250000,1000000
2019-04-05 12:28:53.091000,1.12272,1.12267,2440000,2250000
2019-04-05 12:28:53.143000,1.12272,1.12268,1690000,1600000
2019-04-05 12:28:53.246000,1.12274,1.1227,3940000,1200000
2019-04-05 12:28:53.298000,1.12274,1.12272,1250000,1220000
2019-04-05 12:28:53.401000,1.12275,1.12271,3250000,1600000
2019-04-05 12:28:54.252000,1.12275,1.12272,1500000,2100000
2019-04-05 12:28:54.355000,1.12276,1.12273,1000000,2850000
2019-04-05 12:28:54.406000,1.12278,1.12273,1000000,3600000
2019-04-05 12:28:54.774000,1.12279,1.12274,1690000,1950000
2019-04-05 12:28:55.548000,1.12279,1.12273,2440000,2700000
2019-04-05 12:28:56.006000,1.1228,1.12275,2500000,1100000
2019-04-05 12:28:56.109000,1.12281,1.1228,1000000,1250000
2019-04-05 12:28:56.213000,1.12284,1.12281,1250000,1220000
2019-04-05 12:28:56.316000,1.12285,1.12281,4310000,1200000
2019-04-05 12:28:56.368000,1.12285,1.12282,1250000,1600000
2019-04-05 12:28:56.513000,1.12289,1.12284,3250000,1600000
2019-04-05 12:28:56.616000,1.12289,1.12283,1750000,4350000
2019-04-05 12:28:56.718000,1.12289,1.12283,1750000,1500000
2019-04-05 12:28:56.820000,1.12289,1.12284,1750000,1000000
2019-04-05 12:28:56.871000,1.12289,1.12284,1250000,1000000
2019-04-05 12:28:57.292000,1.12289,1.12283,1250000,1500000
2019-04-05 12:28:57.394000,1.12289,1.12283,1250000,1000000
2019-04-05 12:28:57.709000,1.12289,1.12283,1500000,1000000
2019-04-05 12:28:58.776000,1.1229,1.12283,2440000,12060000
2019-04-05 12:28:58.980000,1.1229,1.12284,2500000,1760000
2019-04-05 12:28:59.107000,1.1229,1.12284,2500000,1760000
2019-04-05 12:29:00.609000,1.12288,1.12283,1000000,3700000
2019-04-05 12:29:00.749000,1.12288,1.12283,2450000,1250000
2019-04-05 12:29:01.288000,1.12288,1.12283,1100000,1250000
2019-04-05 12:29:01.447000,1.12288,1.12283,1350000,1000000
2019-04-05 12:29:01.549000,1.12288,1.12282,1010000,4390000
2019-04-05 12:29:02.135000,1.12288,1.12282,1250000,3410000
2019-04-05 12:29:02.604000,1.12288,1.12282,1250000,2890000
2019-04-05 12:29:03.303000,1.12288,1.12283,1000000,1250000
2019-04-05 12:29:04.253000,1.12289,1.12283,2440000,1750000
2019-04-05 12:29:07.350000,1.1229,1.12284,1750000,2560000
2019-04-05 12:29:07.453000,1.12288,1.12286,1000000,1250000
2019-04-05 12:29:07.619000,1.12289,1.12286,1000000,1000000
2019-04-05 12:29:07.670000,1.12289,1.12284,1000000,1250000
2019-04-05 12:29:07.976000,1.12289,1.12285,1000000,1250000
2019-04-05 12:29:08.994000,1.12289,1.12285,1000000,1000000
2019-04-05 12:29:09.097000,1.12293,1.12291,1000000,1500000
2019-04-05 12:29:09.199000,1.12293,1.1229,1000000,1000000
2019-04-05 12:29:09.508000,1.12293,1.12288,1000000,3190000
2019-04-05 12:29:10.646000,1.12292,1.12288,1000000,1690000
2019-04-05 12:29:10.799000,1.12294,1.12288,1250000,1690000
2019-04-05 12:29:10.952000,1.12292,1.12288,1000000,1250000
2019-04-05 12:29:12.245000,1.12295,1.1229,1100000,1500000
2019-04-05 12:29:12.348000,1.12295,1.1229,1000000,2200000
2019-04-05 12:29:12.450000,1.12295,1.12289,1690000,4000000
2019-04-05 12:29:15.081000,1.12294,1.12291,1000000,1250000
2019-04-05 12:29:15.133000,1.12296,1.12292,1500000,1250000
2019-04-05 12:29:15.236000,1.12295,1.1229,1250000,2500000
2019-04-05 12:29:15.813000,1.12294,1.1229,1870000,1250000
2019-04-05 12:29:16.018000,1.12294,1.12288,1870000,1750000
2019-04-05 12:29:16.769000,1.12296,1.12294,3000000,1000000
2019-04-05 12:29:16.911000,1.12298,1.12294,1120000,1250000
2019-04-05 12:29:17.166000,1.12298,1.12293,1870000,1250000
2019-04-05 12:29:18.585000,1.12298,1.12292,1250000,1250000
2019-04-05 12:29:23.490000,1.12298,1.12291,3750000,4000000
2019-04-05 12:29:23.668000,1.12298,1.12293,3750000,1250000
2019-04-05 12:29:27.591000,1.12298,1.12292,1000000,1750000
2019-04-05 12:29:30.051000,1.12297,1.12292,1000000,1750000
2019-04-05 12:29:30.103000,1.12299,1.12293,1250000,1250000
2019-04-05 12:29:30.205000,1.12297,1.12292,1000000,1750000
2019-04-05 12:29:30.257000,1.12299,1.12292,1690000,1750000
2019-04-05 12:29:30.310000,1.12297,1.12291,1000000,1250000
2019-04-05 12:29:30.590000,1.12298,1.12291,1000000,1250000
2019-04-05 12:29:30.692000,1.12298,1.12292,1000000,1250000
2019-04-05 12:29:30.856000,1.12301,1.12293,4750000,1250000
2019-04-05 12:29:32.196000,1.12301,1.12292,1000000,2500000
2019-04-05 12:29:32.298000,1.12301,1.12292,3190000,1370000
2019-04-05 12:29:32.401000,1.123,1.12292,1000000,2120000
2019-04-05 12:29:32.503000,1.123,1.12294,1250000,1250000
2019-04-05 12:29:32.628000,1.123,1.12292,4000000,1000000
2019-04-05 12:29:32.733000,1.123,1.12292,2440000,1250000
2019-04-05 12:29:32.837000,1.12299,1.12293,1000000,1250000
2019-04-05 12:29:33.275000,1.123,1.12293,1690000,1250000
2019-04-05 12:29:33.746000,1.123,1.12294,1250000,1370000
2019-04-05 12:29:35.561000,1.12298,1.12292,1250000,1120000
2019-04-05 12:29:35.613000,1.12295,1.12291,1250000,1200000
2019-04-05 12:29:35.715000,1.12295,1.12289,1690000,1250000
2019-04-05 12:29:35.870000,1.12296,1.12289,1500000,1250000
2019-04-05 12:29:35.972000,1.12297,1.1229,1000000,2120000
2019-04-05 12:29:36.094000,1.12299,1.12292,1000000,1250000
2019-04-05 12:29:36.196000,1.123,1.12292,3000000,1250000
2019-04-05 12:29:36.350000,1.12297,1.12291,1000000,2120000
2019-04-05 12:29:36.401000,1.12296,1.1229,2250000,1120000
2019-04-05 12:29:36.505000,1.12298,1.1229,1500000,2120000
2019-04-05 12:29:36.666000,1.12297,1.12289,1690000,1310000
2019-04-05 12:29:36.769000,1.12296,1.12288,1000000,2120000
2019-04-05 12:29:36.906000,1.12296,1.12288,1690000,1310000
2019-04-05 12:29:37.009000,1.12295,1.12287,1000000,1250000
2019-04-05 12:29:37.112000,1.12296,1.12288,3190000,1310000
2019-04-05 12:29:37.254000,1.12295,1.12287,1000000,2120000
2019-04-05 12:29:37.357000,1.12296,1.12289,1690000,1120000
2019-04-05 12:29:37.563000,1.12296,1.12287,3190000,1370000
2019-04-05 12:29:37.666000,1.12295,1.12287,1000000,1250000
2019-04-05 12:29:38.479000,1.12296,1.12285,4750000,2870000
2019-04-05 12:29:39.114000,1.12296,1.12286,4690000,1370000
2019-04-05 12:29:39.225000,1.12296,1.12288,6250000,1250000
2019-04-05 12:29:40.187000,1.12296,1.12285,4750000,2060000
2019-04-05 12:29:40.289000,1.12296,1.12287,6250000,1250000
2019-04-05 12:29:41.164000,1.12295,1.12286,1000000,1870000
2019-04-05 12:29:41.267000,1.12296,1.12287,4500000,1120000
2019-04-05 12:29:41.369000,1.12295,1.12287,1000000,1120000
2019-04-05 12:29:41.506000,1.12296,1.12287,4500000,1120000
2019-04-05 12:29:41.647000,1.12295,1.12285,1000000,1120000
2019-04-05 12:29:42.219000,1.12295,1.12287,1500000,1120000
2019-04-05 12:29:42.270000,1.12296,1.12285,4500000,1870000
2019-04-05 12:29:42.373000,1.12295,1.12285,1000000,1120000
2019-04-05 12:29:43.186000,1.12296,1.12285,5920000,1120000
2019-04-05 12:29:43.417000,1.12296,1.12287,3670000,2620000
2019-04-05 12:29:43.621000,1.12296,1.1229,3750000,1120000
2019-04-05 12:29:43.774000,1.12296,1.12289,3000000,1120000
2019-04-05 12:29:43.876000,1.12295,1.12289,1000000,1120000
2019-04-05 12:29:44.029000,1.12296,1.12289,3000000,1120000
2019-04-05 12:29:44.350000,1.12296,1.1229,1000000,1120000
2019-04-05 12:29:44.401000,1.123,1.1229,1500000,1120000
2019-04-05 12:29:44.606000,1.12299,1.1229,1000000,1120000
2019-04-05 12:29:45.092000,1.12299,1.12289,2250000,1120000
2019-04-05 12:29:45.194000,1.12293,1.1229,1000000,1120000
2019-04-05 12:29:45.307000,1.1229,1.12288,1500000,1120000
2019-04-05 12:29:45.359000,1.12285,1.12279,1000000,1000000
2019-04-05 12:29:45.410000,1.12286,1.12277,1000000,1270000
2019-04-05 12:29:45.461000,1.12286,1.12272,1500000,1870000
2019-04-05 12:29:45.513000,1.12286,1.12276,1500000,1000000
2019-04-05 12:29:45.614000,1.12286,1.12277,1500000,1120000
2019-04-05 12:29:45.717000,1.12287,1.12276,2250000,3370000
2019-04-05 12:29:45.991000,1.12286,1.12276,1000000,1650000
2019-04-05 12:29:46.196000,1.12283,1.12276,1000000,1000000
2019-04-05 12:29:46.247000,1.12282,1.12272,1000000,1870000
2019-04-05 12:29:46.697000,1.12281,1.12272,1000000,2620000
2019-04-05 12:29:46.924000,1.12282,1.12272,1500000,1000000
2019-04-05 12:29:47.306000,1.12281,1.12272,1000000,1500000
2019-04-05 12:29:47.562000,1.12282,1.12272,3000000,1000000
2019-04-05 12:29:48.466000,1.12282,1.12271,3000000,2620000
2019-04-05 12:29:48.568000,1.12281,1.12272,1000000,1000000
2019-04-05 12:29:49.206000,1.12277,1.12271,1000000,1200000
2019-04-05 12:29:49.368000,1.12277,1.12267,4120000,1000000
2019-04-05 12:29:49.470000,1.12276,1.12267,1870000,1000000
2019-04-05 12:29:49.573000,1.12277,1.12267,2250000,1000000
2019-04-05 12:29:50.059000,1.12277,1.12269,2250000,1000000
2019-04-05 12:29:50.111000,1.12276,1.12267,1000000,3000000
2019-04-05 12:29:50.164000,1.12276,1.12269,2250000,1000000
2019-04-05 12:29:50.299000,1.12276,1.1227,1500000,1650000
2019-04-05 12:29:50.401000,1.12281,1.1227,1500000,4820000
2019-04-05 12:29:50.504000,1.12281,1.12274,1000000,1000000
2019-04-05 12:29:50.555000,1.12281,1.12272,1000000,1000000
2019-04-05 12:29:50.606000,1.12289,1.12281,2820000,1000000
2019-04-05 12:29:50.722000,1.12287,1.12283,1000000,1000000
2019-04-05 12:29:50.773000,1.12287,1.12278,1000000,1000000
2019-04-05 12:29:50.824000,1.12287,1.12276,1000000,1870000
2019-04-05 12:29:51.015000,1.12287,1.12277,1000000,1000000
2019-04-05 12:29:52.282000,1.12288,1.12277,1000000,1000000
2019-04-05 12:29:53.083000,1.12288,1.12276,1000000,2250000
2019-04-05 12:29:53.370000,1.12289,1.12284,1000000,2450000
2019-04-05 12:29:53.422000,1.12295,1.12284,1500000,2450000
2019-04-05 12:29:53.598000,1.12297,1.12283,2250000,2250000
2019-04-05 12:29:55.135000,1.12297,1.12283,1650000,1900000
2019-04-05 12:29:55.732000,1.12298,1.12284,1200000,1400000
2019-04-05 12:29:55.834000,1.12299,1.12283,1500000,1900000
2019-04-05 12:29:55.936000,1.12301,1.12283,1500000,1900000
2019-04-05 12:29:56.064000,1.123,1.12284,1000000,1400000
2019-04-05 12:29:56.229000,1.12299,1.12284,1500000,1400000
2019-04-05 12:29:56.828000,1.12294,1.12283,1000000,1000000
2019-04-05 12:29:56.880000,1.12293,1.12279,1500000,1900000
2019-04-05 12:29:56.932000,1.12293,1.12284,1500000,2000000
2019-04-05 12:29:56.983000,1.12297,1.12286,1500000,1120000
2019-04-05 12:29:57.034000,1.12297,1.12288,1500000,1000000
2019-04-05 12:29:57.085000,1.12302,1.12288,2250000,1500000
2019-04-05 12:29:57.303000,1.12308,1.12299,1500000,1000000
2019-04-05 12:29:57.406000,1.12309,1.12305,1000000,1500000
2019-04-05 12:29:57.457000,1.12314,1.12299,1200000,1700000
2019-04-05 12:29:57.675000,1.1231,1.12298,1500000,2000000
2019-04-05 12:29:57.777000,1.12314,1.12301,2250000,1500000
2019-04-05 12:29:57.981000,1.12314,1.12306,1700000,1000000
2019-04-05 12:29:58.099000,1.12314,1.12306,2000000,1000000
2019-04-05 12:29:58.257000,1.12313,1.12306,1300000,1120000
2019-04-05 12:29:58.360000,1.12315,1.12301,1500000,1120000
2019-04-05 12:29:59.306000,1.12311,1.12301,1500000,1120000
2019-04-05 12:29:59.357000,1.12312,1.12301,2850000,1120000
2019-04-05 12:29:59.408000,1.12311,1.12296,2250000,1120000
2019-04-05 12:29:59.679000,1.12311,1.12297,1500000,1000000
2019-04-05 12:29:59.985000,1.12312,1.12296,2470000,1500000
2019-04-05 12:30:00.131000,1.12312,1.12297,2470000,1000000
2019-04-05 12:30:00.379000,1.12307,1.12297,1500000,1000000
2019-04-05 12:30:00.430000,1.12306,1.1229,2250000,1120000
2019-04-05 12:30:00.481000,1.12309,1.12305,750000,1000000
2019-04-05 12:30:00.594000,1.12348,1.12337,750000,1000000
2019-04-05 12:30:00.645000,1.12362,1.12345,1000000,1500000
2019-04-05 12:30:00.696000,1.12365,1.12345,100000,10500000
2019-04-05 12:30:00.806000,1.12437,1.12414,1000000,1000000
2019-04-05 12:30:00.861000,1.12365,1.12359,100000,1500000
2019-04-05 12:30:01.007000,1.12446,1.12444,1500000,1500000
2019-04-05 12:30:01.058000,1.12442,1.12427,150000,2450000
2019-04-05 12:30:01.110000,1.12442,1.12432,6770000,1180000
2019-04-05 12:30:01.217000,1.12439,1.12432,1120000,1260000
2019-04-05 12:30:01.269000,1.12441,1.12428,3870000,1000000
2019-04-05 12:30:01.321000,1.12441,1.12433,2250000,1500000
2019-04-05 12:30:01.466000,1.12442,1.12441,150000,1120000
2019-04-05 12:30:01.601000,1.12442,1.12439,150000,1500000
2019-04-05 12:30:01.705000,1.12454,1.12449,1000000,1070000
2019-04-05 12:30:01.804000,1.1246,1.12446,2000000,1830000
2019-04-05 12:30:01.856000,1.12465,1.12455,2250000,1000000
2019-04-05 12:30:01.908000,1.1247,1.1246,1870000,1500000
2019-04-05 12:30:01.959000,1.12448,1.12431,750000,2250000
2019-04-05 12:30:02.039000,1.12462,1.12445,1120000,1000000
2019-04-05 12:30:02.142000,1.12486,1.12455,1460000,1660000
2019-04-05 12:30:02.285000,1.12481,1.12472,1000000,1540000
2019-04-05 12:30:02.388000,1.12471,1.12464,1500000,1500000
2019-04-05 12:30:02.490000,1.12474,1.12464,1000000,1500000
2019-04-05 12:30:02.548000,1.12471,1.12457,1000000,1000000
2019-04-05 12:30:02.650000,1.12469,1.12452,1650000,2400000
2019-04-05 12:30:02.702000,1.12464,1.12452,1000000,1000000
2019-04-05 12:30:02.858000,1.12459,1.12447,1000000,3750000
2019-04-05 12:30:02.959000,1.12459,1.12451,1000000,1200000
2019-04-05 12:30:03.010000,1.1246,1.12453,1000000,1000000
2019-04-05 12:30:03.061000,1.12456,1.1245,2500000,1000000
2019-04-05 12:30:03.155000,1.12456,1.12448,3250000,1000000
2019-04-05 12:30:03.206000,1.12454,1.12445,1000000,1000000
2019-04-05 12:30:03.257000,1.12449,1.12442,1000000,1000000
2019-04-05 12:30:03.359000,1.12449,1.12444,1000000,1000000
2019-04-05 12:30:03.410000,1.12449,1.12442,1000000,1000000
2019-04-05 12:30:03.469000,1.12451,1.12445,1000000,1000000
2019-04-05 12:30:03.520000,1.1245,1.12443,1120000,750000
2019-04-05 12:30:03.574000,1.12441,1.12431,1480000,1100000
2019-04-05 12:30:03.625000,1.12439,1.12435,1870000,1000000
2019-04-05 12:30:03.727000,1.12438,1.12432,2400000,1000000
2019-04-05 12:30:03.840000,1.12443,1.12431,1120000,2250000
2019-04-05 12:30:03.942000,1.12448,1.12443,1650000,670000
2019-04-05 12:30:03.995000,1.12448,1.12436,2150000,1900000
2019-04-05 12:30:04.046000,1.1244,1.12425,1700000,2450000
2019-04-05 12:30:04.097000,1.1244,1.12429,1200000,1000000
2019-04-05 12:30:04.207000,1.12438,1.12433,1500000,1500000
2019-04-05 12:30:04.309000,1.12438,1.12429,1500000,1000000
2019-04-05 12:30:04.360000,1.12437,1.12428,1500000,1000000
2019-04-05 12:30:04.466000,1.12426,1.12419,1120000,1000000
2019-04-05 12:30:04.568000,1.12426,1.12417,1000000,1000000
2019-04-05 12:30:04.648000,1.12426,1.12415,1000000,1000000
2019-04-05 12:30:04.700000,1.12426,1.12415,1500000,1000000
2019-04-05 12:30:04.802000,1.12432,1.12417,1000000,2370000
2019-04-05 12:30:04.917000,1.12431,1.12424,2500000,1000000
2019-04-05 12:30:04.969000,1.12426,1.12417,5250000,1000000
2019-04-05 12:30:05.021000,1.12426,1.12419,2570000,1120000
2019-04-05 12:30:05.124000,1.12416,1.12404,2500000,1500000
2019-04-05 12:30:05.283000,1.12411,1.12405,2700000,1500000
2019-04-05 12:30:05.335000,1.12414,1.12405,1000000,1500000
2019-04-05 12:30:05.387000,1.12414,1.12405,1000000,1500000
2019-04-05 12:30:05.439000,1.12416,1.12405,1000000,2120000
2019-04-05 12:30:05.542000,1.12416,1.12404,1000000,1120000
2019-04-05 12:30:05.593000,1.12413,1.12404,1000000,1120000
2019-04-05 12:30:05.712000,1.12411,1.12403,3370000,1120000
2019-04-05 12:30:05.763000,1.12406,1.124,1000000,1500000
2019-04-05 12:30:05.865000,1.12408,1.12398,1120000,1000000
2019-04-05 12:30:05.916000,1.12408,1.12398,2620000,1500000
2019-04-05 12:30:05.968000,1.12406,1.12397,1000000,1500000
2019-04-05 12:30:06.103000,1.12403,1.12397,1800000,1000000
2019-04-05 12:30:06.154000,1.124,1.12393,1000000,1000000
2019-04-05 12:30:06.256000,1.12403,1.12389,1870000,1890000
2019-04-05 12:30:06.307000,1.12398,1.12389,1000000,1490000
2019-04-05 12:30:06.451000,1.12396,1.12384,1700000,1000000
2019-04-05 12:30:06.502000,1.12403,1.12386,1820000,1000000
2019-04-05 12:30:06.554000,1.12399,1.12388,4120000,1120000
2019-04-05 12:30:06.605000,1.12396,1.12388,1000000,370000
2019-04-05 12:30:06.708000,1.12396,1.12382,1000000,1120000
2019-04-05 12:30:06.759000,1.12396,1.12387,1420000,370000
2019-04-05 12:30:06.872000,1.12397,1.12391,4800000,750000
2019-04-05 12:30:07.076000,1.12387,1.12382,1120000,1120000
2019-04-05 12:30:07.127000,1.1238,1.12378,1120000,1000000
2019-04-05 12:30:07.179000,1.12378,1.12371,1000000,1500000
2019-04-05 12:30:07.252000,1.12381,1.12375,1000000,1000000
2019-04-05 12:30:07.303000,1.12379,1.1237,1100000,1100000
2019-04-05 12:30:07.355000,1.12379,1.12366,1620000,1000000
2019-04-05 12:30:07.406000,1.12373,1.12366,1000000,1000000
2019-04-05 12:30:07.508000,1.12372,1.12359,1800000,1400000
2019-04-05 12:30:07.616000,1.12367,1.12357,1000000,3020000
2019-04-05 12:30:07.757000,1.12367,1.12357,1800000,1200000
2019-04-05 12:30:07.808000,1.12367,1.12358,1400000,1000000
2019-04-05 12:30:07.910000,1.12369,1.12355,1500000,750000
2019-04-05 12:30:07.961000,1.12329,1.12323,1000000,1000000
2019-04-05 12:30:08.088000,1.12319,1.12316,1000000,1500000
2019-04-05 12:30:08.140000,1.12317,1.12311,1500000,1000000
2019-04-05 12:30:08.191000,1.12316,1.12311,2400000,1000000
2019-04-05 12:30:08.242000,1.12319,1.1231,1000000,1200000
2019-04-05 12:30:08.356000,1.1232,1.12309,1500000,1320000
2019-04-05 12:30:08.459000,1.12317,1.12309,1000000,1870000
2019-04-05 12:30:08.561000,1.12315,1.12306,1000000,2750000
2019-04-05 12:30:08.699000,1.1232,1.12309,1000000,3000000
2019-04-05 12:30:08.803000,1.1232,1.12309,1000000,3970000
2019-04-05 12:30:08.905000,1.12321,1.12312,1000000,1840000
2019-04-05 12:30:09.084000,1.1233,1.1232,1000000,1500000
2019-04-05 12:30:09.135000,1.12335,1.12321,1120000,4500000
2019-04-05 12:30:09.237000,1.12334,1.12321,1000000,5250000
2019-04-05 12:30:09.289000,1.12335,1.12321,1500000,4150000
2019-04-05 12:30:09.340000,1.12335,1.12322,1620000,3750000
2019-04-05 12:30:09.490000,1.12335,1.12322,1000000,3620000
2019-04-05 12:30:09.542000,1.12344,1.12332,1000000,2620000
2019-04-05 12:30:09.645000,1.12352,1.12336,1000000,1000000
2019-04-05 12:30:09.696000,1.12353,1.12336,1000000,2870000
2019-04-05 12:30:09.799000,1.12356,1.12347,1000000,1500000
2019-04-05 12:30:09.945000,1.12366,1.12351,1500000,3400000
2019-04-05 12:30:10.047000,1.12365,1.12359,1000000,1000000
2019-04-05 12:30:10.150000,1.1237,1.12357,1000000,1120000
2019-04-05 12:30:10.263000,1.1237,1.12358,1500000,1000000
2019-04-05 12:30:10.318000,1.1237,1.12358,1000000,1700000
2019-04-05 12:30:10.370000,1.12374,1.1236,1000000,2400000
2019-04-05 12:30:10.421000,1.12374,1.12364,1000000,1500000
2019-04-05 12:30:10.523000,1.12376,1.12366,1200000,1120000
2019-04-05 12:30:10.575000,1.12381,1.12366,2450000,2370000
2019-04-05 12:30:10.684000,1.12379,1.12374,1000000,1500000
2019-04-05 12:30:10.888000,1.1238,1.12374,1000000,6000000
2019-04-05 12:30:10.939000,1.12386,1.12376,1050000,1500000
2019-04-05 12:30:11.044000,1.12386,1.12379,1650000,1000000
2019-04-05 12:30:11.096000,1.12397,1.1239,3370000,1690000
2019-04-05 12:30:11.150000,1.12398,1.1239,1000000,3250000
2019-04-05 12:30:11.255000,1.12392,1.12388,1000000,1250000
2019-04-05 12:30:11.358000,1.12392,1.12388,1000000,1250000
2019-04-05 12:30:11.466000,1.12394,1.12388,1000000,1250000
2019-04-05 12:30:11.669000,1.1239,1.12387,1000000,1300000
2019-04-05 12:30:11.723000,1.12394,1.12387,1000000,1300000
2019-04-05 12:30:11.908000,1.12387,1.12385,1000000,1050000
2019-04-05 12:30:11.959000,1.12388,1.12379,1000000,1250000
2019-04-05 12:30:12.062000,1.12395,1.12392,1000000,1120000
2019-04-05 12:30:12.113000,1.12399,1.12396,1000000,1120000
2019-04-05 12:30:12.164000,1.12397,1.12395,1000000,1000000
2019-04-05 12:30:12.245000,1.12394,1.12392,1500000,1250000
2019-04-05 12:30:12.347000,1.1239,1.12381,1000000,2500000
2019-04-05 12:30:12.501000,1.1239,1.12381,1000000,1750000
2019-04-05 12:30:12.727000,1.12392,1.12387,1000000,1000000
2019-04-05 12:30:12.829000,1.12393,1.12386,1000000,1250000
2019-04-05 12:30:12.933000,1.12388,1.12383,1000000,1500000
2019-04-05 12:30:12.984000,1.12388,1.12378,1000000,1950000
2019-04-05 12:30:13.105000,1.12387,1.12378,1000000,1950000
2019-04-05 12:30:13.156000,1.1239,1.12386,1500000,1000000
2019-04-05 12:30:13.209000,1.12389,1.12383,1000000,1000000
2019-04-05 12:30:13.311000,1.1239,1.12381,1000000,1690000
2019-04-05 12:30:13.413000,1.12387,1.12381,1000000,3250000
2019-04-05 12:30:13.550000,1.12386,1.12381,1000000,3620000
2019-04-05 12:30:13.601000,1.12391,1.12381,1000000,3620000
2019-04-05 12:30:13.805000,1.12392,1.12382,1250000,1310000
2019-04-05 12:30:13.857000,1.12394,1.12386,1000000,2440000
2019-04-05 12:30:13.908000,1.12396,1.12387,1250000,1000000
2019-04-05 12:30:14.008000,1.12396,1.12387,1000000,1750000
2019-04-05 12:30:14.211000,1.12396,1.12392,1000000,1000000
2019-04-05 12:30:14.426000,1.124,1.12392,1000000,1370000
2019-04-05 12:30:14.478000,1.124,1.12392,1000000,2700000
2019-04-05 12:30:14.579000,1.124,1.12392,1000000,1310000
2019-04-05 12:30:14.799000,1.12399,1.12392,1000000,3250000
2019-04-05 12:30:14.901000,1.12398,1.12393,1000000,1250000
2019-04-05 12:30:14.952000,1.124,1.12392,1000000,1750000
2019-04-05 12:30:15.004000,1.12402,1.12397,1500000,1000000
2019-04-05 12:30:15.127000,1.12402,1.12397,1000000,1870000
2019-04-05 12:30:15.179000,1.12404,1.12399,1690000,2160000
2019-04-05 12:30:15.231000,1.12406,1.12401,1000000,1250000
2019-04-05 12:30:15.334000,1.12411,1.12409,1500000,1000000
2019-04-05 12:30:15.386000,1.12411,1.12408,1690000,4440000
2019-04-05 12:30:15.437000,1.12418,1.12416,1000000,1000000
2019-04-05 12:30:15.587000,1.12422,1.12416,3100000,1000000
2019-04-05 12:30:15.691000,1.12421,1.12415,1850000,1000000
2019-04-05 12:30:15.844000,1.12416,1.12414,1000000,1000000
2019-04-05 12:30:15.895000,1.1242,1.12415,1850000,1000000
2019-04-05 12:30:15.997000,1.1242,1.12412,1010000,4690000
2019-04-05 12:30:16.099000,1.12421,1.12415,1250000,1000000
2019-04-05 12:30:16.219000,1.12419,1.12415,1000000,1200000
2019-04-05 12:30:16.321000,1.12418,1.12414,1000000,2100000
2019-04-05 12:30:16.525000,1.12417,1.12412,1000000,1820000
2019-04-05 12:30:16.710000,1.12418,1.12412,1120000,2970000
2019-04-05 12:30:17.045000,1.12418,1.12414,1120000,1000000
2019-04-05 12:30:17.148000,1.12417,1.12414,1000000,1000000
2019-04-05 12:30:17.514000,1.12415,1.12413,1500000,1100000
2019-04-05 12:30:17.565000,1.12413,1.1241,1000000,1000000
2019-04-05 12:30:17.616000,1.12411,1.12409,1120000,1000000
2019-04-05 12:30:17.669000,1.12413,1.12405,1850000,1010000
2019-04-05 12:30:17.811000,1.12412,1.12406,2200000,1000000
2019-04-05 12:30:17.863000,1.12409,1.12404,1120000,1500000
2019-04-05 12:30:17.914000,1.12408,1.12406,1120000,1000000
2019-04-05 12:30:17.965000,1.12412,1.12409,1120000,1000000
2019-04-05 12:30:18.017000,1.12415,1.12412,1870000,1000000
2019-04-05 12:30:18.142000,1.12417,1.12414,1120000,1000000
2019-04-05 12:30:18.246000,1.12418,1.12414,1120000,1600000
2019-04-05 12:30:18.605000,1.12421,1.12417,1000000,1690000
2019-04-05 12:30:18.708000,1.12425,1.12418,2870000,1250000
2019-04-05 12:30:18.810000,1.12422,1.12419,1870000,1220000
2019-04-05 12:30:18.862000,1.12419,1.12416,1120000,1000000
2019-04-05 12:30:18.971000,1.12418,1.1241,1000000,1120000
2019-04-05 12:30:19.074000,1.12416,1.12407,1000000,4000000
2019-04-05 12:30:19.178000,1.1242,1.12413,1250000,1600000
2019-04-05 12:30:19.306000,1.1242,1.12414,1810000,1220000
2019-04-05 12:30:19.358000,1.12419,1.12412,1120000,3450000
2019-04-05 12:30:19.460000,1.12418,1.12413,1000000,1000000
2019-04-05 12:30:19.719000,1.12418,1.12412,1000000,3640000
2019-04-05 12:30:19.872000,1.12418,1.12413,1000000,1500000
2019-04-05 12:30:19.974000,1.12419,1.12413,1250000,3450000
2019-04-05 12:30:20.077000,1.12418,1.12416,1000000,1000000
2019-04-05 12:30:20.161000,1.12421,1.12416,1000000,1000000
2019-04-05 12:30:20.213000,1.12454,1.12429,1000000,1420000
2019-04-05 12:30:20.315000,1.12451,1.12443,1000000,1250000
2019-04-05 12:30:20.424000,1.1245,1.12447,1000000,1120000
2019-04-05 12:30:20.479000,1.12451,1.12442,1000000,2120000
2019-04-05 12:30:20.740000,1.12451,1.12442,1000000,1370000
2019-04-05 12:30:20.994000,1.1245,1.12441,1000000,5000000
2019-04-05 12:30:21.046000,1.12447,1.12441,1000000,1750000
2019-04-05 12:30:21.127000,1.12446,1.12441,1000000,1000000
2019-04-05 12:30:21.180000,1.12444,1.12437,1000000,1120000
2019-04-05 12:30:21.231000,1.12442,1.12437,1000000,1120000
2019-04-05 12:30:21.334000,1.12443,1.12435,1000000,1380000
2019-04-05 12:30:21.437000,1.12443,1.12434,1000000,1570000
2019-04-05 12:30:21.550000,1.12444,1.12437,1000000,1000000
2019-04-05 12:30:21.654000,1.12441,1.12436,3370000,1500000
2019-04-05 12:30:21.759000,1.12441,1.12436,1000000,2250000
2019-04-05 12:30:21.810000,1.12441,1.12439,1000000,1000000
2019-04-05 12:30:21.985000,1.12441,1.12433,5620000,1000000
2019-04-05 12:30:22.037000,1.12436,1.12433,1120000,1000000
2019-04-05 12:30:22.190000,1.12436,1.1243,1000000,1000000
2019-04-05 12:30:22.241000,1.12433,1.12429,1120000,1000000
2019-04-05 12:30:22.351000,1.12433,1.12428,2500000,1000000
2019-04-05 12:30:22.504000,1.12433,1.12426,2500000,1250000
2019-04-05 12:30:22.777000,1.12431,1.12425,4390000,1000000
2019-04-05 12:30:22.830000,1.1243,1.12422,1010000,1570000
2019-04-05 12:30:23.034000,1.1243,1.12423,3750000,2770000
2019-04-05 12:30:23.156000,1.1243,1.12422,1250000,1500000
2019-04-05 12:30:23.209000,1.1243,1.12424,1000000,1000000
2019-04-05 12:30:23.312000,1.1243,1.12424,1200000,1250000
2019-04-05 12:30:23.464000,1.12431,1.12427,1600000,2250000
2019-04-05 12:30:23.567000,1.1243,1.12426,1120000,1000000
2019-04-05 12:30:23.619000,1.12429,1.12424,2320000,1000000
2019-04-05 12:30:23.773000,1.12428,1.12424,1000000,1000000
2019-04-05 12:30:23.938000,1.12428,1.12423,1000000,3000000
2019-04-05 12:30:24.201000,1.12425,1.12423,1000000,3000000
2019-04-05 12:30:24.441000,1.12426,1.12422,1620000,3000000
2019-04-05 12:30:24.544000,1.12426,1.12419,1690000,1000000
2019-04-05 12:30:24.596000,1.12421,1.12419,1500000,1000000
2019-04-05 12:30:24.701000,1.12416,1.12414,1000000,1250000
2019-04-05 12:30:24.816000,1.12418,1.12412,1000000,3190000
2019-04-05 12:30:24.868000,1.12415,1.12412,1000000,1000000
2019-04-05 12:30:24.919000,1.12412,1.12407,1000000,3000000
2019-04-05 12:30:25.022000,1.12408,1.12405,1000000,1000000
2019-04-05 12:30:25.156000,1.12407,1.12405,1000000,1000000
2019-04-05 12:30:25.207000,1.1241,1.12404,1000000,1000000
2019-04-05 12:30:25.415000,1.1241,1.12402,1000000,2810000
2019-04-05 12:30:25.518000,1.12411,1.12405,1000000,1690000
2019-04-05 12:30:25.742000,1.12412,1.12405,1250000,6500000
2019-04-05 12:30:25.844000,1.12407,1.12403,1000000,1620000
2019-04-05 12:30:25.965000,1.12406,1.12402,2250000,2250000
2019-04-05 12:30:26.068000,1.12406,1.12401,2250000,3300000
2019-04-05 12:30:26.221000,1.1241,1.12401,2440000,3120000
2019-04-05 12:30:26.333000,1.12409,1.12402,1000000,1120000
2019-04-05 12:30:26.384000,1.12408,1.12401,1000000,1500000
2019-04-05 12:30:26.487000,1.12408,1.124,1690000,4770000
2019-04-05 12:30:26.538000,1.12408,1.12401,1850000,1500000
2019-04-05 12:30:26.641000,1.12412,1.1241,1000000,1000000
2019-04-05 12:30:26.750000,1.12419,1.12412,1200000,1690000
2019-04-05 12:30:26.801000,1.12415,1.1241,1100000,2500000
2019-04-05 12:30:26.954000,1.12415,1.12412,1200000,1500000
2019-04-05 12:30:27.056000,1.12415,1.12409,1200000,4710000
2019-04-05 12:30:27.222000,1.12413,1.1241,1000000,1050000
2019-04-05 12:30:27.325000,1.1241,1.12407,1600000,1120000
2019-04-05 12:30:27.428000,1.12409,1.12402,1750000,2250000
2019-04-05 12:30:27.546000,1.12409,1.12401,1250000,1500000
2019-04-05 12:30:27.649000,1.1241,1.12401,1000000,1650000
2019-04-05 12:30:27.853000,1.1241,1.12401,1120000,3000000
2019-04-05 12:30:27.952000,1.12409,1.124,1000000,3300000
2019-04-05 12:30:28.003000,1.12407,1.12399,1000000,5500000
2019-04-05 12:30:28.106000,1.12402,1.12399,2100000,2170000
2019-04-05 12:30:28.208000,1.12402,1.12397,1600000,2250000
2019-04-05 12:30:28.371000,1.12403,1.12397,2350000,4690000
2019-04-05 12:30:28.524000,1.12403,1.12397,1310000,2620000
2019-04-05 12:30:28.576000,1.12397,1.12396,1000000,1870000
2019-04-05 12:30:28.678000,1.12397,1.12393,1000000,1000000
2019-04-05 12:30:28.794000,1.12399,1.12393,1010000,1000000
2019-04-05 12:30:29,1.12398,1.12392,1250000,1600000
2019-04-05 12:30:29.103000,1.12398,1.12392,1250000,1570000
2019-04-05 12:30:29.259000,1.12395,1.12391,1250000,1490000
2019-04-05 12:30:29.311000,1.12397,1.12391,2320000,1000000
2019-04-05 12:30:29.619000,1.12397,1.1239,1870000,1250000
2019-04-05 12:30:29.756000,1.12397,1.1239,1250000,9100000
2019-04-05 12:30:29.859000,1.12397,1.1239,1250000,9870000
2019-04-05 12:30:29.964000,1.12397,1.1239,1310000,8320000
2019-04-05 12:30:30.183000,1.12398,1.1239,1000000,6250000
2019-04-05 12:30:30.285000,1.12398,1.12394,1000000,5080000
2019-04-05 12:30:30.388000,1.12397,1.12391,2320000,2250000
2019-04-05 12:30:30.439000,1.12397,1.1239,2350000,3750000
2019-04-05 12:30:30.582000,1.12397,1.1239,2350000,1000000
2019-04-05 12:30:30.686000,1.12394,1.12389,3250000,2250000
2019-04-05 12:30:31.046000,1.12393,1.12388,1250000,2250000
2019-04-05 12:30:31.148000,1.12394,1.12388,2440000,2250000
2019-04-05 12:30:31.353000,1.12394,1.12388,2290000,2250000
2019-04-05 12:30:31.530000,1.1239,1.12387,1450000,1120000
2019-04-05 12:30:31.582000,1.12389,1.12384,1000000,2250000
2019-04-05 12:30:31.633000,1.12389,1.12384,1970000,2240000
2019-04-05 12:30:31.735000,1.12389,1.12384,3100000,4500000
2019-04-05 12:30:31.853000,1.12389,1.12384,3850000,2250000
2019-04-05 12:30:31.955000,1.12389,1.12384,3100000,4500000
2019-04-05 12:30:32.058000,1.12389,1.12384,2350000,4500000
2019-04-05 12:30:32.161000,1.12392,1.12388,2560000,2250000
2019-04-05 12:30:32.245000,1.12392,1.12388,2290000,4500000
2019-04-05 12:30:32.348000,1.12394,1.12388,1850000,5810000
2019-04-05 12:30:32.450000,1.12392,1.12387,1250000,2620000
2019-04-05 12:30:32.674000,1.12392,1.12387,1750000,2250000
2019-04-05 12:30:32.828000,1.12392,1.12387,2500000,2250000
2019-04-05 12:30:32.930000,1.12392,1.12387,1750000,2250000
2019-04-05 12:30:32.981000,1.12393,1.12387,2250000,6000000
2019-04-05 12:30:33.092000,1.12387,1.12386,2440000,5250000
2019-04-05 12:30:33.143000,1.12389,1.12386,1000000,4500000
2019-04-05 12:30:33.246000,1.12387,1.12385,1000000,1500000
2019-04-05 12:30:33.349000,1.12385,1.12382,1000000,1000000
2019-04-05 12:30:33.453000,1.12385,1.12377,1750000,2250000
2019-04-05 12:30:33.505000,1.12384,1.12377,1000000,4500000
2019-04-05 12:30:33.608000,1.12385,1.12379,1310000,2250000
2019-04-05 12:30:33.712000,1.12386,1.1238,1370000,2250000
2019-04-05 12:30:33.765000,1.12386,1.1238,1690000,4500000
2019-04-05 12:30:33.858000,1.12388,1.12383,1820000,2250000
2019-04-05 12:30:33.961000,1.12391,1.12387,1500000,1690000
2019-04-05 12:30:34.065000,1.12393,1.12388,1750000,2250000
2019-04-05 12:30:34.225000,1.12395,1.1239,1000000,2250000
2019-04-05 12:30:34.276000,1.12395,1.12388,1250000,2250000
2019-04-05 12:30:34.431000,1.12395,1.12389,1250000,2250000
2019-04-05 12:30:34.941000,1.12393,1.12389,1850000,2250000
2019-04-05 12:30:34.992000,1.12389,1.12386,1000000,4870000
2019-04-05 12:30:35.044000,1.1239,1.12386,3790000,4120000
2019-04-05 12:30:35.095000,1.12388,1.12383,2100000,2250000
2019-04-05 12:30:35.147000,1.12386,1.12381,1470000,4250000
2019-04-05 12:30:35.265000,1.12386,1.12384,1100000,2250000
2019-04-05 12:30:35.318000,1.12388,1.12382,1970000,2620000
2019-04-05 12:30:35.420000,1.12387,1.12383,1350000,2250000
2019-04-05 12:30:35.573000,1.12388,1.12382,1500000,2250000
2019-04-05 12:30:35.694000,1.12388,1.12384,1000000,2250000
2019-04-05 12:30:35.956000,1.12388,1.12384,1750000,2250000
2019-04-05 12:30:36.007000,1.12388,1.12382,1750000,2250000
2019-04-05 12:30:36.159000,1.12386,1.1238,1250000,4560000
2019-04-05 12:30:36.312000,1.12386,1.12379,1250000,3070000
2019-04-05 12:30:36.363000,1.12385,1.12378,2350000,3000000
2019-04-05 12:30:36.781000,1.12383,1.12378,2200000,2250000
2019-04-05 12:30:36.885000,1.12379,1.12376,1500000,2250000
2019-04-05 12:30:37.008000,1.12378,1.12376,1000000,2250000
2019-04-05 12:30:37.060000,1.12377,1.12373,1870000,2320000
2019-04-05 12:30:37.633000,1.12377,1.12374,1120000,2250000
2019-04-05 12:30:38.092000,1.12374,1.12372,1000000,4950000
2019-04-05 12:30:38.144000,1.12371,1.12368,2160000,2250000
2019-04-05 12:30:38.195000,1.1237,1.12366,1000000,2440000
2019-04-05 12:30:38.355000,1.12368,1.12365,1600000,2250000
2019-04-05 12:30:38.407000,1.12368,1.12364,1850000,2250000
2019-04-05 12:30:38.509000,1.12369,1.12363,3100000,1250000
2019-04-05 12:30:38.611000,1.12369,1.12364,2350000,1000000
2019-04-05 12:30:38.737000,1.12369,1.12366,2350000,2250000
2019-04-05 12:30:38.788000,1.12369,1.12364,2100000,1000000
2019-04-05 12:30:38.890000,1.12369,1.12363,1500000,1000000
2019-04-05 12:30:38.992000,1.12369,1.12364,1750000,1000000
2019-04-05 12:30:39.128000,1.12369,1.12365,1750000,2250000
2019-04-05 12:30:39.285000,1.1237,1.12367,1250000,2250000
2019-04-05 12:30:39.440000,1.12371,1.12364,2120000,1500000
2019-04-05 12:30:39.541000,1.12371,1.12367,2120000,2250000
2019-04-05 12:30:39.694000,1.12371,1.12367,2120000,2250000
2019-04-05 12:30:39.797000,1.12367,1.12366,1000000,2250000
2019-04-05 12:30:39.848000,1.12369,1.12365,2350000,1000000
2019-04-05 12:30:40.002000,1.12369,1.12363,1200000,2250000
2019-04-05 12:30:40.104000,1.1237,1.12364,1250000,1000000
2019-04-05 12:30:40.207000,1.12371,1.12365,2720000,1000000
2019-04-05 12:30:40.258000,1.12373,1.12369,4470000,2250000
2019-04-05 12:30:40.404000,1.12375,1.12369,1250000,1000000
2019-04-05 12:30:40.506000,1.12375,1.1237,1010000,2250000
2019-04-05 12:30:40.608000,1.12375,1.12368,4720000,2250000
2019-04-05 12:30:40.877000,1.12372,1.12368,2440000,2250000
2019-04-05 12:30:40.928000,1.12369,1.12363,3370000,2250000
2019-04-05 12:30:41.031000,1.1237,1.12364,1970000,2190000
2019-04-05 12:30:41.306000,1.12366,1.12363,3750000,2250000
2019-04-05 12:30:41.358000,1.12365,1.12359,1120000,1120000
2019-04-05 12:30:41.410000,1.12361,1.12358,6370000,1120000
2019-04-05 12:30:41.462000,1.1236,1.12355,2250000,2250000
2019-04-05 12:30:41.514000,1.1236,1.12353,5220000,1000000
2019-04-05 12:30:41.624000,1.1236,1.12351,2950000,5570000
2019-04-05 12:30:41.727000,1.1236,1.12353,2060000,1000000
2019-04-05 12:30:41.779000,1.1236,1.12353,4410000,4500000
2019-04-05 12:30:41.883000,1.12359,1.12352,5250000,1000000
2019-04-05 12:30:42.042000,1.12359,1.12353,4380000,2250000
2019-04-05 12:30:42.154000,1.12359,1.12354,1000000,2250000
2019-04-05 12:30:42.257000,1.12363,1.12357,5100000,2250000
2019-04-05 12:30:42.364000,1.12363,1.1236,2200000,1250000
2019-04-05 12:30:42.416000,1.12364,1.1236,3290000,1250000
2019-04-05 12:30:42.589000,1.12364,1.12358,3350000,1310000
2019-04-05 12:30:42.692000,1.12364,1.1236,2540000,1250000
2019-04-05 12:30:42.819000,1.12362,1.12359,3370000,2250000
2019-04-05 12:30:42.871000,1.12359,1.12353,5810000,4000000
2019-04-05 12:30:42.922000,1.12358,1.12352,3260000,1250000
2019-04-05 12:30:43.025000,1.12356,1.1235,2440000,3000000
2019-04-05 12:30:43.128000,1.12356,1.12351,2720000,2250000
2019-04-05 12:30:43.276000,1.12354,1.12349,1950000,2250000
2019-04-05 12:30:43.379000,1.12354,1.1235,2850000,1000000
2019-04-05 12:30:43.431000,1.12354,1.1235,1500000,1000000
2019-04-05 12:30:43.636000,1.12354,1.12348,1500000,5200000
2019-04-05 12:30:43.809000,1.12354,1.12348,1250000,2140000
2019-04-05 12:30:43.861000,1.12353,1.12347,1750000,5850000
2019-04-05 12:30:43.966000,1.12346,1.12343,1690000,1500000
2019-04-05 12:30:44.019000,1.12346,1.12342,1310000,1870000
2019-04-05 12:30:44.166000,1.12345,1.1234,1000000,2000000
2019-04-05 12:30:44.645000,1.12347,1.12342,2290000,2620000
2019-04-05 12:30:44.747000,1.12346,1.12343,1200000,2250000
2019-04-05 12:30:44.952000,1.12347,1.12342,2350000,3370000
2019-04-05 12:30:45.069000,1.12342,1.12339,1200000,1500000
2019-04-05 12:30:45.176000,1.12339,1.12334,1390000,3000000
2019-04-05 12:30:45.278000,1.12339,1.12335,1220000,2250000
2019-04-05 12:30:45.329000,1.12339,1.12333,1600000,1000000
2019-04-05 12:30:45.438000,1.12338,1.12336,1200000,1000000
2019-04-05 12:30:45.491000,1.1234,1.12334,1950000,2500000
2019-04-05 12:30:45.595000,1.12341,1.12336,2470000,1000000
2019-04-05 12:30:45.647000,1.12341,1.12337,1500000,2620000
2019-04-05 12:30:45.750000,1.1234,1.12337,1000000,1500000
2019-04-05 12:30:45.870000,1.12338,1.12336,1000000,2750000
2019-04-05 12:30:45.921000,1.12338,1.12332,1600000,1000000
2019-04-05 12:30:45.973000,1.12339,1.12335,1200000,2440000
2019-04-05 12:30:46.126000,1.12341,1.12335,1850000,2780000
2019-04-05 12:30:46.291000,1.12341,1.12334,3040000,1950000
2019-04-05 12:30:46.393000,1.1234,1.12334,1600000,1000000
2019-04-05 12:30:46.496000,1.12334,1.12333,1000000,2250000
2019-04-05 12:30:46.547000,1.12336,1.12331,3600000,1370000
2019-04-05 12:30:46.709000,1.12338,1.12334,1600000,1000000
2019-04-05 12:30:46.812000,1.12338,1.12332,1600000,3250000
2019-04-05 12:30:46.915000,1.12338,1.12332,1600000,2500000
2019-04-05 12:30:47.017000,1.12337,1.12331,2100000,1750000
2019-04-05 12:30:47.138000,1.12336,1.12332,1100000,2060000
2019-04-05 12:30:47.240000,1.12337,1.12332,2850000,1690000
2019-04-05 12:30:47.342000,1.12337,1.1233,2100000,1510000
2019-04-05 12:30:47.463000,1.12332,1.1233,1250000,1260000
2019-04-05 12:30:47.565000,1.12334,1.12328,2660000,2910000
2019-04-05 12:30:47.667000,1.12333,1.12328,1600000,1280000
2019-04-05 12:30:47.770000,1.12334,1.12328,1910000,1280000
2019-04-05 12:30:47.821000,1.12334,1.12328,1310000,1280000
2019-04-05 12:30:47.985000,1.12333,1.12328,1000000,2120000
2019-04-05 12:30:48.138000,1.12334,1.12329,1310000,1390000
2019-04-05 12:30:48.241000,1.12335,1.12331,1870000,2250000
2019-04-05 12:30:48.395000,1.12336,1.12331,1000000,1600000
2019-04-05 12:30:48.600000,1.12336,1.1233,1000000,2100000
2019-04-05 12:30:48.702000,1.12335,1.1233,1000000,2100000
2019-04-05 12:30:49.114000,1.12335,1.12332,1120000,1000000
2019-04-05 12:30:49.216000,1.12335,1.12331,1120000,1200000
2019-04-05 12:30:49.574000,1.12333,1.1233,1500000,2350000
2019-04-05 12:30:49.681000,1.12331,1.12329,1000000,1390000
2019-04-05 12:30:49.783000,1.12333,1.12329,1000000,1450000
2019-04-05 12:30:49.931000,1.12336,1.12331,1000000,2810000
2019-04-05 12:30:49.983000,1.12336,1.12332,1000000,1970000
2019-04-05 12:30:50.087000,1.12336,1.12333,1000000,1450000
2019-04-05 12:30:51.218000,1.12336,1.12332,1000000,3260000
2019-04-05 12:30:51.363000,1.12336,1.12331,1000000,3100000
2019-04-05 12:30:51.516000,1.12336,1.12332,1000000,2440000
2019-04-05 12:30:52.035000,1.12336,1.12334,1000000,2250000
2019-04-05 12:30:52.189000,1.12336,1.12335,1000000,2250000
2019-04-05 12:30:52.299000,1.12336,1.12334,1000000,2250000
2019-04-05 12:30:52.351000,1.12339,1.12336,1000000,1250000
2019-04-05 12:30:52.403000,1.12341,1.12338,1000000,2500000
2019-04-05 12:30:52.456000,1.12343,1.12338,1000000,2870000
2019-04-05 12:30:52.611000,1.12341,1.12339,1000000,2250000
2019-04-05 12:30:52.719000,1.12342,1.12337,1000000,4000000
2019-04-05 12:30:52.822000,1.12345,1.12342,1100000,1750000
2019-04-05 12:30:52.873000,1.12345,1.12341,1000000,4000000
2019-04-05 12:30:52.925000,1.12346,1.12345,1000000,2250000
2019-04-05 12:30:53.027000,1.12346,1.12343,1200000,2440000
2019-04-05 12:30:53.179000,1.12347,1.12344,1000000,2250000
2019-04-05 12:30:53.281000,1.12347,1.12343,1000000,2440000
2019-04-05 12:30:53.832000,1.12347,1.12343,1000000,2500000
2019-04-05 12:30:53.934000,1.12346,1.12343,1000000,2500000
2019-04-05 12:30:54.291000,1.12348,1.12344,1000000,2890000
2019-04-05 12:30:54.956000,1.12347,1.12344,1500000,2320000
2019-04-05 12:30:55.106000,1.12347,1.12342,1000000,2890000
2019-04-05 12:30:55.651000,1.12347,1.12342,1000000,1350000
2019-04-05 12:30:55.702000,1.12347,1.12342,1000000,5600000
2019-04-05 12:30:56.008000,1.12348,1.12345,1000000,1120000
2019-04-05 12:30:56.176000,1.12347,1.12344,1120000,2700000
2019-04-05 12:30:56.279000,1.12345,1.12343,1500000,1870000
2019-04-05 12:30:56.330000,1.12347,1.12344,1000000,2250000
2019-04-05 12:30:56.581000,1.1235,1.12346,1500000,2910000
2019-04-05 12:30:56.633000,1.12353,1.12348,1000000,1250000
2019-04-05 12:30:56.685000,1.12353,1.1235,1000000,4750000
2019-04-05 12:30:57.726000,1.12357,1.12351,1000000,4500000
2019-04-05 12:30:58.134000,1.12358,1.12353,1000000,2810000
2019-04-05 12:30:58.644000,1.12356,1.12353,2250000,2620000
2019-04-05 12:30:58.954000,1.12355,1.12351,1000000,2250000
2019-04-05 12:30:59.057000,1.12352,1.12349,1000000,2320000
2019-04-05 12:30:59.175000,1.12354,1.1235,1000000,2250000
2019-04-05 12:30:59.329000,1.12353,1.12349,1000000,2570000
2019-04-05 12:30:59.432000,1.12352,1.12349,1000000,2890000
2019-04-05 12:30:59.483000,1.12349,1.12347,1000000,4240000
2019-04-05 12:30:59.616000,1.12347,1.12344,1000000,2700000
2019-04-05 12:30:59.668000,1.12346,1.12342,1000000,2700000
2019-04-05 12:30:59.874000,1.12344,1.1234,1750000,1100000
2019-04-05 12:30:59.990000,1.12338,1.12337,1000000,1500000
2019-04-05 12:31:00.041000,1.12337,1.12334,1000000,2810000
2019-04-05 12:31:00.144000,1.12339,1.12334,2250000,2510000
2019-04-05 12:31:00.247000,1.12339,1.12335,1000000,2250000
2019-04-05 12:31:00.356000,1.1234,1.12336,1000000,2250000
2019-04-05 12:31:00.460000,1.12338,1.12337,1000000,2250000
2019-04-05 12:31:00.511000,1.12338,1.12335,1000000,2250000
2019-04-05 12:31:01.069000,1.12339,1.12335,1000000,2250000
2019-04-05 12:31:01.326000,1.1234,1.12336,1000000,1870000
2019-04-05 12:31:01.481000,1.12339,1.12335,1000000,1000000
2019-04-05 12:31:01.532000,1.12339,1.12334,1000000,2890000
2019-04-05 12:31:01.787000,1.1234,1.12334,1000000,3640000
2019-04-05 12:31:01.889000,1.1234,1.12335,1000000,1000000
2019-04-05 12:31:02.044000,1.1234,1.12336,1000000,2250000
2019-04-05 12:31:02.488000,1.1234,1.12335,1000000,2250000
2019-04-05 12:31:02.540000,1.12338,1.12333,1000000,5540000
2019-04-05 12:31:02.670000,1.12338,1.12335,1000000,2250000
2019-04-05 12:31:02.722000,1.12338,1.12333,1000000,2440000
2019-04-05 12:31:02.824000,1.12339,1.12333,2250000,2440000
2019-04-05 12:31:03.130000,1.12338,1.12333,1000000,2510000
2019-04-05 12:31:03.435000,1.12339,1.12333,5620000,3190000
2019-04-05 12:31:03.538000,1.12339,1.12333,3000000,2250000
2019-04-05 12:31:03.825000,1.12339,1.12333,1100000,2890000
2019-04-05 12:31:03.978000,1.12339,1.12333,1200000,2250000
2019-04-05 12:31:04.080000,1.12336,1.12333,1000000,3640000
2019-04-05 12:31:04.191000,1.12333,1.12332,1120000,1000000
2019-04-05 12:31:04.244000,1.12333,1.1233,1000000,1000000
2019-04-05 12:31:04.348000,1.12334,1.12329,2810000,1200000
2019-04-05 12:31:04.400000,1.12332,1.12328,1000000,1910000
2019-04-05 12:31:04.452000,1.12332,1.12327,1000000,2510000
2019-04-05 12:31:04.598000,1.1233,1.12325,1690000,13040000
2019-04-05 12:31:04.700000,1.12324,1.12322,1000000,1950000
2019-04-05 12:31:04.752000,1.12325,1.12322,1120000,1000000
2019-04-05 12:31:04.803000,1.12326,1.1232,2250000,5030000
2019-04-05 12:31:04.854000,1.12327,1.12322,3640000,2250000
2019-04-05 12:31:04.968000,1.12325,1.12322,2060000,2440000
2019-04-05 12:31:05.072000,1.12324,1.12321,1000000,2250000
2019-04-05 12:31:05.176000,1.12325,1.1232,1000000,2250000
2019-04-05 12:31:05.458000,1.12325,1.12319,1000000,3450000
2019-04-05 12:31:05.561000,1.12325,1.12319,1000000,6640000
2019-04-05 12:31:05.877000,1.12327,1.12321,1720000,3000000
2019-04-05 12:31:05.980000,1.12327,1.12323,2440000,2250000
2019-04-05 12:31:06.296000,1.12326,1.12323,1000000,3450000
2019-04-05 12:31:06.399000,1.12326,1.1232,1000000,1250000
2019-04-05 12:31:06.920000,1.12326,1.12322,1000000,2250000
2019-04-05 12:31:07.027000,1.12326,1.12321,1000000,2440000
2019-04-05 12:31:07.130000,1.12322,1.1232,1250000,4570000
2019-04-05 12:31:07.237000,1.12321,1.12319,1000000,3750000
2019-04-05 12:31:07.353000,1.12321,1.12318,1000000,1010000
2019-04-05 12:31:07.665000,1.12318,1.12317,1000000,2400000
2019-04-05 12:31:07.717000,1.12317,1.12314,1690000,2250000
2019-04-05 12:31:07.820000,1.12317,1.12312,1690000,1250000
2019-04-05 12:31:08.053000,1.12318,1.12312,1100000,3250000
2019-04-05 12:31:08.158000,1.12319,1.12314,1690000,4000000
2019-04-05 12:31:08.341000,1.12322,1.12318,1000000,2440000
2019-04-05 12:31:08.503000,1.12324,1.12321,1000000,2250000
2019-04-05 12:31:08.555000,1.12327,1.12322,2700000,2250000
2019-04-05 12:31:08.659000,1.12325,1.12321,1000000,3970000
2019-04-05 12:31:08.762000,1.12325,1.12321,1000000,3450000
2019-04-05 12:31:08.866000,1.12326,1.12322,1250000,1000000
2019-04-05 12:31:09.004000,1.12326,1.12321,1250000,3450000
2019-04-05 12:31:09.107000,1.12325,1.12321,1000000,3450000
2019-04-05 12:31:09.210000,1.12325,1.12321,1000000,3470000
2019-04-05 12:31:09.483000,1.12325,1.12323,1000000,2250000
2019-04-05 12:31:09.665000,1.12319,1.12318,2100000,1100000
2019-04-05 12:31:09.863000,1.1231,1.12308,1500000,1870000
2019-04-05 12:31:09.966000,1.1231,1.12306,1100000,2250000
2019-04-05 12:31:10.018000,1.12312,1.12306,4200000,3070000
2019-04-05 12:31:10.121000,1.12312,1.12309,1200000,1000000
2019-04-05 12:31:10.172000,1.12314,1.1231,1000000,2250000
2019-04-05 12:31:10.281000,1.12315,1.12312,1120000,2250000
2019-04-05 12:31:10.383000,1.12317,1.12313,1700000,3190000
2019-04-05 12:31:10.486000,1.1232,1.12317,1220000,2250000
2019-04-05 12:31:10.538000,1.12322,1.12317,2250000,2250000
2019-04-05 12:31:10.702000,1.12315,1.12313,1250000,1470000
2019-04-05 12:31:10.804000,1.12317,1.12313,1000000,1750000
2019-04-05 12:31:10.908000,1.12319,1.12314,1000000,4000000
2019-04-05 12:31:11.205000,1.12319,1.12314,1000000,2890000
2019-04-05 12:31:11.358000,1.12317,1.12314,1000000,2320000
2019-04-05 12:31:11.496000,1.12307,1.12306,2850000,3190000
2019-04-05 12:31:11.548000,1.12309,1.12307,1500000,2440000
2019-04-05 12:31:11.652000,1.12311,1.12307,1000000,2250000
2019-04-05 12:31:11.755000,1.1231,1.12305,1000000,1220000
2019-04-05 12:31:11.868000,1.12314,1.1231,2250000,1390000
2019-04-05 12:31:11.972000,1.12314,1.12311,1000000,4600000
2019-04-05 12:31:12.077000,1.12317,1.12314,1000000,2440000
2019-04-05 12:31:12.130000,1.1232,1.12315,1000000,2320000
2019-04-05 12:31:12.387000,1.1232,1.12314,1000000,3850000
2019-04-05 12:31:12.695000,1.12321,1.12318,1000000,2250000
2019-04-05 12:31:12.806000,1.1232,1.12318,1000000,2250000
2019-04-05 12:31:12.959000,1.1232,1.12317,1000000,2700000
2019-04-05 12:31:13.062000,1.12318,1.12314,1000000,4600000
2019-04-05 12:31:13.192000,1.12316,1.12311,1000000,1000000
2019-04-05 12:31:13.243000,1.12314,1.12311,1000000,1000000
2019-04-05 12:31:13.295000,1.12314,1.12308,1000000,3000000
2019-04-05 12:31:13.346000,1.12309,1.12308,1000000,1000000
2019-04-05 12:31:13.448000,1.12308,1.12305,1000000,3000000
2019-04-05 12:31:13.610000,1.12309,1.12303,1120000,3740000
2019-04-05 12:31:13.712000,1.12308,1.12303,1000000,3670000
2019-04-05 12:31:13.916000,1.12307,1.12302,1000000,1320000
2019-04-05 12:31:14.018000,1.12307,1.12302,1000000,2700000
2019-04-05 12:31:14.175000,1.12306,1.12301,1000000,5290000
2019-04-05 12:31:14.277000,1.12308,1.12301,1250000,4040000
2019-04-05 12:31:14.379000,1.12308,1.12303,1370000,2250000
2019-04-05 12:31:14.481000,1.12308,1.12302,1370000,2320000
2019-04-05 12:31:14.583000,1.12304,1.12302,2060000,1200000
2019-04-05 12:31:14.703000,1.12306,1.12301,1570000,1000000
2019-04-05 12:31:14.806000,1.12307,1.12301,2440000,1600000
2019-04-05 12:31:14.908000,1.12306,1.12301,1000000,1220000
2019-04-05 12:31:14.959000,1.12306,1.123,1100000,1390000
2019-04-05 12:31:15.284000,1.12306,1.12301,1100000,2250000
2019-04-05 12:31:15.436000,1.12303,1.12301,2250000,2250000
2019-04-05 12:31:15.539000,1.12304,1.12299,2870000,3750000
2019-04-05 12:31:15.641000,1.12305,1.12297,3570000,5010000
2019-04-05 12:31:15.769000,1.12305,1.12297,6450000,4450000
2019-04-05 12:31:15.871000,1.12305,1.12299,3070000,2440000
2019-04-05 12:31:15.974000,1.12306,1.123,1120000,1120000
2019-04-05 12:31:16.076000,1.12306,1.12301,1120000,2250000
2019-04-05 12:31:16.340000,1.12304,1.12299,1000000,1850000
2019-04-05 12:31:16.443000,1.12306,1.12299,4390000,1250000
2019-04-05 12:31:16.677000,1.12306,1.123,3190000,2250000
2019-04-05 12:31:16.728000,1.12304,1.123,4750000,2250000
2019-04-05 12:31:16.831000,1.123,1.12296,1250000,2700000
2019-04-05 12:31:16.934000,1.123,1.12295,1690000,2250000
2019-04-05 12:31:17.052000,1.12299,1.12296,1500000,2250000
2019-04-05 12:31:17.155000,1.12298,1.12295,1250000,2250000
2019-04-05 12:31:17.259000,1.12295,1.12293,1000000,3070000
2019-04-05 12:31:17.311000,1.12295,1.12291,1500000,2250000
2019-04-05 12:31:17.413000,1.12296,1.12291,1100000,2250000
2019-04-05 12:31:17.587000,1.12296,1.12292,2510000,2250000
2019-04-05 12:31:17.639000,1.12296,1.12292,1000000,2750000
2019-04-05 12:31:17.741000,1.12297,1.12292,1310000,3750000
2019-04-05 12:31:18.040000,1.12298,1.12292,1390000,3560000
2019-04-05 12:31:18.193000,1.12299,1.12293,1600000,1120000
2019-04-05 12:31:18.295000,1.123,1.12294,1250000,1120000
2019-04-05 12:31:18.449000,1.12301,1.12294,1390000,3370000
2019-04-05 12:31:18.573000,1.12301,1.12294,1390000,5810000
2019-04-05 12:31:18.679000,1.12301,1.12294,2200000,5810000
2019-04-05 12:31:19.244000,1.12301,1.12295,2200000,2250000
2019-04-05 12:31:19.295000,1.12299,1.12294,1690000,1000000
2019-04-05 12:31:19.398000,1.12299,1.12293,1000000,1760000
2019-04-05 12:31:19.449000,1.12297,1.12292,1000000,6550000
2019-04-05 12:31:19.653000,1.12297,1.12292,1000000,4790000
2019-04-05 12:31:20.054000,1.12297,1.12292,1000000,4860000
2019-04-05 12:31:20.262000,1.12296,1.12292,1000000,2420000
2019-04-05 12:31:20.365000,1.12297,1.12292,5060000,2350000
2019-04-05 12:31:20.467000,1.12296,1.12292,1000000,2350000
2019-04-05 12:31:20.745000,1.12296,1.12291,1000000,4600000
2019-04-05 12:31:20.848000,1.12296,1.12291,1000000,2350000
2019-04-05 12:31:21.074000,1.12296,1.12291,1000000,3470000
2019-04-05 12:31:21.176000,1.12296,1.12292,1000000,2330000
2019-04-05 12:31:21.326000,1.12296,1.12291,1000000,2890000
2019-04-05 12:31:21.682000,1.12296,1.1229,1250000,6700000
2019-04-05 12:31:22.158000,1.12293,1.1229,1760000,1000000
2019-04-05 12:31:22.311000,1.12294,1.12289,1600000,4500000
2019-04-05 12:31:22.414000,1.12293,1.12291,1000000,2250000
2019-04-05 12:31:22.832000,1.12293,1.12289,1000000,4310000
2019-04-05 12:31:23.344000,1.12293,1.1229,1000000,2250000
2019-04-05 12:31:23.497000,1.12293,1.12291,1000000,2250000
2019-04-05 12:31:23.648000,1.12294,1.12291,1000000,3370000
2019-04-05 12:31:23.862000,1.12295,1.1229,1000000,4000000
2019-04-05 12:31:24.015000,1.12295,1.12292,1000000,1000000
2019-04-05 12:31:24.270000,1.12295,1.12291,1000000,1250000
2019-04-05 12:31:24.386000,1.12295,1.12291,1000000,4000000
2019-04-05 12:31:24.539000,1.12295,1.12291,1000000,3190000
2019-04-05 12:31:24.755000,1.12295,1.1229,1000000,1250000
2019-04-05 12:31:24.908000,1.12295,1.1229,1000000,4750000
2019-04-05 12:31:25.387000,1.12295,1.1229,2250000,3000000
2019-04-05 12:31:25.530000,1.12294,1.12291,1000000,2250000
2019-04-05 12:31:25.683000,1.12295,1.12291,1000000,2250000
2019-04-05 12:31:25.785000,1.12295,1.12293,1000000,1000000
2019-04-05 12:31:26.099000,1.12292,1.1229,1870000,1680000
2019-04-05 12:31:26.204000,1.1229,1.12289,2250000,1000000
2019-04-05 12:31:26.308000,1.12291,1.12289,1500000,3000000
2019-04-05 12:31:26.411000,1.12292,1.1229,1000000,1000000
2019-04-05 12:31:26.462000,1.12294,1.1229,2250000,2570000
2019-04-05 12:31:26.515000,1.12296,1.12291,1200000,1250000
2019-04-05 12:31:26.669000,1.12297,1.12291,4200000,2440000
2019-04-05 12:31:26.972000,1.12298,1.12293,1600000,1250000
2019-04-05 12:31:27.074000,1.12301,1.12298,1500000,1250000
2019-04-05 12:31:27.177000,1.12305,1.12302,2100000,1250000
2019-04-05 12:31:27.228000,1.12306,1.12302,1100000,1250000
2019-04-05 12:31:27.330000,1.12307,1.12303,1200000,1690000
2019-04-05 12:31:27.442000,1.12308,1.12304,1000000,3190000
2019-04-05 12:31:27.497000,1.12311,1.12309,3120000,1250000
2019-04-05 12:31:27.548000,1.12313,1.12309,1950000,2440000
2019-04-05 12:31:27.651000,1.12313,1.1231,1500000,1000000
2019-04-05 12:31:27.702000,1.12312,1.12307,1250000,2620000
2019-04-05 12:31:27.813000,1.12314,1.1231,3000000,1000000
2019-04-05 12:31:27.864000,1.12312,1.12307,1100000,1250000
2019-04-05 12:31:27.967000,1.12313,1.12308,2320000,1250000
2019-04-05 12:31:28.223000,1.12315,1.12311,1000000,1000000
2019-04-05 12:31:28.337000,1.12319,1.12313,1870000,1250000
2019-04-05 12:31:28.442000,1.1232,1.12315,3750000,2500000
2019-04-05 12:31:28.545000,1.1232,1.12315,1120000,2700000
2019-04-05 12:31:28.699000,1.1232,1.12316,1000000,1250000
2019-04-05 12:31:29.248000,1.12322,1.12316,3390000,1250000
2019-04-05 12:31:29.407000,1.12324,1.12317,3000000,4040000
2019-04-05 12:31:29.511000,1.12324,1.12317,2250000,4540000
2019-04-05 12:31:29.774000,1.12324,1.12318,1500000,2220000
2019-04-05 12:31:29.826000,1.12326,1.12319,1870000,3350000
2019-04-05 12:31:29.931000,1.12327,1.12325,2250000,1750000
2019-04-05 12:31:29.983000,1.12328,1.12324,4500000,2870000
2019-04-05 12:31:30.087000,1.12329,1.12325,1000000,1850000
2019-04-05 12:31:30.203000,1.1233,1.12324,1000000,5350000
2019-04-05 12:31:30.408000,1.12332,1.12326,2250000,2660000
2019-04-05 12:31:30.565000,1.12332,1.12326,2250000,1760000
2019-04-05 12:31:30.780000,1.12331,1.12325,1950000,3070000
2019-04-05 12:31:30.882000,1.1233,1.12325,4120000,1000000
2019-04-05 12:31:30.934000,1.12331,1.12325,1570000,3190000
2019-04-05 12:31:31.044000,1.12334,1.12328,1760000,1250000
2019-04-05 12:31:31.147000,1.12335,1.12329,1500000,6040000
2019-04-05 12:31:31.251000,1.12337,1.1233,1500000,3040000
2019-04-05 12:31:31.353000,1.12337,1.1233,1500000,3040000
2019-04-05 12:31:31.405000,1.12337,1.1233,3250000,1000000
2019-04-05 12:31:31.495000,1.12335,1.12329,3000000,4200000
2019-04-05 12:31:31.597000,1.12334,1.12327,3370000,6410000
2019-04-05 12:31:31.700000,1.12334,1.12327,2870000,2510000
2019-04-05 12:31:31.802000,1.12334,1.12327,2620000,3410000
2019-04-05 12:31:31.980000,1.12335,1.12331,1500000,1510000
2019-04-05 12:31:32.032000,1.12339,1.12334,1500000,1250000
2019-04-05 12:31:32.136000,1.12341,1.12336,3000000,1600000
2019-04-05 12:31:32.238000,1.12344,1.12336,1250000,3190000
2019-04-05 12:31:32.352000,1.12344,1.12337,2510000,1600000
2019-04-05 12:31:32.505000,1.12344,1.12336,1500000,7540000
2019-04-05 12:31:32.608000,1.12345,1.1234,2000000,1850000
2019-04-05 12:31:32.710000,1.12345,1.12339,3810000,2850000
2019-04-05 12:31:32.813000,1.12344,1.12339,1120000,1600000
2019-04-05 12:31:32.865000,1.12344,1.12337,2240000,4750000
2019-04-05 12:31:33.179000,1.12346,1.1234,3190000,1000000
2019-04-05 12:31:33.539000,1.12347,1.12342,1500000,1000000
2019-04-05 12:31:33.651000,1.12348,1.12342,1500000,6600000
2019-04-05 12:31:33.755000,1.12349,1.12343,1000000,1200000
2019-04-05 12:31:33.859000,1.12349,1.12343,1000000,1200000
2019-04-05 12:31:33.962000,1.12349,1.12343,1000000,3600000
2019-04-05 12:31:34.271000,1.12348,1.12343,1000000,4350000
2019-04-05 12:31:34.905000,1.12351,1.12346,1500000,4690000
2019-04-05 12:31:35.013000,1.12351,1.12346,4570000,1970000
2019-04-05 12:31:35.115000,1.1235,1.12346,1870000,1220000
2019-04-05 12:31:35.217000,1.12351,1.12345,4510000,2470000
2019-04-05 12:31:35.736000,1.12352,1.12347,1570000,2440000
2019-04-05 12:31:35.852000,1.12353,1.12348,2350000,1200000
2019-04-05 12:31:36.055000,1.12353,1.12348,2350000,1950000
2019-04-05 12:31:36.158000,1.12353,1.12347,1600000,3190000
2019-04-05 12:31:36.299000,1.12351,1.12346,4000000,2320000
2019-04-05 12:31:36.402000,1.12351,1.12345,2870000,2810000
2019-04-05 12:31:36.505000,1.12351,1.12344,2890000,1250000
2019-04-05 12:31:36.607000,1.1235,1.12343,1500000,4950000
2019-04-05 12:31:36.771000,1.1235,1.12344,1390000,3010000
2019-04-05 12:31:36.874000,1.12349,1.12344,1250000,1750000
2019-04-05 12:31:37.194000,1.12348,1.12343,1000000,1850000
