time,ask,bid,ask_volume,bid_volume
2018-08-29 09:25:00.642000,1.16705,1.16702,6560000,1000000
2018-08-29 09:25:01.259000,1.16705,1.16701,2810000,3940000
2018-08-29 09:25:06.052000,1.16705,1.16702,6560000,1000000
2018-08-29 09:25:07.916000,1.16705,1.16701,8810000,9190000
2018-08-29 09:25:08.737000,1.16705,1.16702,11810000,1000000
2018-08-29 09:25:09.925000,1.16705,1.16701,8060000,6190000
2018-08-29 09:25:15.381000,1.16702,1.167,3940000,1870000
2018-08-29 09:25:15.433000,1.16701,1.16698,3070000,1500000
2018-08-29 09:25:16.009000,1.16701,1.16697,4570000,2320000
2018-08-29 09:25:16.111000,1.16699,1.16697,1000000,2700000
2018-08-29 09:25:18.567000,1.16701,1.16697,4570000,1950000
2018-08-29 09:25:19.094000,1.16702,1.16698,4200000,3070000
2018-08-29 09:25:19.483000,1.16702,1.167,2250000,1000000
2018-08-29 09:25:20.003000,1.16703,1.16699,7160000,1000000
2018-08-29 09:25:20.423000,1.167,1.16696,4010000,3640000
2018-08-29 09:25:20.942000,1.16699,1.16696,3220000,5810000
2018-08-29 09:25:21.481000,1.167,1.16696,4160000,3190000
2018-08-29 09:25:21.533000,1.16698,1.16697,1000000,1000000
2018-08-29 09:25:21.584000,1.16698,1.16695,2250000,2620000
2018-08-29 09:25:22.037000,1.167,1.16695,2890000,9370000
2018-08-29 09:25:22.649000,1.167,1.16696,2060000,1120000
2018-08-29 09:25:24.831000,1.167,1.16696,4760000,2250000
2018-08-29 09:25:25.349000,1.167,1.16696,9110000,1870000
2018-08-29 09:25:25.650000,1.16697,1.16695,1220000,3000000
2018-08-29 09:25:25.703000,1.16697,1.16693,2660000,1120000
2018-08-29 09:25:25.808000,1.16696,1.16693,2170000,1500000
2018-08-29 09:25:26.330000,1.16696,1.16693,1800000,1870000
2018-08-29 09:25:26.844000,1.16695,1.16693,1000000,1870000
2018-08-29 09:25:27.649000,1.16695,1.16692,2320000,3000000
2018-08-29 09:25:28.288000,1.16695,1.16693,2510000,1250000
2018-08-29 09:25:28.828000,1.16695,1.16692,1000000,2810000
2018-08-29 09:25:29.408000,1.16695,1.16692,1000000,3750000
2018-08-29 09:25:29.932000,1.16694,1.16692,1120000,1690000
2018-08-29 09:25:30.534000,1.16694,1.16692,1100000,1690000
2018-08-29 09:25:31.078000,1.16694,1.16692,1100000,1690000
2018-08-29 09:25:31.767000,1.16695,1.16692,1570000,3940000
2018-08-29 09:25:32.218000,1.16696,1.16692,3670000,2250000
2018-08-29 09:25:33.135000,1.16695,1.16692,1500000,2250000
2018-08-29 09:25:34.349000,1.16696,1.16692,7420000,2250000
2018-08-29 09:25:34.877000,1.16696,1.16692,5360000,2250000
2018-08-29 09:25:35.428000,1.16696,1.16692,5360000,2250000
2018-08-29 09:25:36.952000,1.16695,1.16692,1000000,2250000
2018-08-29 09:25:37.466000,1.16696,1.16692,6970000,1000000
2018-08-29 09:25:38.560000,1.16695,1.16692,1500000,1000000
2018-08-29 09:25:41.063000,1.16696,1.16692,5250000,1000000
2018-08-29 09:25:41.943000,1.16695,1.16692,1000000,2250000
2018-08-29 09:25:42.493000,1.16696,1.16692,4120000,1000000
2018-08-29 09:25:42.651000,1.16694,1.16691,1500000,1120000
2018-08-29 09:25:42.953000,1.16689,1.16687,1120000,1000000
2018-08-29 09:25:44.598000,1.16688,1.16687,1000000,1000000
2018-08-29 09:25:45.100000,1.1669,1.16687,6600000,1000000
2018-08-29 09:25:47.047000,1.16688,1.16687,1000000,1000000
2018-08-29 09:25:47.570000,1.16689,1.16687,2620000,1000000
2018-08-29 09:25:48.596000,1.16688,1.16687,1000000,1000000
2018-08-29 09:25:48.804000,1.16688,1.16685,2250000,6190000
2018-08-29 09:25:49.832000,1.16688,1.16685,3940000,2250000
2018-08-29 09:25:51.914000,1.16687,1.16684,2440000,1690000
2018-08-29 09:25:52.441000,1.16688,1.16684,3370000,1000000
2018-08-29 09:25:53.436000,1.16687,1.16684,2250000,3560000
2018-08-29 09:25:54.860000,1.16687,1.16684,2250000,3750000
2018-08-29 09:25:55.570000,1.16687,1.16684,2440000,2810000
2018-08-29 09:25:56.650000,1.16688,1.16685,6040000,1690000
2018-08-29 09:25:57.036000,1.16689,1.16686,1310000,4870000
2018-08-29 09:25:57.291000,1.16691,1.16688,1870000,1120000
2018-08-29 09:25:57.854000,1.16691,1.16686,3190000,8890000
2018-08-29 09:25:57.905000,1.16689,1.16686,1000000,10200000
2018-08-29 09:25:58.212000,1.16691,1.16687,2810000,1870000
2018-08-29 09:25:58.750000,1.16691,1.16686,2810000,6070000
2018-08-29 09:25:59.727000,1.16691,1.16687,1870000,1870000
2018-08-29 09:26:03.255000,1.16692,1.16689,2620000,3900000
2018-08-29 09:26:03.587000,1.16694,1.16691,1400000,1870000
2018-08-29 09:26:05.324000,1.16695,1.16691,10120000,1870000
2018-08-29 09:26:05.854000,1.16694,1.16691,1000000,1120000
2018-08-29 09:26:06.387000,1.16693,1.16691,1000000,1120000
2018-08-29 09:26:07.325000,1.16694,1.16691,1000000,1000000
2018-08-29 09:26:08.079000,1.16695,1.16691,6940000,3000000
2018-08-29 09:26:08.595000,1.16694,1.16691,1000000,1500000
2018-08-29 09:26:09.375000,1.16693,1.1669,3000000,3750000
2018-08-29 09:26:11.919000,1.16692,1.16689,2250000,2890000
2018-08-29 09:26:11.974000,1.16688,1.16687,4350000,1250000
2018-08-29 09:26:12.546000,1.16689,1.16686,6040000,2810000
2018-08-29 09:26:13.161000,1.16689,1.16686,10540000,5440000
2018-08-29 09:26:13.665000,1.16688,1.16686,3750000,2810000
2018-08-29 09:26:14.330000,1.16689,1.16686,9790000,2810000
2018-08-29 09:26:15.189000,1.16688,1.16686,3000000,3560000
2018-08-29 09:26:17.139000,1.16689,1.16686,3600000,1200000
2018-08-29 09:26:17.661000,1.16688,1.16686,1000000,1500000
2018-08-29 09:26:18.183000,1.16689,1.16686,7050000,1000000
2018-08-29 09:26:19.935000,1.16689,1.16686,6790000,3190000
2018-08-29 09:26:20.249000,1.16686,1.16684,1000000,1870000
2018-08-29 09:26:21.344000,1.16685,1.16683,9560000,3370000
2018-08-29 09:26:21.531000,1.16684,1.16681,1690000,1870000
2018-08-29 09:26:22.162000,1.16683,1.16681,1250000,2060000
2018-08-29 09:26:22.956000,1.16683,1.16681,2440000,1690000
2018-08-29 09:26:23.475000,1.16684,1.16681,2250000,4760000
2018-08-29 09:26:24.026000,1.16683,1.16681,1000000,3190000
2018-08-29 09:26:24.544000,1.16684,1.16681,6940000,2890000
2018-08-29 09:26:25.173000,1.16684,1.16681,2250000,4760000
2018-08-29 09:26:26.621000,1.16684,1.16681,2250000,2510000
2018-08-29 09:26:28.875000,1.16684,1.16681,4120000,2810000
2018-08-29 09:26:29.130000,1.16683,1.1668,3790000,1950000
2018-08-29 09:26:29.303000,1.16679,1.16677,3750000,1950000
2018-08-29 09:26:29.458000,1.16679,1.16676,3750000,4200000
2018-08-29 09:26:30.392000,1.16679,1.16676,1310000,2060000
2018-08-29 09:26:31.080000,1.16679,1.16676,1310000,1870000
2018-08-29 09:26:31.591000,1.16678,1.16674,6370000,3070000
2018-08-29 09:26:32.548000,1.16678,1.16674,3750000,1200000
2018-08-29 09:26:33.147000,1.16678,1.16674,12750000,2890000
2018-08-29 09:26:33.668000,1.16678,1.16674,4120000,3070000
2018-08-29 09:26:34.586000,1.16678,1.16675,3750000,1000000
2018-08-29 09:26:34.924000,1.16676,1.16673,1000000,1200000
2018-08-29 09:26:35.263000,1.16676,1.16675,3750000,1000000
2018-08-29 09:26:35.318000,1.16677,1.16675,1000000,1250000
2018-08-29 09:26:35.476000,1.16679,1.16675,7690000,2140000
2018-08-29 09:26:35.844000,1.16679,1.16675,2810000,8890000
2018-08-29 09:26:36.439000,1.16679,1.16675,1120000,8890000
2018-08-29 09:26:37.039000,1.16679,1.16676,4310000,3190000
2018-08-29 09:26:39.873000,1.1668,1.16676,9190000,2060000
2018-08-29 09:26:40.187000,1.16676,1.16675,1120000,1000000
2018-08-29 09:26:40.638000,1.16678,1.16674,5810000,3070000
2018-08-29 09:26:41.151000,1.16677,1.16674,2250000,1870000
2018-08-29 09:26:42.080000,1.16676,1.16673,1000000,1500000
2018-08-29 09:26:42.756000,1.16675,1.16673,1000000,1120000
2018-08-29 09:26:43.263000,1.16676,1.16673,9370000,1120000
2018-08-29 09:26:43.978000,1.16675,1.16673,2250000,1120000
2018-08-29 09:26:45.167000,1.16675,1.16672,7500000,3000000
2018-08-29 09:26:45.702000,1.16676,1.16673,2810000,1000000
2018-08-29 09:26:46.251000,1.16676,1.16672,6190000,5890000
2018-08-29 09:26:46.834000,1.16676,1.16673,6940000,1000000
2018-08-29 09:26:47.488000,1.16677,1.16672,7720000,2140000
2018-08-29 09:26:47.791000,1.16677,1.16675,4200000,3750000
2018-08-29 09:26:48.312000,1.16679,1.16676,3000000,1870000
2018-08-29 09:26:48.735000,1.16679,1.16676,2250000,1500000
2018-08-29 09:26:50.088000,1.1668,1.16676,10910000,2250000
2018-08-29 09:26:50.592000,1.16679,1.16677,1250000,1690000
2018-08-29 09:26:51.304000,1.1668,1.16676,11100000,1310000
2018-08-29 09:26:51.842000,1.16679,1.16676,1250000,1190000
2018-08-29 09:26:52.052000,1.16676,1.16674,1000000,2700000
2018-08-29 09:26:53.873000,1.16675,1.16673,1690000,2250000
2018-08-29 09:26:54.384000,1.16675,1.16672,1690000,1500000
2018-08-29 09:26:57.232000,1.16675,1.16673,1500000,1000000
2018-08-29 09:26:57.885000,1.16675,1.16672,1500000,3940000
2018-08-29 09:26:58.429000,1.16675,1.16673,2250000,1000000
2018-08-29 09:26:59.013000,1.16675,1.16672,1500000,3940000
2018-08-29 09:27:03.949000,1.16677,1.16675,1870000,1120000
2018-08-29 09:27:06.141000,1.16677,1.16674,3750000,1500000
2018-08-29 09:27:06.999000,1.16675,1.16672,1120000,5140000
2018-08-29 09:27:07.627000,1.16675,1.16673,1120000,1000000
2018-08-29 09:27:08.153000,1.16676,1.16674,7350000,1000000
2018-08-29 09:27:08.726000,1.16676,1.16673,4350000,1870000
2018-08-29 09:27:09.039000,1.1667,1.16668,1000000,1200000
2018-08-29 09:27:09.199000,1.16669,1.16666,1870000,7200000
2018-08-29 09:27:09.704000,1.16669,1.16667,1000000,1000000
2018-08-29 09:27:10.351000,1.1667,1.16666,2620000,4120000
2018-08-29 09:27:11.274000,1.1667,1.16666,3940000,2140000
2018-08-29 09:27:11.865000,1.1667,1.16666,1500000,1390000
2018-08-29 09:27:12.618000,1.1667,1.16666,2060000,2140000
2018-08-29 09:27:13.627000,1.1667,1.16666,1120000,1390000
2018-08-29 09:27:14.195000,1.1667,1.16666,2060000,2140000
2018-08-29 09:27:14.770000,1.1667,1.16666,1120000,1250000
2018-08-29 09:27:15.314000,1.1667,1.16666,2060000,8510000
2018-08-29 09:27:16.058000,1.1667,1.16666,1120000,5510000
2018-08-29 09:27:16.766000,1.16669,1.16666,7160000,1200000
2018-08-29 09:27:17.660000,1.1667,1.16667,8620000,1250000
2018-08-29 09:27:18.185000,1.16669,1.16666,1000000,8810000
2018-08-29 09:27:18.869000,1.16669,1.16667,1000000,1000000
2018-08-29 09:27:19.412000,1.16669,1.16666,1000000,6370000
2018-08-29 09:27:21.196000,1.16669,1.16667,1000000,1000000
2018-08-29 09:27:21.953000,1.16669,1.16666,1000000,3750000
2018-08-29 09:27:22.475000,1.1667,1.16669,1000000,1000000
2018-08-29 09:27:22.527000,1.16672,1.1667,4950000,3750000
2018-08-29 09:27:22.631000,1.16673,1.16669,10950000,4570000
2018-08-29 09:27:22.785000,1.16673,1.16671,4500000,1250000
2018-08-29 09:27:23.328000,1.16673,1.16671,4690000,3000000
2018-08-29 09:27:23.929000,1.16673,1.16669,6560000,3940000
2018-08-29 09:27:24.791000,1.16672,1.1667,1120000,1000000
2018-08-29 09:27:31.482000,1.16672,1.16671,1000000,2850000
2018-08-29 09:27:31.533000,1.16675,1.16673,1000000,1000000
2018-08-29 09:27:32.083000,1.16675,1.16672,7120000,1000000
2018-08-29 09:27:32.991000,1.16673,1.1667,1690000,6640000
2018-08-29 09:27:33.513000,1.16674,1.16671,1690000,1010000
2018-08-29 09:27:34.288000,1.16673,1.1667,1250000,7390000
2018-08-29 09:27:34.999000,1.16674,1.16671,1690000,1100000
2018-08-29 09:27:35.229000,1.16673,1.16669,1000000,5770000
2018-08-29 09:27:35.752000,1.16672,1.1667,1000000,1000000
2018-08-29 09:27:38.323000,1.16673,1.1667,1000000,3640000
2018-08-29 09:27:38.584000,1.16675,1.16671,5140000,3450000
2018-08-29 09:27:39.086000,1.16675,1.16672,4120000,1000000
2018-08-29 09:27:39.884000,1.16675,1.16671,3750000,2890000
2018-08-29 09:27:40.670000,1.16675,1.1667,5440000,10200000
2018-08-29 09:27:41.249000,1.16675,1.1667,3750000,7950000
2018-08-29 09:27:42.528000,1.16675,1.16671,5440000,1760000
2018-08-29 09:27:43.060000,1.16675,1.16671,4500000,3260000
2018-08-29 09:27:43.569000,1.16675,1.16672,4500000,1000000
2018-08-29 09:27:44.177000,1.16675,1.16671,9750000,2620000
2018-08-29 09:27:44.714000,1.16673,1.16671,1000000,1310000
2018-08-29 09:27:45.445000,1.16673,1.16671,1000000,1000000
2018-08-29 09:27:45.976000,1.16673,1.1667,1000000,2440000
2018-08-29 09:27:47.182000,1.16673,1.16671,1000000,1000000
2018-08-29 09:27:48.193000,1.16674,1.16671,2250000,2060000
2018-08-29 09:27:57.597000,1.16674,1.16671,1500000,5020000
2018-08-29 09:27:59.489000,1.16674,1.16671,1500000,2960000
2018-08-29 09:28:00.138000,1.16674,1.16671,1500000,4840000
2018-08-29 09:28:00.653000,1.16674,1.16671,1500000,1390000
2018-08-29 09:28:01.782000,1.16674,1.16671,3940000,2140000
2018-08-29 09:28:02.305000,1.16674,1.16671,3750000,1390000
2018-08-29 09:28:04.608000,1.16673,1.16671,1000000,2140000
2018-08-29 09:28:06.967000,1.16675,1.16672,8510000,1500000
2018-08-29 09:28:07.477000,1.16675,1.16671,4010000,3070000
2018-08-29 09:28:08.004000,1.16675,1.16671,7390000,3450000
2018-08-29 09:28:08.536000,1.16675,1.1667,4950000,8400000
2018-08-29 09:28:09.553000,1.16675,1.1667,5140000,10270000
2018-08-29 09:28:10.297000,1.16674,1.16671,1000000,1390000
2018-08-29 09:28:11,1.16674,1.16671,1000000,1390000
2018-08-29 09:28:11.717000,1.16674,1.1667,1000000,7840000
2018-08-29 09:28:12.100000,1.16675,1.16673,2250000,1500000
2018-08-29 09:28:12.518000,1.16675,1.16671,3000000,2320000
2018-08-29 09:28:14.353000,1.16675,1.16672,1950000,1500000
2018-08-29 09:28:15.490000,1.16671,1.16669,2100000,16650000
2018-08-29 09:28:15.596000,1.16669,1.16667,1870000,1200000
2018-08-29 09:28:15.924000,1.16669,1.16665,8170000,1570000
2018-08-29 09:28:17.120000,1.16668,1.16664,3190000,8140000
2018-08-29 09:28:17.787000,1.16668,1.16664,1690000,5700000
2018-08-29 09:28:18.363000,1.16668,1.16664,3190000,8700000
2018-08-29 09:28:19.091000,1.16667,1.16664,1000000,3640000
2018-08-29 09:28:19.607000,1.16667,1.16665,1000000,2700000
2018-08-29 09:28:20.145000,1.16668,1.16664,1870000,7950000
2018-08-29 09:28:22.064000,1.16668,1.16665,2060000,1390000
2018-08-29 09:28:22.331000,1.16664,1.16663,4120000,1100000
2018-08-29 09:28:22.459000,1.16663,1.16661,2850000,1500000
2018-08-29 09:28:22.979000,1.16664,1.16661,3370000,1500000
2018-08-29 09:28:23.504000,1.16664,1.16661,4310000,2440000
2018-08-29 09:28:24.105000,1.16664,1.16661,3000000,5440000
2018-08-29 09:28:24.786000,1.16664,1.16662,3750000,1000000
2018-08-29 09:28:25.326000,1.16664,1.16661,1000000,10380000
2018-08-29 09:28:26.550000,1.16664,1.16662,1500000,1000000
2018-08-29 09:28:27.052000,1.16664,1.16661,1000000,4570000
2018-08-29 09:28:28.032000,1.16664,1.16662,1000000,1000000
2018-08-29 09:28:28.557000,1.16664,1.16661,1000000,7750000
2018-08-29 09:28:29.188000,1.16664,1.16662,1500000,1000000
2018-08-29 09:28:31.627000,1.16665,1.16662,1250000,1570000
2018-08-29 09:28:32.372000,1.16665,1.16662,1690000,2510000
2018-08-29 09:28:33.055000,1.16665,1.16662,1250000,1570000
2018-08-29 09:28:47.567000,1.16663,1.16661,1000000,3450000
2018-08-29 09:28:47.670000,1.16662,1.16658,5320000,3900000
2018-08-29 09:28:47.724000,1.1666,1.16657,2250000,2890000
2018-08-29 09:28:48.076000,1.16661,1.16656,5060000,6260000
2018-08-29 09:28:48.610000,1.1666,1.16656,1000000,3820000
2018-08-29 09:28:49.855000,1.1666,1.16657,1000000,1000000
2018-08-29 09:28:50.401000,1.1666,1.16656,1570000,7830000
2018-08-29 09:28:50.610000,1.1666,1.16658,2320000,1500000
2018-08-29 09:28:50.870000,1.16659,1.16656,1300000,1100000
2018-08-29 09:28:51.026000,1.16657,1.16655,2440000,1000000
2018-08-29 09:28:51.191000,1.16654,1.16652,1000000,1000000
2018-08-29 09:28:51.451000,1.16654,1.1665,5250000,5810000
2018-08-29 09:28:51.975000,1.16654,1.16651,6190000,1500000
2018-08-29 09:28:52.183000,1.16652,1.16651,1120000,1120000
2018-08-29 09:28:52.235000,1.16652,1.16649,1120000,1120000
2018-08-29 09:28:52.342000,1.16652,1.1665,1120000,1870000
2018-08-29 09:28:52.852000,1.16652,1.1665,1200000,2620000
2018-08-29 09:28:55.534000,1.16653,1.16651,3750000,2620000
2018-08-29 09:28:55.637000,1.16654,1.16652,1500000,1000000
2018-08-29 09:28:56.180000,1.16654,1.16651,9600000,1200000
2018-08-29 09:28:56.707000,1.16653,1.16651,1870000,1500000
2018-08-29 09:28:58.777000,1.16653,1.16652,1000000,1000000
2018-08-29 09:28:59.326000,1.16653,1.1665,1000000,3370000
2018-08-29 09:29:00.309000,1.16654,1.1665,9190000,4120000
2018-08-29 09:29:00.852000,1.16654,1.16652,3750000,3000000
2018-08-29 09:29:01.363000,1.16656,1.16652,10010000,1200000
2018-08-29 09:29:02.062000,1.16656,1.16654,4390000,1500000
2018-08-29 09:29:02.319000,1.16659,1.16656,7010000,2250000
2018-08-29 09:29:02.846000,1.1666,1.16656,14730000,4950000
2018-08-29 09:29:03.430000,1.16659,1.16656,1000000,5700000
2018-08-29 09:29:04.453000,1.1666,1.16656,8700000,4950000
2018-08-29 09:29:05.011000,1.1666,1.16657,8160000,1310000
2018-08-29 09:29:06.094000,1.16659,1.16658,1000000,1500000
2018-08-29 09:29:06.634000,1.16659,1.16657,1000000,1000000
2018-08-29 09:29:07.157000,1.16659,1.16658,1000000,1500000
2018-08-29 09:29:08.085000,1.16659,1.16657,1000000,2250000
2018-08-29 09:29:08.241000,1.16661,1.16658,3220000,1500000
2018-08-29 09:29:10.802000,1.16661,1.16659,2620000,1500000
2018-08-29 09:29:10.905000,1.16661,1.16657,2620000,5250000
2018-08-29 09:29:11.556000,1.16661,1.16658,1800000,2250000
2018-08-29 09:29:12.085000,1.16661,1.16659,2250000,1500000
2018-08-29 09:29:12.605000,1.16661,1.16658,1000000,1000000
2018-08-29 09:29:13.151000,1.1666,1.16658,1000000,1500000
2018-08-29 09:29:13.803000,1.16661,1.16658,2810000,1000000
2018-08-29 09:29:14.320000,1.1666,1.16658,1500000,1000000
2018-08-29 09:29:16.106000,1.16661,1.16658,3410000,1500000
2018-08-29 09:29:16.643000,1.1666,1.16658,1500000,1500000
2018-08-29 09:29:17.151000,1.16661,1.16658,6410000,1000000
2018-08-29 09:29:18.098000,1.1666,1.16658,1000000,1500000
2018-08-29 09:29:18.611000,1.16661,1.16658,3940000,1000000
2018-08-29 09:29:21.246000,1.1666,1.16658,1000000,1500000
2018-08-29 09:29:29.516000,1.16661,1.16658,7160000,1000000
2018-08-29 09:29:30.124000,1.16661,1.16657,7160000,2810000
2018-08-29 09:29:33.882000,1.1666,1.16657,1500000,1690000
2018-08-29 09:29:34.442000,1.1666,1.16658,1870000,1000000
2018-08-29 09:29:40.887000,1.1666,1.16658,2620000,1690000
2018-08-29 09:29:50.894000,1.16662,1.1666,1500000,1250000
2018-08-29 09:29:51.832000,1.16663,1.16662,1100000,1250000
2018-08-29 09:29:51.936000,1.16664,1.16662,2620000,1000000
2018-08-29 09:29:52.485000,1.16664,1.16661,3370000,1690000
2018-08-29 09:29:53.743000,1.16665,1.16662,2320000,3190000
2018-08-29 09:29:53.849000,1.16666,1.16663,2620000,2140000
2018-08-29 09:29:54.365000,1.16667,1.16664,4570000,1000000
2018-08-29 09:29:55.133000,1.16668,1.16665,3750000,3190000
2018-08-29 09:29:55.646000,1.16669,1.16666,3750000,2440000
2018-08-29 09:29:55.698000,1.16669,1.16667,3750000,1190000
2018-08-29 09:29:55.966000,1.16671,1.16668,1120000,1000000
2018-08-29 09:29:56.607000,1.16671,1.16669,1870000,1250000
2018-08-29 09:29:58.560000,1.16673,1.1667,4500000,1250000
2018-08-29 09:29:59.063000,1.16674,1.16671,5700000,1250000
2018-08-29 09:29:59.861000,1.16674,1.16671,1950000,3190000
2018-08-29 09:30:00.243000,1.16677,1.16674,7010000,1690000
2018-08-29 09:30:03.487000,1.16676,1.16675,1120000,1250000
2018-08-29 09:30:03.996000,1.16676,1.16674,1120000,2440000
2018-08-29 09:30:04.858000,1.16677,1.16673,2250000,2620000
2018-08-29 09:30:05.367000,1.16676,1.16674,1120000,1690000
2018-08-29 09:30:06.445000,1.16677,1.16674,3710000,1250000
2018-08-29 09:30:07.176000,1.16677,1.16673,3000000,3970000
2018-08-29 09:30:08.945000,1.16677,1.16676,1690000,1000000
2018-08-29 09:30:08.999000,1.16678,1.16676,2250000,4690000
2018-08-29 09:30:09.107000,1.16681,1.16679,3450000,1000000
2018-08-29 09:30:09.658000,1.16682,1.16679,1870000,2290000
2018-08-29 09:30:10.930000,1.16681,1.16679,1000000,1540000
2018-08-29 09:30:11.236000,1.16684,1.16682,1000000,1250000
2018-08-29 09:30:11.551000,1.16686,1.16684,1000000,1690000
2018-08-29 09:30:11.940000,1.16687,1.16684,1870000,2060000
2018-08-29 09:30:12.196000,1.16688,1.16686,1000000,1250000
2018-08-29 09:30:12.403000,1.16691,1.16688,4570000,2250000
2018-08-29 09:30:12.689000,1.1669,1.16688,1000000,3750000
2018-08-29 09:30:12.947000,1.16691,1.16688,2700000,1500000
2018-08-29 09:30:13.453000,1.16691,1.16689,2250000,1000000
2018-08-29 09:30:14.358000,1.16693,1.1669,8250000,3190000
2018-08-29 09:30:14.520000,1.16693,1.16692,1000000,1000000
2018-08-29 09:30:14.746000,1.16697,1.16694,7690000,3000000
2018-08-29 09:30:15.257000,1.16697,1.16694,3370000,1500000
2018-08-29 09:30:16.657000,1.16698,1.16695,5700000,1250000
2018-08-29 09:30:17.556000,1.16697,1.16695,1120000,1690000
2018-08-29 09:30:17.819000,1.167,1.16697,4500000,2290000
2018-08-29 09:30:17.873000,1.16698,1.16696,1000000,3820000
2018-08-29 09:30:18.090000,1.16697,1.16694,2250000,2060000
2018-08-29 09:30:20.708000,1.16697,1.16694,4690000,1250000
2018-08-29 09:30:21.250000,1.16697,1.16694,4500000,1690000
2018-08-29 09:30:21.356000,1.16698,1.16696,1570000,1690000
2018-08-29 09:30:21.895000,1.16699,1.16696,4950000,2440000
2018-08-29 09:30:22.516000,1.16699,1.16697,1120000,1250000
2018-08-29 09:30:23.844000,1.16699,1.16697,1870000,2440000
2018-08-29 09:30:24.365000,1.16699,1.16697,1120000,1000000
2018-08-29 09:30:24.969000,1.16698,1.16695,4500000,4390000
2018-08-29 09:30:25.485000,1.16698,1.16694,2700000,3940000
2018-08-29 09:30:26.026000,1.16698,1.16694,6070000,3190000
2018-08-29 09:30:26.377000,1.16695,1.16692,7120000,1690000
2018-08-29 09:30:27.234000,1.16695,1.16692,3000000,3940000
2018-08-29 09:30:27.821000,1.16694,1.16692,1000000,1000000
2018-08-29 09:30:29.039000,1.16695,1.16692,3450000,1000000
2018-08-29 09:30:29.959000,1.16694,1.16691,3640000,1000000
2018-08-29 09:30:30.560000,1.16693,1.16691,4200000,1000000
2018-08-29 09:30:31.435000,1.16692,1.1669,2250000,3190000
2018-08-29 09:30:31.630000,1.16691,1.16689,2620000,2060000
2018-08-29 09:30:31.738000,1.16687,1.16686,1120000,1570000
2018-08-29 09:30:31.792000,1.16687,1.16685,3070000,1000000
2018-08-29 09:30:32.310000,1.16689,1.16686,4500000,2440000
2018-08-29 09:30:32.625000,1.16691,1.16687,7200000,4540000
2018-08-29 09:30:33.139000,1.16691,1.16688,2440000,1000000
2018-08-29 09:30:33.242000,1.16688,1.16686,1000000,6370000
2018-08-29 09:30:33.796000,1.16687,1.16685,1120000,1690000
2018-08-29 09:30:34.319000,1.16688,1.16686,1500000,2440000
2018-08-29 09:30:34.802000,1.16686,1.16685,1000000,1200000
2018-08-29 09:30:34.963000,1.16684,1.16682,1000000,3820000
2018-08-29 09:30:35.474000,1.16686,1.16682,9300000,3190000
2018-08-29 09:30:35.579000,1.16686,1.16684,2700000,1250000
2018-08-29 09:30:36.098000,1.16686,1.16683,2250000,2440000
2018-08-29 09:30:38.783000,1.16686,1.16682,7870000,3940000
2018-08-29 09:30:39.307000,1.16685,1.16682,1870000,3940000
2018-08-29 09:30:40.058000,1.16684,1.16682,1500000,1690000
2018-08-29 09:30:40.371000,1.16681,1.1668,1000000,2060000
2018-08-29 09:30:40.425000,1.16681,1.16679,3970000,1000000
2018-08-29 09:30:40.637000,1.1668,1.16677,3000000,4310000
2018-08-29 09:30:41.143000,1.16681,1.16677,6970000,2810000
2018-08-29 09:30:43.506000,1.1668,1.16677,1000000,4870000
2018-08-29 09:30:43.862000,1.16681,1.16678,3370000,1390000
2018-08-29 09:30:44.228000,1.16684,1.16681,8100000,1000000
2018-08-29 09:30:44.543000,1.16685,1.16681,6670000,1690000
2018-08-29 09:30:45.008000,1.16683,1.16682,1000000,1000000
2018-08-29 09:30:45.553000,1.16683,1.16681,1000000,3370000
2018-08-29 09:30:46.302000,1.16685,1.16681,4570000,1000000
2018-08-29 09:30:46.717000,1.16682,1.16679,2250000,3190000
2018-08-29 09:30:47.030000,1.16681,1.16677,3190000,3560000
2018-08-29 09:30:47.578000,1.16681,1.16677,2440000,1690000
2018-08-29 09:30:48.487000,1.1668,1.16678,1000000,1000000
2018-08-29 09:30:49.330000,1.1668,1.16678,1500000,1690000
2018-08-29 09:30:49.870000,1.1668,1.16678,1500000,1250000
2018-08-29 09:30:53.857000,1.16682,1.16679,1570000,1190000
2018-08-29 09:30:53.992000,1.16681,1.16678,4500000,1200000
2018-08-29 09:30:54.099000,1.16682,1.16679,5320000,2440000
2018-08-29 09:30:54.414000,1.1668,1.16679,1000000,1250000
2018-08-29 09:30:54.625000,1.16681,1.16678,1000000,1390000
2018-08-29 09:30:56.025000,1.1668,1.16678,1000000,2440000
2018-08-29 09:30:56.282000,1.16677,1.16675,1000000,3820000
2018-08-29 09:30:56.797000,1.16676,1.16673,4350000,4010000
2018-08-29 09:30:57.104000,1.16681,1.16677,8700000,1390000
2018-08-29 09:30:57.908000,1.16679,1.16677,1000000,1690000
2018-08-29 09:30:58.011000,1.16678,1.16675,8470000,4200000
2018-08-29 09:30:58.601000,1.16677,1.16676,1350000,1500000
2018-08-29 09:30:59.121000,1.16678,1.16675,1950000,1500000
2018-08-29 09:30:59.858000,1.16678,1.16674,1950000,4570000
2018-08-29 09:30:59.963000,1.16676,1.16673,1500000,1000000
2018-08-29 09:31:00.607000,1.16677,1.16673,4050000,6340000
2018-08-29 09:31:01.148000,1.16677,1.16673,4420000,1000000
2018-08-29 09:31:01.508000,1.16678,1.16675,3450000,2440000
2018-08-29 09:31:01.789000,1.1668,1.16676,3070000,2440000
2018-08-29 09:31:02.478000,1.1668,1.16677,3450000,1000000
2018-08-29 09:31:03.085000,1.1668,1.16676,4200000,3940000
2018-08-29 09:31:03.602000,1.1668,1.16677,3070000,1000000
2018-08-29 09:31:04.596000,1.16681,1.16679,4200000,1190000
2018-08-29 09:31:04.649000,1.1668,1.16678,1200000,1000000
2018-08-29 09:31:05.152000,1.16681,1.16677,5550000,1250000
2018-08-29 09:31:06.405000,1.16679,1.16677,2250000,1690000
2018-08-29 09:31:07.044000,1.1668,1.16676,10800000,2810000
2018-08-29 09:31:07.103000,1.16677,1.16676,2100000,1500000
2018-08-29 09:31:07.318000,1.16676,1.16673,3600000,1310000
2018-08-29 09:31:07.846000,1.16676,1.16673,2700000,1190000
2018-08-29 09:31:08.619000,1.16675,1.16673,1870000,1250000
2018-08-29 09:31:10.292000,1.16675,1.16672,4870000,2250000
2018-08-29 09:31:11.432000,1.16678,1.16677,2700000,1000000
2018-08-29 09:31:11.537000,1.1668,1.16677,4420000,1690000
2018-08-29 09:31:11.641000,1.16678,1.16676,1500000,1000000
2018-08-29 09:31:11.694000,1.16677,1.16674,1000000,2140000
2018-08-29 09:31:11.850000,1.16676,1.16673,2250000,1500000
2018-08-29 09:31:12.395000,1.16676,1.16672,2700000,3750000
2018-08-29 09:31:14.041000,1.16676,1.16672,3300000,3940000
2018-08-29 09:31:14.558000,1.16676,1.16672,1800000,6380000
2018-08-29 09:31:16.561000,1.16676,1.16672,1800000,5440000
2018-08-29 09:31:17.112000,1.16677,1.16675,4050000,1250000
2018-08-29 09:31:17.378000,1.16678,1.16675,1000000,1190000
2018-08-29 09:31:17.795000,1.16677,1.16674,1950000,3370000
2018-08-29 09:31:18.188000,1.16676,1.16672,5550000,3940000
2018-08-29 09:31:19.359000,1.16676,1.16672,6300000,3940000
2018-08-29 09:31:24.940000,1.16675,1.16673,1250000,1000000
2018-08-29 09:31:25.499000,1.16676,1.16672,4390000,2250000
2018-08-29 09:31:26.305000,1.16675,1.16672,1250000,2060000
2018-08-29 09:31:26.920000,1.16676,1.16672,6490000,1870000
2018-08-29 09:31:27.522000,1.16675,1.16672,1250000,1870000
2018-08-29 09:31:28.168000,1.16676,1.16673,2890000,1000000
2018-08-29 09:31:29.085000,1.16674,1.16671,1000000,5060000
2018-08-29 09:31:29.636000,1.16675,1.16672,1800000,1250000
2018-08-29 09:31:40.077000,1.16674,1.16671,2250000,3190000
2018-08-29 09:31:41.520000,1.16675,1.16671,7910000,3190000
2018-08-29 09:31:42.334000,1.16674,1.16671,2250000,3940000
2018-08-29 09:31:42.874000,1.16675,1.16671,10160000,3190000
2018-08-29 09:31:43.881000,1.16674,1.16671,1000000,5810000
2018-08-29 09:31:44.469000,1.16675,1.16671,12490000,5810000
2018-08-29 09:31:49.237000,1.16674,1.16671,1500000,3560000
2018-08-29 09:31:49.767000,1.16675,1.16671,5100000,3560000
2018-08-29 09:31:50.691000,1.16674,1.16671,1000000,3190000
2018-08-29 09:31:51.577000,1.16674,1.16671,4500000,2440000
2018-08-29 09:31:51.631000,1.16673,1.1667,5620000,2890000
2018-08-29 09:31:53.202000,1.16672,1.1667,1250000,1690000
2018-08-29 09:31:56.784000,1.16672,1.16669,2250000,1310000
2018-08-29 09:31:56.836000,1.1667,1.16667,1500000,4200000
2018-08-29 09:31:57.143000,1.16668,1.16666,1500000,1500000
2018-08-29 09:31:57.287000,1.16666,1.16663,1000000,2510000
2018-08-29 09:31:57.805000,1.16665,1.16663,1000000,4120000
2018-08-29 09:31:57.856000,1.16667,1.16664,1500000,1500000
2018-08-29 09:31:58.370000,1.16667,1.16663,5140000,5140000
2018-08-29 09:32:01.033000,1.16667,1.16664,3070000,1000000
2018-08-29 09:32:01.192000,1.16669,1.16665,5470000,4310000
2018-08-29 09:32:01.451000,1.16667,1.16663,1000000,7310000
2018-08-29 09:32:01.767000,1.16666,1.16662,2250000,1870000
2018-08-29 09:32:02.598000,1.16665,1.16662,1000000,1690000
2018-08-29 09:32:03.267000,1.16666,1.16662,3450000,1500000
2018-08-29 09:32:03.934000,1.16665,1.16662,1000000,2440000
2018-08-29 09:32:04.403000,1.16668,1.16666,1570000,1000000
2018-08-29 09:32:04.508000,1.16668,1.16664,5320000,1500000
2018-08-29 09:32:05.029000,1.16667,1.16664,1570000,1120000
2018-08-29 09:32:06.039000,1.16665,1.16663,1000000,1000000
2018-08-29 09:32:06.578000,1.16665,1.16662,1200000,1120000
2018-08-29 09:32:07.526000,1.16665,1.16663,1000000,3560000
2018-08-29 09:32:10.095000,1.16665,1.16664,1200000,1500000
2018-08-29 09:32:10.409000,1.16667,1.16665,1000000,1690000
2018-08-29 09:32:11.134000,1.16669,1.16665,4570000,1690000
2018-08-29 09:32:12.007000,1.16669,1.16665,2320000,2620000
2018-08-29 09:32:12.111000,1.16669,1.16666,1200000,1690000
2018-08-29 09:32:12.671000,1.16669,1.16666,1100000,1690000
2018-08-29 09:32:21.868000,1.16669,1.16667,1350000,1000000
2018-08-29 09:32:22.405000,1.16669,1.16666,1350000,1690000
2018-08-29 09:32:22.969000,1.16669,1.16666,1350000,3940000
2018-08-29 09:32:25.286000,1.16666,1.16663,1500000,1000000
2018-08-29 09:32:25.444000,1.16667,1.16665,4570000,1500000
2018-08-29 09:32:25.899000,1.16666,1.16663,1000000,5060000
2018-08-29 09:32:26.161000,1.16668,1.16665,7800000,1310000
2018-08-29 09:32:26.682000,1.16668,1.16665,3000000,2250000
2018-08-29 09:32:27.796000,1.16666,1.16663,2850000,1310000
2018-08-29 09:32:28.308000,1.16665,1.16662,2250000,1250000
2018-08-29 09:32:29.369000,1.16664,1.16661,1500000,1500000
2018-08-29 09:32:30.561000,1.16663,1.16661,1500000,2620000
2018-08-29 09:32:34.110000,1.16663,1.1666,1500000,8020000
2018-08-29 09:32:34.671000,1.16664,1.1666,1000000,11770000
2018-08-29 09:32:35.498000,1.16664,1.1666,1000000,10650000
2018-08-29 09:32:36.884000,1.16664,1.16661,1000000,1500000
2018-08-29 09:32:37.638000,1.16664,1.1666,1000000,8320000
2018-08-29 09:32:38.187000,1.16664,1.1666,1000000,9070000
2018-08-29 09:32:39.120000,1.16663,1.16661,1000000,1370000
2018-08-29 09:32:39.274000,1.16663,1.1666,1000000,8890000
2018-08-29 09:32:40.106000,1.16663,1.16661,1000000,1000000
2018-08-29 09:32:41.099000,1.16663,1.1666,1000000,10760000
2018-08-29 09:32:42.183000,1.16663,1.16661,1000000,1000000
2018-08-29 09:32:42.495000,1.16661,1.1666,1500000,4650000
2018-08-29 09:32:43.001000,1.16663,1.16661,2700000,2440000
2018-08-29 09:32:43.514000,1.16664,1.1666,1120000,9640000
2018-08-29 09:32:46.472000,1.16664,1.1666,2700000,6260000
2018-08-29 09:32:46.989000,1.16664,1.16661,1950000,1500000
2018-08-29 09:32:47.551000,1.16664,1.1666,1200000,6260000
2018-08-29 09:32:48.074000,1.16663,1.16661,1000000,1500000
2018-08-29 09:32:50.080000,1.16663,1.1666,1000000,7760000
2018-08-29 09:32:51.043000,1.16663,1.16661,1000000,1500000
2018-08-29 09:32:51.790000,1.16663,1.1666,1000000,5510000
2018-08-29 09:32:52.695000,1.16663,1.16661,1000000,1500000
2018-08-29 09:32:53.409000,1.16662,1.1666,1000000,9070000
2018-08-29 09:32:53.627000,1.16659,1.16656,1000000,4570000
2018-08-29 09:32:54.147000,1.16658,1.16656,1000000,3450000
2018-08-29 09:32:55.643000,1.16658,1.16655,1000000,4090000
2018-08-29 09:32:55.696000,1.16655,1.16654,2100000,4200000
2018-08-29 09:32:55.750000,1.16654,1.1665,2250000,6190000
2018-08-29 09:32:55.805000,1.16653,1.1665,2250000,3750000
2018-08-29 09:32:56.014000,1.16654,1.16652,5550000,1000000
2018-08-29 09:32:56.518000,1.16653,1.16651,1500000,1000000
2018-08-29 09:32:57.742000,1.16654,1.16651,1000000,1250000
2018-08-29 09:32:59.476000,1.16655,1.16651,6820000,3190000
2018-08-29 09:32:59.821000,1.16656,1.16655,3450000,3000000
2018-08-29 09:33:00.089000,1.16659,1.16654,7420000,4240000
2018-08-29 09:33:00.406000,1.16655,1.16654,1000000,1500000
2018-08-29 09:33:00.782000,1.16655,1.16652,2250000,1000000
2018-08-29 09:33:01.075000,1.16654,1.1665,6750000,8140000
2018-08-29 09:33:01.127000,1.16656,1.16651,8100000,8700000
2018-08-29 09:33:01.699000,1.16655,1.16652,1500000,1010000
2018-08-29 09:33:02.219000,1.16654,1.16651,1500000,3450000
2018-08-29 09:33:02.376000,1.16656,1.16652,4800000,1760000
2018-08-29 09:33:02.713000,1.16657,1.16655,2320000,1000000
2018-08-29 09:33:02.764000,1.16657,1.16653,7200000,4950000
2018-08-29 09:33:02.867000,1.16655,1.16653,1000000,1570000
2018-08-29 09:33:04.460000,1.16655,1.16652,1000000,1500000
2018-08-29 09:33:08.449000,1.16655,1.16652,1000000,1620000
2018-08-29 09:33:09.186000,1.16655,1.16652,1000000,1250000
2018-08-29 09:33:09.606000,1.16653,1.16651,1120000,5140000
2018-08-29 09:33:10.148000,1.16654,1.16651,2550000,2440000
2018-08-29 09:33:12.470000,1.16653,1.16651,1000000,3940000
2018-08-29 09:33:13.005000,1.16654,1.16651,2550000,2440000
2018-08-29 09:33:13.536000,1.16653,1.16651,1000000,3940000
2018-08-29 09:33:14.055000,1.16654,1.16651,5290000,3370000
2018-08-29 09:33:14.578000,1.16654,1.16651,4540000,4500000
2018-08-29 09:33:15.108000,1.16654,1.16651,4350000,3750000
2018-08-29 09:33:15.821000,1.16653,1.16651,1000000,3750000
2018-08-29 09:33:16.167000,1.16652,1.16649,1000000,4200000
2018-08-29 09:33:16.668000,1.16653,1.16649,1950000,9640000
2018-08-29 09:33:17.615000,1.16653,1.1665,1540000,3370000
2018-08-29 09:33:19.574000,1.16653,1.1665,7990000,1500000
2018-08-29 09:33:20.229000,1.16652,1.16649,1500000,6260000
2018-08-29 09:33:20.751000,1.16653,1.1665,5140000,1000000
2018-08-29 09:33:21.264000,1.16652,1.1665,1000000,1000000
2018-08-29 09:33:21.529000,1.16654,1.16651,2250000,1000000
2018-08-29 09:33:23.429000,1.16653,1.16651,1000000,1500000
2018-08-29 09:33:23.535000,1.16655,1.16652,3370000,1000000
2018-08-29 09:33:24.046000,1.16656,1.16652,1690000,1950000
2018-08-29 09:33:24.642000,1.16656,1.16653,2620000,1570000
2018-08-29 09:33:24.907000,1.16657,1.16655,1870000,1500000
2018-08-29 09:33:25.480000,1.16657,1.16654,1870000,3070000
2018-08-29 09:33:25.885000,1.16656,1.16654,12370000,1000000
2018-08-29 09:33:25.990000,1.16655,1.16651,2810000,9070000
2018-08-29 09:33:26.500000,1.16654,1.16652,1000000,1570000
2018-08-29 09:33:29.398000,1.16654,1.16653,1000000,1000000
2018-08-29 09:33:29.502000,1.16656,1.16654,1500000,1000000
2018-08-29 09:33:30.051000,1.16658,1.16655,4120000,1870000
2018-08-29 09:33:30.567000,1.16659,1.16658,2620000,3000000
2018-08-29 09:33:30.621000,1.16662,1.1666,1570000,3370000
2018-08-29 09:33:30.680000,1.16664,1.16661,1500000,2440000
2018-08-29 09:33:30.734000,1.16662,1.1666,2100000,6450000
2018-08-29 09:33:30.787000,1.16663,1.1666,3940000,2700000
2018-08-29 09:33:30.840000,1.16663,1.16659,3190000,1200000
2018-08-29 09:33:30.894000,1.16661,1.16658,2810000,2320000
2018-08-29 09:33:31.098000,1.16661,1.16657,4910000,1870000
2018-08-29 09:33:31.647000,1.1666,1.16657,1000000,1870000
2018-08-29 09:33:32.822000,1.16659,1.16656,1250000,8320000
2018-08-29 09:33:33.191000,1.16657,1.16656,1250000,1120000
2018-08-29 09:33:33.296000,1.16657,1.16654,1250000,2700000
2018-08-29 09:33:33.837000,1.16657,1.16653,3000000,4690000
2018-08-29 09:33:34.649000,1.16654,1.16653,1500000,1000000
2018-08-29 09:33:35.171000,1.16654,1.16652,1500000,2700000
2018-08-29 09:33:35.679000,1.16655,1.16652,1000000,3640000
2018-08-29 09:33:36.325000,1.16655,1.16653,1000000,1000000
2018-08-29 09:33:37.278000,1.16655,1.16652,1000000,5140000
2018-08-29 09:33:37.599000,1.16656,1.16654,1000000,3370000
2018-08-29 09:33:37.705000,1.16657,1.16654,2060000,3820000
2018-08-29 09:33:38.420000,1.16658,1.16656,1500000,3000000
2018-08-29 09:33:40.629000,1.16659,1.16656,1500000,2700000
2018-08-29 09:33:43.157000,1.16658,1.16656,1000000,4200000
2018-08-29 09:33:43.465000,1.16653,1.16651,1500000,1500000
2018-08-29 09:33:43.996000,1.16653,1.1665,1500000,3000000
2018-08-29 09:33:44.609000,1.16653,1.16651,1500000,1500000
2018-08-29 09:33:46.961000,1.16653,1.1665,1500000,1660000
2018-08-29 09:33:47.614000,1.16653,1.16651,1500000,1000000
2018-08-29 09:33:48.336000,1.16653,1.1665,2440000,2250000
2018-08-29 09:33:48.945000,1.16653,1.16651,2440000,1000000
2018-08-29 09:33:49.602000,1.16653,1.1665,2440000,3000000
2018-08-29 09:33:52.211000,1.16653,1.16651,3190000,1000000
2018-08-29 09:33:53.337000,1.16653,1.1665,2440000,2250000
2018-08-29 09:33:53.877000,1.16651,1.16648,1000000,7870000
2018-08-29 09:33:54.395000,1.16652,1.16649,1500000,1870000
2018-08-29 09:33:56.056000,1.16653,1.1665,5620000,1000000
2018-08-29 09:33:56.215000,1.16655,1.16651,4870000,7570000
2018-08-29 09:33:56.558000,1.16655,1.16652,1870000,1010000
2018-08-29 09:33:56.973000,1.16657,1.16654,5060000,1000000
2018-08-29 09:33:57.210000,1.16655,1.16653,1250000,1450000
2018-08-29 09:33:57.734000,1.16655,1.16653,1250000,1200000
2018-08-29 09:33:58.518000,1.16655,1.16652,4540000,1100000
2018-08-29 09:33:59.102000,1.16655,1.16651,7540000,1570000
2018-08-29 09:33:59.413000,1.16652,1.1665,1000000,2620000
2018-08-29 09:33:59.936000,1.16653,1.16649,4990000,4760000
2018-08-29 09:34:00.454000,1.16653,1.16651,1500000,2060000
2018-08-29 09:34:01.581000,1.16653,1.16652,1000000,1000000
2018-08-29 09:34:01.996000,1.16653,1.1665,4800000,4870000
2018-08-29 09:34:02.657000,1.16653,1.16651,3450000,1000000
2018-08-29 09:34:04.132000,1.16653,1.1665,3450000,3370000
2018-08-29 09:34:04.691000,1.16653,1.1665,3300000,4120000
2018-08-29 09:34:05.957000,1.16653,1.16651,1500000,6750000
2018-08-29 09:34:06.128000,1.16656,1.16653,4870000,1000000
2018-08-29 09:34:06.637000,1.16656,1.16651,1500000,9680000
2018-08-29 09:34:08.468000,1.16655,1.16653,1000000,1500000
2018-08-29 09:34:08.989000,1.16656,1.16651,2060000,7010000
2018-08-29 09:34:12.742000,1.16655,1.16652,1500000,2250000
2018-08-29 09:34:13.266000,1.16656,1.16652,1690000,1690000
2018-08-29 09:34:13.885000,1.16655,1.16652,1500000,1130000
2018-08-29 09:34:14.193000,1.16654,1.16652,2850000,1000000
2018-08-29 09:34:14.319000,1.16653,1.16649,6560000,1310000
2018-08-29 09:34:14.867000,1.16652,1.1665,1000000,1500000
2018-08-29 09:34:15.902000,1.16652,1.16649,4950000,3370000
2018-08-29 09:34:17.300000,1.16652,1.16649,1690000,4760000
2018-08-29 09:34:19.110000,1.16652,1.16649,1000000,1390000
2018-08-29 09:34:19.689000,1.16652,1.16649,2440000,5700000
2018-08-29 09:34:20.200000,1.16652,1.16649,1500000,1100000
2018-08-29 09:34:23.033000,1.16652,1.1665,3750000,1500000
2018-08-29 09:34:23.846000,1.16652,1.16649,3000000,1120000
2018-08-29 09:34:26.416000,1.16649,1.16647,3250000,2660000
2018-08-29 09:34:26.576000,1.16643,1.16641,6940000,1950000
2018-08-29 09:34:26.807000,1.16641,1.16638,1000000,3070000
2018-08-29 09:34:26.913000,1.1664,1.16637,1870000,1250000
2018-08-29 09:34:27.020000,1.16639,1.16637,10380000,1000000
2018-08-29 09:34:27.328000,1.16635,1.16633,1000000,1370000
2018-08-29 09:34:27.583000,1.16634,1.16631,3750000,8920000
2018-08-29 09:34:27.748000,1.16633,1.1663,7000000,1120000
2018-08-29 09:34:28.278000,1.16631,1.16629,1000000,1050000
2018-08-29 09:34:30.415000,1.16631,1.1663,1000000,1500000
2018-08-29 09:34:30.935000,1.16631,1.16629,1000000,1000000
2018-08-29 09:34:31.089000,1.16639,1.16636,1950000,2060000
2018-08-29 09:34:31.192000,1.16641,1.16637,6260000,1000000
2018-08-29 09:34:31.243000,1.16639,1.16637,1000000,1000000
2018-08-29 09:34:31.987000,1.16638,1.16635,1000000,2700000
2018-08-29 09:34:32.411000,1.16638,1.16634,1690000,7390000
2018-08-29 09:34:33.081000,1.16636,1.16633,2620000,7200000
2018-08-29 09:34:33.392000,1.16634,1.16632,1000000,6070000
2018-08-29 09:34:34.250000,1.16634,1.16632,1000000,3070000
2018-08-29 09:34:34.302000,1.16636,1.16632,2810000,3820000
2018-08-29 09:34:34.823000,1.16636,1.16632,1690000,2320000
2018-08-29 09:34:35.241000,1.16637,1.16636,1500000,1000000
2018-08-29 09:34:35.295000,1.16639,1.16636,3260000,1000000
2018-08-29 09:34:36.071000,1.16639,1.16636,5440000,1000000
2018-08-29 09:34:36.585000,1.16639,1.16636,1250000,1000000
2018-08-29 09:34:37.169000,1.16639,1.16637,1250000,1000000
2018-08-29 09:34:37.997000,1.1664,1.16637,7570000,1000000
2018-08-29 09:34:38.546000,1.1664,1.16636,6110000,1950000
2018-08-29 09:34:39.096000,1.16639,1.16636,1000000,2700000
2018-08-29 09:34:39.656000,1.1664,1.16636,8740000,1950000
2018-08-29 09:34:39.760000,1.16637,1.16634,1250000,7570000
2018-08-29 09:34:40.266000,1.16637,1.16633,1000000,4570000
2018-08-29 09:34:40.582000,1.16638,1.16635,3450000,1000000
2018-08-29 09:34:41.542000,1.16639,1.16635,4420000,1000000
2018-08-29 09:34:42.480000,1.16638,1.16635,1000000,1000000
2018-08-29 09:34:43.050000,1.16639,1.16635,6600000,1000000
2018-08-29 09:34:43.575000,1.16638,1.16635,1000000,1000000
2018-08-29 09:34:44.080000,1.16639,1.16635,2850000,1000000
2018-08-29 09:34:44.976000,1.16639,1.16635,4050000,1000000
2018-08-29 09:34:45.491000,1.16639,1.16636,2100000,1120000
2018-08-29 09:34:46.127000,1.16639,1.16636,1000000,3750000
2018-08-29 09:34:46.640000,1.1664,1.16637,1500000,1500000
2018-08-29 09:34:47.363000,1.16641,1.16639,1840000,1500000
2018-08-29 09:34:47.476000,1.16643,1.1664,1000000,4200000
2018-08-29 09:34:47.787000,1.16641,1.16639,1000000,1000000
2018-08-29 09:34:48.336000,1.16641,1.16638,3600000,1000000
2018-08-29 09:34:48.655000,1.16644,1.16641,5250000,1120000
2018-08-29 09:34:48.832000,1.16643,1.16639,5810000,2250000
2018-08-29 09:34:48.886000,1.16641,1.16638,2320000,1500000
2018-08-29 09:34:49.411000,1.1664,1.16638,1000000,2250000
2018-08-29 09:34:50.045000,1.1664,1.16637,1000000,3820000
2018-08-29 09:34:50.362000,1.16637,1.16634,2250000,2320000
2018-08-29 09:34:50.873000,1.16636,1.16633,1500000,1120000
2018-08-29 09:34:50.926000,1.16638,1.16634,13420000,1500000
2018-08-29 09:34:51.467000,1.16638,1.16633,6490000,1500000
2018-08-29 09:34:52.032000,1.16637,1.16633,1000000,1500000
2018-08-29 09:34:52.542000,1.16636,1.16634,3000000,1000000
2018-08-29 09:34:55.451000,1.16635,1.16634,1000000,1000000
2018-08-29 09:34:55.998000,1.16636,1.16634,4120000,1000000
2018-08-29 09:34:57.307000,1.16636,1.16634,2440000,1000000
2018-08-29 09:34:57.456000,1.16632,1.16631,1000000,1000000
2018-08-29 09:34:57.511000,1.16631,1.16629,1000000,3640000
2018-08-29 09:34:58.951000,1.16631,1.16629,1000000,3640000
2018-08-29 09:34:59.526000,1.16631,1.16629,1000000,1760000
2018-08-29 09:35:00.308000,1.16633,1.1663,2440000,1690000
2018-08-29 09:35:00.416000,1.16635,1.16631,5250000,2510000
2018-08-29 09:35:00.917000,1.16634,1.16631,1250000,3260000
2018-08-29 09:35:01.430000,1.16635,1.16631,1000000,4950000
2018-08-29 09:35:02.102000,1.16635,1.16633,1000000,1000000
2018-08-29 09:35:02.412000,1.16633,1.1663,1500000,6820000
2018-08-29 09:35:02.478000,1.16631,1.16629,1500000,1000000
2018-08-29 09:35:02.995000,1.16632,1.16628,3940000,1690000
2018-08-29 09:35:03.324000,1.16626,1.16624,5810000,1000000
2018-08-29 09:35:03.427000,1.16629,1.16625,2810000,1000000
2018-08-29 09:35:03.479000,1.16629,1.16627,2810000,1000000
2018-08-29 09:35:04.299000,1.16628,1.16627,1000000,1000000
2018-08-29 09:35:04.351000,1.16627,1.16624,1870000,5000000
2018-08-29 09:35:04.890000,1.16628,1.16624,5140000,5440000
2018-08-29 09:35:05.414000,1.16628,1.16625,2510000,1000000
2018-08-29 09:35:06.032000,1.16629,1.16626,2170000,1000000
2018-08-29 09:35:06.732000,1.16631,1.16626,5740000,2320000
2018-08-29 09:35:07.277000,1.1663,1.16628,1000000,1000000
2018-08-29 09:35:07.431000,1.16635,1.16631,4200000,1120000
2018-08-29 09:35:08.662000,1.16635,1.16631,1690000,4500000
2018-08-29 09:35:09.770000,1.16635,1.16633,1000000,1000000
2018-08-29 09:35:10.119000,1.16634,1.16631,2250000,1120000
2018-08-29 09:35:10.379000,1.16634,1.16633,1000000,1000000
2018-08-29 09:35:10.818000,1.16636,1.16633,1500000,1250000
2018-08-29 09:35:11.400000,1.16636,1.16632,2700000,3450000
2018-08-29 09:35:11.923000,1.16636,1.16632,2700000,1870000
2018-08-29 09:35:12.466000,1.16635,1.16631,1500000,3370000
2018-08-29 09:35:13.046000,1.16634,1.16631,1500000,2620000
2018-08-29 09:35:13.576000,1.16634,1.16632,1500000,1000000
2018-08-29 09:35:13.717000,1.16636,1.16632,2140000,1250000
2018-08-29 09:35:14.456000,1.16636,1.16631,1390000,3190000
2018-08-29 09:35:15.049000,1.16636,1.16632,1950000,1000000
2018-08-29 09:35:15.686000,1.16635,1.16633,1570000,1000000
2018-08-29 09:35:15.840000,1.16638,1.16634,1950000,2250000
2018-08-29 09:35:16.389000,1.16639,1.16635,7990000,1000000
2018-08-29 09:35:16.594000,1.16639,1.16635,3820000,1000000
2018-08-29 09:35:18.150000,1.16639,1.16636,1200000,1870000
2018-08-29 09:35:18.676000,1.1664,1.16637,1570000,1000000
2018-08-29 09:35:19.506000,1.16639,1.16636,1500000,1870000
2018-08-29 09:35:20.087000,1.1664,1.16636,2700000,4120000
2018-08-29 09:35:20.299000,1.16637,1.16635,1000000,1570000
2018-08-29 09:35:20.455000,1.16639,1.16635,5890000,1690000
2018-08-29 09:35:20.966000,1.16638,1.16636,1000000,1000000
2018-08-29 09:35:22.413000,1.16639,1.16635,4950000,1390000
2018-08-29 09:35:23.039000,1.16639,1.16636,1190000,2250000
2018-08-29 09:35:23.574000,1.16638,1.16637,1500000,1000000
2018-08-29 09:35:24.013000,1.1664,1.16636,9410000,2250000
2018-08-29 09:35:24.519000,1.16639,1.16637,1000000,1000000
2018-08-29 09:35:25.036000,1.16639,1.16636,3000000,3750000
2018-08-29 09:35:25.791000,1.16639,1.16637,1000000,1120000
2018-08-29 09:35:26.166000,1.16641,1.16637,6450000,3370000
2018-08-29 09:35:27.071000,1.1664,1.16637,1000000,1120000
2018-08-29 09:35:27.633000,1.16637,1.16636,1000000,2920000
2018-08-29 09:35:27.790000,1.16636,1.16633,1000000,2700000
2018-08-29 09:35:28.326000,1.16636,1.16634,1500000,1200000
2018-08-29 09:35:28.479000,1.16638,1.16635,5660000,1950000
2018-08-29 09:35:28.985000,1.16637,1.16634,1000000,4200000
2018-08-29 09:35:29.760000,1.16638,1.16635,4540000,1200000
2018-08-29 09:35:30.239000,1.16639,1.16638,1500000,1000000
2018-08-29 09:35:30.337000,1.16641,1.16637,4500000,4200000
2018-08-29 09:35:30.392000,1.16643,1.1664,4870000,1500000
2018-08-29 09:35:30.606000,1.16641,1.1664,2440000,1000000
2018-08-29 09:35:30.713000,1.16641,1.16637,1250000,8330000
2018-08-29 09:35:32.031000,1.16641,1.1664,1000000,1000000
2018-08-29 09:35:32.185000,1.16644,1.1664,5400000,2100000
2018-08-29 09:35:32.237000,1.16644,1.16642,1950000,1000000
2018-08-29 09:35:33.193000,1.16643,1.16641,2440000,1100000
2018-08-29 09:35:33.246000,1.16644,1.16639,6190000,3070000
2018-08-29 09:35:33.763000,1.16642,1.16639,1000000,3450000
2018-08-29 09:35:33.919000,1.16644,1.16639,7910000,1950000
2018-08-29 09:35:33.971000,1.16643,1.16641,1000000,1000000
2018-08-29 09:35:36.182000,1.16642,1.16641,1500000,1000000
2018-08-29 09:35:36.850000,1.16643,1.16641,1500000,1000000
2018-08-29 09:35:37.646000,1.16645,1.16641,6750000,3820000
2018-08-29 09:35:38.134000,1.16646,1.16645,3000000,1120000
2018-08-29 09:35:38.189000,1.16647,1.16646,1950000,1500000
2018-08-29 09:35:38.368000,1.16653,1.1665,6640000,1500000
2018-08-29 09:35:38.632000,1.16651,1.16649,1000000,1570000
2018-08-29 09:35:38.738000,1.16651,1.16647,1870000,5700000
2018-08-29 09:35:39.096000,1.16649,1.16647,1000000,5140000
2018-08-29 09:35:39.461000,1.16651,1.16648,1000000,1370000
2018-08-29 09:35:40.061000,1.16652,1.16648,7500000,1870000
2018-08-29 09:35:40.603000,1.16651,1.16649,2250000,1120000
2018-08-29 09:35:42.294000,1.1665,1.16649,1000000,1120000
2018-08-29 09:35:42.874000,1.1665,1.16648,1500000,1000000
2018-08-29 09:35:43.394000,1.16651,1.16647,3000000,1100000
2018-08-29 09:35:44.795000,1.16651,1.16647,1500000,2700000
2018-08-29 09:35:46.905000,1.16652,1.16648,2250000,1950000
2018-08-29 09:35:47.214000,1.16655,1.16652,3000000,1950000
2018-08-29 09:35:47.485000,1.16655,1.1665,13610000,1950000
2018-08-29 09:35:47.796000,1.16656,1.16651,6920000,4010000
2018-08-29 09:35:47.949000,1.16656,1.16652,1000000,3450000
2018-08-29 09:35:48.285000,1.16659,1.16657,3000000,1000000
2018-08-29 09:35:48.966000,1.16659,1.16656,1500000,1570000
2018-08-29 09:35:49.229000,1.16661,1.16656,6000000,2320000
2018-08-29 09:35:49.387000,1.16661,1.16657,1000000,1470000
2018-08-29 09:35:51.664000,1.16661,1.16658,1000000,1950000
2018-08-29 09:35:52.407000,1.16661,1.16657,2250000,3070000
2018-08-29 09:35:52.984000,1.16661,1.16657,2250000,1570000
2018-08-29 09:35:53.580000,1.1666,1.16657,2250000,1200000
2018-08-29 09:35:54.081000,1.16661,1.16657,5060000,1950000
2018-08-29 09:35:54.798000,1.1666,1.16657,1250000,2140000
2018-08-29 09:35:55.150000,1.16658,1.16656,1500000,5140000
2018-08-29 09:35:55.204000,1.16658,1.16655,1000000,1100000
2018-08-29 09:35:55.413000,1.16656,1.16655,1500000,1000000
2018-08-29 09:35:55.517000,1.16659,1.16657,3000000,1120000
2018-08-29 09:35:55.569000,1.16661,1.16657,4500000,1390000
2018-08-29 09:35:56.578000,1.16661,1.16658,1120000,1000000
2018-08-29 09:35:57.120000,1.16661,1.16657,1120000,1200000
2018-08-29 09:35:57.329000,1.16662,1.16657,5810000,5140000
2018-08-29 09:35:57.643000,1.1666,1.16657,1500000,4570000
2018-08-29 09:35:58.383000,1.16662,1.16657,6370000,3450000
2018-08-29 09:35:59.635000,1.16662,1.16657,4120000,1570000
2018-08-29 09:36:00.216000,1.16661,1.16657,1000000,3450000
2018-08-29 09:36:00.957000,1.1666,1.16657,1000000,1570000
2018-08-29 09:36:01.511000,1.16661,1.16657,2250000,1570000
2018-08-29 09:36:02.116000,1.1666,1.16657,1000000,1950000
2018-08-29 09:36:02.629000,1.16661,1.16657,2250000,1950000
2018-08-29 09:36:03.293000,1.1666,1.16657,1000000,1950000
2018-08-29 09:36:03.950000,1.16661,1.16657,2250000,1200000
2018-08-29 09:36:04.179000,1.16659,1.16657,1000000,1950000
2018-08-29 09:36:04.723000,1.1666,1.16657,1500000,2320000
2018-08-29 09:36:05.271000,1.16659,1.16657,1000000,2700000
2018-08-29 09:36:05.924000,1.1666,1.16657,1500000,2700000
2018-08-29 09:36:06.615000,1.16659,1.16657,1000000,2700000
2018-08-29 09:36:07.159000,1.1666,1.16658,1500000,1690000
2018-08-29 09:36:07.670000,1.16659,1.16658,1500000,1690000
2018-08-29 09:36:08.186000,1.1666,1.16658,2250000,1570000
2018-08-29 09:36:08.922000,1.16661,1.16658,1000000,6370000
2018-08-29 09:36:08.976000,1.16663,1.1666,4010000,1250000
2018-08-29 09:36:09.030000,1.16665,1.16661,7120000,2250000
2018-08-29 09:36:09.230000,1.16665,1.16662,3750000,1200000
2018-08-29 09:36:09.916000,1.16665,1.16661,2250000,3490000
2018-08-29 09:36:10.423000,1.16664,1.16661,1000000,4990000
2018-08-29 09:36:10.831000,1.16666,1.16662,3750000,5700000
2018-08-29 09:36:11.374000,1.16665,1.16662,1120000,1570000
2018-08-29 09:36:11.839000,1.16664,1.1666,1500000,6260000
2018-08-29 09:36:12.355000,1.16664,1.1666,6900000,3450000
2018-08-29 09:36:12.852000,1.16664,1.16662,1950000,2440000
2018-08-29 09:36:13.427000,1.16665,1.16662,1250000,2890000
2018-08-29 09:36:16.303000,1.16667,1.16663,2620000,3370000
2018-08-29 09:36:16.357000,1.16668,1.16665,2320000,5250000
2018-08-29 09:36:16.906000,1.16669,1.16665,1500000,7760000
2018-08-29 09:36:17.294000,1.16667,1.16664,3750000,1470000
2018-08-29 09:36:17.522000,1.16667,1.16663,6560000,2250000
2018-08-29 09:36:18.340000,1.16667,1.16663,8810000,2810000
2018-08-29 09:36:19.300000,1.16667,1.16663,7120000,1120000
2018-08-29 09:36:19.812000,1.16667,1.16663,1870000,4760000
2018-08-29 09:36:20.131000,1.16669,1.16665,1500000,2250000
2018-08-29 09:36:20.742000,1.16668,1.16665,3370000,3450000
2018-08-29 09:36:21.276000,1.16669,1.16665,1500000,3450000
2018-08-29 09:36:22.741000,1.16669,1.16665,3750000,1000000
2018-08-29 09:36:23.306000,1.16668,1.16665,1500000,5250000
2018-08-29 09:36:23.614000,1.16669,1.16667,1000000,1500000
2018-08-29 09:36:24.238000,1.16668,1.16667,1000000,1500000
2018-08-29 09:36:24.592000,1.1667,1.16667,3820000,1000000
2018-08-29 09:36:25.122000,1.16669,1.16667,1000000,1000000
2018-08-29 09:36:25.663000,1.1667,1.16667,1000000,1010000
2018-08-29 09:36:26.595000,1.16671,1.16667,6070000,2700000
2018-08-29 09:36:27.477000,1.1667,1.16668,1000000,1500000
2018-08-29 09:36:27.987000,1.16671,1.16667,4800000,1950000
2018-08-29 09:36:28.312000,1.16672,1.1667,2250000,1000000
2018-08-29 09:36:28.419000,1.16674,1.16672,3190000,1100000
2018-08-29 09:36:28.958000,1.16674,1.1667,2620000,4760000
2018-08-29 09:36:29.854000,1.16672,1.1667,1000000,4390000
2018-08-29 09:36:30.399000,1.16674,1.16671,3000000,3190000
2018-08-29 09:36:32.659000,1.16674,1.16671,3560000,1200000
2018-08-29 09:36:34.978000,1.16674,1.16671,1690000,1950000
2018-08-29 09:36:35.242000,1.16672,1.1667,2100000,8320000
2018-08-29 09:36:35.295000,1.16673,1.1667,1870000,3070000
2018-08-29 09:36:35.578000,1.16674,1.16672,1500000,1000000
2018-08-29 09:36:36.156000,1.16674,1.16671,1250000,5510000
2018-08-29 09:36:36.684000,1.16674,1.16672,1250000,1000000
2018-08-29 09:36:37.557000,1.16674,1.16671,1250000,1950000
2018-08-29 09:36:38.501000,1.16673,1.1667,3790000,1070000
2018-08-29 09:36:38.553000,1.16673,1.16669,2290000,2320000
2018-08-29 09:36:39.824000,1.16674,1.1667,4740000,7570000
2018-08-29 09:36:40.584000,1.16673,1.1667,1000000,2700000
2018-08-29 09:36:41.837000,1.16672,1.16669,1500000,2320000
2018-08-29 09:36:42.422000,1.16672,1.1667,1500000,1000000
2018-08-29 09:36:42.641000,1.16675,1.16671,3070000,1870000
2018-08-29 09:36:43.165000,1.16674,1.1667,9000000,3070000
2018-08-29 09:36:43.682000,1.16673,1.16671,1000000,1200000
2018-08-29 09:36:44.191000,1.16674,1.16671,7720000,1200000
2018-08-29 09:36:44.523000,1.16672,1.16671,1000000,1000000
2018-08-29 09:36:44.680000,1.16674,1.16671,1310000,1000000
2018-08-29 09:36:45.092000,1.16673,1.16671,1540000,1000000
2018-08-29 09:36:45.621000,1.16674,1.16671,6600000,1000000
2018-08-29 09:36:46.741000,1.16674,1.16671,9220000,1000000
2018-08-29 09:36:47.369000,1.16673,1.16671,1000000,1000000
2018-08-29 09:36:48.698000,1.16675,1.16672,5890000,2250000
2018-08-29 09:36:51.219000,1.16673,1.16672,1000000,1000000
2018-08-29 09:36:51.428000,1.16675,1.16672,5250000,1500000
2018-08-29 09:36:52.059000,1.16674,1.16672,1000000,1000000
2018-08-29 09:36:52.713000,1.16675,1.16672,4500000,1000000
2018-08-29 09:36:53.255000,1.16675,1.16671,3750000,2510000
2018-08-29 09:36:53.930000,1.16675,1.16672,4500000,1000000
2018-08-29 09:36:55.380000,1.16674,1.16672,1000000,1870000
2018-08-29 09:36:55.798000,1.16677,1.16676,1120000,1000000
2018-08-29 09:36:55.948000,1.16679,1.16676,1500000,4420000
2018-08-29 09:36:56.463000,1.16678,1.16675,3000000,1950000
2018-08-29 09:36:57.001000,1.16677,1.16674,2250000,1950000
2018-08-29 09:36:57.214000,1.16677,1.16676,1000000,1000000
2018-08-29 09:36:57.317000,1.16679,1.16676,1500000,1000000
2018-08-29 09:36:57.961000,1.16679,1.16675,3750000,2320000
2018-08-29 09:36:58.489000,1.16678,1.16676,1250000,1000000
2018-08-29 09:37:00.744000,1.16677,1.16674,2250000,2320000
2018-08-29 09:37:01.155000,1.16676,1.16672,1000000,2320000
2018-08-29 09:37:01.832000,1.16677,1.16673,5140000,1100000
2018-08-29 09:37:03.013000,1.16676,1.16673,1250000,1100000
2018-08-29 09:37:03.801000,1.16677,1.16673,5890000,1100000
2018-08-29 09:37:05.135000,1.16676,1.16673,1000000,1100000
2018-08-29 09:37:05.659000,1.16676,1.16674,1500000,1000000
2018-08-29 09:37:06.277000,1.16677,1.16674,1870000,1000000
2018-08-29 09:37:07.042000,1.16677,1.16674,5060000,1000000
2018-08-29 09:37:07.557000,1.16676,1.16673,1500000,1120000
2018-08-29 09:37:09.297000,1.16677,1.16673,6370000,1310000
2018-08-29 09:37:09.968000,1.16677,1.16673,1120000,2140000
2018-08-29 09:37:13.252000,1.16678,1.16676,3000000,1000000
2018-08-29 09:37:13.305000,1.16679,1.16676,1010000,1000000
2018-08-29 09:37:14.249000,1.1668,1.16677,4870000,1000000
2018-08-29 09:37:14.765000,1.1668,1.16678,1870000,1000000
2018-08-29 09:37:15.857000,1.16679,1.16678,1000000,1000000
2018-08-29 09:37:16.378000,1.1668,1.16678,1690000,1000000
2018-08-29 09:37:17.169000,1.16679,1.16678,1000000,1000000
2018-08-29 09:37:18.238000,1.1668,1.16678,2060000,1000000
2018-08-29 09:37:18.803000,1.1668,1.16677,2060000,2250000
2018-08-29 09:37:19.332000,1.16679,1.16677,1000000,2250000
2018-08-29 09:37:19.837000,1.1668,1.16677,2060000,1500000
2018-08-29 09:37:21.194000,1.16679,1.16677,1000000,3190000
2018-08-29 09:37:21.803000,1.1668,1.16677,2250000,2250000
2018-08-29 09:37:23.436000,1.16679,1.16677,1000000,2250000
2018-08-29 09:37:23.596000,1.16678,1.16675,1500000,2440000
2018-08-29 09:37:24.119000,1.16679,1.16675,1500000,1690000
2018-08-29 09:37:25.077000,1.16678,1.16675,1000000,3190000
2018-08-29 09:37:26.679000,1.16679,1.16675,3370000,2440000
2018-08-29 09:37:27.650000,1.16678,1.16675,1000000,3190000
2018-08-29 09:37:28.392000,1.16679,1.16675,1500000,1690000
2018-08-29 09:37:29.228000,1.16679,1.16676,1500000,1000000
2018-08-29 09:37:29.853000,1.16678,1.16676,1000000,1000000
2018-08-29 09:37:30.367000,1.16679,1.16676,1000000,1000000
2018-08-29 09:37:31.030000,1.1668,1.16676,6410000,1000000
2018-08-29 09:37:31.544000,1.16679,1.16676,1250000,1120000
2018-08-29 09:37:33.582000,1.1668,1.16676,7540000,1000000
2018-08-29 09:37:34.097000,1.16678,1.16675,2850000,3820000
2018-08-29 09:37:36.222000,1.16677,1.16675,2250000,1000000
2018-08-29 09:37:36.732000,1.16678,1.16675,11700000,1000000
2018-08-29 09:37:37.744000,1.16679,1.16677,4500000,1000000
2018-08-29 09:37:43.715000,1.16678,1.16674,8470000,3450000
2018-08-29 09:37:44.254000,1.16676,1.16673,2440000,1000000
2018-08-29 09:37:44.776000,1.16676,1.16673,4870000,1250000
2018-08-29 09:37:48.642000,1.16677,1.16675,3450000,5100000
2018-08-29 09:37:48.696000,1.16679,1.16678,1120000,1500000
2018-08-29 09:37:48.906000,1.16681,1.16678,3940000,1120000
2018-08-29 09:37:49.455000,1.1668,1.16678,1690000,1000000
2018-08-29 09:37:52.528000,1.1668,1.16677,4760000,1500000
2018-08-29 09:37:53.048000,1.16679,1.16676,1000000,1000000
2018-08-29 09:37:53.666000,1.16678,1.16676,2250000,1000000
2018-08-29 09:37:54.178000,1.16678,1.16673,5320000,4760000
2018-08-29 09:37:54.285000,1.16676,1.16674,1000000,1250000
2018-08-29 09:37:58.390000,1.16677,1.16674,2250000,1000000
2018-08-29 09:37:58.919000,1.16676,1.16673,1000000,1000000
2018-08-29 09:38:00.414000,1.16675,1.16673,1500000,1000000
2018-08-29 09:38:00.465000,1.16677,1.16673,6670000,1000000
2018-08-29 09:38:01.193000,1.16677,1.16673,11740000,1250000
2018-08-29 09:38:01.741000,1.16675,1.16673,1500000,2620000
2018-08-29 09:38:01.793000,1.16677,1.16676,1500000,2250000
2018-08-29 09:38:01.901000,1.16679,1.16676,1200000,1690000
2018-08-29 09:38:02.415000,1.1668,1.16677,9260000,1000000
2018-08-29 09:38:02.938000,1.1668,1.16677,3260000,1000000
2018-08-29 09:38:02.990000,1.16678,1.16677,1000000,1000000
2018-08-29 09:38:03.535000,1.1668,1.16676,4610000,2250000
2018-08-29 09:38:06.250000,1.1668,1.16676,9600000,1690000
2018-08-29 09:38:07.593000,1.16679,1.16676,2550000,1690000
2018-08-29 09:38:09.876000,1.1668,1.16676,9970000,5440000
2018-08-29 09:38:10.399000,1.1668,1.16676,8470000,3190000
2018-08-29 09:38:14.246000,1.1668,1.16676,8660000,2440000
2018-08-29 09:38:14.864000,1.1668,1.16676,6040000,1690000
2018-08-29 09:38:17.064000,1.1668,1.16676,6790000,1690000
2018-08-29 09:38:18.082000,1.16679,1.16677,1000000,1250000
2018-08-29 09:38:19.565000,1.1668,1.16676,5290000,1690000
2018-08-29 09:38:20.294000,1.1668,1.16676,7910000,1500000
2018-08-29 09:38:21.156000,1.1668,1.16676,8290000,1250000
2018-08-29 09:38:21.680000,1.16679,1.16677,1000000,1000000
2018-08-29 09:38:23.779000,1.16681,1.16677,6000000,3190000
2018-08-29 09:38:23.906000,1.16682,1.16681,2320000,1000000
2018-08-29 09:38:23.959000,1.16683,1.16682,3750000,2290000
2018-08-29 09:38:24.012000,1.16685,1.16682,1000000,4910000
2018-08-29 09:38:24.555000,1.16686,1.16682,1500000,2510000
2018-08-29 09:38:25.662000,1.16686,1.16683,1690000,1870000
2018-08-29 09:38:26.183000,1.16685,1.16683,1000000,1690000
2018-08-29 09:38:26.838000,1.16686,1.16683,4500000,1250000
2018-08-29 09:38:27.486000,1.16685,1.16683,1000000,1250000
2018-08-29 09:38:28.093000,1.16686,1.16683,4120000,1250000
2018-08-29 09:38:28.545000,1.16687,1.16685,6750000,1500000
2018-08-29 09:38:29.062000,1.16686,1.16683,1000000,6190000
2018-08-29 09:38:29.626000,1.16686,1.16684,1000000,1310000
2018-08-29 09:38:29.832000,1.16686,1.16683,1500000,1540000
2018-08-29 09:38:31.077000,1.16687,1.16683,4500000,1540000
2018-08-29 09:38:31.489000,1.16687,1.16686,1000000,1690000
2018-08-29 09:38:31.542000,1.16689,1.16687,1100000,2440000
2018-08-29 09:38:31.646000,1.16692,1.1669,1570000,3190000
2018-08-29 09:38:31.804000,1.16697,1.16693,6450000,3410000
2018-08-29 09:38:32.248000,1.16699,1.16696,2320000,3940000
2018-08-29 09:38:32.576000,1.16697,1.16694,1000000,3070000
2018-08-29 09:38:33.086000,1.16696,1.16694,1120000,1870000
2018-08-29 09:38:33.364000,1.16695,1.16691,6940000,7760000
2018-08-29 09:38:33.994000,1.16695,1.16693,1500000,2440000
2018-08-29 09:38:34.046000,1.16697,1.16693,8700000,2440000
2018-08-29 09:38:34.307000,1.16697,1.16693,5060000,7540000
2018-08-29 09:38:34.856000,1.16698,1.16693,7570000,7310000
2018-08-29 09:38:35.389000,1.16698,1.16693,10010000,4310000
2018-08-29 09:38:35.793000,1.16697,1.16695,6370000,1000000
2018-08-29 09:38:36.313000,1.16697,1.16694,2810000,1000000
2018-08-29 09:38:37.324000,1.16696,1.16694,1000000,1000000
2018-08-29 09:38:37.860000,1.16697,1.16694,5810000,1000000
2018-08-29 09:38:38.179000,1.16693,1.16689,1000000,5060000
2018-08-29 09:38:39.182000,1.16692,1.16689,1000000,7690000
2018-08-29 09:38:39.830000,1.16693,1.16689,1500000,4690000
2018-08-29 09:38:40.705000,1.16692,1.1669,1000000,1250000
2018-08-29 09:38:41.022000,1.16694,1.16692,1000000,1000000
2018-08-29 09:38:41.543000,1.16695,1.16691,3070000,2510000
2018-08-29 09:38:42.285000,1.16694,1.16692,1000000,1000000
2018-08-29 09:38:42.804000,1.16695,1.16691,6070000,2510000
2018-08-29 09:38:43.562000,1.16694,1.16692,1000000,1000000
2018-08-29 09:38:43.950000,1.16697,1.16693,5700000,1310000
2018-08-29 09:38:44.002000,1.16697,1.16694,1120000,1190000
2018-08-29 09:38:44.521000,1.16697,1.16693,1690000,6410000
2018-08-29 09:38:46.256000,1.16697,1.16693,4310000,4120000
2018-08-29 09:38:46.760000,1.16697,1.16693,2060000,1690000
2018-08-29 09:38:47.284000,1.16697,1.16693,4310000,4120000
2018-08-29 09:38:48.582000,1.16697,1.16693,2060000,3190000
2018-08-29 09:38:48.961000,1.16693,1.16691,1000000,1950000
2018-08-29 09:38:49.149000,1.1669,1.16687,1690000,2890000
2018-08-29 09:38:49.606000,1.16688,1.16686,1000000,1250000
2018-08-29 09:38:50.112000,1.16689,1.16685,3750000,4690000
2018-08-29 09:38:51.559000,1.16688,1.16685,1000000,4760000
2018-08-29 09:38:52.101000,1.16688,1.16687,1000000,1000000
2018-08-29 09:38:53.256000,1.16689,1.16687,3000000,1000000
2018-08-29 09:38:53.620000,1.16691,1.16687,3370000,2890000
2018-08-29 09:38:54.187000,1.1669,1.16688,1000000,1690000
2018-08-29 09:38:55.034000,1.16691,1.16688,3370000,1690000
2018-08-29 09:38:55.567000,1.1669,1.16688,1000000,2440000
2018-08-29 09:38:55.979000,1.16688,1.16686,2850000,3450000
2018-08-29 09:38:56.241000,1.16685,1.16682,1500000,2060000
2018-08-29 09:38:58.788000,1.16684,1.16683,1000000,1000000
2018-08-29 09:38:59.326000,1.16684,1.16682,1000000,1690000
2018-08-29 09:38:59.837000,1.16684,1.16682,3600000,1250000
2018-08-29 09:38:59.953000,1.16681,1.1668,1000000,2320000
2018-08-29 09:39:00.007000,1.16681,1.16678,4540000,2320000
2018-08-29 09:39:00.598000,1.1668,1.16677,3940000,4760000
2018-08-29 09:39:01.223000,1.1668,1.16677,1000000,3260000
2018-08-29 09:39:01.727000,1.1668,1.16677,2250000,3820000
2018-08-29 09:39:02.426000,1.16679,1.16677,1000000,4010000
2018-08-29 09:39:02.966000,1.1668,1.16677,1000000,2060000
2018-08-29 09:39:03.520000,1.1668,1.16677,1000000,3940000
2018-08-29 09:39:04.043000,1.16679,1.16677,2290000,2810000
2018-08-29 09:39:05.871000,1.16678,1.16677,1000000,1500000
2018-08-29 09:39:06.381000,1.16679,1.16677,2290000,2440000
2018-08-29 09:39:07.976000,1.16678,1.16677,1000000,1500000
2018-08-29 09:39:08.496000,1.1668,1.16677,9300000,1500000
2018-08-29 09:39:09.113000,1.16679,1.16676,1800000,2810000
2018-08-29 09:39:09.736000,1.16678,1.16675,2250000,6260000
2018-08-29 09:39:10.292000,1.16678,1.16675,1120000,7310000
2018-08-29 09:39:10.401000,1.16677,1.16674,4240000,1000000
2018-08-29 09:39:11.180000,1.16674,1.16673,1500000,1000000
2018-08-29 09:39:11.696000,1.16674,1.16672,1000000,1250000
2018-08-29 09:39:12.521000,1.16673,1.16671,1500000,1000000
2018-08-29 09:39:12.756000,1.16673,1.16669,5470000,1870000
2018-08-29 09:39:13.266000,1.16673,1.16669,6300000,6080000
2018-08-29 09:39:13.794000,1.16672,1.16669,1000000,4390000
2018-08-29 09:39:14.324000,1.16673,1.16669,4120000,3640000
2018-08-29 09:39:15.048000,1.16672,1.16669,1000000,5510000
2018-08-29 09:39:15.360000,1.16675,1.16672,4080000,1690000
2018-08-29 09:39:15.640000,1.16677,1.16675,1000000,5890000
2018-08-29 09:39:15.794000,1.16679,1.16675,2250000,3640000
2018-08-29 09:39:15.896000,1.16677,1.16675,1500000,3070000
2018-08-29 09:39:15.947000,1.16679,1.16675,3370000,3070000
2018-08-29 09:39:16.518000,1.16678,1.16675,1000000,3820000
2018-08-29 09:39:18.103000,1.16679,1.16676,2250000,4390000
2018-08-29 09:39:18.412000,1.16678,1.16675,4540000,1200000
2018-08-29 09:39:18.960000,1.16677,1.16674,5470000,1200000
2018-08-29 09:39:19.548000,1.16676,1.16674,1000000,1000000
2018-08-29 09:39:20.037000,1.16678,1.16676,1000000,3940000
2018-08-29 09:39:20.242000,1.1668,1.16676,5700000,10010000
2018-08-29 09:39:20.894000,1.16679,1.16676,1000000,6640000
2018-08-29 09:39:21.435000,1.16679,1.16677,1000000,1500000
2018-08-29 09:39:22.078000,1.1668,1.16677,6300000,1000000
2018-08-29 09:39:22.343000,1.16679,1.16676,7540000,1120000
2018-08-29 09:39:24.255000,1.16677,1.16676,1690000,1000000
2018-08-29 09:39:24.362000,1.16676,1.16673,1500000,4310000
2018-08-29 09:39:25.098000,1.16675,1.16673,1500000,2060000
2018-08-29 09:39:25.521000,1.16675,1.16672,3000000,2440000
2018-08-29 09:39:25.778000,1.16677,1.16675,4200000,1000000
2018-08-29 09:39:25.830000,1.16679,1.16676,4950000,3560000
2018-08-29 09:39:26.344000,1.16677,1.16676,1000000,1250000
2018-08-29 09:39:26.585000,1.1668,1.16677,3190000,1500000
2018-08-29 09:39:27.530000,1.1668,1.16677,3190000,1690000
2018-08-29 09:39:28.041000,1.1668,1.16677,1000000,1000000
2018-08-29 09:39:28.301000,1.16681,1.16679,1120000,1190000
2018-08-29 09:39:28.404000,1.1668,1.16678,2250000,2140000
2018-08-29 09:39:28.611000,1.16682,1.16679,1870000,1500000
2018-08-29 09:39:29.495000,1.16682,1.16681,1000000,2440000
2018-08-29 09:39:29.855000,1.16684,1.16681,2620000,2440000
2018-08-29 09:39:30.420000,1.16683,1.16681,1000000,2440000
2018-08-29 09:39:31.028000,1.16684,1.16681,1000000,2440000
2018-08-29 09:39:31.538000,1.16683,1.16681,1000000,2440000
2018-08-29 09:39:32.488000,1.16684,1.16681,3000000,1500000
2018-08-29 09:39:32.542000,1.16682,1.16681,2250000,1000000
2018-08-29 09:39:33.084000,1.16682,1.1668,1000000,2140000
2018-08-29 09:39:33.538000,1.16684,1.1668,6970000,2810000
2018-08-29 09:39:34.081000,1.16683,1.1668,1000000,2810000
2018-08-29 09:39:34.345000,1.16684,1.16681,1500000,4760000
2018-08-29 09:39:34.669000,1.16689,1.16687,1500000,1250000
2018-08-29 09:39:35.189000,1.16687,1.16683,3560000,4010000
2018-08-29 09:39:35.868000,1.16685,1.16683,1000000,2320000
2018-08-29 09:39:36.418000,1.16687,1.16683,10800000,1200000
2018-08-29 09:39:36.938000,1.16685,1.16683,1250000,1000000
2018-08-29 09:39:37.802000,1.16686,1.16683,2440000,1500000
2018-08-29 09:39:38.648000,1.16685,1.16683,1000000,1500000
2018-08-29 09:39:41.302000,1.16686,1.16683,5250000,1950000
2018-08-29 09:39:42.168000,1.16685,1.16683,1000000,1500000
2018-08-29 09:39:42.911000,1.16686,1.16683,4500000,1500000
2018-08-29 09:39:43.573000,1.16685,1.16683,1000000,1000000
2018-08-29 09:39:44.091000,1.16686,1.16683,4350000,1000000
2018-08-29 09:39:46.622000,1.16685,1.16683,1120000,1000000
2018-08-29 09:39:47.683000,1.16686,1.16683,6750000,1000000
2018-08-29 09:39:49.078000,1.16685,1.16682,6370000,1100000
2018-08-29 09:39:49.757000,1.16684,1.16682,1000000,1000000
2018-08-29 09:39:51.484000,1.16683,1.16681,2100000,1200000
2018-08-29 09:39:52.128000,1.16684,1.16681,1500000,2250000
2018-08-29 09:39:53.011000,1.16685,1.16682,4870000,2250000
2018-08-29 09:39:53.609000,1.16686,1.16683,1120000,2250000
2018-08-29 09:39:54.132000,1.16686,1.16683,1250000,3640000
2018-08-29 09:39:55.389000,1.16686,1.16683,1250000,3190000
2018-08-29 09:39:59.034000,1.16685,1.16683,1000000,2440000
2018-08-29 09:39:59.558000,1.16686,1.16682,9640000,1000000
2018-08-29 09:39:59.876000,1.16683,1.16681,2250000,1500000
2018-08-29 09:40:00.189000,1.1668,1.16679,1870000,1250000
2018-08-29 09:40:00.383000,1.16679,1.16677,1250000,1250000
2018-08-29 09:40:00.907000,1.16679,1.16676,1000000,1500000
2018-08-29 09:40:01.478000,1.1668,1.16676,9790000,1690000
2018-08-29 09:40:02.015000,1.1668,1.16677,1000000,3830000
2018-08-29 09:40:04.197000,1.16681,1.16678,3450000,2810000
2018-08-29 09:40:04.740000,1.16682,1.1668,1000000,1000000
2018-08-29 09:40:05.299000,1.16682,1.16681,1000000,1000000
2018-08-29 09:40:05.844000,1.16683,1.16681,1000000,1250000
2018-08-29 09:40:06.914000,1.16684,1.16682,2250000,1000000
2018-08-29 09:40:07.567000,1.16684,1.16681,1500000,3000000
2018-08-29 09:40:08.165000,1.16684,1.16682,2440000,1000000
2018-08-29 09:40:08.760000,1.16684,1.16681,1690000,3940000
2018-08-29 09:40:09.370000,1.16684,1.16682,3190000,1000000
2018-08-29 09:40:09.873000,1.16684,1.16681,1690000,3940000
2018-08-29 09:40:11.878000,1.16683,1.1668,3190000,3750000
2018-08-29 09:40:12.223000,1.16681,1.16679,1000000,2440000
2018-08-29 09:40:13.802000,1.16681,1.1668,1000000,1500000
2018-08-29 09:40:14.388000,1.16681,1.16679,1000000,3640000
2018-08-29 09:40:17.807000,1.16681,1.1668,1000000,1000000
2018-08-29 09:40:18.315000,1.16681,1.16679,1000000,3940000
2018-08-29 09:40:18.817000,1.16681,1.1668,1000000,1000000
2018-08-29 09:40:19.239000,1.16683,1.1668,3040000,3190000
2018-08-29 09:40:19.522000,1.16685,1.16683,4200000,1000000
2018-08-29 09:40:19.680000,1.16685,1.1668,11700000,13120000
2018-08-29 09:40:20.261000,1.16685,1.16681,6970000,5250000
2018-08-29 09:40:20.522000,1.16683,1.1668,3070000,1870000
2018-08-29 09:40:21.057000,1.16685,1.16682,2100000,1690000
2018-08-29 09:40:21.376000,1.16689,1.16687,3370000,1000000
2018-08-29 09:40:22.117000,1.16689,1.16686,1870000,2060000
2018-08-29 09:40:22.620000,1.16689,1.16687,2620000,1000000
2018-08-29 09:40:23.165000,1.16689,1.16686,1870000,2060000
2018-08-29 09:40:24.058000,1.16689,1.16687,1000000,3940000
2018-08-29 09:40:24.342000,1.16695,1.16692,1120000,1760000
2018-08-29 09:40:26.409000,1.16695,1.16691,2850000,1870000
2018-08-29 09:40:26.463000,1.16693,1.16691,1000000,1120000
2018-08-29 09:40:26.571000,1.16691,1.16688,1000000,2700000
2018-08-29 09:40:27.102000,1.16692,1.16688,10420000,2440000
2018-08-29 09:40:27.733000,1.16691,1.16688,1000000,3190000
2018-08-29 09:40:28.347000,1.16691,1.16688,3190000,1000000
2018-08-29 09:40:28.606000,1.16692,1.16687,10610000,1310000
2018-08-29 09:40:29.147000,1.16691,1.16688,1350000,1250000
2018-08-29 09:40:29.672000,1.16692,1.16688,3600000,2250000
2018-08-29 09:40:30.192000,1.16691,1.16688,1000000,3750000
2018-08-29 09:40:33.084000,1.16691,1.16689,1000000,1000000
2018-08-29 09:40:33.191000,1.16694,1.16691,3820000,1310000
2018-08-29 09:40:33.245000,1.16695,1.16692,1000000,2440000
2018-08-29 09:40:33.397000,1.16697,1.16694,3750000,2250000
2018-08-29 09:40:33.609000,1.16699,1.16695,3750000,4310000
2018-08-29 09:40:35.605000,1.16698,1.16695,5810000,1500000
2018-08-29 09:40:35.705000,1.16696,1.16694,1500000,1500000
2018-08-29 09:40:35.759000,1.16695,1.16692,1870000,3640000
2018-08-29 09:40:35.919000,1.16693,1.1669,1000000,7310000
2018-08-29 09:40:36.421000,1.16693,1.16691,1250000,1250000
2018-08-29 09:40:36.971000,1.16693,1.1669,1000000,2810000
2018-08-29 09:40:37.278000,1.16691,1.16688,3000000,4690000
2018-08-29 09:40:38.036000,1.16692,1.16688,8890000,2440000
2018-08-29 09:40:38.747000,1.16691,1.16688,3000000,6640000
2018-08-29 09:40:40.080000,1.1669,1.16688,1000000,1500000
2018-08-29 09:40:40.681000,1.1669,1.16687,1000000,1000000
2018-08-29 09:40:41.237000,1.16691,1.16687,4870000,2250000
2018-08-29 09:40:41.772000,1.1669,1.16687,3000000,3000000
2018-08-29 09:40:42.516000,1.1669,1.16688,2250000,1500000
2018-08-29 09:40:43.199000,1.16691,1.16687,5620000,1190000
2018-08-29 09:40:43.751000,1.1669,1.16687,2250000,2290000
2018-08-29 09:40:43.970000,1.16694,1.16691,1870000,3040000
2018-08-29 09:40:44.077000,1.16694,1.16692,1000000,4500000
2018-08-29 09:40:44.183000,1.16696,1.16694,1200000,2250000
2018-08-29 09:40:45.290000,1.16696,1.16692,2250000,9750000
2018-08-29 09:40:45.870000,1.16697,1.16695,1000000,2620000
2018-08-29 09:40:46.413000,1.16698,1.16696,1000000,1000000
2018-08-29 09:40:48.639000,1.16699,1.16695,7010000,1200000
2018-08-29 09:40:49.190000,1.16696,1.16694,1500000,1390000
2018-08-29 09:40:49.710000,1.16696,1.16693,1950000,2620000
2018-08-29 09:40:50.076000,1.16698,1.16697,4200000,1500000
2018-08-29 09:40:50.183000,1.16701,1.16698,1000000,2890000
2018-08-29 09:40:50.889000,1.167,1.16698,1000000,1250000
2018-08-29 09:40:52.056000,1.16701,1.16698,4870000,1250000
2018-08-29 09:40:52.653000,1.167,1.16698,2250000,1690000
2018-08-29 09:40:52.813000,1.16698,1.16697,3750000,1000000
2018-08-29 09:40:52.888000,1.16698,1.16695,8100000,1200000
2018-08-29 09:40:53.395000,1.16696,1.16693,1500000,1690000
2018-08-29 09:40:54.040000,1.16696,1.16693,3370000,1690000
2018-08-29 09:40:54.249000,1.16696,1.16695,1000000,1000000
2018-08-29 09:40:54.356000,1.16696,1.16693,1500000,6000000
2018-08-29 09:40:58.672000,1.16693,1.16691,4540000,2320000
2018-08-29 09:40:58.780000,1.16692,1.1669,2250000,2250000
2018-08-29 09:40:59.385000,1.16692,1.16689,2250000,1120000
2018-08-29 09:41:01.386000,1.1669,1.16689,1000000,1000000
2018-08-29 09:41:01.608000,1.16688,1.16686,1120000,1000000
2018-08-29 09:41:01.715000,1.16686,1.16683,1350000,3370000
2018-08-29 09:41:02.243000,1.16686,1.16683,1350000,3370000
2018-08-29 09:41:03.223000,1.16687,1.16685,2250000,1000000
2018-08-29 09:41:04.376000,1.16688,1.16685,6860000,1000000
2018-08-29 09:41:05.017000,1.16688,1.16685,7240000,1690000
2018-08-29 09:41:05.554000,1.16686,1.16683,2620000,1000000
2018-08-29 09:41:06.429000,1.16685,1.16683,1000000,1000000
2018-08-29 09:41:06.978000,1.16685,1.16682,1000000,1690000
2018-08-29 09:41:07.851000,1.16686,1.16682,6750000,1690000
2018-08-29 09:41:08.596000,1.16684,1.16682,1000000,1000000
2018-08-29 09:41:08.649000,1.16683,1.16679,1500000,5890000
2018-08-29 09:41:08.912000,1.1668,1.16678,3190000,1000000
2018-08-29 09:41:08.966000,1.1668,1.16677,5060000,1500000
2018-08-29 09:41:09.517000,1.16679,1.16677,1500000,1000000
2018-08-29 09:41:09.726000,1.16677,1.16676,1000000,2620000
2018-08-29 09:41:10.263000,1.16677,1.16675,1000000,1000000
2018-08-29 09:41:11.031000,1.16678,1.16675,3000000,1000000
2018-08-29 09:41:11.551000,1.16678,1.16676,1870000,1190000
2018-08-29 09:41:12.107000,1.16678,1.16676,3370000,1190000
2018-08-29 09:41:14.425000,1.16678,1.16675,5620000,1190000
2018-08-29 09:41:14.660000,1.16676,1.16672,4390000,3260000
2018-08-29 09:41:15.712000,1.16677,1.16672,11140000,1690000
2018-08-29 09:41:15.867000,1.16679,1.16676,4350000,1000000
2018-08-29 09:41:18.875000,1.1668,1.16678,1950000,1000000
2018-08-29 09:41:18.928000,1.16681,1.16678,5620000,1250000
2018-08-29 09:41:19.083000,1.16683,1.16679,3450000,7390000
2018-08-29 09:41:19.609000,1.16682,1.16679,1000000,1500000
2018-08-29 09:41:21.437000,1.16682,1.1668,1000000,1500000
2018-08-29 09:41:22.171000,1.16684,1.16679,7610000,4500000
2018-08-29 09:41:22.682000,1.16683,1.1668,1910000,1000000
2018-08-29 09:41:23.310000,1.16683,1.16679,1910000,6560000
2018-08-29 09:41:23.836000,1.16683,1.1668,1910000,1000000
2018-08-29 09:41:24.362000,1.16683,1.16679,1160000,3000000
2018-08-29 09:41:24.533000,1.16684,1.16681,2440000,3370000
2018-08-29 09:41:24.876000,1.16686,1.16681,1870000,5510000
2018-08-29 09:41:25.407000,1.16686,1.16682,1720000,2250000
2018-08-29 09:41:26.986000,1.16688,1.16686,9640000,1000000
2018-08-29 09:41:27.090000,1.16689,1.16687,1120000,1500000
2018-08-29 09:41:27.353000,1.16687,1.16684,2250000,3070000
2018-08-29 09:41:27.891000,1.16687,1.16684,9970000,1000000
2018-08-29 09:41:28.424000,1.16684,1.16682,1000000,1950000
2018-08-29 09:41:28.993000,1.16685,1.16681,3260000,2700000
2018-08-29 09:41:29.311000,1.16686,1.16684,1310000,1000000
2018-08-29 09:41:31.477000,1.16686,1.16683,1310000,1120000
2018-08-29 09:41:31.987000,1.16687,1.16683,2320000,3070000
2018-08-29 09:41:35.551000,1.16687,1.16683,7010000,3260000
2018-08-29 09:41:35.887000,1.1669,1.16688,2700000,1000000
2018-08-29 09:41:36.411000,1.16691,1.16688,2140000,1000000
2018-08-29 09:41:37.305000,1.16691,1.16689,1200000,1500000
2018-08-29 09:41:38.217000,1.16691,1.16688,1200000,1000000
2018-08-29 09:41:41.796000,1.16691,1.16688,1450000,2250000
2018-08-29 09:41:45.500000,1.16692,1.16691,1570000,7120000
2018-08-29 09:41:45.657000,1.16696,1.16693,2700000,1500000
2018-08-29 09:41:46.796000,1.16696,1.16692,6860000,6190000
2018-08-29 09:41:47.101000,1.16694,1.16692,1200000,1000000
2018-08-29 09:41:47.693000,1.16693,1.16691,7950000,3750000
2018-08-29 09:41:48.247000,1.16693,1.16692,3070000,1000000
2018-08-29 09:41:48.299000,1.16695,1.16692,5920000,1500000
2018-08-29 09:41:49.392000,1.16696,1.16692,4010000,2440000
2018-08-29 09:41:49.926000,1.16696,1.16692,8320000,3940000
2018-08-29 09:41:50.450000,1.16695,1.16692,2510000,1000000
2018-08-29 09:41:52.442000,1.16695,1.16692,1200000,1310000
2018-08-29 09:41:53.195000,1.16695,1.16692,2320000,1000000
2018-08-29 09:41:53.507000,1.16695,1.16693,1070000,1500000
2018-08-29 09:41:54.022000,1.16696,1.16694,4200000,1500000
2018-08-29 09:41:54.127000,1.16696,1.16692,5700000,2250000
2018-08-29 09:41:55.756000,1.16696,1.16694,1200000,1500000
2018-08-29 09:41:55.963000,1.16696,1.16692,1200000,5440000
2018-08-29 09:41:56.512000,1.16696,1.16692,2140000,4910000
2018-08-29 09:41:56.564000,1.16696,1.16694,1200000,1500000
2018-08-29 09:41:58.187000,1.16696,1.16694,1950000,1500000
2018-08-29 09:41:58.240000,1.16696,1.16693,1200000,1690000
2018-08-29 09:41:58.780000,1.16696,1.16694,1100000,1500000
2018-08-29 09:42:00.662000,1.16696,1.16693,1950000,1690000
2018-08-29 09:42:01.253000,1.16695,1.16693,1000000,1690000
2018-08-29 09:42:01.773000,1.16696,1.16692,1950000,2290000
2018-08-29 09:42:02.117000,1.16696,1.16694,1950000,1000000
2018-08-29 09:42:02.663000,1.16695,1.16694,1000000,1000000
2018-08-29 09:42:03.316000,1.16696,1.16694,1950000,1000000
2018-08-29 09:42:03.890000,1.16695,1.16694,1000000,1000000
2018-08-29 09:42:04.416000,1.16696,1.16694,2400000,1000000
2018-08-29 09:42:05.716000,1.16698,1.16696,1950000,1250000
2018-08-29 09:42:05.883000,1.16699,1.16697,4570000,2440000
2018-08-29 09:42:05.990000,1.16701,1.16697,4570000,3190000
2018-08-29 09:42:06.507000,1.16701,1.16698,1570000,3000000
2018-08-29 09:42:07.605000,1.16701,1.16699,1120000,1000000
2018-08-29 09:42:08.408000,1.16703,1.16702,1200000,1000000
2018-08-29 09:42:08.515000,1.16705,1.16702,2620000,2440000
2018-08-29 09:42:09.333000,1.16706,1.16702,6860000,1000000
2018-08-29 09:42:09.944000,1.16705,1.16702,1000000,1000000
2018-08-29 09:42:10.061000,1.16703,1.16702,1000000,1000000
2018-08-29 09:42:10.641000,1.16704,1.16702,5620000,2250000
2018-08-29 09:42:10.984000,1.16702,1.16701,1000000,1500000
2018-08-29 09:42:11.035000,1.16702,1.16698,1620000,2320000
2018-08-29 09:42:11.189000,1.16701,1.16697,3190000,2620000
2018-08-29 09:42:11.291000,1.16699,1.16697,1000000,1000000
2018-08-29 09:42:11.837000,1.167,1.16697,2140000,1000000
2018-08-29 09:42:12.421000,1.167,1.16698,1000000,1500000
2018-08-29 09:42:12.474000,1.16702,1.16698,1870000,1870000
2018-08-29 09:42:13.145000,1.16702,1.16698,1870000,2810000
2018-08-29 09:42:14.769000,1.16702,1.167,2810000,1500000
2018-08-29 09:42:15.094000,1.16701,1.16698,1000000,2440000
2018-08-29 09:42:15.574000,1.16703,1.167,1200000,4310000
2018-08-29 09:42:15.950000,1.16704,1.16702,1000000,1000000
2018-08-29 09:42:16.459000,1.16705,1.16701,4010000,4500000
2018-08-29 09:42:17.073000,1.16704,1.16702,1100000,1000000
2018-08-29 09:42:17.666000,1.16704,1.16701,3190000,1120000
2018-08-29 09:42:18.631000,1.16702,1.16699,1870000,1570000
2018-08-29 09:42:18.737000,1.16701,1.16697,8170000,1500000
2018-08-29 09:42:19.775000,1.16701,1.16697,8920000,2250000
2018-08-29 09:42:20.276000,1.16701,1.16698,3640000,3000000
2018-08-29 09:42:21.009000,1.16702,1.16698,6670000,1000000
2018-08-29 09:42:21.600000,1.16701,1.16698,1250000,1000000
2018-08-29 09:42:22.247000,1.16701,1.16698,3370000,2440000
2018-08-29 09:42:22.768000,1.16701,1.16698,2290000,1500000
2018-08-29 09:42:26.624000,1.16701,1.16698,3040000,1000000
2018-08-29 09:42:26.682000,1.16698,1.16697,1000000,1500000
2018-08-29 09:42:27.056000,1.16697,1.16695,1250000,1000000
2018-08-29 09:42:28.515000,1.16696,1.16694,2810000,1000000
2018-08-29 09:42:28.567000,1.16695,1.16693,1760000,1000000
2018-08-29 09:42:29.180000,1.16695,1.16692,1120000,1000000
2018-08-29 09:42:30.049000,1.16695,1.16692,2320000,1000000
2018-08-29 09:42:31.440000,1.16696,1.16693,1200000,1000000
2018-08-29 09:42:31.955000,1.16696,1.16692,1050000,1500000
2018-08-29 09:42:32.257000,1.16695,1.16692,2250000,2250000
2018-08-29 09:42:32.794000,1.16695,1.16692,1500000,1500000
2018-08-29 09:42:33.349000,1.16696,1.16692,3860000,1500000
2018-08-29 09:42:33.860000,1.16695,1.16693,1500000,1000000
2018-08-29 09:42:35.520000,1.16696,1.16693,1310000,1120000
2018-08-29 09:42:37.493000,1.16695,1.16692,2250000,1310000
2018-08-29 09:42:38.016000,1.16694,1.16692,1000000,1000000
2018-08-29 09:42:38.778000,1.16695,1.16692,4910000,1000000
2018-08-29 09:42:40.700000,1.16694,1.16692,2890000,1000000
2018-08-29 09:42:41.081000,1.16692,1.16689,1300000,1870000
2018-08-29 09:42:41.287000,1.16691,1.16687,3750000,1950000
2018-08-29 09:42:42.047000,1.16691,1.16688,3860000,1000000
2018-08-29 09:42:43.362000,1.16692,1.16689,4310000,1500000
2018-08-29 09:42:45.085000,1.16692,1.16688,2810000,1310000
2018-08-29 09:42:45.596000,1.16691,1.16687,4120000,4120000
2018-08-29 09:42:48.800000,1.1669,1.16687,2620000,1500000
2018-08-29 09:42:50.192000,1.16691,1.16688,4350000,1000000
2018-08-29 09:42:56.257000,1.16689,1.16687,1000000,1870000
2018-08-29 09:42:56.364000,1.16691,1.16687,1870000,1310000
2018-08-29 09:42:56.911000,1.16692,1.1669,2250000,1000000
2018-08-29 09:42:57.233000,1.16691,1.16688,2620000,1120000
2018-08-29 09:42:57.897000,1.16691,1.16688,1310000,1690000
2018-08-29 09:42:58.446000,1.16691,1.16687,3560000,3000000
2018-08-29 09:42:58.963000,1.16691,1.16688,1120000,1000000
2018-08-29 09:43:01.334000,1.16691,1.16688,1000000,1950000
2018-08-29 09:43:02.254000,1.16692,1.1669,1120000,3190000
2018-08-29 09:43:02.775000,1.16693,1.1669,1500000,1390000
2018-08-29 09:43:03.724000,1.16694,1.16692,1870000,1000000
2018-08-29 09:43:03.780000,1.16697,1.16692,9370000,3260000
2018-08-29 09:43:04.301000,1.16696,1.16693,1000000,4760000
2018-08-29 09:43:04.840000,1.16697,1.16693,6000000,1310000
2018-08-29 09:43:05.048000,1.16693,1.16692,1500000,1100000
2018-08-29 09:43:05.150000,1.16693,1.16689,3750000,6260000
2018-08-29 09:43:05.750000,1.16693,1.16689,1310000,5320000
2018-08-29 09:43:06.447000,1.16693,1.16689,1250000,4390000
2018-08-29 09:43:07.106000,1.16693,1.16689,3190000,5320000
2018-08-29 09:43:07.767000,1.16693,1.1669,2620000,1200000
2018-08-29 09:43:16.490000,1.16695,1.16692,1870000,1250000
2018-08-29 09:43:17.034000,1.16695,1.16693,1120000,1000000
2018-08-29 09:43:17.923000,1.16694,1.16693,1690000,1100000
2018-08-29 09:43:18.025000,1.16694,1.16691,1000000,1200000
2018-08-29 09:43:18.230000,1.16691,1.16689,1250000,2140000
2018-08-29 09:43:18.333000,1.1669,1.16687,1000000,5320000
2018-08-29 09:43:18.887000,1.16691,1.16687,5250000,3820000
2018-08-29 09:43:20.084000,1.1669,1.16687,1500000,1200000
2018-08-29 09:43:20.620000,1.1669,1.16687,1500000,1500000
2018-08-29 09:43:21.298000,1.16688,1.16685,1500000,4870000
2018-08-29 09:43:22.374000,1.16688,1.16685,1500000,4010000
2018-08-29 09:43:22.896000,1.16688,1.16685,1500000,4010000
2018-08-29 09:43:24.786000,1.16689,1.16686,2250000,1690000
2018-08-29 09:43:25.317000,1.16689,1.16686,1500000,1760000
2018-08-29 09:43:26.499000,1.16688,1.16685,3750000,3450000
2018-08-29 09:43:27.035000,1.16687,1.16685,1120000,2250000
2018-08-29 09:43:28.563000,1.16688,1.16684,4350000,3450000
2018-08-29 09:43:29.326000,1.16687,1.16685,1120000,1000000
2018-08-29 09:43:31.545000,1.16688,1.16686,6370000,1000000
2018-08-29 09:43:32.068000,1.16688,1.16685,3750000,1000000
2018-08-29 09:43:39.916000,1.16689,1.16687,6370000,2250000
2018-08-29 09:43:40.261000,1.16694,1.16692,8700000,1000000
2018-08-29 09:43:40.315000,1.16693,1.1669,3190000,1500000
2018-08-29 09:43:40.837000,1.16694,1.1669,3600000,3260000
2018-08-29 09:43:41.074000,1.16692,1.16688,3750000,4390000
2018-08-29 09:43:41.594000,1.16691,1.16688,1000000,1100000
2018-08-29 09:43:42.140000,1.16692,1.16687,5250000,7200000
2018-08-29 09:43:42.948000,1.16691,1.16687,1500000,5890000
2018-08-29 09:43:43.732000,1.16692,1.16687,3940000,2140000
2018-08-29 09:43:44.270000,1.16691,1.16687,1000000,4390000
2018-08-29 09:43:44.948000,1.16692,1.16687,3000000,2140000
2018-08-29 09:43:46.727000,1.16691,1.16687,2250000,2510000
2018-08-29 09:43:47.068000,1.16688,1.16685,3040000,1100000
2018-08-29 09:43:47.587000,1.16688,1.16684,2850000,9340000
2018-08-29 09:43:49.029000,1.16689,1.16684,3600000,6260000
2018-08-29 09:43:49.660000,1.16688,1.16685,1000000,1200000
2018-08-29 09:43:50.346000,1.16689,1.16684,5100000,10270000
2018-08-29 09:43:51.208000,1.16689,1.16684,5100000,9520000
2018-08-29 09:43:51.903000,1.16688,1.16685,1000000,1200000
2018-08-29 09:43:52.408000,1.16689,1.16684,4350000,7090000
2018-08-29 09:43:56.213000,1.16688,1.16685,1000000,1950000
2018-08-29 09:43:56.799000,1.16689,1.16685,5100000,1100000
2018-08-29 09:43:57.540000,1.16688,1.16685,1000000,3070000
2018-08-29 09:43:58.247000,1.16689,1.16685,4350000,2320000
2018-08-29 09:43:58.763000,1.16688,1.16684,1000000,6820000
2018-08-29 09:43:59.283000,1.16688,1.16685,1000000,2510000
2018-08-29 09:44:00.467000,1.16688,1.16684,5290000,2770000
2018-08-29 09:44:00.833000,1.16688,1.16685,2850000,3000000
2018-08-29 09:44:01.302000,1.1669,1.16687,1500000,1000000
2018-08-29 09:44:01.815000,1.16691,1.16686,3370000,5020000
2018-08-29 09:44:02.024000,1.1669,1.16687,4120000,1200000
2018-08-29 09:44:02.181000,1.16688,1.16685,1500000,2140000
2018-08-29 09:44:05.576000,1.16688,1.16685,3190000,1100000
2018-08-29 09:44:06.229000,1.16687,1.16685,1000000,1000000
2018-08-29 09:44:06.387000,1.1669,1.16687,4010000,1000000
2018-08-29 09:44:06.652000,1.1669,1.16689,1000000,1500000
2018-08-29 09:44:07.198000,1.16691,1.16688,1500000,2510000
2018-08-29 09:44:07.949000,1.16692,1.16688,9790000,1000000
2018-08-29 09:44:08.548000,1.16692,1.16687,7540000,3070000
2018-08-29 09:44:09.080000,1.16692,1.16688,11660000,1000000
2018-08-29 09:44:09.843000,1.16692,1.16687,7540000,3070000
2018-08-29 09:44:10.793000,1.16692,1.16687,7610000,3820000
2018-08-29 09:44:11.320000,1.16691,1.16687,1000000,8700000
2018-08-29 09:44:11.979000,1.16691,1.16688,3190000,1200000
2018-08-29 09:44:12.514000,1.16691,1.16687,1000000,3150000
2018-08-29 09:44:14.416000,1.16689,1.16687,2850000,1200000
2018-08-29 09:44:18.531000,1.16689,1.16686,3000000,2140000
2018-08-29 09:44:18.903000,1.16687,1.16684,1000000,10650000
2018-08-29 09:44:19.058000,1.16687,1.16684,1000000,6450000
2018-08-29 09:44:19.606000,1.16687,1.16685,1500000,2620000
2018-08-29 09:44:25.738000,1.1669,1.16687,1120000,3260000
2018-08-29 09:44:26.259000,1.1669,1.16687,1120000,2140000
2018-08-29 09:44:26.801000,1.1669,1.16688,1120000,1000000
2018-08-29 09:44:29.764000,1.16691,1.16688,1000000,2700000
2018-08-29 09:44:29.926000,1.16702,1.16701,1000000,2250000
2018-08-29 09:44:30.156000,1.16704,1.16702,3970000,1000000
2018-08-29 09:44:30.209000,1.16704,1.167,3190000,5510000
2018-08-29 09:44:30.417000,1.16702,1.16699,1000000,7950000
2018-08-29 09:44:30.955000,1.16703,1.16699,2620000,1390000
2018-08-29 09:44:31.656000,1.16703,1.167,1500000,1190000
2018-08-29 09:44:31.709000,1.16704,1.167,1500000,3560000
2018-08-29 09:44:31.919000,1.16706,1.16702,1870000,4200000
2018-08-29 09:44:32.462000,1.16706,1.16703,1250000,1100000
2018-08-29 09:44:32.961000,1.16708,1.16705,1500000,1010000
2018-08-29 09:44:33.474000,1.16709,1.16706,1000000,3260000
2018-08-29 09:44:33.690000,1.16711,1.16707,4240000,3070000
2018-08-29 09:44:34.210000,1.16711,1.16708,3370000,1000000
2018-08-29 09:44:34.743000,1.1671,1.16708,1250000,1100000
2018-08-29 09:44:35.307000,1.16711,1.16708,1690000,1100000
2018-08-29 09:44:35.762000,1.16712,1.1671,2060000,1000000
2018-08-29 09:44:35.973000,1.16714,1.16711,2250000,2700000
2018-08-29 09:44:36.078000,1.16713,1.1671,4880000,1950000
2018-08-29 09:44:36.407000,1.16711,1.16709,1500000,1000000
2018-08-29 09:44:38.593000,1.16711,1.16708,2060000,1100000
2018-08-29 09:44:39.417000,1.16711,1.16708,1500000,1010000
2018-08-29 09:44:39.731000,1.1671,1.16709,2440000,1500000
2018-08-29 09:44:39.958000,1.16708,1.16705,5250000,1500000
2018-08-29 09:44:40.378000,1.1671,1.16706,5140000,1200000
2018-08-29 09:44:40.911000,1.16709,1.16706,1500000,1500000
2018-08-29 09:44:46.611000,1.16708,1.16705,3000000,1950000
2018-08-29 09:44:46.713000,1.16708,1.16704,2660000,5700000
2018-08-29 09:44:48.026000,1.16708,1.16705,6370000,1000000
2018-08-29 09:44:48.866000,1.16708,1.16704,1000000,4950000
2018-08-29 09:44:49.082000,1.16708,1.16707,4120000,1000000
2018-08-29 09:44:49.243000,1.16711,1.16707,1500000,9820000
2018-08-29 09:44:49.506000,1.16709,1.16708,1000000,1250000
2018-08-29 09:44:50.012000,1.1671,1.16707,1310000,1450000
2018-08-29 09:44:50.220000,1.16708,1.16705,5250000,1100000
2018-08-29 09:44:50.723000,1.16707,1.16704,1250000,4200000
2018-08-29 09:44:52.292000,1.16708,1.16704,2470000,7950000
2018-08-29 09:44:52.803000,1.16707,1.16704,1250000,5700000
2018-08-29 09:44:53.304000,1.16708,1.16704,9790000,5510000
2018-08-29 09:44:54.404000,1.16708,1.16705,13540000,1000000
2018-08-29 09:44:54.926000,1.16707,1.16705,3000000,1000000
2018-08-29 09:44:55.643000,1.16707,1.16704,1500000,4760000
2018-08-29 09:44:56.616000,1.16707,1.16705,1500000,1000000
2018-08-29 09:44:57.591000,1.16707,1.16704,1000000,4010000
2018-08-29 09:44:58.328000,1.16707,1.16705,1000000,1000000
2018-08-29 09:44:59.020000,1.16707,1.16704,1000000,4010000
