time,ask,bid,ask_volume,bid_volume
2019-05-02 12:25:00.371000,1.12066,1.12063,1000000,1500000
2019-05-02 12:25:00.733000,1.12065,1.12062,1250000,3450000
2019-05-02 12:25:00.836000,1.12063,1.12061,1310000,2300000
2019-05-02 12:25:00.938000,1.12064,1.12062,2440000,3250000
2019-05-02 12:25:01.040000,1.12065,1.12062,2060000,1000000
2019-05-02 12:25:01.198000,1.12065,1.12063,1000000,1500000
2019-05-02 12:25:01.454000,1.12065,1.12064,1000000,1500000
2019-05-02 12:25:01.556000,1.12066,1.12064,1500000,2250000
2019-05-02 12:25:01.709000,1.12066,1.12063,1690000,1000000
2019-05-02 12:25:01.839000,1.12065,1.12062,1000000,1870000
2019-05-02 12:25:02.043000,1.12065,1.12063,1000000,1000000
2019-05-02 12:25:02.144000,1.12065,1.12062,1000000,4120000
2019-05-02 12:25:02.875000,1.12065,1.12063,1000000,1000000
2019-05-02 12:25:02.991000,1.12065,1.12062,1000000,3070000
2019-05-02 12:25:04.242000,1.12065,1.12063,1690000,1000000
2019-05-02 12:25:04.344000,1.12065,1.12062,1690000,1500000
2019-05-02 12:25:04.774000,1.12065,1.12063,1000000,1000000
2019-05-02 12:25:04.876000,1.12065,1.12062,1000000,3000000
2019-05-02 12:25:06.968000,1.12065,1.12063,3750000,1500000
2019-05-02 12:25:08.295000,1.12065,1.12061,3560000,10950000
2019-05-02 12:25:08.397000,1.12063,1.12061,1000000,5700000
2019-05-02 12:25:08.532000,1.12064,1.12061,1000000,3450000
2019-05-02 12:25:08.781000,1.12063,1.12061,1000000,6450000
2019-05-02 12:25:09.210000,1.12063,1.1206,1000000,10540000
2019-05-02 12:25:09.312000,1.12063,1.12061,2060000,1500000
2019-05-02 12:25:09.581000,1.12063,1.1206,1690000,8810000
2019-05-02 12:25:09.689000,1.12063,1.12061,1690000,2250000
2019-05-02 12:25:10.264000,1.12063,1.1206,1690000,1390000
2019-05-02 12:25:10.378000,1.12063,1.12061,2440000,1000000
2019-05-02 12:25:10.581000,1.12063,1.1206,1690000,4010000
2019-05-02 12:25:10.684000,1.12063,1.12061,1690000,1000000
2019-05-02 12:25:11.007000,1.12063,1.1206,1690000,5510000
2019-05-02 12:25:11.200000,1.12063,1.12061,2440000,1000000
2019-05-02 12:25:11.356000,1.12063,1.1206,1690000,4310000
2019-05-02 12:25:11.560000,1.12063,1.12061,1500000,1500000
2019-05-02 12:25:12.866000,1.12064,1.12061,5250000,3000000
2019-05-02 12:25:13.128000,1.12063,1.12061,1000000,6450000
2019-05-02 12:25:13.230000,1.12064,1.12061,5250000,4200000
2019-05-02 12:25:14.455000,1.12064,1.12063,1000000,1500000
2019-05-02 12:25:14.558000,1.12067,1.12065,5620000,1000000
2019-05-02 12:25:14.670000,1.12067,1.12065,5750000,1000000
2019-05-02 12:25:14.772000,1.12067,1.12064,5560000,1000000
2019-05-02 12:25:14.874000,1.12067,1.12065,5190000,1000000
2019-05-02 12:25:14.976000,1.12066,1.12063,1120000,1570000
2019-05-02 12:25:15.027000,1.12066,1.12065,1000000,1000000
2019-05-02 12:25:15.129000,1.12066,1.12064,1120000,1000000
2019-05-02 12:25:15.734000,1.12066,1.12064,1120000,1000000
2019-05-02 12:25:17.988000,1.12067,1.12064,3370000,1000000
2019-05-02 12:25:18.195000,1.12066,1.12064,1000000,1500000
2019-05-02 12:25:18.297000,1.12067,1.12065,1000000,1000000
2019-05-02 12:25:18.450000,1.12067,1.12064,1500000,1500000
2019-05-02 12:25:19.816000,1.12066,1.12063,1000000,3070000
2019-05-02 12:25:19.926000,1.12065,1.12063,1000000,2320000
2019-05-02 12:25:20.030000,1.12064,1.12063,1500000,1000000
2019-05-02 12:25:20.135000,1.12064,1.12061,2620000,1700000
2019-05-02 12:25:20.239000,1.12062,1.1206,1000000,8200000
2019-05-02 12:25:20.601000,1.12062,1.1206,1000000,2250000
2019-05-02 12:25:20.704000,1.12063,1.12059,2620000,4010000
2019-05-02 12:25:20.806000,1.12062,1.12059,1000000,5440000
2019-05-02 12:25:20.908000,1.12063,1.12059,2620000,3190000
2019-05-02 12:25:21.535000,1.12063,1.1206,3000000,1000000
2019-05-02 12:25:21.664000,1.12063,1.12059,2250000,3640000
2019-05-02 12:25:21.766000,1.12063,1.1206,3000000,1120000
2019-05-02 12:25:22.390000,1.12062,1.1206,1250000,1870000
2019-05-02 12:25:22.594000,1.12063,1.12059,3750000,4510000
2019-05-02 12:25:22.849000,1.12062,1.1206,1500000,1500000
2019-05-02 12:25:22.951000,1.1206,1.12059,2060000,1000000
2019-05-02 12:25:23.085000,1.1206,1.12057,4440000,1200000
2019-05-02 12:25:23.137000,1.12058,1.12055,2250000,9820000
2019-05-02 12:25:23.241000,1.12056,1.12054,1500000,5910000
2019-05-02 12:25:23.293000,1.12056,1.12053,2060000,2700000
2019-05-02 12:25:23.344000,1.12054,1.12053,1000000,1950000
2019-05-02 12:25:23.396000,1.12054,1.12051,1000000,2320000
2019-05-02 12:25:23.499000,1.12053,1.12051,1000000,1870000
2019-05-02 12:25:23.605000,1.12054,1.12051,1000000,1100000
2019-05-02 12:25:25.528000,1.12054,1.1205,1500000,7760000
2019-05-02 12:25:26.244000,1.12052,1.1205,1000000,3820000
2019-05-02 12:25:26.346000,1.12052,1.12049,3310000,1200000
2019-05-02 12:25:26.499000,1.12053,1.1205,2250000,1500000
2019-05-02 12:25:26.601000,1.12053,1.12051,3750000,2440000
2019-05-02 12:25:26.725000,1.12054,1.12051,8440000,3560000
2019-05-02 12:25:26.827000,1.12053,1.12051,2250000,3940000
2019-05-02 12:25:26.929000,1.12054,1.12051,5060000,1390000
2019-05-02 12:25:27.698000,1.12054,1.12052,1000000,1000000
2019-05-02 12:25:27.799000,1.12054,1.12053,1000000,1000000
2019-05-02 12:25:27.926000,1.12054,1.12052,1000000,1000000
2019-05-02 12:25:28.393000,1.12054,1.12051,1500000,4690000
2019-05-02 12:25:28.497000,1.12054,1.12051,1000000,2940000
2019-05-02 12:25:29.788000,1.12054,1.12053,1000000,1000000
2019-05-02 12:25:29.890000,1.12054,1.12052,1000000,1690000
2019-05-02 12:25:30.086000,1.12054,1.12053,1000000,1500000
2019-05-02 12:25:31.251000,1.12054,1.12052,1000000,2060000
2019-05-02 12:25:31.303000,1.12057,1.12055,1000000,2620000
2019-05-02 12:25:31.406000,1.12059,1.12056,8060000,1310000
2019-05-02 12:25:31.560000,1.12058,1.12055,3940000,4620000
2019-05-02 12:25:32.094000,1.12057,1.12054,2440000,2940000
2019-05-02 12:25:32.197000,1.12056,1.12053,1000000,8700000
2019-05-02 12:25:32.299000,1.12057,1.12054,1500000,1000000
2019-05-02 12:25:33.472000,1.12058,1.12055,3000000,6320000
2019-05-02 12:25:33.574000,1.12058,1.12055,2250000,6640000
2019-05-02 12:25:33.727000,1.12058,1.12056,2250000,1200000
2019-05-02 12:25:34.036000,1.12058,1.12055,2250000,7010000
2019-05-02 12:25:34.138000,1.12058,1.12056,2250000,1870000
2019-05-02 12:25:35.454000,1.12059,1.12056,2250000,3640000
2019-05-02 12:25:35.533000,1.1206,1.12058,1000000,1000000
2019-05-02 12:25:36.236000,1.1206,1.12057,1500000,1500000
2019-05-02 12:25:36.390000,1.1206,1.12057,1500000,3100000
2019-05-02 12:25:36.753000,1.12061,1.1206,1870000,1000000
2019-05-02 12:25:36.900000,1.12063,1.12061,2250000,2250000
2019-05-02 12:25:37.002000,1.12062,1.12059,1500000,1870000
2019-05-02 12:25:37.054000,1.12061,1.12059,1500000,1000000
2019-05-02 12:25:37.156000,1.12061,1.12058,1000000,3000000
2019-05-02 12:25:37.308000,1.1206,1.12058,1000000,3750000
2019-05-02 12:25:37.420000,1.12061,1.12058,1870000,4120000
2019-05-02 12:25:38.084000,1.1206,1.12058,1000000,1310000
2019-05-02 12:25:38.186000,1.12061,1.12057,1500000,7740000
2019-05-02 12:25:38.852000,1.1206,1.12058,1000000,1000000
2019-05-02 12:25:39.005000,1.12061,1.12058,2250000,1500000
2019-05-02 12:25:39.107000,1.1206,1.12059,1000000,1000000
2019-05-02 12:25:39.353000,1.12061,1.12058,3000000,1000000
2019-05-02 12:25:39.497000,1.1206,1.12058,2250000,1000000
2019-05-02 12:25:40.563000,1.1206,1.12057,1500000,1120000
2019-05-02 12:25:40.692000,1.1206,1.12056,4310000,5320000
2019-05-02 12:25:40.744000,1.12058,1.12056,1500000,7500000
2019-05-02 12:25:40.847000,1.12059,1.12057,1500000,1500000
2019-05-02 12:25:40.950000,1.12059,1.12056,1000000,1950000
2019-05-02 12:25:41.317000,1.12058,1.12056,1000000,1120000
2019-05-02 12:25:41.419000,1.12057,1.12056,1000000,1000000
2019-05-02 12:25:41.521000,1.12058,1.12055,1000000,5250000
2019-05-02 12:25:42.360000,1.12058,1.12056,3190000,1120000
2019-05-02 12:25:42.462000,1.12057,1.12055,1000000,5260000
2019-05-02 12:25:42.565000,1.12057,1.12055,1500000,1390000
2019-05-02 12:25:42.706000,1.12055,1.12053,1000000,2820000
2019-05-02 12:25:42.757000,1.12054,1.12052,1000000,3070000
2019-05-02 12:25:43.417000,1.12054,1.12051,3750000,3750000
2019-05-02 12:25:43.830000,1.12052,1.1205,1000000,3950000
2019-05-02 12:25:43.944000,1.12052,1.12049,1500000,2810000
2019-05-02 12:25:44.099000,1.12051,1.12049,1000000,1000000
2019-05-02 12:25:44.202000,1.12051,1.12049,1000000,4060000
2019-05-02 12:25:44.305000,1.12052,1.1205,1000000,1500000
2019-05-02 12:25:44.407000,1.12053,1.1205,4120000,1000000
2019-05-02 12:25:44.614000,1.12052,1.1205,1500000,1000000
2019-05-02 12:25:44.717000,1.12051,1.12049,1690000,1000000
2019-05-02 12:25:44.820000,1.1205,1.12047,3370000,1720000
2019-05-02 12:25:44.922000,1.12049,1.12046,1000000,5510000
2019-05-02 12:25:46.087000,1.12048,1.12046,1690000,1120000
2019-05-02 12:25:46.191000,1.12045,1.12044,1000000,1000000
2019-05-02 12:25:46.243000,1.12045,1.12042,1000000,1120000
2019-05-02 12:25:46.345000,1.12045,1.12041,1000000,2620000
2019-05-02 12:25:46.562000,1.12045,1.12042,1000000,1000000
2019-05-02 12:25:47.665000,1.12046,1.12042,5810000,1840000
2019-05-02 12:25:47.777000,1.12045,1.12042,1120000,3000000
2019-05-02 12:25:48.135000,1.12045,1.12041,1500000,3730000
2019-05-02 12:25:48.237000,1.12046,1.12041,4690000,3650000
2019-05-02 12:25:48.339000,1.12045,1.12042,1120000,2590000
2019-05-02 12:25:48.441000,1.12046,1.12041,4690000,4210000
2019-05-02 12:25:48.544000,1.12046,1.12042,4910000,1900000
2019-05-02 12:25:48.646000,1.12047,1.12046,1000000,1000000
2019-05-02 12:25:48.796000,1.12048,1.12045,2250000,2250000
2019-05-02 12:25:49.131000,1.12047,1.12045,1500000,1050000
2019-05-02 12:25:49.234000,1.12047,1.12044,1120000,1000000
2019-05-02 12:25:49.362000,1.12048,1.12043,8860000,2620000
2019-05-02 12:25:49.464000,1.12047,1.12044,1120000,1000000
2019-05-02 12:25:49.618000,1.12046,1.12044,1500000,1000000
2019-05-02 12:25:49.720000,1.12046,1.12043,1000000,1870000
2019-05-02 12:25:49.924000,1.12046,1.12042,2810000,1000000
2019-05-02 12:25:50.030000,1.12045,1.12042,1000000,1000000
2019-05-02 12:25:50.133000,1.12046,1.12041,6040000,3750000
2019-05-02 12:25:50.236000,1.12045,1.12041,2060000,1500000
2019-05-02 12:25:50.395000,1.12044,1.12041,1000000,1120000
2019-05-02 12:25:50.497000,1.12045,1.12041,9940000,1120000
2019-05-02 12:25:50.802000,1.12045,1.12042,11440000,1000000
2019-05-02 12:25:50.905000,1.12045,1.12041,9190000,1120000
2019-05-02 12:25:51.225000,1.12044,1.12042,1000000,1000000
2019-05-02 12:25:52.558000,1.12042,1.12041,1690000,1120000
2019-05-02 12:25:52.610000,1.12042,1.12039,1000000,1690000
2019-05-02 12:25:52.661000,1.12043,1.12041,1570000,1000000
2019-05-02 12:25:52.763000,1.12044,1.12041,6220000,1000000
2019-05-02 12:25:53.636000,1.12043,1.12041,1000000,3000000
2019-05-02 12:25:53.738000,1.12043,1.12039,2440000,3820000
2019-05-02 12:25:53.844000,1.12042,1.12039,1120000,1870000
2019-05-02 12:25:54.629000,1.1204,1.12038,1000000,3200000
2019-05-02 12:25:54.732000,1.12041,1.12037,3560000,1120000
2019-05-02 12:25:55.321000,1.1204,1.12037,1500000,1000000
2019-05-02 12:25:55.423000,1.12041,1.12037,5810000,1500000
2019-05-02 12:25:55.800000,1.1204,1.12037,1000000,4870000
2019-05-02 12:25:55.902000,1.12041,1.12037,8060000,3370000
2019-05-02 12:25:56.785000,1.1204,1.12036,2250000,4310000
2019-05-02 12:25:56.887000,1.1204,1.12037,2620000,1000000
2019-05-02 12:25:56.990000,1.1204,1.12036,1870000,3940000
2019-05-02 12:25:57.193000,1.1204,1.12037,1120000,1000000
2019-05-02 12:25:57.296000,1.12041,1.12038,2940000,1000000
2019-05-02 12:25:57.398000,1.12041,1.12037,2940000,2250000
2019-05-02 12:25:58.595000,1.12041,1.12037,3560000,1500000
2019-05-02 12:25:58.697000,1.1204,1.12037,1000000,3750000
2019-05-02 12:25:58.799000,1.12041,1.12037,3640000,1500000
2019-05-02 12:25:59.793000,1.12041,1.12037,3560000,2820000
2019-05-02 12:26:00.120000,1.12041,1.12037,2810000,1870000
2019-05-02 12:26:02.016000,1.1204,1.12037,1000000,3560000
2019-05-02 12:26:02.119000,1.12041,1.12037,5810000,2810000
2019-05-02 12:26:03.063000,1.12042,1.12038,6500000,1250000
2019-05-02 12:26:03.196000,1.12043,1.1204,1500000,6370000
2019-05-02 12:26:03.298000,1.12044,1.12041,1250000,1120000
2019-05-02 12:26:04.233000,1.12045,1.12042,6560000,4120000
2019-05-02 12:26:04.882000,1.12045,1.12043,1750000,1000000
2019-05-02 12:26:04.984000,1.12045,1.12042,4000000,4500000
2019-05-02 12:26:09.497000,1.12042,1.12041,2250000,2620000
2019-05-02 12:26:09.548000,1.12042,1.12039,6370000,1500000
2019-05-02 12:26:09.601000,1.12042,1.12041,4500000,1000000
2019-05-02 12:26:09.703000,1.12043,1.12041,1000000,2620000
2019-05-02 12:26:09.856000,1.12042,1.12039,1000000,2620000
2019-05-02 12:26:09.962000,1.12041,1.12039,2440000,2620000
2019-05-02 12:26:10.065000,1.1204,1.12038,1500000,1000000
2019-05-02 12:26:10.167000,1.12039,1.12038,1000000,1000000
2019-05-02 12:26:10.545000,1.1204,1.12038,1000000,1000000
2019-05-02 12:26:10.648000,1.12039,1.12038,1500000,1000000
2019-05-02 12:26:11.421000,1.12039,1.12037,1500000,1000000
2019-05-02 12:26:11.524000,1.1204,1.12036,1500000,4440000
2019-05-02 12:26:11.627000,1.1204,1.12038,1870000,1000000
2019-05-02 12:26:14.910000,1.12039,1.12037,1500000,2440000
2019-05-02 12:26:15.986000,1.12037,1.12036,1500000,1100000
2019-05-02 12:26:16.037000,1.12036,1.12034,1000000,1000000
2019-05-02 12:26:16.139000,1.12036,1.12033,1000000,1500000
2019-05-02 12:26:16.342000,1.12036,1.12033,1000000,1620000
2019-05-02 12:26:17.459000,1.12036,1.12035,1000000,1000000
2019-05-02 12:26:17.684000,1.12036,1.12033,1500000,4620000
2019-05-02 12:26:18.010000,1.12036,1.12033,1000000,2250000
2019-05-02 12:26:18.141000,1.12037,1.12034,2060000,2810000
2019-05-02 12:26:18.193000,1.12038,1.12037,1500000,1000000
2019-05-02 12:26:18.297000,1.1204,1.12037,4750000,1500000
2019-05-02 12:26:18.399000,1.1204,1.12037,1500000,1500000
2019-05-02 12:26:18.652000,1.1204,1.12038,1000000,1000000
2019-05-02 12:26:18.754000,1.12042,1.12038,7870000,1500000
2019-05-02 12:26:18.907000,1.12041,1.12037,1310000,3600000
2019-05-02 12:26:19.629000,1.12041,1.12038,5060000,1000000
2019-05-02 12:26:19.732000,1.1204,1.12036,8060000,3600000
2019-05-02 12:26:19.835000,1.12039,1.12036,1870000,2250000
2019-05-02 12:26:19.968000,1.12038,1.12035,1000000,3000000
2019-05-02 12:26:20.070000,1.12037,1.12034,3190000,1000000
2019-05-02 12:26:20.122000,1.12035,1.12033,1000000,4310000
2019-05-02 12:26:20.224000,1.12036,1.12032,3190000,2250000
2019-05-02 12:26:20.327000,1.12034,1.12032,1000000,2250000
2019-05-02 12:26:20.821000,1.12036,1.12033,9190000,1000000
2019-05-02 12:26:20.923000,1.12036,1.12032,8940000,3000000
2019-05-02 12:26:21.025000,1.12034,1.12032,1000000,2250000
2019-05-02 12:26:21.179000,1.12035,1.12033,1000000,1200000
2019-05-02 12:26:21.282000,1.12035,1.12033,1000000,1870000
2019-05-02 12:26:21.384000,1.12035,1.12034,1000000,1000000
2019-05-02 12:26:21.487000,1.12035,1.12033,1000000,3000000
2019-05-02 12:26:22.148000,1.12035,1.12034,1000000,1000000
2019-05-02 12:26:22.250000,1.12035,1.12032,1000000,3550000
2019-05-02 12:26:22.352000,1.12034,1.12032,1000000,1870000
2019-05-02 12:26:22.656000,1.12035,1.12032,1000000,1870000
2019-05-02 12:26:22.759000,1.12035,1.12033,1000000,1000000
2019-05-02 12:26:23.015000,1.12036,1.12033,2810000,1000000
2019-05-02 12:26:23.520000,1.12035,1.12033,1000000,1500000
2019-05-02 12:26:23.895000,1.12037,1.12035,2620000,1250000
2019-05-02 12:26:23.997000,1.12039,1.12036,1870000,1000000
2019-05-02 12:26:24.265000,1.1204,1.12037,3370000,1000000
2019-05-02 12:26:25.125000,1.12039,1.12037,1000000,2250000
2019-05-02 12:26:27.417000,1.1204,1.12036,1000000,2890000
2019-05-02 12:26:27.570000,1.12039,1.12037,1000000,1500000
2019-05-02 12:26:27.672000,1.1204,1.12037,1500000,1500000
2019-05-02 12:26:28.628000,1.1204,1.12037,1000000,2500000
2019-05-02 12:26:29.172000,1.1204,1.12037,1500000,1690000
2019-05-02 12:26:29.381000,1.1204,1.12038,1000000,1000000
2019-05-02 12:26:29.482000,1.1204,1.12037,1000000,1250000
2019-05-02 12:26:29.687000,1.1204,1.12038,2250000,1000000
2019-05-02 12:26:29.788000,1.1204,1.12037,1690000,1690000
2019-05-02 12:26:30.377000,1.12039,1.12037,1000000,1000000
2019-05-02 12:26:30.823000,1.12039,1.12038,1000000,1000000
2019-05-02 12:26:30.925000,1.12039,1.12037,1000000,1310000
2019-05-02 12:26:31.079000,1.1204,1.12039,1000000,1000000
2019-05-02 12:26:31.182000,1.12044,1.1204,6780000,1310000
2019-05-02 12:26:31.291000,1.12044,1.12041,7250000,1000000
2019-05-02 12:26:31.396000,1.12041,1.1204,1000000,1000000
2019-05-02 12:26:31.500000,1.12041,1.12039,1000000,1000000
2019-05-02 12:26:31.603000,1.12041,1.12038,1000000,2750000
2019-05-02 12:26:31.839000,1.12042,1.12038,3750000,2440000
2019-05-02 12:26:31.993000,1.12042,1.12039,2250000,1500000
2019-05-02 12:26:32.095000,1.12042,1.12038,3000000,3940000
2019-05-02 12:26:32.424000,1.12041,1.12038,1000000,2440000
2019-05-02 12:26:32.681000,1.12042,1.12039,1620000,1370000
2019-05-02 12:26:32.732000,1.12043,1.1204,7870000,1250000
2019-05-02 12:26:33.302000,1.12044,1.12041,2370000,1500000
2019-05-02 12:26:33.558000,1.12043,1.1204,1120000,3190000
2019-05-02 12:26:33.722000,1.12044,1.12041,1620000,1000000
2019-05-02 12:26:33.825000,1.12044,1.12041,1120000,1250000
2019-05-02 12:26:34.681000,1.12043,1.1204,2620000,2940000
2019-05-02 12:26:34.783000,1.12043,1.1204,2470000,4690000
2019-05-02 12:26:35.316000,1.12043,1.1204,1620000,1250000
2019-05-02 12:26:36.318000,1.12043,1.12039,1500000,7220000
2019-05-02 12:26:36.596000,1.12043,1.12041,1120000,1870000
2019-05-02 12:26:37.531000,1.12042,1.1204,3000000,3000000
2019-05-02 12:26:37.583000,1.12041,1.12037,1500000,6640000
2019-05-02 12:26:37.725000,1.12041,1.12038,2850000,1250000
2019-05-02 12:26:38.373000,1.12041,1.12037,3000000,6370000
2019-05-02 12:26:38.476000,1.12041,1.12038,2250000,2060000
2019-05-02 12:26:38.579000,1.1204,1.12038,1000000,1250000
2019-05-02 12:26:38.834000,1.12039,1.12036,1000000,2440000
2019-05-02 12:26:39.051000,1.12039,1.12037,1000000,1870000
2019-05-02 12:26:39.255000,1.12039,1.12036,1000000,2810000
2019-05-02 12:26:39.357000,1.1204,1.12036,4500000,2060000
2019-05-02 12:26:39.816000,1.1204,1.12037,1500000,1000000
2019-05-02 12:26:40.712000,1.12039,1.12036,1500000,3560000
2019-05-02 12:26:40.814000,1.1204,1.12037,1500000,1120000
2019-05-02 12:26:41.543000,1.12039,1.12036,1000000,3760000
2019-05-02 12:26:41.751000,1.1204,1.12037,2620000,1000000
2019-05-02 12:26:42.496000,1.1204,1.12036,3370000,2940000
2019-05-02 12:26:42.700000,1.1204,1.12036,1000000,3560000
2019-05-02 12:26:45.424000,1.1204,1.12036,2870000,8190000
2019-05-02 12:26:45.527000,1.1204,1.12037,1120000,1500000
2019-05-02 12:26:46.503000,1.12041,1.12038,4120000,1750000
2019-05-02 12:26:46.605000,1.12042,1.12039,1120000,3560000
2019-05-02 12:26:46.717000,1.12043,1.12039,7250000,1250000
2019-05-02 12:26:46.869000,1.12042,1.12039,1870000,1000000
2019-05-02 12:26:46.971000,1.12042,1.12038,1870000,4910000
2019-05-02 12:26:47.073000,1.12042,1.12039,2620000,1000000
2019-05-02 12:26:47.176000,1.12042,1.12038,4120000,7610000
2019-05-02 12:26:47.277000,1.12042,1.12039,4870000,1000000
2019-05-02 12:26:47.913000,1.12042,1.12039,3120000,1000000
2019-05-02 12:26:48.015000,1.12043,1.1204,2250000,2770000
2019-05-02 12:26:48.226000,1.12044,1.1204,2060000,6670000
2019-05-02 12:26:48.439000,1.12043,1.1204,1000000,14720000
2019-05-02 12:26:48.694000,1.12044,1.12041,2250000,1540000
2019-05-02 12:26:49.171000,1.12043,1.1204,3000000,6080000
2019-05-02 12:26:49.223000,1.12042,1.1204,5620000,1120000
2019-05-02 12:26:49.349000,1.12041,1.12039,4120000,1500000
2019-05-02 12:26:49.452000,1.12039,1.12037,1870000,1120000
2019-05-02 12:26:49.555000,1.12037,1.12036,1870000,1120000
2019-05-02 12:26:49.607000,1.12037,1.12034,4500000,1690000
2019-05-02 12:26:49.710000,1.12036,1.12032,3000000,4350000
2019-05-02 12:26:49.856000,1.12036,1.12032,8970000,1690000
2019-05-02 12:26:49.958000,1.12036,1.12034,4250000,1000000
2019-05-02 12:26:50.009000,1.12037,1.12035,5060000,1250000
2019-05-02 12:26:50.111000,1.12038,1.12035,1000000,1250000
2019-05-02 12:26:50.214000,1.12039,1.12036,1500000,1120000
2019-05-02 12:26:50.625000,1.1204,1.12036,3940000,1000000
2019-05-02 12:26:50.727000,1.1204,1.12037,3940000,1000000
2019-05-02 12:26:51.240000,1.12038,1.12037,1000000,1000000
2019-05-02 12:26:51.342000,1.12036,1.12034,1120000,2620000
2019-05-02 12:26:53.768000,1.12037,1.12035,5370000,1000000
2019-05-02 12:26:53.872000,1.12037,1.12034,3870000,1120000
2019-05-02 12:26:55.901000,1.12037,1.12033,3000000,2440000
2019-05-02 12:26:56.017000,1.12036,1.12033,1870000,2060000
2019-05-02 12:26:56.069000,1.12034,1.12033,1000000,1000000
2019-05-02 12:26:56.181000,1.12032,1.1203,1870000,3000000
2019-05-02 12:26:56.334000,1.12032,1.12029,5190000,1250000
2019-05-02 12:26:56.436000,1.1203,1.12028,1500000,2250000
2019-05-02 12:26:56.545000,1.12029,1.12027,1000000,1250000
2019-05-02 12:26:56.647000,1.1203,1.12026,1870000,5620000
2019-05-02 12:26:56.749000,1.12029,1.12025,2620000,1550000
2019-05-02 12:26:56.851000,1.12028,1.12026,1500000,1120000
2019-05-02 12:26:57.055000,1.1203,1.12026,7060000,2250000
2019-05-02 12:26:57.172000,1.1203,1.12026,4870000,4690000
2019-05-02 12:26:57.274000,1.1203,1.12027,3370000,1000000
2019-05-02 12:26:57.555000,1.1203,1.12026,6560000,4120000
2019-05-02 12:26:57.759000,1.12029,1.12027,1000000,1000000
2019-05-02 12:26:58.100000,1.12029,1.12026,1690000,1870000
2019-05-02 12:26:58.204000,1.12029,1.12027,4870000,1000000
2019-05-02 12:26:58.307000,1.12029,1.12026,1500000,1500000
2019-05-02 12:26:58.410000,1.12029,1.12025,5250000,1010000
2019-05-02 12:26:58.513000,1.12028,1.12025,1000000,3310000
2019-05-02 12:26:58.665000,1.12029,1.12026,3750000,1500000
2019-05-02 12:26:58.768000,1.1203,1.12027,3190000,1000000
2019-05-02 12:26:58.870000,1.1203,1.12026,1690000,3000000
2019-05-02 12:26:59.021000,1.1203,1.12027,1250000,1000000
2019-05-02 12:26:59.123000,1.1203,1.12026,1250000,3750000
2019-05-02 12:26:59.333000,1.1203,1.12027,1000000,1000000
2019-05-02 12:26:59.437000,1.12031,1.1203,1120000,1000000
2019-05-02 12:26:59.488000,1.12034,1.1203,8660000,1500000
2019-05-02 12:26:59.590000,1.12033,1.12031,1310000,1120000
2019-05-02 12:26:59.692000,1.12034,1.12031,2810000,1120000
2019-05-02 12:27:00.029000,1.12034,1.12032,1120000,1000000
2019-05-02 12:27:00.081000,1.12035,1.12034,1000000,2440000
2019-05-02 12:27:00.215000,1.12038,1.12034,1120000,8440000
2019-05-02 12:27:00.369000,1.12037,1.12034,1500000,2250000
2019-05-02 12:27:00.679000,1.12036,1.12034,1000000,1500000
2019-05-02 12:27:00.823000,1.12036,1.12033,1000000,3750000
2019-05-02 12:27:01.484000,1.12035,1.12033,1000000,1860000
2019-05-02 12:27:01.740000,1.12035,1.12032,1000000,7300000
2019-05-02 12:27:01.842000,1.12035,1.12033,1500000,1000000
2019-05-02 12:27:02.322000,1.12035,1.12032,1000000,1120000
2019-05-02 12:27:02.424000,1.12035,1.12031,3370000,2440000
2019-05-02 12:27:02.526000,1.12034,1.1203,1120000,5620000
2019-05-02 12:27:02.839000,1.12032,1.1203,1000000,2440000
2019-05-02 12:27:02.941000,1.1203,1.12028,1000000,1870000
2019-05-02 12:27:03.043000,1.12031,1.12028,1690000,1120000
2019-05-02 12:27:03.146000,1.12033,1.1203,4660000,1310000
2019-05-02 12:27:03.303000,1.12033,1.1203,1000000,2940000
2019-05-02 12:27:03.405000,1.12033,1.1203,1000000,4310000
2019-05-02 12:27:03.507000,1.12032,1.1203,1000000,2060000
2019-05-02 12:27:03.761000,1.12032,1.12031,1000000,1000000
2019-05-02 12:27:03.862000,1.12033,1.12031,1000000,1000000
2019-05-02 12:27:03.965000,1.12029,1.12027,1500000,3120000
2019-05-02 12:27:04.086000,1.12028,1.12025,2620000,1690000
2019-05-02 12:27:04.190000,1.12028,1.12025,1000000,9000000
2019-05-02 12:27:04.294000,1.12028,1.12025,3970000,3190000
2019-05-02 12:27:04.396000,1.12029,1.12025,4120000,2810000
2019-05-02 12:27:04.554000,1.12028,1.12026,1000000,1500000
2019-05-02 12:27:04.656000,1.12029,1.12026,1000000,1250000
2019-05-02 12:27:04.707000,1.12029,1.12025,1000000,3190000
2019-05-02 12:27:07.666000,1.12029,1.12026,2250000,1000000
2019-05-02 12:27:07.797000,1.12029,1.12025,2250000,8890000
2019-05-02 12:27:07.950000,1.12028,1.12025,1000000,7390000
2019-05-02 12:27:08.102000,1.12029,1.12025,3000000,4890000
2019-05-02 12:27:08.440000,1.12029,1.12026,2250000,1500000
2019-05-02 12:27:09.955000,1.12029,1.12025,5440000,3570000
2019-05-02 12:27:10.057000,1.12028,1.12026,1500000,1870000
2019-05-02 12:27:11.030000,1.12029,1.12025,1870000,5440000
2019-05-02 12:27:13.963000,1.12028,1.12025,1000000,3310000
2019-05-02 12:27:14.988000,1.12029,1.12025,3190000,3190000
2019-05-02 12:27:15.192000,1.12028,1.12026,1000000,1390000
2019-05-02 12:27:15.811000,1.12029,1.12025,3000000,3010000
2019-05-02 12:27:15.913000,1.12028,1.12025,1000000,5260000
2019-05-02 12:27:16.014000,1.12029,1.12025,3750000,3010000
2019-05-02 12:27:17.357000,1.12029,1.12026,2620000,1810000
2019-05-02 12:27:18.228000,1.1203,1.12028,5000000,1500000
2019-05-02 12:27:18.279000,1.12031,1.1203,2250000,2440000
2019-05-02 12:27:18.423000,1.12033,1.1203,1000000,2810000
2019-05-02 12:27:18.628000,1.12031,1.1203,1000000,1000000
2019-05-02 12:27:18.730000,1.12031,1.12029,1500000,1250000
2019-05-02 12:27:19.195000,1.12032,1.12029,1870000,1690000
2019-05-02 12:27:19.298000,1.12033,1.1203,3000000,2120000
2019-05-02 12:27:20.662000,1.12032,1.1203,1810000,1000000
2019-05-02 12:27:20.713000,1.1203,1.12028,2250000,1120000
2019-05-02 12:27:20.765000,1.12029,1.12026,2470000,1120000
2019-05-02 12:27:20.867000,1.12029,1.12025,5670000,2060000
2019-05-02 12:27:20.969000,1.12029,1.12025,7350000,1310000
2019-05-02 12:27:21.188000,1.12028,1.12025,3000000,2060000
2019-05-02 12:27:22,1.12028,1.12024,3500000,7500000
2019-05-02 12:27:22.585000,1.12027,1.12023,6940000,9320000
2019-05-02 12:27:22.687000,1.12026,1.12024,1000000,2290000
2019-05-02 12:27:22.791000,1.12027,1.12024,3940000,2440000
2019-05-02 12:27:23.266000,1.12027,1.12025,1500000,1870000
2019-05-02 12:27:23.368000,1.12028,1.12025,1000000,2120000
2019-05-02 12:27:23.675000,1.12028,1.12026,1000000,1690000
2019-05-02 12:27:25.758000,1.12028,1.12026,1620000,1000000
2019-05-02 12:27:26.360000,1.12028,1.12024,2750000,6410000
2019-05-02 12:27:26.462000,1.12028,1.12024,2620000,4160000
2019-05-02 12:27:26.919000,1.12028,1.12025,4120000,1000000
2019-05-02 12:27:27.160000,1.12027,1.12024,4500000,1000000
2019-05-02 12:27:27.272000,1.12026,1.12023,1000000,7060000
2019-05-02 12:27:27.375000,1.12027,1.12023,4200000,4060000
2019-05-02 12:27:27.478000,1.12027,1.12023,4220000,4060000
2019-05-02 12:27:28.818000,1.12027,1.12025,1200000,1000000
2019-05-02 12:27:28.921000,1.12028,1.12025,1120000,1120000
2019-05-02 12:27:29.025000,1.12026,1.12023,1000000,5510000
2019-05-02 12:27:29.420000,1.12027,1.12023,4120000,2810000
2019-05-02 12:27:30.518000,1.12026,1.12023,1000000,1750000
2019-05-02 12:27:31.669000,1.12025,1.12022,3190000,1620000
2019-05-02 12:27:31.774000,1.12023,1.12019,6600000,3940000
2019-05-02 12:27:31.878000,1.12022,1.12018,3070000,4310000
2019-05-02 12:27:32.063000,1.12022,1.12019,1870000,1000000
2019-05-02 12:27:32.165000,1.12022,1.12018,2250000,2440000
2019-05-02 12:27:32.499000,1.12022,1.12019,4200000,1000000
2019-05-02 12:27:33.170000,1.12022,1.1202,4570000,1500000
2019-05-02 12:27:33.274000,1.12024,1.12021,1600000,2750000
2019-05-02 12:27:33.325000,1.12025,1.12021,2620000,3690000
2019-05-02 12:27:33.582000,1.12025,1.12021,1870000,6190000
2019-05-02 12:27:33.928000,1.12025,1.12022,1870000,2250000
2019-05-02 12:27:34.578000,1.12027,1.12024,1600000,3940000
2019-05-02 12:27:34.701000,1.12027,1.12024,1000000,3940000
2019-05-02 12:27:34.804000,1.12027,1.12024,1000000,4370000
2019-05-02 12:27:35.280000,1.12028,1.12024,2250000,10500000
2019-05-02 12:27:35.436000,1.12028,1.12025,1000000,3940000
2019-05-02 12:27:36.025000,1.12028,1.12025,1000000,4370000
2019-05-02 12:27:36.283000,1.12029,1.12027,3370000,1000000
2019-05-02 12:27:37.382000,1.12029,1.12027,2000000,1000000
2019-05-02 12:27:38.703000,1.12029,1.12026,1500000,4310000
2019-05-02 12:27:40.478000,1.12029,1.12026,1120000,2440000
2019-05-02 12:27:48.234000,1.12029,1.12027,1870000,1000000
2019-05-02 12:27:48.337000,1.1203,1.12028,1100000,3750000
2019-05-02 12:27:48.441000,1.1203,1.12027,1500000,1120000
2019-05-02 12:27:48.543000,1.12029,1.12026,1000000,5860000
2019-05-02 12:27:48.648000,1.12028,1.12025,1000000,9000000
2019-05-02 12:27:49.141000,1.12028,1.12025,2750000,5190000
2019-05-02 12:27:49.243000,1.12027,1.12025,2250000,1000000
2019-05-02 12:27:49.413000,1.12027,1.12023,5750000,2440000
2019-05-02 12:27:49.958000,1.12025,1.12023,1000000,1690000
2019-05-02 12:27:51.581000,1.12026,1.12022,2060000,5870000
2019-05-02 12:27:51.870000,1.12026,1.12025,1000000,1500000
2019-05-02 12:27:51.921000,1.12028,1.12024,3000000,5810000
2019-05-02 12:27:52.023000,1.12028,1.12024,1870000,8500000
2019-05-02 12:27:52.184000,1.12027,1.12025,1000000,3190000
2019-05-02 12:27:52.286000,1.12028,1.12025,3370000,3190000
2019-05-02 12:27:54.684000,1.12026,1.12025,1000000,1120000
2019-05-02 12:27:54.786000,1.12027,1.12025,2620000,1000000
2019-05-02 12:27:55.576000,1.12026,1.12025,1000000,1000000
2019-05-02 12:27:55.926000,1.12027,1.12025,1120000,1000000
2019-05-02 12:27:56.030000,1.12026,1.12024,1000000,1120000
2019-05-02 12:27:56.691000,1.12025,1.12022,1250000,5000000
2019-05-02 12:27:56.834000,1.12024,1.12021,1000000,1500000
2019-05-02 12:27:58.962000,1.12025,1.12022,3940000,1000000
2019-05-02 12:27:59.473000,1.12024,1.12021,1000000,3940000
2019-05-02 12:27:59.679000,1.12025,1.12021,4200000,1690000
2019-05-02 12:28:00.033000,1.12024,1.12021,1000000,3370000
2019-05-02 12:28:00.135000,1.12024,1.1202,3370000,5440000
2019-05-02 12:28:00.237000,1.12023,1.1202,1000000,3940000
2019-05-02 12:28:00.339000,1.12024,1.1202,8140000,1500000
2019-05-02 12:28:00.596000,1.12024,1.12021,2620000,1000000
2019-05-02 12:28:00.760000,1.12023,1.1202,1000000,6560000
2019-05-02 12:28:00.963000,1.12024,1.1202,1870000,2060000
2019-05-02 12:28:02.576000,1.12023,1.12021,1000000,1000000
2019-05-02 12:28:03.604000,1.12024,1.1202,6200000,3190000
2019-05-02 12:28:04.270000,1.12022,1.12019,1000000,4310000
2019-05-02 12:28:04.372000,1.12023,1.12019,3000000,2060000
2019-05-02 12:28:04.474000,1.12022,1.12019,1000000,3560000
2019-05-02 12:28:04.821000,1.12023,1.12019,3000000,1540000
2019-05-02 12:28:04.924000,1.12023,1.12019,3750000,2350000
2019-05-02 12:28:05.257000,1.12023,1.12019,2750000,3470000
2019-05-02 12:28:06.136000,1.12023,1.1202,1120000,2250000
2019-05-02 12:28:06.239000,1.12023,1.12021,1000000,1250000
2019-05-02 12:28:09.481000,1.12024,1.1202,3190000,1750000
2019-05-02 12:28:09.745000,1.12023,1.1202,1000000,3250000
2019-05-02 12:28:09.847000,1.12024,1.1202,5140000,3250000
2019-05-02 12:28:10.005000,1.12023,1.1202,1000000,4000000
2019-05-02 12:28:10.107000,1.12024,1.1202,4950000,1750000
2019-05-02 12:28:12.374000,1.12023,1.1202,1000000,8500000
2019-05-02 12:28:13.370000,1.12024,1.1202,2250000,2870000
2019-05-02 12:28:14.922000,1.12023,1.1202,1000000,3620000
2019-05-02 12:28:17.015000,1.12024,1.12021,4500000,1310000
2019-05-02 12:28:17.743000,1.12024,1.12021,1500000,2190000
2019-05-02 12:28:17.872000,1.12025,1.12022,1120000,2250000
2019-05-02 12:28:19.612000,1.12024,1.12022,1000000,3000000
2019-05-02 12:28:19.999000,1.12026,1.12022,7140000,1500000
2019-05-02 12:28:21.449000,1.12027,1.12023,8320000,4000000
2019-05-02 12:28:21.552000,1.12027,1.12024,1870000,1750000
2019-05-02 12:28:21.665000,1.12027,1.12023,1870000,8120000
2019-05-02 12:28:22.247000,1.12026,1.12024,1500000,2250000
2019-05-02 12:28:22.833000,1.12026,1.12024,1000000,1250000
2019-05-02 12:28:22.935000,1.12028,1.12025,2320000,2750000
2019-05-02 12:28:23.132000,1.12028,1.12025,3370000,3940000
2019-05-02 12:28:23.234000,1.12028,1.12024,1870000,12040000
2019-05-02 12:28:23.419000,1.12028,1.12025,2620000,2250000
2019-05-02 12:28:24.078000,1.12027,1.12025,1000000,3190000
2019-05-02 12:28:24.181000,1.12028,1.12025,1310000,1250000
2019-05-02 12:28:27.570000,1.12028,1.12024,1000000,12040000
2019-05-02 12:28:27.851000,1.12026,1.12024,1000000,1000000
2019-05-02 12:28:27.953000,1.12024,1.12022,1500000,1000000
2019-05-02 12:28:28.106000,1.12023,1.12022,1000000,2250000
2019-05-02 12:28:28.257000,1.12024,1.12022,1000000,1000000
2019-05-02 12:28:28.358000,1.12025,1.12022,3070000,1000000
2019-05-02 12:28:28.460000,1.12024,1.12022,1000000,1500000
2019-05-02 12:28:28.743000,1.12025,1.12022,4570000,1000000
2019-05-02 12:28:28.997000,1.12024,1.12022,1000000,1000000
2019-05-02 12:28:29.285000,1.12023,1.12022,1000000,1000000
2019-05-02 12:28:29.843000,1.12023,1.12021,1000000,5250000
2019-05-02 12:28:29.945000,1.12024,1.12021,2250000,3000000
2019-05-02 12:28:30.202000,1.12025,1.12022,5060000,1500000
2019-05-02 12:28:30.305000,1.12025,1.12021,1690000,3000000
2019-05-02 12:28:30.841000,1.12025,1.12022,3190000,1500000
2019-05-02 12:28:30.944000,1.12027,1.12025,5440000,1000000
2019-05-02 12:28:30.996000,1.12029,1.12027,1100000,3000000
2019-05-02 12:28:31.099000,1.12031,1.12029,2320000,1500000
2019-05-02 12:28:31.202000,1.1203,1.12029,1000000,2250000
2019-05-02 12:28:31.509000,1.1203,1.12028,2620000,1500000
2019-05-02 12:28:31.560000,1.12029,1.12026,1250000,2060000
2019-05-02 12:28:31.772000,1.12029,1.12025,3940000,2620000
2019-05-02 12:28:31.925000,1.12029,1.12025,7440000,2620000
2019-05-02 12:28:32.128000,1.12029,1.12024,11260000,10760000
2019-05-02 12:28:32.548000,1.12027,1.12024,1000000,2620000
2019-05-02 12:28:32.752000,1.12028,1.12024,9560000,1870000
2019-05-02 12:28:33.105000,1.12028,1.12026,1870000,7660000
2019-05-02 12:28:33.207000,1.12031,1.12028,1120000,1000000
2019-05-02 12:28:33.310000,1.1203,1.12027,1870000,2620000
2019-05-02 12:28:33.617000,1.12029,1.12026,1000000,1870000
2019-05-02 12:28:33.669000,1.12027,1.12025,1000000,1300000
2019-05-02 12:28:33.798000,1.12027,1.12024,2250000,6000000
2019-05-02 12:28:34.687000,1.12027,1.12024,4500000,2000000
2019-05-02 12:28:34.790000,1.12027,1.12024,1000000,1120000
2019-05-02 12:28:36.846000,1.12026,1.12024,1000000,1120000
2019-05-02 12:28:38.027000,1.12027,1.12024,2620000,1000000
2019-05-02 12:28:39.996000,1.12026,1.12024,1120000,1000000
2019-05-02 12:28:40.337000,1.12025,1.12023,1120000,1000000
2019-05-02 12:28:40.389000,1.12024,1.12022,1250000,1000000
2019-05-02 12:28:40.877000,1.12024,1.12021,1250000,4120000
2019-05-02 12:28:41.030000,1.12021,1.1202,1000000,2850000
2019-05-02 12:28:41.183000,1.12022,1.1202,1310000,1120000
2019-05-02 12:28:41.878000,1.12021,1.1202,1000000,1120000
2019-05-02 12:28:42.259000,1.12022,1.1202,2060000,1000000
2019-05-02 12:28:42.962000,1.12023,1.12022,1310000,1000000
2019-05-02 12:28:43.167000,1.12024,1.12022,3370000,1500000
2019-05-02 12:28:43.312000,1.12024,1.12021,1870000,2250000
2019-05-02 12:28:43.731000,1.12022,1.12019,1500000,3750000
2019-05-02 12:28:43.782000,1.12022,1.12019,1500000,3120000
2019-05-02 12:28:43.884000,1.12024,1.1202,1500000,2940000
2019-05-02 12:28:43.987000,1.12024,1.12022,3000000,1000000
2019-05-02 12:28:44.144000,1.12024,1.12021,2500000,1000000
2019-05-02 12:28:44.246000,1.12024,1.12022,2500000,1000000
2019-05-02 12:28:44.348000,1.12023,1.12021,1000000,2320000
2019-05-02 12:28:44.501000,1.12022,1.12021,1250000,2620000
2019-05-02 12:28:44.654000,1.12022,1.1202,1690000,1000000
2019-05-02 12:28:45.649000,1.12022,1.12019,1000000,1310000
2019-05-02 12:28:46.256000,1.12022,1.12019,1810000,1500000
2019-05-02 12:28:46.991000,1.1202,1.12018,1120000,1120000
2019-05-02 12:28:47.103000,1.1202,1.12018,2000000,1000000
2019-05-02 12:28:47.470000,1.1202,1.12017,2120000,3000000
2019-05-02 12:28:48.747000,1.1202,1.12018,2870000,1000000
2019-05-02 12:28:48.878000,1.1202,1.12018,1120000,1000000
2019-05-02 12:28:49.307000,1.12021,1.12019,4810000,1000000
2019-05-02 12:28:49.699000,1.12021,1.12018,5560000,1000000
2019-05-02 12:28:49.803000,1.12021,1.12019,1000000,1870000
2019-05-02 12:28:49.958000,1.12024,1.12021,2060000,2250000
2019-05-02 12:28:50.060000,1.12024,1.12022,2810000,1000000
2019-05-02 12:28:50.163000,1.12024,1.12021,1120000,3750000
2019-05-02 12:28:50.266000,1.12026,1.12022,9850000,1100000
2019-05-02 12:28:50.750000,1.12026,1.12022,3040000,1500000
2019-05-02 12:28:50.954000,1.12025,1.12022,1000000,3750000
2019-05-02 12:28:51.211000,1.12026,1.12022,4540000,1500000
2019-05-02 12:28:51.507000,1.12025,1.12022,1000000,2250000
2019-05-02 12:28:52.829000,1.12026,1.12021,5720000,7420000
2019-05-02 12:28:52.932000,1.12026,1.12021,4910000,11140000
2019-05-02 12:28:53.034000,1.12026,1.12021,4160000,10240000
2019-05-02 12:28:53.137000,1.12025,1.12021,1000000,9110000
2019-05-02 12:28:53.351000,1.12025,1.12022,1000000,1000000
2019-05-02 12:28:55.111000,1.12026,1.12022,2660000,1500000
2019-05-02 12:28:55.989000,1.12026,1.12022,6160000,2250000
2019-05-02 12:28:56.766000,1.12025,1.12022,2070000,1100000
2019-05-02 12:28:57.469000,1.12025,1.12022,2620000,1500000
2019-05-02 12:29:00.038000,1.12026,1.12022,7310000,1000000
2019-05-02 12:29:00.571000,1.12025,1.12022,1500000,3000000
2019-05-02 12:29:00.673000,1.12026,1.12022,5440000,1500000
2019-05-02 12:29:02.484000,1.12024,1.12022,1000000,1500000
2019-05-02 12:29:02.587000,1.12024,1.12021,2250000,5320000
2019-05-02 12:29:02.702000,1.12024,1.12021,1000000,8200000
2019-05-02 12:29:02.805000,1.12025,1.12022,3560000,1250000
2019-05-02 12:29:03.170000,1.12024,1.12021,1000000,5120000
2019-05-02 12:29:03.774000,1.12025,1.12022,2810000,1250000
2019-05-02 12:29:04.687000,1.12026,1.12023,5250000,1000000
2019-05-02 12:29:04.789000,1.12026,1.12022,2250000,2890000
2019-05-02 12:29:05.076000,1.12026,1.12023,1500000,1500000
2019-05-02 12:29:05.179000,1.12026,1.12022,1000000,7120000
2019-05-02 12:29:05.333000,1.12025,1.12023,1000000,1000000
2019-05-02 12:29:05.436000,1.12026,1.12021,3940000,5450000
2019-05-02 12:29:06.503000,1.12026,1.12023,1000000,1370000
2019-05-02 12:29:06.605000,1.12025,1.12023,1000000,6620000
2019-05-02 12:29:06.707000,1.12026,1.12023,1500000,5120000
2019-05-02 12:29:06.818000,1.12027,1.12023,1000000,5250000
2019-05-02 12:29:07.125000,1.12026,1.12024,1000000,1310000
2019-05-02 12:29:07.562000,1.12029,1.12027,1120000,1070000
2019-05-02 12:29:07.689000,1.12031,1.12027,9370000,1070000
2019-05-02 12:29:07.792000,1.12031,1.12028,3370000,1000000
2019-05-02 12:29:07.996000,1.12031,1.12028,1120000,1000000
2019-05-02 12:29:08.098000,1.12032,1.12028,5560000,1500000
2019-05-02 12:29:08.257000,1.12031,1.12028,1120000,1000000
2019-05-02 12:29:08.936000,1.12032,1.12027,8060000,1870000
2019-05-02 12:29:09.047000,1.12031,1.12027,1500000,2700000
2019-05-02 12:29:09.149000,1.12031,1.12028,2250000,1000000
2019-05-02 12:29:09.996000,1.12031,1.12027,2250000,2250000
2019-05-02 12:29:10.116000,1.12032,1.12027,10310000,1500000
2019-05-02 12:29:11.065000,1.12032,1.12027,11560000,1620000
2019-05-02 12:29:11.849000,1.12031,1.12028,2370000,1000000
2019-05-02 12:29:12.065000,1.12031,1.12027,1870000,2820000
2019-05-02 12:29:12.277000,1.1203,1.12028,1000000,1000000
2019-05-02 12:29:12.410000,1.12031,1.12027,1120000,2370000
2019-05-02 12:29:13.153000,1.12032,1.12027,12190000,2250000
2019-05-02 12:29:13.261000,1.1203,1.12027,2250000,3750000
2019-05-02 12:29:14.463000,1.12029,1.12027,1000000,3000000
2019-05-02 12:29:14.803000,1.12029,1.12026,1000000,4310000
2019-05-02 12:29:16.196000,1.12029,1.12027,1000000,1000000
2019-05-02 12:29:16.306000,1.12029,1.12026,1000000,4120000
2019-05-02 12:29:16.486000,1.12029,1.12027,1000000,1000000
2019-05-02 12:29:16.990000,1.12029,1.12026,1120000,4870000
2019-05-02 12:29:17.388000,1.12029,1.12027,1000000,1000000
2019-05-02 12:29:18.432000,1.1203,1.12027,2810000,1000000
2019-05-02 12:29:20.415000,1.1203,1.12027,3750000,1000000
2019-05-02 12:29:20.518000,1.12031,1.12027,1000000,4370000
2019-05-02 12:29:20.676000,1.12031,1.12027,4690000,4120000
2019-05-02 12:29:20.778000,1.1203,1.12027,1000000,2370000
2019-05-02 12:29:21.628000,1.1203,1.12026,3000000,4310000
2019-05-02 12:29:21.992000,1.1203,1.12026,2870000,2060000
2019-05-02 12:29:23.622000,1.12027,1.12024,3190000,3940000
2019-05-02 12:29:23.724000,1.12028,1.12024,4870000,2500000
2019-05-02 12:29:25.134000,1.12027,1.12024,1870000,1500000
2019-05-02 12:29:25.953000,1.12025,1.12022,4500000,2440000
2019-05-02 12:29:26.055000,1.12024,1.12022,1000000,1000000
2019-05-02 12:29:26.157000,1.12024,1.12021,1000000,4690000
2019-05-02 12:29:26.305000,1.12025,1.12021,3000000,3690000
2019-05-02 12:29:27.085000,1.12025,1.12023,1500000,1000000
2019-05-02 12:29:28.027000,1.12025,1.12021,1500000,4310000
2019-05-02 12:29:30.142000,1.12025,1.1202,7250000,4370000
2019-05-02 12:29:30.277000,1.12025,1.12021,2250000,1250000
2019-05-02 12:29:30.379000,1.12024,1.12021,1500000,1250000
2019-05-02 12:29:30.531000,1.12025,1.12023,1000000,1250000
2019-05-02 12:29:30.583000,1.12026,1.12022,1500000,2440000
2019-05-02 12:29:30.736000,1.12025,1.12022,1000000,2440000
2019-05-02 12:29:32.970000,1.12024,1.12022,1000000,1250000
2019-05-02 12:29:33.806000,1.12024,1.12021,1000000,1000000
2019-05-02 12:29:34.996000,1.12025,1.12021,5810000,1000000
2019-05-02 12:29:36.651000,1.12025,1.12022,3440000,1000000
2019-05-02 12:29:36.835000,1.12025,1.12022,1120000,1000000
2019-05-02 12:29:37.734000,1.12025,1.12022,2690000,1000000
2019-05-02 12:29:37.836000,1.12025,1.12022,1870000,1000000
2019-05-02 12:29:38.316000,1.12024,1.12022,1000000,1000000
2019-05-02 12:29:39.975000,1.12025,1.12022,1250000,1000000
2019-05-02 12:29:43.912000,1.12025,1.12021,1690000,2250000
2019-05-02 12:29:44.742000,1.12024,1.12022,1000000,1000000
2019-05-02 12:29:44.794000,1.12026,1.12024,1500000,1000000
2019-05-02 12:29:44.897000,1.12027,1.12025,2320000,1690000
2019-05-02 12:29:44.948000,1.1203,1.12025,8890000,5810000
2019-05-02 12:29:45.417000,1.12029,1.12025,1690000,1000000
2019-05-02 12:29:45.570000,1.12028,1.12024,3000000,1410000
2019-05-02 12:29:45.621000,1.12026,1.12024,1000000,1410000
2019-05-02 12:29:45.723000,1.12027,1.12024,1000000,1410000
2019-05-02 12:29:45.839000,1.12028,1.12024,1000000,4120000
2019-05-02 12:29:45.941000,1.12028,1.12025,1000000,2440000
2019-05-02 12:29:46.043000,1.12031,1.12029,1000000,4400000
2019-05-02 12:29:46.145000,1.12034,1.1203,1000000,2440000
2019-05-02 12:29:46.366000,1.12033,1.12029,1000000,1250000
2019-05-02 12:29:46.468000,1.12032,1.12028,1500000,1500000
2019-05-02 12:29:46.671000,1.12032,1.12027,1500000,3000000
2019-05-02 12:29:46.824000,1.12034,1.12031,1500000,3180000
2019-05-02 12:29:46.957000,1.12035,1.12031,1000000,4000000
2019-05-02 12:29:47.060000,1.12034,1.12031,1000000,1690000
2019-05-02 12:29:47.162000,1.12035,1.12034,1000000,1000000
2019-05-02 12:29:47.265000,1.12035,1.12032,1000000,1000000
2019-05-02 12:29:47.368000,1.12034,1.1203,1250000,6000000
2019-05-02 12:29:48.672000,1.12035,1.12032,1500000,1870000
2019-05-02 12:29:48.774000,1.12036,1.12032,3000000,1120000
2019-05-02 12:29:48.876000,1.12036,1.12031,2250000,2810000
2019-05-02 12:29:50.063000,1.12036,1.12032,1120000,1000000
2019-05-02 12:29:50.377000,1.12037,1.12032,4500000,1000000
2019-05-02 12:29:50.479000,1.12037,1.12033,4500000,1000000
2019-05-02 12:29:51.136000,1.12037,1.12033,4000000,1000000
2019-05-02 12:29:51.238000,1.12037,1.12032,4000000,1000000
2019-05-02 12:29:54.556000,1.12036,1.12034,1000000,1250000
2019-05-02 12:29:54.659000,1.12038,1.12034,1000000,2500000
2019-05-02 12:29:54.961000,1.12037,1.12034,1000000,3250000
2019-05-02 12:29:55.164000,1.12038,1.12034,4500000,3250000
2019-05-02 12:29:55.407000,1.12037,1.12036,1000000,1000000
2019-05-02 12:29:55.509000,1.12037,1.12035,1000000,3190000
2019-05-02 12:29:55.863000,1.12038,1.12034,1000000,2870000
2019-05-02 12:29:56.798000,1.12037,1.12034,1000000,1370000
2019-05-02 12:29:56.901000,1.12038,1.12035,3000000,1250000
2019-05-02 12:29:57.055000,1.12039,1.12034,5620000,4000000
2019-05-02 12:29:57.157000,1.12038,1.12034,1000000,1250000
2019-05-02 12:29:57.478000,1.12039,1.12035,1000000,1250000
2019-05-02 12:29:58.468000,1.12039,1.12036,1000000,1250000
2019-05-02 12:29:58.569000,1.12039,1.12034,1000000,7750000
2019-05-02 12:30:00.070000,1.1204,1.12034,2440000,4750000
2019-05-02 12:30:00.375000,1.12039,1.12035,1000000,1250000
2019-05-02 12:30:00.524000,1.12038,1.12035,1000000,1690000
2019-05-02 12:30:00.885000,1.12038,1.12034,1250000,1000000
2019-05-02 12:30:00.987000,1.12039,1.12034,1500000,1500000
2019-05-02 12:30:01.195000,1.12037,1.12034,1500000,1050000
2019-05-02 12:30:01.297000,1.12036,1.12031,1000000,1000000
2019-05-02 12:30:01.349000,1.12036,1.12034,1000000,1000000
2019-05-02 12:30:01.450000,1.12038,1.12035,1500000,1250000
2019-05-02 12:30:01.502000,1.12042,1.1204,4760000,1000000
2019-05-02 12:30:01.612000,1.12042,1.1204,3190000,1000000
2019-05-02 12:30:01.715000,1.1204,1.12039,1000000,1500000
2019-05-02 12:30:01.767000,1.12042,1.1204,4570000,1000000
2019-05-02 12:30:01.971000,1.12041,1.1204,1000000,1000000
2019-05-02 12:30:02.022000,1.12041,1.12038,1000000,1000000
2019-05-02 12:30:02.128000,1.12042,1.12038,3750000,1000000
2019-05-02 12:30:02.180000,1.12042,1.1204,3750000,1000000
2019-05-02 12:30:02.286000,1.12042,1.1204,3750000,1000000
2019-05-02 12:30:02.389000,1.12041,1.1204,1000000,1000000
2019-05-02 12:30:02.490000,1.12042,1.1204,4500000,1000000
2019-05-02 12:30:02.728000,1.12041,1.1204,1500000,1000000
2019-05-02 12:30:02.830000,1.12042,1.12038,6750000,1000000
2019-05-02 12:30:03.084000,1.12041,1.12038,2700000,1000000
2019-05-02 12:30:03.328000,1.12042,1.12038,6640000,1000000
2019-05-02 12:30:03.545000,1.12041,1.12038,1000000,1000000
2019-05-02 12:30:03.648000,1.12042,1.12038,3750000,1000000
2019-05-02 12:30:03.700000,1.12041,1.12035,1000000,4000000
2019-05-02 12:30:03.802000,1.1204,1.12035,1000000,5200000
2019-05-02 12:30:03.963000,1.1204,1.12035,1000000,3940000
2019-05-02 12:30:04.015000,1.12038,1.12034,3000000,1000000
2019-05-02 12:30:04.321000,1.12038,1.12031,1690000,2500000
2019-05-02 12:30:04.423000,1.12037,1.12031,1000000,5500000
2019-05-02 12:30:04.565000,1.12037,1.12032,3000000,1000000
2019-05-02 12:30:04.668000,1.12036,1.1203,3190000,5950000
2019-05-02 12:30:04.973000,1.12033,1.12029,3000000,7310000
2019-05-02 12:30:05.080000,1.12033,1.12029,5370000,1250000
2019-05-02 12:30:05.335000,1.12033,1.12029,3370000,2780000
2019-05-02 12:30:05.721000,1.12032,1.1203,1000000,1250000
2019-05-02 12:30:05.823000,1.12033,1.12029,4120000,1690000
2019-05-02 12:30:05.925000,1.12033,1.1203,4120000,1000000
2019-05-02 12:30:06.028000,1.12035,1.12031,3250000,1030000
2019-05-02 12:30:06.337000,1.12036,1.12034,1000000,1750000
2019-05-02 12:30:06.388000,1.12036,1.12033,1000000,6750000
2019-05-02 12:30:06.440000,1.12038,1.12036,1750000,1000000
2019-05-02 12:30:06.491000,1.12038,1.12034,1750000,1500000
2019-05-02 12:30:06.542000,1.12041,1.12036,5100000,1250000
2019-05-02 12:30:06.696000,1.1204,1.12035,1750000,3000000
2019-05-02 12:30:06.802000,1.1204,1.12034,2500000,5250000
2019-05-02 12:30:06.904000,1.1204,1.12035,2500000,1000000
2019-05-02 12:30:07.006000,1.1204,1.12034,7820000,1500000
2019-05-02 12:30:07.362000,1.12038,1.12035,1690000,1000000
2019-05-02 12:30:07.515000,1.12039,1.12034,2500000,1500000
2019-05-02 12:30:07.712000,1.12037,1.12034,2250000,1000000
2019-05-02 12:30:07.814000,1.12037,1.12033,1000000,1000000
2019-05-02 12:30:08.434000,1.12039,1.12037,3000000,1000000
2019-05-02 12:30:08.536000,1.12039,1.12037,1000000,1000000
2019-05-02 12:30:08.694000,1.12039,1.12036,1000000,1000000
2019-05-02 12:30:08.796000,1.12039,1.12037,1000000,1500000
2019-05-02 12:30:08.848000,1.12042,1.12037,6190000,1000000
2019-05-02 12:30:09.460000,1.12042,1.12037,3690000,1000000
2019-05-02 12:30:09.570000,1.12042,1.12037,2440000,1000000
2019-05-02 12:30:10.066000,1.12041,1.12037,2250000,1000000
2019-05-02 12:30:10.221000,1.12041,1.12038,2250000,1870000
2019-05-02 12:30:10.425000,1.12043,1.12039,2620000,1000000
2019-05-02 12:30:10.649000,1.12044,1.12041,1500000,1000000
2019-05-02 12:30:10.751000,1.12045,1.12041,1500000,1000000
2019-05-02 12:30:10.853000,1.12046,1.12041,1690000,1000000
2019-05-02 12:30:10.954000,1.12045,1.12041,1000000,3000000
2019-05-02 12:30:11.106000,1.12046,1.12041,1250000,1100000
2019-05-02 12:30:12.454000,1.12046,1.12042,3940000,1000000
2019-05-02 12:30:12.659000,1.12047,1.12041,6070000,2620000
2019-05-02 12:30:12.761000,1.12045,1.12042,1500000,1250000
2019-05-02 12:30:12.863000,1.12046,1.12041,1250000,2870000
2019-05-02 12:30:14.998000,1.12046,1.12043,2440000,1000000
2019-05-02 12:30:15.100000,1.12047,1.12042,5870000,1690000
2019-05-02 12:30:15.202000,1.12046,1.12043,2440000,1000000
2019-05-02 12:30:15.410000,1.12047,1.12042,5870000,3940000
2019-05-02 12:30:15.977000,1.12046,1.12045,1000000,1000000
2019-05-02 12:30:16.028000,1.12046,1.12043,1000000,1500000
2019-05-02 12:30:16.137000,1.12047,1.12042,4690000,3000000
2019-05-02 12:30:16.400000,1.12046,1.12042,1000000,3000000
2019-05-02 12:30:16.452000,1.12046,1.12045,1000000,4690000
2019-05-02 12:30:16.503000,1.12049,1.12047,5620000,1000000
2019-05-02 12:30:16.680000,1.1205,1.12046,2940000,4870000
2019-05-02 12:30:16.782000,1.12051,1.12047,7120000,2060000
2019-05-02 12:30:16.885000,1.1205,1.12048,2060000,1500000
2019-05-02 12:30:17.562000,1.1205,1.12047,1120000,1000000
2019-05-02 12:30:17.743000,1.12051,1.12046,4440000,8810000
2019-05-02 12:30:17.869000,1.12051,1.12046,4310000,5810000
2019-05-02 12:30:18.345000,1.1205,1.12047,1000000,1000000
2019-05-02 12:30:18.637000,1.12051,1.12046,3940000,5060000
2019-05-02 12:30:18.776000,1.1205,1.12047,1000000,1500000
2019-05-02 12:30:18.878000,1.12051,1.12047,3940000,1000000
2019-05-02 12:30:18.989000,1.12051,1.12047,4260000,1120000
2019-05-02 12:30:19.092000,1.12051,1.12047,2590000,1000000
2019-05-02 12:30:19.371000,1.1205,1.12047,1000000,1500000
2019-05-02 12:30:23.958000,1.12051,1.12046,1840000,7810000
2019-05-02 12:30:24.481000,1.12052,1.1205,4570000,3000000
2019-05-02 12:30:24.533000,1.12054,1.12052,3750000,2060000
2019-05-02 12:30:24.636000,1.12055,1.12054,1000000,1500000
2019-05-02 12:30:24.688000,1.12056,1.12053,1690000,1870000
2019-05-02 12:30:24.739000,1.12056,1.12054,2440000,1000000
2019-05-02 12:30:24.791000,1.12056,1.12053,1250000,1000000
2019-05-02 12:30:25.919000,1.12057,1.12054,3250000,1000000
2019-05-02 12:30:26.021000,1.12057,1.12053,2500000,2250000
2019-05-02 12:30:27.377000,1.12055,1.12053,1000000,1000000
2019-05-02 12:30:28.096000,1.12055,1.12052,1000000,2620000
2019-05-02 12:30:28.249000,1.12054,1.12052,1000000,1120000
2019-05-02 12:30:29.331000,1.12054,1.12051,1000000,5060000
2019-05-02 12:30:29.534000,1.12054,1.12052,1000000,1000000
2019-05-02 12:30:29.677000,1.12054,1.12051,1000000,5440000
2019-05-02 12:30:30.225000,1.12054,1.12052,1000000,1000000
2019-05-02 12:30:30.328000,1.12053,1.12051,1000000,7690000
2019-05-02 12:30:30.480000,1.12054,1.12051,1000000,4620000
2019-05-02 12:30:30.582000,1.12056,1.12051,2810000,5370000
2019-05-02 12:30:30.684000,1.12053,1.12051,1000000,1000000
2019-05-02 12:30:30.786000,1.12052,1.1205,1000000,4870000
2019-05-02 12:30:31.763000,1.12054,1.1205,1870000,1120000
2019-05-02 12:30:32.278000,1.12054,1.1205,1620000,1870000
2019-05-02 12:30:32.428000,1.1205,1.12049,1000000,1000000
2019-05-02 12:30:32.480000,1.12051,1.12047,4690000,3370000
2019-05-02 12:30:32.907000,1.1205,1.12047,2250000,1120000
2019-05-02 12:30:33.015000,1.12051,1.12046,6940000,3310000
2019-05-02 12:30:33.222000,1.1205,1.12046,1000000,3310000
2019-05-02 12:30:33.325000,1.12051,1.12046,6940000,3310000
2019-05-02 12:30:33.478000,1.12051,1.12046,7060000,3190000
2019-05-02 12:30:33.923000,1.1205,1.12047,1120000,1000000
2019-05-02 12:30:34.025000,1.12051,1.12046,7060000,3190000
2019-05-02 12:30:34.285000,1.12047,1.12045,1000000,1570000
2019-05-02 12:30:34.439000,1.12047,1.12043,4870000,1250000
2019-05-02 12:30:34.541000,1.12046,1.12042,1500000,6370000
2019-05-02 12:30:34.659000,1.12047,1.12042,4500000,3750000
2019-05-02 12:30:34.809000,1.12046,1.12042,1000000,6000000
2019-05-02 12:30:35.259000,1.12047,1.12042,4120000,4870000
2019-05-02 12:30:35.362000,1.12046,1.12042,1500000,5250000
2019-05-02 12:30:36.566000,1.12047,1.12042,9790000,1250000
2019-05-02 12:30:36.677000,1.12046,1.12042,1000000,1250000
2019-05-02 12:30:37.091000,1.12045,1.12042,1000000,3190000
2019-05-02 12:30:37.193000,1.12046,1.12042,2620000,1250000
2019-05-02 12:30:37.294000,1.12045,1.12042,1000000,1250000
2019-05-02 12:30:37.396000,1.12046,1.12042,3370000,2060000
2019-05-02 12:30:37.498000,1.12045,1.12042,1000000,2810000
2019-05-02 12:30:37.755000,1.12046,1.12042,3370000,2060000
2019-05-02 12:30:37.986000,1.12044,1.12041,1000000,2250000
2019-05-02 12:30:38.089000,1.12043,1.12039,9600000,2320000
2019-05-02 12:30:38.192000,1.12042,1.12038,1720000,6190000
2019-05-02 12:30:39.539000,1.12041,1.12039,1000000,1000000
2019-05-02 12:30:39.832000,1.12042,1.12038,1350000,4690000
2019-05-02 12:30:39.934000,1.12042,1.12039,2100000,1120000
2019-05-02 12:30:40.117000,1.12042,1.12038,3220000,5440000
2019-05-02 12:30:41.427000,1.12041,1.12038,1000000,1500000
2019-05-02 12:30:41.857000,1.1204,1.12038,1250000,1000000
2019-05-02 12:30:41.960000,1.12038,1.12036,2060000,2620000
2019-05-02 12:30:42.062000,1.12037,1.12034,2120000,1120000
2019-05-02 12:30:42.600000,1.12037,1.12034,4500000,1310000
2019-05-02 12:30:43.308000,1.12036,1.12034,1000000,1310000
2019-05-02 12:30:43.445000,1.12037,1.12033,2250000,7120000
2019-05-02 12:30:43.771000,1.12038,1.12033,6750000,5620000
2019-05-02 12:30:43.873000,1.12037,1.12034,1000000,3190000
2019-05-02 12:30:44.253000,1.12038,1.12034,2250000,1310000
2019-05-02 12:30:44.406000,1.12037,1.12034,1000000,2060000
2019-05-02 12:30:45.397000,1.12034,1.12033,4690000,1500000
2019-05-02 12:30:45.448000,1.12032,1.12029,1690000,3120000
2019-05-02 12:30:45.546000,1.1203,1.12028,1000000,1500000
2019-05-02 12:30:45.648000,1.12026,1.12025,1500000,1570000
2019-05-02 12:30:45.699000,1.12025,1.12023,1500000,1870000
2019-05-02 12:30:45.802000,1.12023,1.1202,1500000,3000000
2019-05-02 12:30:46.008000,1.12022,1.12019,2250000,2250000
2019-05-02 12:30:46.111000,1.12022,1.12018,1750000,1620000
2019-05-02 12:30:46.566000,1.12021,1.12017,1250000,5190000
2019-05-02 12:30:47.160000,1.12021,1.12017,1250000,5060000
2019-05-02 12:30:47.485000,1.12021,1.12018,1250000,1100000
2019-05-02 12:30:47.591000,1.12022,1.12018,3000000,1350000
2019-05-02 12:30:47.692000,1.12021,1.12017,1000000,5950000
2019-05-02 12:30:47.992000,1.12022,1.12017,2250000,5870000
2019-05-02 12:30:48.399000,1.12021,1.12017,1000000,8120000
2019-05-02 12:30:48.603000,1.12022,1.12017,2250000,4450000
2019-05-02 12:30:48.857000,1.12021,1.12017,4120000,2950000
2019-05-02 12:30:48.908000,1.12021,1.12017,6610000,1390000
2019-05-02 12:30:49.011000,1.12018,1.12017,3370000,1100000
2019-05-02 12:30:49.062000,1.12018,1.12014,4500000,3370000
2019-05-02 12:30:49.203000,1.12017,1.12014,1000000,1120000
2019-05-02 12:30:49.305000,1.12018,1.12014,7500000,1120000
2019-05-02 12:30:49.612000,1.12018,1.12013,9250000,3120000
2019-05-02 12:30:49.896000,1.12016,1.12013,1000000,2370000
2019-05-02 12:30:50.017000,1.12017,1.12012,11500000,2750000
2019-05-02 12:30:50.221000,1.12015,1.12013,1000000,1120000
2019-05-02 12:30:51.391000,1.12015,1.12012,1120000,1120000
2019-05-02 12:30:51.606000,1.12014,1.12012,1250000,1000000
2019-05-02 12:30:51.709000,1.12011,1.1201,1000000,1120000
2019-05-02 12:30:51.761000,1.12013,1.12011,4500000,1000000
2019-05-02 12:30:51.863000,1.12014,1.12011,5250000,2250000
2019-05-02 12:30:52.333000,1.12015,1.12012,1000000,1500000
2019-05-02 12:30:52.385000,1.12016,1.12012,6190000,1500000
2019-05-02 12:30:52.908000,1.12015,1.12012,1000000,1500000
2019-05-02 12:30:53.090000,1.12016,1.12012,6560000,1500000
2019-05-02 12:30:53.259000,1.12015,1.12012,1000000,2750000
2019-05-02 12:30:53.524000,1.12015,1.12012,1000000,2620000
2019-05-02 12:30:53.888000,1.12016,1.12012,5440000,1870000
2019-05-02 12:30:53.990000,1.12015,1.12012,1000000,1870000
2019-05-02 12:30:54.553000,1.12015,1.12012,1000000,2370000
2019-05-02 12:30:55.668000,1.12015,1.12012,3000000,1870000
2019-05-02 12:30:56.595000,1.12015,1.12011,1690000,1870000
2019-05-02 12:30:56.698000,1.12014,1.12011,2250000,2250000
2019-05-02 12:30:56.799000,1.12013,1.12011,1000000,2250000
2019-05-02 12:30:57.054000,1.12013,1.12011,1750000,1000000
2019-05-02 12:30:57.156000,1.12013,1.12011,6370000,1000000
2019-05-02 12:30:57.280000,1.12014,1.1201,1690000,2520000
2019-05-02 12:30:57.331000,1.12012,1.1201,2250000,2410000
2019-05-02 12:30:57.382000,1.12011,1.12009,1000000,3630000
2019-05-02 12:30:57.485000,1.12012,1.12009,1690000,2440000
2019-05-02 12:30:57.587000,1.1201,1.12007,1250000,4980000
2019-05-02 12:30:57.726000,1.12011,1.12008,3310000,1500000
2019-05-02 12:30:57.778000,1.12011,1.12007,1500000,3440000
2019-05-02 12:30:57.984000,1.12012,1.12007,7370000,2090000
2019-05-02 12:30:58.109000,1.12009,1.12006,6310000,2070000
2019-05-02 12:30:58.161000,1.12007,1.12004,2870000,1100000
2019-05-02 12:30:58.263000,1.12007,1.12003,7010000,3000000
2019-05-02 12:30:58.724000,1.12006,1.12003,1000000,1870000
2019-05-02 12:30:58.827000,1.12007,1.12003,8810000,1120000
2019-05-02 12:30:58.878000,1.12005,1.12002,1500000,2370000
2019-05-02 12:30:59.101000,1.12006,1.12003,3000000,1000000
2019-05-02 12:30:59.203000,1.12006,1.12002,2250000,1000000
2019-05-02 12:30:59.695000,1.12005,1.12002,1000000,1120000
2019-05-02 12:30:59.797000,1.12006,1.12001,2250000,5190000
2019-05-02 12:31:00.024000,1.12005,1.12002,1000000,1120000
2019-05-02 12:31:00.126000,1.12006,1.12001,2250000,5190000
2019-05-02 12:31:00.275000,1.12006,1.12001,2250000,5060000
2019-05-02 12:31:00.377000,1.12006,1.12002,1000000,1000000
2019-05-02 12:31:00.632000,1.12005,1.12001,1000000,4810000
2019-05-02 12:31:00.887000,1.12002,1.12,2440000,1200000
2019-05-02 12:31:00.990000,1.12001,1.11997,1500000,5110000
2019-05-02 12:31:01.092000,1.12001,1.11998,1120000,1000000
2019-05-02 12:31:01.194000,1.12001,1.11997,1870000,5440000
2019-05-02 12:31:01.711000,1.12001,1.11997,1690000,1500000
2019-05-02 12:31:01.813000,1.12001,1.11997,2560000,1120000
2019-05-02 12:31:01.915000,1.12001,1.11997,1690000,1000000
2019-05-02 12:31:02.077000,1.12,1.11996,1120000,6090000
2019-05-02 12:31:03.021000,1.12001,1.11997,1310000,1120000
2019-05-02 12:31:03.150000,1.12,1.11996,1250000,2740000
2019-05-02 12:31:03.252000,1.12,1.11996,1370000,1500000
2019-05-02 12:31:03.740000,1.11999,1.11995,1870000,1760000
2019-05-02 12:31:03.842000,1.12,1.11996,2940000,1000000
2019-05-02 12:31:04.146000,1.12,1.11996,5940000,1770000
2019-05-02 12:31:04.289000,1.12,1.11996,3190000,1770000
2019-05-02 12:31:04.444000,1.12,1.11998,1000000,1250000
2019-05-02 12:31:04.547000,1.12001,1.11998,1000000,1000000
2019-05-02 12:31:04.650000,1.12002,1.11999,1500000,5060000
2019-05-02 12:31:04.806000,1.12004,1.12001,3310000,1120000
2019-05-02 12:31:04.914000,1.12005,1.12002,1250000,1100000
2019-05-02 12:31:05.067000,1.12008,1.12005,9150000,1870000
2019-05-02 12:31:05.169000,1.12008,1.12006,1500000,1000000
2019-05-02 12:31:05.374000,1.12009,1.12006,2810000,2060000
2019-05-02 12:31:05.821000,1.12011,1.12007,5810000,1870000
2019-05-02 12:31:06.630000,1.12012,1.12008,8370000,1690000
2019-05-02 12:31:06.681000,1.12012,1.12009,1870000,2500000
2019-05-02 12:31:06.783000,1.12014,1.1201,6750000,1250000
2019-05-02 12:31:07.491000,1.12014,1.12011,2120000,1500000
2019-05-02 12:31:07.594000,1.12014,1.12011,1000000,2060000
2019-05-02 12:31:07.769000,1.12015,1.12012,1500000,1000000
2019-05-02 12:31:07.872000,1.12016,1.12012,3000000,2810000
2019-05-02 12:31:08.034000,1.12016,1.12013,2620000,1000000
2019-05-02 12:31:08.138000,1.12016,1.12012,1870000,2810000
2019-05-02 12:31:08.371000,1.12016,1.12013,2620000,1000000
2019-05-02 12:31:08.474000,1.12016,1.12012,1120000,2060000
2019-05-02 12:31:09.241000,1.12015,1.12012,1000000,3560000
2019-05-02 12:31:09.343000,1.12016,1.12012,3750000,3560000
2019-05-02 12:31:09.543000,1.12016,1.12013,1500000,1000000
2019-05-02 12:31:09.645000,1.12016,1.12012,2250000,7310000
2019-05-02 12:31:09.874000,1.12017,1.12012,3190000,2060000
2019-05-02 12:31:10.129000,1.12017,1.12013,4800000,1000000
2019-05-02 12:31:10.282000,1.12017,1.12012,3560000,3190000
2019-05-02 12:31:10.821000,1.12017,1.12013,4310000,1500000
2019-05-02 12:31:11.003000,1.12017,1.12012,3560000,3940000
2019-05-02 12:31:12.009000,1.12017,1.12013,2440000,1000000
2019-05-02 12:31:12.113000,1.1202,1.12015,6390000,5940000
2019-05-02 12:31:12.318000,1.1202,1.12016,1120000,1690000
2019-05-02 12:31:12.522000,1.1202,1.12016,1500000,3690000
2019-05-02 12:31:12.683000,1.1202,1.12016,1000000,3940000
2019-05-02 12:31:12.887000,1.12021,1.12017,2940000,2250000
2019-05-02 12:31:12.990000,1.12021,1.12018,2060000,2250000
2019-05-02 12:31:13.968000,1.12021,1.12018,1750000,1120000
2019-05-02 12:31:15.126000,1.12021,1.12018,1250000,1000000
2019-05-02 12:31:15.229000,1.12023,1.12019,5500000,1310000
2019-05-02 12:31:15.332000,1.12024,1.12021,1690000,1870000
2019-05-02 12:31:15.434000,1.12025,1.12021,1250000,4700000
2019-05-02 12:31:15.486000,1.12026,1.12021,5250000,4890000
2019-05-02 12:31:16.003000,1.12025,1.12021,1000000,4140000
2019-05-02 12:31:16.627000,1.12026,1.12022,4120000,1500000
2019-05-02 12:31:17.118000,1.12025,1.12022,1500000,2620000
2019-05-02 12:31:17.323000,1.12025,1.12022,1750000,1870000
2019-05-02 12:31:17.426000,1.12025,1.12021,2560000,2320000
2019-05-02 12:31:17.529000,1.12025,1.12021,3560000,1500000
2019-05-02 12:31:18.321000,1.12025,1.12021,5190000,1870000
2019-05-02 12:31:19.378000,1.12025,1.12021,3190000,1120000
2019-05-02 12:31:19.590000,1.12028,1.12027,1000000,2250000
2019-05-02 12:31:19.642000,1.12031,1.12027,2620000,2000000
2019-05-02 12:31:19.746000,1.12033,1.1203,2000000,4750000
2019-05-02 12:31:19.798000,1.12035,1.1203,2620000,9150000
2019-05-02 12:31:20.053000,1.12035,1.12032,1120000,1500000
2019-05-02 12:31:20.837000,1.12035,1.12031,1690000,4200000
2019-05-02 12:31:22.496000,1.12035,1.12031,1620000,1500000
2019-05-02 12:31:22.548000,1.12032,1.12029,1250000,3320000
2019-05-02 12:31:22.650000,1.12032,1.12029,5060000,1000000
2019-05-02 12:31:22.753000,1.12031,1.12029,1000000,1000000
2019-05-02 12:31:22.893000,1.12032,1.12029,5060000,1000000
2019-05-02 12:31:24.548000,1.12032,1.12029,2190000,1000000
2019-05-02 12:31:24.672000,1.12032,1.12029,2440000,1000000
2019-05-02 12:31:25.949000,1.12033,1.1203,1000000,3620000
2019-05-02 12:31:26.052000,1.12034,1.1203,2440000,4200000
2019-05-02 12:31:28.127000,1.12033,1.12031,1120000,1000000
2019-05-02 12:31:28.230000,1.12031,1.12028,1000000,3040000
2019-05-02 12:31:28.332000,1.12031,1.12028,1000000,2000000
2019-05-02 12:31:28.586000,1.12032,1.12028,3560000,1500000
2019-05-02 12:31:29.021000,1.12031,1.12028,1000000,1500000
2019-05-02 12:31:29.276000,1.12032,1.12028,3190000,1500000
2019-05-02 12:31:30.988000,1.12033,1.12029,6000000,4000000
2019-05-02 12:31:31.395000,1.12033,1.12031,1500000,1000000
2019-05-02 12:31:31.775000,1.12034,1.1203,1000000,5120000
2019-05-02 12:31:33.580000,1.12034,1.12031,1120000,1810000
2019-05-02 12:31:33.682000,1.12034,1.12031,1000000,1250000
2019-05-02 12:31:33.835000,1.12036,1.12031,9690000,1310000
2019-05-02 12:31:34.088000,1.12035,1.12031,2000000,1810000
2019-05-02 12:31:36.449000,1.12036,1.12034,5620000,3050000
2019-05-02 12:31:36.605000,1.12038,1.12034,2250000,7570000
2019-05-02 12:31:36.707000,1.12038,1.12035,1500000,4450000
2019-05-02 12:31:38.593000,1.12037,1.12035,1500000,1120000
2019-05-02 12:31:38.645000,1.12034,1.12033,1500000,1100000
2019-05-02 12:31:38.747000,1.12035,1.12031,1120000,1690000
2019-05-02 12:31:40.046000,1.12035,1.12031,1120000,1810000
2019-05-02 12:31:40.278000,1.12034,1.1203,1000000,6450000
2019-05-02 12:31:40.478000,1.12033,1.12031,1000000,1000000
2019-05-02 12:31:40.580000,1.12034,1.12031,5440000,1000000
2019-05-02 12:31:40.682000,1.12034,1.1203,4690000,1120000
2019-05-02 12:31:40.784000,1.12032,1.12029,1000000,1500000
2019-05-02 12:31:41.205000,1.12033,1.12029,1690000,1500000
2019-05-02 12:31:41.309000,1.12033,1.12029,3940000,4000000
2019-05-02 12:31:41.724000,1.12034,1.1203,5620000,1690000
2019-05-02 12:31:41.837000,1.12033,1.1203,1500000,1350000
2019-05-02 12:31:42.104000,1.12034,1.1203,3750000,1010000
2019-05-02 12:31:42.906000,1.12034,1.1203,1000000,4450000
2019-05-02 12:31:43.008000,1.12035,1.12031,1870000,1250000
2019-05-02 12:31:43.456000,1.12035,1.12032,1870000,1000000
2019-05-02 12:31:43.763000,1.12035,1.12033,1870000,1500000
2019-05-02 12:31:44.018000,1.12036,1.12032,1000000,1500000
2019-05-02 12:31:44.236000,1.12032,1.12031,1000000,3560000
2019-05-02 12:31:44.288000,1.12031,1.12028,1310000,1120000
2019-05-02 12:31:44.391000,1.1203,1.12027,1500000,1870000
2019-05-02 12:31:44.494000,1.12029,1.12026,1000000,2640000
2019-05-02 12:31:44.596000,1.12029,1.12026,2250000,2060000
2019-05-02 12:31:45.051000,1.12028,1.12026,1000000,2060000
2019-05-02 12:31:45.153000,1.12029,1.12026,2250000,1390000
2019-05-02 12:31:46.864000,1.12027,1.12024,1000000,7050000
2019-05-02 12:31:46.989000,1.12027,1.12024,1000000,1570000
2019-05-02 12:31:47.245000,1.12028,1.12024,6190000,1120000
2019-05-02 12:31:47.550000,1.12027,1.12024,1000000,2250000
2019-05-02 12:31:48.238000,1.12027,1.12025,1000000,1250000
2019-05-02 12:31:48.340000,1.12029,1.12025,6940000,3320000
2019-05-02 12:31:48.493000,1.12028,1.12025,1000000,4000000
2019-05-02 12:31:48.933000,1.12028,1.12025,3190000,1000000
2019-05-02 12:31:49.188000,1.12027,1.12025,1000000,1000000
2019-05-02 12:31:52.822000,1.12028,1.12024,4310000,2370000
2019-05-02 12:31:53.377000,1.12027,1.12024,1000000,2370000
2019-05-02 12:31:53.479000,1.12028,1.12024,4810000,2370000
2019-05-02 12:31:54.341000,1.12027,1.12024,1000000,2250000
2019-05-02 12:31:54.918000,1.12028,1.12024,2060000,1000000
2019-05-02 12:31:55.020000,1.12028,1.12025,1870000,1250000
2019-05-02 12:31:55.459000,1.12028,1.12024,2060000,1000000
2019-05-02 12:31:56.096000,1.12028,1.12025,3000000,1100000
2019-05-02 12:31:56.451000,1.12028,1.12024,1870000,5440000
2019-05-02 12:31:56.680000,1.12028,1.12025,2620000,1100000
2019-05-02 12:31:57.112000,1.12028,1.12024,2620000,6190000
2019-05-02 12:31:57.378000,1.12028,1.12025,2620000,1000000
2019-05-02 12:31:57.603000,1.12029,1.12026,3870000,1000000
2019-05-02 12:31:57.705000,1.12029,1.12025,2000000,7690000
2019-05-02 12:31:58.094000,1.12029,1.12025,1500000,7690000
2019-05-02 12:31:58.330000,1.12029,1.12026,3000000,1500000
2019-05-02 12:31:58.431000,1.12029,1.12026,3500000,1870000
2019-05-02 12:32:00.987000,1.12028,1.12024,2440000,11920000
2019-05-02 12:32:01.089000,1.12028,1.12024,5440000,2250000
2019-05-02 12:32:01.192000,1.12027,1.12024,1000000,4570000
2019-05-02 12:32:02.149000,1.12027,1.12025,1120000,2500000
2019-05-02 12:32:02.251000,1.12028,1.12025,1500000,6250000
2019-05-02 12:32:02.404000,1.1203,1.12028,1500000,6000000
2019-05-02 12:32:02.507000,1.12031,1.12029,1620000,1000000
2019-05-02 12:32:02.614000,1.12031,1.12028,1620000,1050000
2019-05-02 12:32:02.766000,1.12031,1.12027,2370000,5440000
2019-05-02 12:32:02.869000,1.12034,1.1203,1200000,4570000
2019-05-02 12:32:04.528000,1.12034,1.12032,1000000,1500000
2019-05-02 12:32:04.751000,1.12034,1.12031,1000000,1250000
2019-05-02 12:32:04.904000,1.12034,1.12032,1000000,1000000
2019-05-02 12:32:05.549000,1.12035,1.12032,3500000,1100000
2019-05-02 12:32:05.981000,1.12035,1.12031,1500000,4310000
2019-05-02 12:32:06.167000,1.12034,1.12031,2670000,6560000
2019-05-02 12:32:06.271000,1.1203,1.12029,1000000,1570000
2019-05-02 12:32:06.322000,1.1203,1.12027,1000000,3190000
2019-05-02 12:32:07.263000,1.12029,1.12027,1000000,3190000
2019-05-02 12:32:07.659000,1.1203,1.12027,5620000,2440000
2019-05-02 12:32:11.239000,1.12032,1.1203,1200000,1250000
2019-05-02 12:32:11.381000,1.12033,1.1203,1120000,5470000
2019-05-02 12:32:11.641000,1.12035,1.12031,2200000,2870000
2019-05-02 12:32:11.845000,1.12035,1.12032,1000000,6250000
2019-05-02 12:32:13.401000,1.12035,1.12032,1000000,4310000
2019-05-02 12:32:14.029000,1.12035,1.12032,1000000,2190000
2019-05-02 12:32:14.437000,1.12035,1.12031,6000000,1690000
2019-05-02 12:32:14.539000,1.12034,1.12031,1000000,1250000
2019-05-02 12:32:14.672000,1.12033,1.12031,1000000,1250000
2019-05-02 12:32:15.020000,1.12034,1.12031,3940000,1250000
2019-05-02 12:32:15.223000,1.12033,1.1203,1000000,9700000
2019-05-02 12:32:15.681000,1.12034,1.12031,3750000,1250000
2019-05-02 12:32:16.518000,1.12033,1.1203,2250000,1820000
2019-05-02 12:32:16.765000,1.12033,1.12029,1000000,5660000
2019-05-02 12:32:17.139000,1.12031,1.12029,1000000,2140000
2019-05-02 12:32:18.140000,1.12032,1.12029,3750000,1000000
2019-05-02 12:32:18.679000,1.12032,1.12028,6190000,5440000
2019-05-02 12:32:18.781000,1.12031,1.12028,1750000,1200000
2019-05-02 12:32:18.832000,1.12032,1.12028,4310000,1500000
2019-05-02 12:32:18.934000,1.12031,1.12028,1000000,1950000
2019-05-02 12:32:19.036000,1.12032,1.12028,5810000,1200000
2019-05-02 12:32:19.239000,1.12031,1.12028,1000000,1950000
2019-05-02 12:32:19.632000,1.12032,1.12028,10690000,2320000
2019-05-02 12:32:19.734000,1.12031,1.12028,1500000,2320000
2019-05-02 12:32:19.982000,1.12032,1.12028,7690000,1100000
2019-05-02 12:32:20.185000,1.12031,1.12028,1000000,2320000
2019-05-02 12:32:20.288000,1.12031,1.12028,1000000,2350000
2019-05-02 12:32:20.405000,1.12031,1.12028,2250000,1870000
2019-05-02 12:32:20.633000,1.12032,1.12028,6940000,1000000
2019-05-02 12:32:21.112000,1.12032,1.1203,5440000,1000000
2019-05-02 12:32:21.215000,1.12032,1.12029,2250000,1250000
2019-05-02 12:32:21.369000,1.12032,1.1203,5250000,1000000
2019-05-02 12:32:22.030000,1.12033,1.12029,2250000,4990000
2019-05-02 12:32:22.133000,1.12033,1.1203,1620000,1690000
2019-05-02 12:32:22.235000,1.12034,1.1203,5370000,2140000
2019-05-02 12:32:23.017000,1.12033,1.12029,3940000,4200000
2019-05-02 12:32:23.119000,1.12033,1.12029,4810000,4950000
2019-05-02 12:32:23.901000,1.12033,1.12029,5060000,2000000
2019-05-02 12:32:24.385000,1.1203,1.12029,1000000,1000000
2019-05-02 12:32:24.437000,1.1203,1.12028,1500000,1200000
2019-05-02 12:32:24.897000,1.12031,1.12028,1500000,1120000
2019-05-02 12:32:24.999000,1.12032,1.1203,3370000,1000000
2019-05-02 12:32:25.101000,1.12032,1.12029,1120000,1500000
2019-05-02 12:32:25.203000,1.12032,1.1203,1870000,1000000
2019-05-02 12:32:25.364000,1.12032,1.12029,1120000,1500000
2019-05-02 12:32:25.982000,1.12031,1.12029,1000000,1000000
2019-05-02 12:32:26.100000,1.12032,1.12029,3750000,1000000
2019-05-02 12:32:26.410000,1.12032,1.12028,3750000,2620000
2019-05-02 12:32:26.512000,1.12031,1.12028,1000000,3370000
2019-05-02 12:32:27.248000,1.12032,1.12028,3750000,2620000
2019-05-02 12:32:28.134000,1.12031,1.12028,1000000,3370000
2019-05-02 12:32:28.259000,1.12032,1.12028,3370000,2620000
2019-05-02 12:32:29.493000,1.12031,1.12028,1500000,2620000
2019-05-02 12:32:30.337000,1.12032,1.12028,10690000,1120000
2019-05-02 12:32:30.439000,1.12031,1.12028,1500000,1120000
2019-05-02 12:32:30.592000,1.12032,1.12028,8810000,1120000
2019-05-02 12:32:30.721000,1.12031,1.12029,1500000,1000000
2019-05-02 12:32:31.104000,1.12028,1.12026,1000000,1950000
2019-05-02 12:32:31.206000,1.12028,1.12025,3690000,1000000
2019-05-02 12:32:34.203000,1.12026,1.12024,3000000,1000000
2019-05-02 12:32:34.306000,1.12023,1.12022,1000000,2320000
2019-05-02 12:32:34.409000,1.12021,1.1202,1000000,1200000
2019-05-02 12:32:34.512000,1.12019,1.12017,1000000,3000000
2019-05-02 12:32:34.633000,1.1202,1.12017,3560000,1500000
2019-05-02 12:32:34.737000,1.1202,1.12016,1000000,1690000
2019-05-02 12:32:35.553000,1.1202,1.12017,2250000,1000000
2019-05-02 12:32:35.657000,1.12021,1.12017,6190000,1000000
2019-05-02 12:32:35.812000,1.12017,1.12015,1000000,3250000
2019-05-02 12:32:35.974000,1.12016,1.12014,1500000,1000000
2019-05-02 12:32:36.902000,1.12016,1.12013,1500000,1310000
2019-05-02 12:32:37.159000,1.12015,1.12013,1000000,1310000
2019-05-02 12:32:37.267000,1.12016,1.12013,3000000,1310000
2019-05-02 12:32:38.449000,1.12015,1.12013,1000000,1000000
2019-05-02 12:32:38.551000,1.12016,1.12013,3000000,1000000
2019-05-02 12:32:38.653000,1.12016,1.12014,4500000,1000000
2019-05-02 12:32:38.788000,1.12016,1.12014,2250000,1000000
2019-05-02 12:32:39.042000,1.12016,1.12013,3000000,2060000
2019-05-02 12:32:39.386000,1.12015,1.12013,1000000,2060000
2019-05-02 12:32:39.503000,1.12016,1.12013,4500000,1310000
2019-05-02 12:32:39.795000,1.12015,1.12013,1000000,1120000
2019-05-02 12:32:39.897000,1.12016,1.12013,3000000,1120000
2019-05-02 12:32:42.252000,1.12016,1.12012,3870000,3760000
2019-05-02 12:32:42.354000,1.12016,1.12012,2250000,3040000
2019-05-02 12:32:43.634000,1.12016,1.12012,1870000,2440000
2019-05-02 12:32:46.014000,1.12015,1.12012,1000000,3940000
2019-05-02 12:32:46.437000,1.12016,1.12012,6450000,3190000
2019-05-02 12:32:47.544000,1.12015,1.12012,1000000,2440000
2019-05-02 12:32:48.053000,1.12016,1.12012,5320000,3190000
2019-05-02 12:32:48.203000,1.12015,1.12012,1000000,3940000
2019-05-02 12:32:48.641000,1.12016,1.12012,3070000,2440000
2019-05-02 12:32:49.168000,1.12016,1.12012,4320000,3190000
2019-05-02 12:32:49.475000,1.12016,1.12013,5700000,1000000
2019-05-02 12:32:50.835000,1.12015,1.12013,1000000,1120000
2019-05-02 12:32:50.972000,1.12016,1.12014,3940000,1120000
2019-05-02 12:32:51.125000,1.12017,1.12015,2620000,3250000
2019-05-02 12:32:51.233000,1.12018,1.12015,1500000,4370000
2019-05-02 12:32:51.335000,1.12019,1.12015,1690000,6070000
2019-05-02 12:32:52.097000,1.12018,1.12015,2970000,2370000
2019-05-02 12:32:52.200000,1.12011,1.12009,1500000,5850000
2019-05-02 12:32:52.302000,1.1201,1.12008,1000000,1500000
2019-05-02 12:32:52.405000,1.12009,1.12007,1000000,1250000
2019-05-02 12:32:52.456000,1.12009,1.12006,3750000,1250000
2019-05-02 12:32:52.517000,1.12008,1.12006,1000000,1250000
2019-05-02 12:32:52.620000,1.12008,1.12005,2250000,2060000
2019-05-02 12:32:53.080000,1.12008,1.12006,1000000,1000000
2019-05-02 12:32:53.202000,1.12009,1.12006,3370000,1000000
2019-05-02 12:33:00.044000,1.12009,1.12006,1000000,2440000
2019-05-02 12:33:00.353000,1.12009,1.12007,1500000,1000000
2019-05-02 12:33:00.404000,1.12009,1.12005,3370000,6190000
2019-05-02 12:33:00.608000,1.12008,1.12006,1120000,2250000
2019-05-02 12:33:00.659000,1.1201,1.12006,7760000,1870000
2019-05-02 12:33:01.269000,1.12009,1.12005,1500000,7510000
2019-05-02 12:33:02.368000,1.12009,1.12007,3000000,1000000
2019-05-02 12:33:02.471000,1.12009,1.12006,2250000,3940000
2019-05-02 12:33:02.681000,1.1201,1.12006,3370000,3190000
2019-05-02 12:33:02.784000,1.1201,1.12007,2250000,1000000
2019-05-02 12:33:03.088000,1.1201,1.12007,2620000,1000000
2019-05-02 12:33:03.777000,1.12012,1.12011,4870000,2250000
2019-05-02 12:33:03.879000,1.12014,1.12012,1500000,1000000
2019-05-02 12:33:04.172000,1.12015,1.12014,1000000,1000000
2019-05-02 12:33:04.274000,1.12014,1.12013,1000000,1120000
2019-05-02 12:33:04.326000,1.12016,1.12014,1500000,1000000
2019-05-02 12:33:04.474000,1.12016,1.12013,2620000,1200000
2019-05-02 12:33:05.406000,1.12016,1.12014,2250000,1000000
2019-05-02 12:33:05.612000,1.12016,1.12013,1500000,1500000
2019-05-02 12:33:05.921000,1.12017,1.12015,4870000,1000000
2019-05-02 12:33:06.023000,1.12019,1.12016,6000000,1000000
2019-05-02 12:33:06.192000,1.12019,1.12015,6000000,4760000
2019-05-02 12:33:06.294000,1.12019,1.12016,5250000,1000000
2019-05-02 12:33:06.396000,1.12018,1.12015,3000000,2320000
2019-05-02 12:33:06.447000,1.12016,1.12014,1000000,2350000
2019-05-02 12:33:06.584000,1.12016,1.12014,2250000,1000000
2019-05-02 12:33:06.736000,1.12016,1.12014,3370000,2500000
2019-05-02 12:33:06.838000,1.12016,1.12014,2250000,1000000
2019-05-02 12:33:06.940000,1.12016,1.12013,2250000,4010000
2019-05-02 12:33:07.042000,1.12017,1.12013,4120000,2810000
2019-05-02 12:33:07.207000,1.12017,1.12014,7120000,1000000
2019-05-02 12:33:07.600000,1.12017,1.12015,4120000,1000000
2019-05-02 12:33:07.755000,1.12017,1.12014,4120000,2250000
2019-05-02 12:33:08.124000,1.12017,1.12015,4120000,1000000
2019-05-02 12:33:08.277000,1.12017,1.12014,1870000,1500000
2019-05-02 12:33:08.582000,1.12017,1.12014,1870000,2370000
2019-05-02 12:33:09.193000,1.12016,1.12014,1500000,3870000
2019-05-02 12:33:09.295000,1.12016,1.12014,3750000,1000000
2019-05-02 12:33:09.397000,1.12016,1.12013,1500000,1000000
2019-05-02 12:33:10.461000,1.12015,1.12013,1000000,1120000
2019-05-02 12:33:10.694000,1.12016,1.12013,2620000,1120000
2019-05-02 12:33:11.654000,1.12017,1.12016,2620000,1000000
2019-05-02 12:33:11.763000,1.12017,1.12016,1500000,4690000
2019-05-02 12:33:11.865000,1.12019,1.12017,1000000,2870000
2019-05-02 12:33:11.920000,1.12021,1.1202,4120000,1870000
2019-05-02 12:33:12.022000,1.12024,1.12021,1120000,1870000
2019-05-02 12:33:12.171000,1.12025,1.12021,6940000,1870000
2019-05-02 12:33:12.273000,1.12025,1.12022,7010000,1000000
2019-05-02 12:33:12.865000,1.12025,1.12021,6560000,3750000
2019-05-02 12:33:12.968000,1.12024,1.12022,1120000,1690000
2019-05-02 12:33:13.072000,1.12027,1.12024,8250000,1690000
2019-05-02 12:33:13.242000,1.12026,1.12024,1500000,1570000
2019-05-02 12:33:13.294000,1.12026,1.12022,5810000,3000000
2019-05-02 12:33:13.347000,1.12025,1.12021,3120000,7890000
2019-05-02 12:33:13.603000,1.12025,1.12021,1000000,4810000
2019-05-02 12:33:13.809000,1.12024,1.12021,1500000,2510000
2019-05-02 12:33:13.919000,1.12025,1.12021,4120000,2060000
2019-05-02 12:33:14.021000,1.12024,1.12022,1000000,1000000
2019-05-02 12:33:14.225000,1.12024,1.1202,3370000,12000000
2019-05-02 12:33:14.327000,1.12021,1.1202,1000000,1200000
2019-05-02 12:33:14.445000,1.12021,1.12019,1000000,1000000
2019-05-02 12:33:14.548000,1.12023,1.1202,3450000,1120000
2019-05-02 12:33:14.650000,1.12023,1.1202,1120000,1620000
2019-05-02 12:33:14.753000,1.12023,1.1202,1120000,1120000
2019-05-02 12:33:15.432000,1.12022,1.12019,3370000,3070000
2019-05-02 12:33:15.580000,1.12021,1.12018,1690000,4060000
2019-05-02 12:33:16.420000,1.1202,1.12016,6690000,5450000
2019-05-02 12:33:16.523000,1.12018,1.12016,3370000,1120000
2019-05-02 12:33:16.625000,1.12018,1.12015,9370000,1120000
2019-05-02 12:33:16.727000,1.12016,1.12014,1500000,3000000
2019-05-02 12:33:16.832000,1.12017,1.12014,5440000,1500000
2019-05-02 12:33:16.934000,1.12016,1.12012,2060000,7700000
2019-05-02 12:33:17.137000,1.12015,1.12012,1000000,3870000
2019-05-02 12:33:17.354000,1.12016,1.12012,2440000,1620000
2019-05-02 12:33:17.488000,1.12015,1.12012,1000000,2370000
2019-05-02 12:33:17.641000,1.12016,1.12012,2440000,1620000
2019-05-02 12:33:17.743000,1.12017,1.12012,7750000,1870000
2019-05-02 12:33:17.845000,1.12016,1.12013,1120000,2810000
2019-05-02 12:33:17.947000,1.12017,1.12015,1000000,3770000
2019-05-02 12:33:17.998000,1.12019,1.12015,3560000,1900000
2019-05-02 12:33:18.411000,1.12018,1.12015,1000000,4370000
2019-05-02 12:33:18.463000,1.12017,1.12014,1250000,2060000
2019-05-02 12:33:18.643000,1.12017,1.12014,2000000,3370000
2019-05-02 12:33:18.694000,1.12018,1.12015,1100000,1370000
2019-05-02 12:33:19.254000,1.12018,1.12014,4690000,6120000
2019-05-02 12:33:19.516000,1.12019,1.12015,5620000,2060000
2019-05-02 12:33:19.618000,1.12018,1.12016,1000000,1000000
2019-05-02 12:33:19.719000,1.12019,1.12015,1870000,2060000
2019-05-02 12:33:19.821000,1.12019,1.12016,4120000,1000000
2019-05-02 12:33:19.923000,1.12019,1.12015,1870000,2060000
2019-05-02 12:33:20.388000,1.12018,1.12015,1000000,3560000
2019-05-02 12:33:20.607000,1.12019,1.12015,1500000,2810000
2019-05-02 12:33:20.711000,1.12019,1.12015,1000000,2560000
2019-05-02 12:33:20.814000,1.1202,1.12016,3750000,10870000
2019-05-02 12:33:20.965000,1.12021,1.12018,1000000,1200000
2019-05-02 12:33:21.118000,1.12021,1.12018,1000000,2750000
2019-05-02 12:33:21.220000,1.12022,1.12021,1120000,1000000
2019-05-02 12:33:21.323000,1.12025,1.12021,4120000,4310000
2019-05-02 12:33:21.498000,1.12026,1.12022,2810000,1500000
2019-05-02 12:33:22.162000,1.12027,1.12023,2140000,1750000
2019-05-02 12:33:22.877000,1.12026,1.12023,1000000,3250000
2019-05-02 12:33:22.984000,1.12027,1.12023,6190000,2500000
2019-05-02 12:33:23.086000,1.12026,1.12023,1120000,1000000
2019-05-02 12:33:23.576000,1.12026,1.12023,1000000,2070000
2019-05-02 12:33:23.746000,1.12027,1.12023,12560000,2000000
2019-05-02 12:33:24.019000,1.12026,1.12023,1000000,2000000
2019-05-02 12:33:24.123000,1.12027,1.12023,8810000,1500000
2019-05-02 12:33:24.736000,1.12025,1.12023,1000000,1870000
2019-05-02 12:33:27.553000,1.12027,1.12022,8060000,6460000
2019-05-02 12:33:28.029000,1.12026,1.12022,1500000,6390000
2019-05-02 12:33:28.395000,1.12027,1.12022,5440000,4890000
2019-05-02 12:33:28.718000,1.12026,1.12023,1000000,1120000
2019-05-02 12:33:29.655000,1.12027,1.12023,4160000,1000000
2019-05-02 12:33:30.010000,1.12026,1.12023,1000000,1000000
2019-05-02 12:33:30.112000,1.12027,1.12023,4910000,1000000
2019-05-02 12:33:31.110000,1.12026,1.12023,1000000,1120000
2019-05-02 12:33:31.212000,1.12025,1.12022,1000000,6290000
2019-05-02 12:33:31.314000,1.12023,1.12022,1500000,1480000
2019-05-02 12:33:31.396000,1.12023,1.1202,1000000,3260000
2019-05-02 12:33:31.448000,1.12024,1.12022,1000000,1000000
2019-05-02 12:33:31.550000,1.12026,1.12021,7540000,4060000
2019-05-02 12:33:31.601000,1.12024,1.12022,1000000,1500000
2019-05-02 12:33:31.652000,1.12026,1.12022,1690000,2250000
2019-05-02 12:33:31.805000,1.12027,1.12023,6690000,1500000
2019-05-02 12:33:31.911000,1.12029,1.12025,7250000,1000000
2019-05-02 12:33:32.067000,1.12029,1.12025,7870000,1100000
2019-05-02 12:33:32.690000,1.12028,1.12025,1000000,1000000
2019-05-02 12:33:33.996000,1.12029,1.12025,5810000,3000000
2019-05-02 12:33:34.413000,1.12029,1.12026,8810000,1000000
2019-05-02 12:33:34.565000,1.12029,1.12025,5810000,3750000
2019-05-02 12:33:34.821000,1.12028,1.12025,1000000,1690000
2019-05-02 12:33:34.974000,1.12029,1.12024,5440000,4120000
2019-05-02 12:33:35.076000,1.12028,1.12025,1000000,4750000
2019-05-02 12:33:35.179000,1.12029,1.12025,2440000,7750000
2019-05-02 12:33:35.406000,1.12029,1.12026,2940000,1690000
2019-05-02 12:33:36.178000,1.12029,1.12026,2810000,1250000
2019-05-02 12:33:36.595000,1.12029,1.12026,1810000,1000000
2019-05-02 12:33:36.697000,1.12029,1.12025,7500000,2620000
2019-05-02 12:33:39.475000,1.12029,1.12025,3560000,1000000
2019-05-02 12:33:39.578000,1.12029,1.12026,9190000,1000000
2019-05-02 12:33:39.680000,1.12029,1.12025,5060000,3000000
2019-05-02 12:33:39.886000,1.12029,1.12026,6310000,1000000
2019-05-02 12:33:41.239000,1.12028,1.12025,1500000,4500000
2019-05-02 12:33:41.391000,1.12028,1.12026,3000000,1000000
2019-05-02 12:33:41.494000,1.12026,1.12025,1250000,1000000
2019-05-02 12:33:41.649000,1.12025,1.12023,1000000,1120000
2019-05-02 12:33:41.801000,1.12024,1.12022,1000000,1120000
2019-05-02 12:33:41.904000,1.12023,1.12021,1500000,1000000
2019-05-02 12:33:42.063000,1.12022,1.12019,1500000,3750000
2019-05-02 12:33:42.114000,1.1202,1.12019,1000000,1000000
2019-05-02 12:33:42.621000,1.1202,1.12017,1000000,2370000
2019-05-02 12:33:45.850000,1.12021,1.12017,1500000,6120000
2019-05-02 12:33:46.470000,1.1202,1.12018,1000000,1000000
2019-05-02 12:33:46.675000,1.12021,1.12017,4690000,1810000
2019-05-02 12:33:46.777000,1.1202,1.12017,1250000,1000000
2019-05-02 12:33:46.880000,1.1202,1.12016,2440000,2620000
2019-05-02 12:33:47.435000,1.1202,1.12016,2560000,4120000
2019-05-02 12:33:47.537000,1.1202,1.12016,2060000,3370000
2019-05-02 12:33:47.900000,1.1202,1.12017,2810000,1000000
2019-05-02 12:33:48.002000,1.1202,1.12016,3190000,4870000
2019-05-02 12:33:48.298000,1.1202,1.12017,1690000,2000000
2019-05-02 12:33:48.400000,1.12021,1.12017,4500000,4620000
2019-05-02 12:33:49.111000,1.12021,1.12018,1500000,1120000
2019-05-02 12:33:49.215000,1.12021,1.12017,2250000,8370000
2019-05-02 12:33:50.357000,1.12021,1.12018,1690000,2000000
2019-05-02 12:33:51.567000,1.12023,1.12021,6070000,1500000
2019-05-02 12:33:51.736000,1.12024,1.12022,4570000,1000000
2019-05-02 12:33:51.955000,1.12023,1.12022,1000000,1000000
2019-05-02 12:33:52.159000,1.12024,1.12022,1500000,1000000
2019-05-02 12:33:52.315000,1.12025,1.12023,2000000,1000000
2019-05-02 12:33:52.417000,1.12028,1.12025,2700000,5370000
2019-05-02 12:33:53.019000,1.12028,1.12025,1120000,1120000
2019-05-02 12:33:53.198000,1.12028,1.12025,2370000,1870000
2019-05-02 12:33:53.464000,1.12028,1.12025,1500000,1000000
2019-05-02 12:33:54.534000,1.12029,1.12025,5320000,2060000
2019-05-02 12:33:54.789000,1.12028,1.12025,2620000,1500000
2019-05-02 12:33:54.891000,1.12027,1.12024,1000000,3940000
2019-05-02 12:33:55.537000,1.12027,1.12024,1000000,3250000
2019-05-02 12:33:55.641000,1.12029,1.12027,6220000,1000000
2019-05-02 12:33:55.743000,1.12029,1.12027,3370000,1000000
2019-05-02 12:33:56.266000,1.12029,1.12028,1000000,1120000
2019-05-02 12:33:56.368000,1.12029,1.12027,1000000,1870000
2019-05-02 12:33:56.506000,1.12028,1.12024,5190000,1500000
2019-05-02 12:33:56.608000,1.12028,1.12024,5810000,1000000
2019-05-02 12:33:56.761000,1.12027,1.12024,1000000,1000000
2019-05-02 12:33:57.555000,1.12028,1.12024,4760000,3000000
2019-05-02 12:33:57.657000,1.12028,1.12025,3750000,1690000
2019-05-02 12:33:58.724000,1.12029,1.12025,1870000,5440000
2019-05-02 12:33:58.950000,1.12029,1.12026,3370000,1000000
2019-05-02 12:33:59.075000,1.12029,1.12025,2620000,6260000
2019-05-02 12:33:59.247000,1.12029,1.12026,3000000,1000000
2019-05-02 12:33:59.625000,1.12029,1.12025,4500000,5890000
2019-05-02 12:33:59.788000,1.12029,1.12026,4500000,4120000
2019-05-02 12:33:59.991000,1.12029,1.12026,1000000,3190000
2019-05-02 12:34:00.416000,1.12029,1.12027,1000000,1000000
2019-05-02 12:34:00.519000,1.1203,1.12029,1000000,1500000
2019-05-02 12:34:00.621000,1.12032,1.12029,6760000,1000000
2019-05-02 12:34:00.672000,1.1203,1.12027,1500000,2700000
2019-05-02 12:34:00.825000,1.1203,1.12027,3120000,1000000
2019-05-02 12:34:00.927000,1.1203,1.12027,2620000,1000000
2019-05-02 12:34:01.216000,1.1203,1.12026,2620000,5740000
2019-05-02 12:34:01.595000,1.12027,1.12026,1000000,1500000
2019-05-02 12:34:01.729000,1.12026,1.12024,1120000,3000000
2019-05-02 12:34:01.831000,1.12026,1.12024,1370000,1500000
2019-05-02 12:34:02.713000,1.12026,1.12022,1750000,3560000
2019-05-02 12:34:03.420000,1.12026,1.12023,2500000,1000000
2019-05-02 12:34:03.522000,1.12026,1.12022,1820000,3560000
2019-05-02 12:34:03.850000,1.12026,1.12023,2500000,1000000
2019-05-02 12:34:03.952000,1.12026,1.12022,1750000,3560000
2019-05-02 12:34:04.257000,1.12026,1.12023,1820000,1500000
2019-05-02 12:34:04.360000,1.12028,1.12024,4420000,2440000
2019-05-02 12:34:04.485000,1.12028,1.12026,1500000,1120000
2019-05-02 12:34:04.587000,1.12028,1.12024,7890000,3250000
2019-05-02 12:34:04.638000,1.12027,1.12023,1870000,4390000
2019-05-02 12:34:04.741000,1.12027,1.12024,1870000,1690000
2019-05-02 12:34:04.894000,1.12027,1.12023,2810000,3370000
2019-05-02 12:34:05.595000,1.12026,1.12023,1500000,3820000
2019-05-02 12:34:05.748000,1.12027,1.12023,5440000,3820000
2019-05-02 12:34:06.743000,1.12027,1.12024,6560000,1000000
2019-05-02 12:34:06.845000,1.12027,1.12023,3560000,3000000
2019-05-02 12:34:07.023000,1.12027,1.12024,6560000,1000000
2019-05-02 12:34:07.125000,1.12027,1.12023,3560000,2250000
2019-05-02 12:34:07.644000,1.12027,1.12024,6560000,1000000
2019-05-02 12:34:07.864000,1.12027,1.12023,3560000,2620000
2019-05-02 12:34:08.627000,1.12027,1.12024,7690000,1000000
2019-05-02 12:34:08.838000,1.12027,1.12023,4690000,1870000
2019-05-02 12:34:09.008000,1.12026,1.12023,1500000,1870000
2019-05-02 12:34:09.262000,1.12027,1.12023,5440000,1870000
2019-05-02 12:34:09.840000,1.12026,1.12024,1000000,1000000
2019-05-02 12:34:09.942000,1.12027,1.12023,3750000,4750000
2019-05-02 12:34:10.044000,1.12027,1.12026,1690000,1000000
2019-05-02 12:34:10.095000,1.12029,1.12026,4720000,1500000
2019-05-02 12:34:10.197000,1.12029,1.12025,1120000,3560000
2019-05-02 12:34:10.364000,1.12028,1.12025,1000000,1310000
2019-05-02 12:34:10.859000,1.12028,1.12024,2500000,8390000
2019-05-02 12:34:11.024000,1.12028,1.12025,1000000,1310000
2019-05-02 12:34:11.498000,1.12028,1.12026,1500000,1000000
2019-05-02 12:34:11.652000,1.12028,1.12025,1000000,2440000
2019-05-02 12:34:11.762000,1.12028,1.12026,1000000,1000000
2019-05-02 12:34:11.943000,1.12028,1.12025,1000000,2440000
2019-05-02 12:34:14.660000,1.12029,1.12025,3000000,2440000
2019-05-02 12:34:16.457000,1.12029,1.12026,1500000,1120000
2019-05-02 12:34:16.607000,1.1203,1.12026,4310000,3370000
2019-05-02 12:34:16.720000,1.1203,1.12027,4120000,1000000
2019-05-02 12:34:16.892000,1.1203,1.12026,4120000,5060000
2019-05-02 12:34:17.492000,1.1203,1.12028,1870000,1000000
2019-05-02 12:34:18.824000,1.1203,1.12027,1500000,2320000
2019-05-02 12:34:18.977000,1.1203,1.12028,2250000,1120000
2019-05-02 12:34:20.406000,1.12031,1.12028,4870000,1500000
2019-05-02 12:34:20.514000,1.12031,1.12029,3370000,4500000
2019-05-02 12:34:20.617000,1.12032,1.12031,2250000,1000000
2019-05-02 12:34:20.669000,1.12034,1.12031,1870000,1000000
2019-05-02 12:34:20.924000,1.12033,1.12031,1000000,1000000
2019-05-02 12:34:21.027000,1.12032,1.12029,1690000,2660000
2019-05-02 12:34:21.135000,1.12032,1.12029,3620000,1120000
2019-05-02 12:34:21.288000,1.1203,1.12029,1000000,1000000
2019-05-02 12:34:21.389000,1.12031,1.12029,1250000,1000000
2019-05-02 12:34:21.675000,1.1203,1.12029,1000000,1000000
2019-05-02 12:34:21.778000,1.12031,1.12029,1870000,1000000
2019-05-02 12:34:21.881000,1.12031,1.12029,2690000,1000000
2019-05-02 12:34:21.983000,1.12032,1.12028,8370000,1000000
2019-05-02 12:34:22.193000,1.12031,1.12028,2620000,1000000
2019-05-02 12:34:22.296000,1.12031,1.12028,5310000,1000000
2019-05-02 12:34:23.375000,1.12031,1.12028,1500000,1000000
2019-05-02 12:34:23.682000,1.1203,1.12028,3190000,1620000
2019-05-02 12:34:23.760000,1.1203,1.12027,2060000,1000000
2019-05-02 12:34:23.864000,1.12029,1.12026,2620000,1000000
2019-05-02 12:34:23.966000,1.12028,1.12026,1120000,1000000
2019-05-02 12:34:24.170000,1.12027,1.12025,1000000,3690000
2019-05-02 12:34:24.536000,1.12028,1.12025,1870000,2190000
2019-05-02 12:34:24.638000,1.12027,1.12025,1000000,3690000
2019-05-02 12:34:24.790000,1.12028,1.12026,1000000,1000000
2019-05-02 12:34:28.111000,1.12029,1.12026,4120000,2250000
2019-05-02 12:34:28.214000,1.1203,1.12026,2440000,8800000
2019-05-02 12:34:28.446000,1.12029,1.12026,1000000,3700000
2019-05-02 12:34:30.181000,1.12028,1.12026,1000000,1500000
2019-05-02 12:34:30.694000,1.12027,1.12024,4120000,4270000
2019-05-02 12:34:30.745000,1.12025,1.12024,1000000,1200000
2019-05-02 12:34:30.898000,1.12025,1.12022,3370000,1310000
2019-05-02 12:34:31.154000,1.12024,1.12022,1000000,1120000
2019-05-02 12:34:31.307000,1.12025,1.12022,8770000,1000000
2019-05-02 12:34:31.622000,1.12023,1.12021,1000000,1870000
2019-05-02 12:34:31.745000,1.12021,1.1202,1000000,1000000
2019-05-02 12:34:31.847000,1.12021,1.12019,2620000,1000000
2019-05-02 12:34:31.949000,1.12022,1.12018,7750000,1870000
2019-05-02 12:34:32.318000,1.12022,1.12018,8210000,1870000
2019-05-02 12:34:32.471000,1.12021,1.12018,1000000,1870000
2019-05-02 12:34:34.172000,1.12022,1.1202,1000000,3000000
2019-05-02 12:34:34.274000,1.12023,1.1202,1000000,6070000
2019-05-02 12:34:34.425000,1.12024,1.1202,1310000,4570000
2019-05-02 12:34:34.687000,1.12024,1.1202,4440000,5620000
2019-05-02 12:34:35.745000,1.12024,1.1202,4690000,6750000
2019-05-02 12:34:37.357000,1.12023,1.1202,1000000,5620000
2019-05-02 12:34:37.817000,1.12024,1.1202,2140000,4870000
2019-05-02 12:34:40.801000,1.12023,1.1202,8120000,2370000
2019-05-02 12:34:40.853000,1.12021,1.12019,1000000,3450000
2019-05-02 12:34:40.957000,1.1202,1.12018,1000000,3370000
2019-05-02 12:34:41.059000,1.12021,1.12018,1080000,2620000
2019-05-02 12:34:41.166000,1.12022,1.12018,7240000,1500000
2019-05-02 12:34:41.217000,1.12021,1.12018,2500000,1500000
2019-05-02 12:34:42.305000,1.12021,1.12019,2500000,1000000
2019-05-02 12:34:42.670000,1.12021,1.12018,1000000,4120000
2019-05-02 12:34:42.889000,1.12022,1.12018,2440000,3450000
2019-05-02 12:34:42.991000,1.12021,1.12019,1000000,1000000
2019-05-02 12:34:43.200000,1.12022,1.12019,7640000,1000000
2019-05-02 12:34:43.302000,1.12021,1.12019,1000000,1000000
2019-05-02 12:34:43.574000,1.12022,1.12019,8060000,1000000
2019-05-02 12:34:44.519000,1.12022,1.12019,10000000,1000000
2019-05-02 12:34:44.622000,1.12022,1.12018,8120000,1000000
2019-05-02 12:34:44.939000,1.1202,1.12018,1000000,1500000
2019-05-02 12:34:49.522000,1.12021,1.12018,1310000,1500000
2019-05-02 12:34:49.859000,1.12022,1.12018,1870000,3560000
2019-05-02 12:34:50.274000,1.12023,1.1202,3000000,5290000
2019-05-02 12:34:50.379000,1.12022,1.1202,1870000,2620000
2019-05-02 12:34:53.568000,1.12022,1.12019,1000000,3370000
2019-05-02 12:34:55.664000,1.12022,1.1202,1500000,1000000
2019-05-02 12:34:55.886000,1.12022,1.12019,1000000,3370000
2019-05-02 12:34:56.131000,1.12023,1.12019,4870000,4870000
2019-05-02 12:34:56.335000,1.12023,1.12019,3870000,4840000
2019-05-02 12:34:56.437000,1.12023,1.12019,3000000,2810000
2019-05-02 12:34:57.403000,1.12023,1.1202,6750000,1000000
2019-05-02 12:34:57.577000,1.12022,1.1202,1000000,1000000
2019-05-02 12:34:57.679000,1.12023,1.12019,2250000,2440000
2019-05-02 12:34:57.967000,1.12023,1.12019,2750000,2810000
2019-05-02 12:34:58.444000,1.12024,1.1202,11000000,1250000
2019-05-02 12:34:58.546000,1.12021,1.12019,1000000,2320000
2019-05-02 12:34:58.734000,1.12022,1.12018,3560000,3000000
2019-05-02 12:34:59.110000,1.12022,1.12019,3260000,1000000
2019-05-02 12:34:59.263000,1.12021,1.12019,1000000,1500000
2019-05-02 12:35:01.026000,1.12021,1.12018,2060000,1950000
2019-05-02 12:35:01.129000,1.1202,1.12017,1000000,9050000
2019-05-02 12:35:05.522000,1.12017,1.12016,1500000,3450000
2019-05-02 12:35:05.625000,1.12017,1.12016,1500000,1000000
2019-05-02 12:35:05.728000,1.12016,1.12014,1000000,1250000
2019-05-02 12:35:05.967000,1.12016,1.12013,1000000,2060000
2019-05-02 12:35:06.070000,1.12015,1.12013,1000000,1310000
2019-05-02 12:35:06.174000,1.12015,1.12011,1870000,5200000
2019-05-02 12:35:07.098000,1.12013,1.12011,1000000,1100000
2019-05-02 12:35:07.201000,1.12012,1.12011,1120000,1000000
2019-05-02 12:35:08.351000,1.12012,1.1201,1120000,1000000
2019-05-02 12:35:08.606000,1.12013,1.12011,1120000,2440000
2019-05-02 12:35:08.658000,1.12014,1.12012,1200000,1000000
2019-05-02 12:35:08.809000,1.12015,1.12013,1000000,3500000
2019-05-02 12:35:09.732000,1.12016,1.12014,3000000,1870000
2019-05-02 12:35:09.835000,1.12017,1.12015,1870000,2810000
2019-05-02 12:35:09.982000,1.12018,1.12015,2620000,1310000
2019-05-02 12:35:10.085000,1.12016,1.12014,1000000,4840000
2019-05-02 12:35:11.104000,1.12016,1.12014,1000000,1690000
2019-05-02 12:35:11.773000,1.12016,1.12014,3000000,1250000
2019-05-02 12:35:11.977000,1.12017,1.12015,1120000,3460000
2019-05-02 12:35:12.079000,1.12018,1.12015,1000000,4060000
2019-05-02 12:35:12.190000,1.12017,1.12015,1000000,3310000
2019-05-02 12:35:12.393000,1.12018,1.12015,2320000,2560000
2019-05-02 12:35:14.029000,1.12019,1.12015,4950000,2190000
2019-05-02 12:35:14.194000,1.12018,1.12016,1000000,1120000
2019-05-02 12:35:14.296000,1.12019,1.12015,1870000,7650000
2019-05-02 12:35:14.603000,1.12018,1.12016,1000000,1390000
2019-05-02 12:35:14.705000,1.12019,1.12015,3370000,10210000
2019-05-02 12:35:16.040000,1.12016,1.12015,3940000,1950000
2019-05-02 12:35:16.142000,1.12016,1.12013,3750000,1750000
2019-05-02 12:35:16.298000,1.12017,1.12013,2250000,7870000
2019-05-02 12:35:16.655000,1.12017,1.12015,2250000,1690000
2019-05-02 12:35:16.808000,1.12019,1.12016,3370000,1000000
2019-05-02 12:35:17.989000,1.12019,1.12017,1120000,1000000
2019-05-02 12:35:18.142000,1.12019,1.12016,1120000,4690000
2019-05-02 12:35:18.340000,1.12019,1.12017,1870000,1000000
2019-05-02 12:35:18.470000,1.12019,1.12016,1120000,5060000
2019-05-02 12:35:18.669000,1.12019,1.12016,1120000,5640000
2019-05-02 12:35:19.042000,1.12019,1.12016,2250000,4760000
2019-05-02 12:35:19.675000,1.12019,1.12017,1500000,1000000
2019-05-02 12:35:19.830000,1.12019,1.12016,1000000,7910000
2019-05-02 12:35:20.048000,1.1202,1.12016,4870000,7910000
2019-05-02 12:35:20.150000,1.1202,1.12017,10120000,1500000
2019-05-02 12:35:20.252000,1.1202,1.12016,8870000,6790000
2019-05-02 12:35:20.579000,1.1202,1.12017,10120000,1500000
2019-05-02 12:35:20.886000,1.1202,1.12016,7120000,4540000
2019-05-02 12:35:21.350000,1.12019,1.12016,1120000,4540000
2019-05-02 12:35:22.334000,1.12019,1.12017,1120000,1120000
2019-05-02 12:35:23.150000,1.1202,1.12016,5620000,6010000
2019-05-02 12:35:23.325000,1.12019,1.12017,1000000,1120000
2019-05-02 12:35:23.428000,1.1202,1.12016,5620000,5640000
2019-05-02 12:35:23.645000,1.12019,1.12016,1000000,6390000
2019-05-02 12:35:27.410000,1.12021,1.12019,2700000,6790000
2019-05-02 12:35:27.513000,1.12024,1.12021,3370000,1810000
2019-05-02 12:35:27.730000,1.12024,1.1202,4700000,3940000
2019-05-02 12:35:27.884000,1.1202,1.12019,1500000,1950000
2019-05-02 12:35:27.987000,1.12017,1.12016,3370000,3000000
2019-05-02 12:35:28.150000,1.12016,1.12013,1000000,2000000
2019-05-02 12:35:29.177000,1.12015,1.12012,1000000,10570000
2019-05-02 12:35:29.228000,1.12015,1.12012,1000000,7010000
2019-05-02 12:35:29.280000,1.12016,1.12014,1000000,2250000
2019-05-02 12:35:29.434000,1.12017,1.12014,2620000,2290000
2019-05-02 12:35:29.537000,1.12016,1.12014,1120000,5290000
2019-05-02 12:35:29.641000,1.12016,1.12015,1870000,1000000
2019-05-02 12:35:29.744000,1.12016,1.12014,1120000,2250000
2019-05-02 12:35:29.896000,1.12016,1.12013,1120000,8890000
2019-05-02 12:35:30.028000,1.12017,1.12014,5000000,2250000
2019-05-02 12:35:30.718000,1.12016,1.12013,1000000,8060000
2019-05-02 12:35:30.826000,1.12018,1.12014,5820000,2440000
2019-05-02 12:35:30.929000,1.12018,1.12015,1500000,3520000
2019-05-02 12:35:31.649000,1.12017,1.12015,1000000,2250000
2019-05-02 12:35:31.802000,1.12016,1.12014,2250000,1200000
2019-05-02 12:35:31.854000,1.12015,1.12013,1000000,2320000
2019-05-02 12:35:31.957000,1.12014,1.12012,1000000,4810000
2019-05-02 12:35:32.390000,1.12015,1.12013,1500000,1120000
2019-05-02 12:35:33.175000,1.12015,1.12011,1870000,4390000
2019-05-02 12:35:33.277000,1.12012,1.1201,1000000,1950000
2019-05-02 12:35:33.380000,1.12011,1.1201,1000000,1000000
2019-05-02 12:35:33.494000,1.12011,1.12009,1000000,2700000
2019-05-02 12:35:33.596000,1.12011,1.12009,1000000,5570000
2019-05-02 12:35:33.698000,1.12011,1.12009,1500000,3000000
2019-05-02 12:35:33.802000,1.1201,1.12007,1000000,4290000
2019-05-02 12:35:33.905000,1.12009,1.12007,1000000,1810000
2019-05-02 12:35:34.014000,1.12009,1.12006,2620000,1120000
2019-05-02 12:35:34.117000,1.12008,1.12005,1000000,7000000
2019-05-02 12:35:34.810000,1.12009,1.12005,1000000,8840000
2019-05-02 12:35:34.914000,1.12011,1.12007,8040000,1120000
2019-05-02 12:35:35.744000,1.12009,1.12007,1000000,1120000
2019-05-02 12:35:36.072000,1.12009,1.12007,1000000,2370000
2019-05-02 12:35:36.203000,1.1201,1.12007,1120000,1500000
2019-05-02 12:35:37.048000,1.1201,1.12007,1500000,1500000
2019-05-02 12:35:37.653000,1.1201,1.12008,1500000,1000000
2019-05-02 12:35:37.774000,1.1201,1.12007,1500000,1100000
2019-05-02 12:35:38.156000,1.1201,1.12006,1000000,2140000
2019-05-02 12:35:38.259000,1.1201,1.12007,1500000,1000000
2019-05-02 12:35:38.364000,1.1201,1.12006,1000000,3640000
2019-05-02 12:35:38.569000,1.1201,1.12007,1000000,1000000
2019-05-02 12:35:38.671000,1.1201,1.12006,1000000,2890000
2019-05-02 12:35:39.026000,1.1201,1.12007,1500000,1000000
2019-05-02 12:35:39.128000,1.1201,1.12006,1000000,2890000
2019-05-02 12:35:39.235000,1.1201,1.12006,1000000,4140000
2019-05-02 12:35:39.366000,1.12009,1.12007,1000000,1120000
2019-05-02 12:35:41.902000,1.12009,1.12006,5250000,1000000
2019-05-02 12:35:42.156000,1.12008,1.12006,1000000,1870000
2019-05-02 12:35:42.259000,1.12007,1.12004,2250000,1570000
2019-05-02 12:35:42.362000,1.12007,1.12003,3750000,1870000
2019-05-02 12:35:42.616000,1.12006,1.12003,1000000,2620000
2019-05-02 12:35:43.529000,1.12005,1.12002,1000000,2620000
2019-05-02 12:35:45.253000,1.12007,1.12002,10070000,3370000
2019-05-02 12:35:46.267000,1.12005,1.12002,1000000,1480000
2019-05-02 12:35:47.067000,1.12006,1.12002,4690000,2230000
2019-05-02 12:35:48.073000,1.12004,1.12,1250000,6320000
2019-05-02 12:35:50.134000,1.12004,1.12001,1500000,6700000
2019-05-02 12:35:50.236000,1.12005,1.12002,1000000,6370000
2019-05-02 12:35:50.338000,1.12006,1.12002,5250000,2700000
2019-05-02 12:35:50.491000,1.12006,1.12003,4800000,1120000
2019-05-02 12:35:50.901000,1.12005,1.12002,1000000,5370000
2019-05-02 12:35:51.003000,1.12006,1.12002,4010000,5370000
2019-05-02 12:35:51.309000,1.12005,1.12003,1000000,1120000
2019-05-02 12:35:52.627000,1.12006,1.12004,2770000,1690000
2019-05-02 12:35:52.729000,1.12006,1.12003,1460000,1950000
2019-05-02 12:35:54.794000,1.12006,1.12002,1690000,3750000
2019-05-02 12:35:54.930000,1.12006,1.12002,3000000,3870000
2019-05-02 12:35:55.032000,1.12007,1.12002,11440000,1870000
2019-05-02 12:35:55.134000,1.12007,1.12002,11910000,1870000
