time,ask,bid,ask_volume,bid_volume
2020-11-05 13:25:00.403000,1.18448,1.18446,750000,1650000
2020-11-05 13:25:00.504000,1.18451,1.18447,3190000,750000
2020-11-05 13:25:00.757000,1.18451,1.18448,8770000,1120000
2020-11-05 13:25:00.858000,1.18452,1.18449,750000,7170000
2020-11-05 13:25:01.010000,1.18452,1.18448,10270000,8000000
2020-11-05 13:25:01.112000,1.18451,1.18449,370000,7170000
2020-11-05 13:25:01.214000,1.18451,1.18446,11770000,9500000
2020-11-05 13:25:01.317000,1.18451,1.18448,9330000,7170000
2020-11-05 13:25:01.419000,1.18451,1.18447,1500000,8750000
2020-11-05 13:25:02.210000,1.18451,1.18448,750000,750000
2020-11-05 13:25:02.316000,1.18452,1.18449,8580000,750000
2020-11-05 13:25:02.569000,1.18451,1.18448,750000,8670000
2020-11-05 13:25:02.721000,1.18452,1.18448,11390000,8670000
2020-11-05 13:25:03.040000,1.18451,1.18448,7830000,1500000
2020-11-05 13:25:03.335000,1.18452,1.18448,12520000,750000
2020-11-05 13:25:03.652000,1.18451,1.18448,750000,750000
2020-11-05 13:25:03.956000,1.1845,1.18448,750000,750000
2020-11-05 13:25:04.007000,1.18448,1.18445,2440000,11670000
2020-11-05 13:25:04.108000,1.18447,1.18443,10080000,1120000
2020-11-05 13:25:04.261000,1.18446,1.18443,7830000,1120000
2020-11-05 13:25:04.606000,1.18446,1.18444,7830000,750000
2020-11-05 13:25:04.657000,1.18448,1.18444,10270000,8000000
2020-11-05 13:25:04.708000,1.18448,1.18446,7830000,1570000
2020-11-05 13:25:04.809000,1.1845,1.18447,750000,750000
2020-11-05 13:25:05.066000,1.18451,1.18447,9520000,1500000
2020-11-05 13:25:05.673000,1.18449,1.18446,750000,1120000
2020-11-05 13:25:05.775000,1.18448,1.18446,750000,750000
2020-11-05 13:25:06.334000,1.18448,1.18447,10270000,750000
2020-11-05 13:25:07.100000,1.18447,1.18443,2440000,8670000
2020-11-05 13:25:07.201000,1.18446,1.18442,8770000,750000
2020-11-05 13:25:07.303000,1.18445,1.18442,7830000,750000
2020-11-05 13:25:08.137000,1.18443,1.18441,750000,7170000
2020-11-05 13:25:08.240000,1.18442,1.18439,8020000,7920000
2020-11-05 13:25:09.063000,1.18442,1.18438,8770000,9050000
2020-11-05 13:25:09.165000,1.1844,1.18437,750000,750000
2020-11-05 13:25:09.266000,1.18441,1.18437,11020000,750000
2020-11-05 13:25:09.798000,1.1844,1.18437,7830000,7920000
2020-11-05 13:25:09.899000,1.18441,1.18438,10450000,7170000
2020-11-05 13:25:10.016000,1.18441,1.18437,9520000,7920000
2020-11-05 13:25:10.320000,1.18441,1.18439,7830000,1500000
2020-11-05 13:25:10.421000,1.18443,1.18439,1690000,8750000
2020-11-05 13:25:10.574000,1.18444,1.18439,11090000,10170000
2020-11-05 13:25:10.776000,1.18443,1.18441,11090000,7170000
2020-11-05 13:25:11.040000,1.18442,1.1844,370000,7170000
2020-11-05 13:25:11.145000,1.18442,1.18439,9890000,7170000
2020-11-05 13:25:11.273000,1.18441,1.18438,8580000,750000
2020-11-05 13:25:12.861000,1.18441,1.18439,8580000,750000
2020-11-05 13:25:12.912000,1.18444,1.18441,370000,820000
2020-11-05 13:25:13.013000,1.18445,1.18441,820000,8750000
2020-11-05 13:25:14.414000,1.18444,1.18443,370000,7170000
2020-11-05 13:25:14.638000,1.18445,1.18441,370000,8000000
2020-11-05 13:25:14.790000,1.18445,1.18442,8200000,7170000
2020-11-05 13:25:14.963000,1.18445,1.18441,8200000,820000
2020-11-05 13:25:15.186000,1.18446,1.18441,15970000,8000000
2020-11-05 13:25:15.288000,1.18445,1.18441,2700000,750000
2020-11-05 13:25:15.390000,1.18444,1.1844,7830000,9870000
2020-11-05 13:25:15.491000,1.18444,1.18442,8280000,750000
2020-11-05 13:25:17.883000,1.18443,1.18442,1570000,7170000
2020-11-05 13:25:17.984000,1.18443,1.18439,8770000,8000000
2020-11-05 13:25:18.086000,1.18444,1.1844,3190000,750000
2020-11-05 13:25:18.298000,1.18443,1.18439,11480000,7170000
2020-11-05 13:25:18.401000,1.18442,1.18439,7390000,7170000
2020-11-05 13:25:18.452000,1.18441,1.18437,7830000,7920000
2020-11-05 13:25:18.554000,1.1844,1.18437,7830000,7920000
2020-11-05 13:25:18.839000,1.1844,1.18438,8580000,7920000
2020-11-05 13:25:20.212000,1.1844,1.18437,7830000,7920000
2020-11-05 13:25:20.314000,1.18441,1.18437,10270000,7920000
2020-11-05 13:25:21.931000,1.18441,1.18439,10270000,750000
2020-11-05 13:25:22.524000,1.18439,1.18437,3000000,7170000
2020-11-05 13:25:22.625000,1.18438,1.18436,8020000,820000
2020-11-05 13:25:22.727000,1.18439,1.18437,8580000,750000
2020-11-05 13:25:23.253000,1.18438,1.18436,190000,750000
2020-11-05 13:25:23.354000,1.18439,1.18437,8950000,750000
2020-11-05 13:25:25.103000,1.18437,1.18435,190000,8300000
2020-11-05 13:25:25.409000,1.1844,1.18438,370000,450000
2020-11-05 13:25:25.511000,1.18441,1.18439,8770000,750000
2020-11-05 13:25:27.120000,1.1844,1.18438,8020000,370000
2020-11-05 13:25:33.461000,1.18441,1.18439,9330000,750000
2020-11-05 13:25:33.562000,1.1844,1.18439,10270000,1500000
2020-11-05 13:25:35.869000,1.18441,1.18439,1500000,750000
2020-11-05 13:25:36.331000,1.1844,1.18438,190000,8670000
2020-11-05 13:25:36.483000,1.18441,1.18439,8020000,750000
2020-11-05 13:25:36.737000,1.18441,1.18438,1010000,9050000
2020-11-05 13:25:37.391000,1.18441,1.18439,8840000,750000
2020-11-05 13:25:37.493000,1.18441,1.18438,1010000,1500000
2020-11-05 13:25:37.595000,1.18441,1.18439,8580000,1500000
2020-11-05 13:25:37.647000,1.18444,1.18441,370000,1500000
2020-11-05 13:25:37.750000,1.18444,1.18442,7830000,750000
2020-11-05 13:25:38.212000,1.18444,1.18441,10720000,7550000
2020-11-05 13:25:38.314000,1.18442,1.1844,2440000,7170000
2020-11-05 13:25:38.416000,1.18442,1.18439,10270000,750000
2020-11-05 13:25:38.518000,1.1844,1.18439,750000,8370000
2020-11-05 13:25:38.931000,1.18441,1.18438,10270000,8300000
2020-11-05 13:25:40.633000,1.18439,1.18437,750000,7550000
2020-11-05 13:25:40.836000,1.1844,1.18437,8020000,750000
2020-11-05 13:25:40.937000,1.18439,1.18437,190000,750000
2020-11-05 13:25:41.197000,1.1844,1.18437,8020000,750000
2020-11-05 13:25:41.663000,1.1844,1.18438,190000,750000
2020-11-05 13:25:42.780000,1.18441,1.18438,8580000,7920000
2020-11-05 13:25:42.881000,1.18443,1.18439,9890000,7920000
2020-11-05 13:25:42.983000,1.18443,1.1844,9890000,7170000
2020-11-05 13:25:43.084000,1.18442,1.18439,11770000,7170000
2020-11-05 13:25:43.186000,1.18441,1.18438,8580000,7920000
2020-11-05 13:25:44.705000,1.1844,1.18438,7830000,750000
2020-11-05 13:25:45.912000,1.18441,1.18438,8580000,7920000
2020-11-05 13:25:46.505000,1.1844,1.18438,7830000,750000
2020-11-05 13:25:46.907000,1.18441,1.18438,8580000,750000
2020-11-05 13:25:47.776000,1.1844,1.18438,7830000,750000
2020-11-05 13:25:48.109000,1.1844,1.18437,8020000,1120000
2020-11-05 13:25:49.734000,1.18439,1.18437,7830000,1120000
2020-11-05 13:25:50.206000,1.18439,1.18438,8020000,1120000
2020-11-05 13:25:51.134000,1.1844,1.18436,8020000,11300000
2020-11-05 13:25:51.627000,1.1844,1.18437,8020000,7170000
2020-11-05 13:25:53.072000,1.1844,1.18436,8020000,11750000
2020-11-05 13:25:53.846000,1.1844,1.18437,7830000,1500000
2020-11-05 13:25:53.948000,1.18441,1.18437,9520000,7920000
2020-11-05 13:25:54.049000,1.1844,1.18437,7830000,7920000
2020-11-05 13:25:54.454000,1.18439,1.18437,8510000,7170000
2020-11-05 13:25:54.556000,1.18437,1.18435,3750000,7170000
2020-11-05 13:25:54.658000,1.18435,1.18433,190000,1500000
2020-11-05 13:25:54.862000,1.18434,1.18432,2060000,370000
2020-11-05 13:25:54.913000,1.18431,1.18429,370000,2620000
2020-11-05 13:25:55.016000,1.18431,1.18428,7830000,8000000
2020-11-05 13:25:55.117000,1.18432,1.18429,8580000,7170000
2020-11-05 13:25:55.219000,1.18431,1.18428,1690000,7170000
2020-11-05 13:25:55.475000,1.1843,1.18427,7830000,8300000
2020-11-05 13:25:55.811000,1.18429,1.18427,1500000,7170000
2020-11-05 13:25:55.862000,1.18429,1.18425,8580000,9050000
2020-11-05 13:25:56.064000,1.18428,1.18425,7830000,7920000
2020-11-05 13:25:57.957000,1.18428,1.18426,7830000,750000
2020-11-05 13:25:58.109000,1.18429,1.18427,190000,7170000
2020-11-05 13:25:58.311000,1.18429,1.18426,8020000,8750000
2020-11-05 13:26:00.369000,1.18431,1.18429,750000,2510000
2020-11-05 13:26:00.471000,1.1843,1.18428,7830000,820000
2020-11-05 13:26:00.573000,1.1843,1.18427,190000,7250000
2020-11-05 13:26:00.931000,1.1843,1.18428,190000,7170000
2020-11-05 13:26:01.033000,1.1843,1.18427,190000,8750000
2020-11-05 13:26:01.394000,1.1843,1.18428,190000,7170000
2020-11-05 13:26:04.258000,1.18431,1.18428,1500000,8670000
2020-11-05 13:26:04.553000,1.18433,1.18432,4310000,1650000
2020-11-05 13:26:04.605000,1.18435,1.18432,1570000,820000
2020-11-05 13:26:04.707000,1.18435,1.18434,940000,1570000
2020-11-05 13:26:04.808000,1.18436,1.18434,190000,7170000
2020-11-05 13:26:04.910000,1.18436,1.18434,940000,13250000
2020-11-05 13:26:05.011000,1.18436,1.18434,190000,7170000
2020-11-05 13:26:05.112000,1.18437,1.18434,190000,7170000
2020-11-05 13:26:05.224000,1.18437,1.18433,190000,13250000
2020-11-05 13:26:05.554000,1.18436,1.18433,940000,7170000
2020-11-05 13:26:05.655000,1.18436,1.18432,8770000,11670000
2020-11-05 13:26:05.937000,1.18436,1.18433,8770000,7170000
2020-11-05 13:26:06.091000,1.18436,1.18432,8840000,8670000
2020-11-05 13:26:08.899000,1.18433,1.18431,940000,7550000
2020-11-05 13:26:08.950000,1.18431,1.18429,370000,7170000
2020-11-05 13:26:09.052000,1.18432,1.18427,12140000,12120000
2020-11-05 13:26:09.573000,1.18431,1.18427,7830000,12050000
2020-11-05 13:26:09.674000,1.1843,1.18426,8770000,12420000
2020-11-05 13:26:09.776000,1.18427,1.18425,1570000,940000
2020-11-05 13:26:09.878000,1.18426,1.18424,3070000,190000
2020-11-05 13:26:12.209000,1.18425,1.18423,7830000,190000
2020-11-05 13:26:13.101000,1.18425,1.18422,7830000,7170000
2020-11-05 13:26:14.066000,1.18425,1.18421,7830000,13810000
2020-11-05 13:26:14.168000,1.18425,1.18422,7830000,7170000
2020-11-05 13:26:14.352000,1.18425,1.18423,7830000,750000
2020-11-05 13:26:14.454000,1.18426,1.18423,7830000,9420000
2020-11-05 13:26:14.555000,1.18427,1.18424,8580000,8750000
2020-11-05 13:26:14.810000,1.18426,1.18423,750000,7170000
2020-11-05 13:26:14.911000,1.18426,1.18422,8580000,7250000
2020-11-05 13:26:15.278000,1.18426,1.18423,820000,7170000
2020-11-05 13:26:15.480000,1.18427,1.18424,9520000,7170000
2020-11-05 13:26:15.691000,1.18427,1.18423,9520000,7920000
2020-11-05 13:26:15.959000,1.18426,1.18423,7830000,7170000
2020-11-05 13:26:16.061000,1.18425,1.18422,750000,7170000
2020-11-05 13:26:16.372000,1.18425,1.18421,8580000,7550000
2020-11-05 13:26:16.577000,1.18425,1.18422,8580000,7170000
2020-11-05 13:26:17.269000,1.18425,1.18421,8580000,7920000
2020-11-05 13:26:17.370000,1.18425,1.18422,8580000,7170000
2020-11-05 13:26:18.071000,1.18425,1.18421,8580000,7920000
2020-11-05 13:26:18.379000,1.18425,1.18422,8580000,7170000
2020-11-05 13:26:18.606000,1.18423,1.18421,1140000,7170000
2020-11-05 13:26:18.657000,1.18422,1.18419,1690000,3070000
2020-11-05 13:26:18.911000,1.18422,1.1842,7830000,1500000
2020-11-05 13:26:18.962000,1.18424,1.18421,8580000,1120000
2020-11-05 13:26:19.166000,1.18424,1.18422,750000,7170000
2020-11-05 13:26:20.180000,1.18425,1.18423,190000,7170000
2020-11-05 13:26:20.282000,1.18424,1.18423,190000,7170000
2020-11-05 13:26:20.839000,1.18425,1.18421,8770000,7170000
2020-11-05 13:26:21.322000,1.18425,1.18422,8770000,7170000
2020-11-05 13:26:21.547000,1.18425,1.18421,8770000,7170000
2020-11-05 13:26:21.800000,1.18425,1.18422,8770000,7170000
2020-11-05 13:26:22.315000,1.18425,1.18421,8770000,7170000
2020-11-05 13:26:22.695000,1.18425,1.18422,8770000,7170000
2020-11-05 13:26:26.592000,1.18425,1.18422,190000,7170000
2020-11-05 13:26:26.895000,1.18427,1.18424,940000,8300000
2020-11-05 13:26:26.997000,1.18428,1.18426,370000,7170000
2020-11-05 13:26:27.643000,1.1843,1.18427,2620000,7170000
2020-11-05 13:26:28.331000,1.18429,1.18427,190000,7170000
2020-11-05 13:26:28.433000,1.18427,1.18423,1690000,2320000
2020-11-05 13:26:28.534000,1.18427,1.18424,9520000,7170000
2020-11-05 13:26:29.220000,1.18427,1.18425,1690000,7170000
2020-11-05 13:26:29.386000,1.18428,1.18425,8950000,10920000
2020-11-05 13:26:29.488000,1.18429,1.18426,8020000,9420000
2020-11-05 13:26:29.590000,1.18429,1.18427,190000,7170000
2020-11-05 13:26:29.895000,1.18428,1.18427,190000,10920000
2020-11-05 13:26:30.600000,1.1843,1.18426,8770000,10170000
2020-11-05 13:26:30.705000,1.1843,1.18427,8770000,7170000
2020-11-05 13:26:32.344000,1.18431,1.18429,7830000,1120000
2020-11-05 13:26:32.446000,1.18431,1.18428,750000,7920000
2020-11-05 13:26:32.750000,1.18431,1.18427,10640000,7170000
2020-11-05 13:26:33.994000,1.18429,1.18427,190000,7170000
2020-11-05 13:26:34.096000,1.18427,1.18424,4690000,1120000
2020-11-05 13:26:34.147000,1.18425,1.18422,8580000,8110000
2020-11-05 13:26:36.023000,1.18424,1.18422,8580000,8860000
2020-11-05 13:26:36.125000,1.18425,1.18422,8580000,7360000
2020-11-05 13:26:36.346000,1.18425,1.18423,750000,7360000
2020-11-05 13:26:38.564000,1.18426,1.18423,9330000,7360000
2020-11-05 13:26:40.240000,1.18425,1.18423,370000,7170000
2020-11-05 13:26:40.392000,1.18425,1.18422,12700000,190000
2020-11-05 13:26:40.595000,1.18424,1.18422,7830000,190000
2020-11-05 13:26:42.419000,1.18425,1.18422,10720000,8110000
2020-11-05 13:26:42.622000,1.18427,1.18424,1500000,1120000
2020-11-05 13:26:42.724000,1.18427,1.18425,8950000,7310000
2020-11-05 13:26:42.926000,1.18426,1.18423,940000,750000
2020-11-05 13:26:43.028000,1.18425,1.18422,750000,7170000
2020-11-05 13:26:43.129000,1.18424,1.18422,8580000,12980000
2020-11-05 13:26:43.231000,1.18425,1.18422,750000,7170000
2020-11-05 13:26:43.641000,1.18424,1.18422,750000,7170000
2020-11-05 13:26:44.050000,1.18424,1.18421,750000,8670000
2020-11-05 13:26:45.720000,1.18423,1.18421,750000,11480000
2020-11-05 13:26:46.488000,1.18424,1.18421,8580000,7170000
2020-11-05 13:26:46.589000,1.18422,1.1842,9030000,750000
2020-11-05 13:26:46.640000,1.18413,1.18411,940000,750000
2020-11-05 13:26:46.742000,1.18412,1.1841,750000,7920000
2020-11-05 13:26:46.845000,1.1841,1.18408,8580000,940000
2020-11-05 13:26:46.947000,1.18409,1.18406,1500000,370000
2020-11-05 13:26:47.152000,1.18408,1.18405,1500000,7920000
2020-11-05 13:26:47.254000,1.18407,1.18404,750000,9230000
2020-11-05 13:26:48.033000,1.18407,1.18405,750000,7170000
2020-11-05 13:26:48.135000,1.18407,1.18404,750000,8480000
2020-11-05 13:26:48.531000,1.18408,1.18404,9330000,8480000
2020-11-05 13:26:48.978000,1.18408,1.18406,8580000,750000
2020-11-05 13:26:49.256000,1.18409,1.18406,940000,750000
2020-11-05 13:26:50.220000,1.18409,1.18405,8770000,9440000
2020-11-05 13:26:50.455000,1.18409,1.18406,8770000,7170000
2020-11-05 13:26:50.658000,1.18409,1.18407,190000,7170000
2020-11-05 13:26:50.810000,1.18407,1.18404,940000,750000
2020-11-05 13:26:50.861000,1.18405,1.18402,750000,370000
2020-11-05 13:26:51.014000,1.18402,1.184,9700000,940000
2020-11-05 13:26:51.115000,1.184,1.18398,750000,190000
2020-11-05 13:26:51.268000,1.184,1.18397,7830000,1010000
2020-11-05 13:26:51.370000,1.18402,1.184,7830000,750000
2020-11-05 13:26:51.420000,1.18403,1.18401,8580000,7920000
2020-11-05 13:26:51.573000,1.18405,1.18401,11580000,750000
2020-11-05 13:26:51.725000,1.18405,1.18402,7830000,1500000
2020-11-05 13:26:51.776000,1.18407,1.18403,8580000,7920000
2020-11-05 13:26:51.877000,1.18407,1.18404,1500000,7920000
2020-11-05 13:26:51.985000,1.18407,1.18405,1500000,7170000
2020-11-05 13:26:52.086000,1.18407,1.18403,9330000,7920000
2020-11-05 13:26:52.188000,1.18407,1.18404,9330000,7170000
2020-11-05 13:26:52.340000,1.18407,1.18403,1690000,7920000
2020-11-05 13:26:52.642000,1.18406,1.18405,750000,4120000
2020-11-05 13:26:52.693000,1.18408,1.18406,7830000,750000
2020-11-05 13:26:52.794000,1.18409,1.18406,940000,750000
2020-11-05 13:26:53.149000,1.1841,1.18406,12700000,8110000
2020-11-05 13:26:53.250000,1.18409,1.18406,750000,1500000
2020-11-05 13:26:53.353000,1.18409,1.18405,100000,8110000
2020-11-05 13:26:53.455000,1.1841,1.18405,12970000,8860000
2020-11-05 13:26:53.557000,1.1841,1.18406,13340000,7170000
2020-11-05 13:26:53.660000,1.18408,1.18404,750000,3000000
2020-11-05 13:26:53.763000,1.18405,1.18402,750000,1690000
2020-11-05 13:26:53.814000,1.18405,1.184,750000,11110000
2020-11-05 13:26:53.915000,1.18404,1.184,750000,9980000
2020-11-05 13:26:54.016000,1.18401,1.184,3000000,8110000
2020-11-05 13:26:54.071000,1.184,1.18398,750000,190000
2020-11-05 13:26:54.697000,1.18401,1.18397,940000,8370000
2020-11-05 13:26:54.799000,1.18401,1.18399,750000,7170000
2020-11-05 13:26:54.950000,1.18401,1.18398,750000,7920000
2020-11-05 13:26:55.052000,1.18401,1.18397,9330000,8480000
2020-11-05 13:26:55.153000,1.18399,1.18398,7830000,1310000
2020-11-05 13:26:55.255000,1.18401,1.18397,9330000,560000
2020-11-05 13:26:55.407000,1.18401,1.18396,9520000,2140000
2020-11-05 13:26:55.944000,1.184,1.18398,9520000,750000
2020-11-05 13:26:56.589000,1.184,1.18398,7830000,370000
2020-11-05 13:26:57.773000,1.184,1.18396,8580000,7920000
2020-11-05 13:26:58.138000,1.18401,1.18398,7830000,1870000
2020-11-05 13:26:58.240000,1.18403,1.18399,750000,7920000
2020-11-05 13:26:58.901000,1.18403,1.184,750000,7170000
2020-11-05 13:26:59.002000,1.18402,1.18398,750000,8670000
2020-11-05 13:26:59.306000,1.18401,1.18397,7830000,1570000
2020-11-05 13:26:59.458000,1.18402,1.18398,9520000,7170000
2020-11-05 13:26:59.625000,1.184,1.18398,750000,7170000
2020-11-05 13:26:59.726000,1.184,1.18397,8580000,7920000
2020-11-05 13:26:59.998000,1.18401,1.18397,750000,10170000
2020-11-05 13:27:00.123000,1.184,1.18396,750000,8750000
2020-11-05 13:27:00.326000,1.184,1.18397,750000,7170000
2020-11-05 13:27:00.428000,1.184,1.18398,7900000,750000
2020-11-05 13:27:00.681000,1.18401,1.18398,7830000,750000
2020-11-05 13:27:00.782000,1.18402,1.18398,8200000,750000
2020-11-05 13:27:02.085000,1.18402,1.184,8580000,370000
2020-11-05 13:27:02.188000,1.18405,1.18401,750000,750000
2020-11-05 13:27:02.290000,1.18406,1.18401,10340000,750000
2020-11-05 13:27:02.645000,1.18404,1.18402,7830000,750000
2020-11-05 13:27:02.860000,1.18406,1.18401,10720000,750000
2020-11-05 13:27:02.962000,1.18405,1.18401,8200000,750000
2020-11-05 13:27:03.173000,1.18406,1.18403,7830000,1500000
2020-11-05 13:27:03.275000,1.18409,1.18405,8650000,750000
2020-11-05 13:27:03.376000,1.18408,1.18405,100000,750000
2020-11-05 13:27:03.529000,1.18409,1.18405,7900000,8670000
2020-11-05 13:27:03.630000,1.1841,1.18406,11650000,750000
2020-11-05 13:27:04.021000,1.18411,1.18407,9590000,750000
2020-11-05 13:27:04.123000,1.1841,1.18407,100000,750000
2020-11-05 13:27:04.427000,1.18409,1.18406,150000,7920000
2020-11-05 13:27:04.478000,1.18407,1.18405,1120000,750000
2020-11-05 13:27:04.529000,1.18406,1.18403,8580000,7920000
2020-11-05 13:27:05.054000,1.18405,1.18403,8650000,370000
2020-11-05 13:27:05.156000,1.18407,1.18403,8650000,750000
2020-11-05 13:27:05.207000,1.18407,1.18403,7830000,1690000
2020-11-05 13:27:05.308000,1.18407,1.18404,8650000,1690000
2020-11-05 13:27:05.359000,1.18408,1.18403,9400000,8110000
2020-11-05 13:27:05.561000,1.18407,1.18403,1270000,750000
2020-11-05 13:27:05.663000,1.18406,1.18402,100000,7920000
2020-11-05 13:27:06.019000,1.18405,1.18402,7830000,7920000
2020-11-05 13:27:06.281000,1.18405,1.18403,7830000,750000
2020-11-05 13:27:06.382000,1.18407,1.18404,750000,830000
2020-11-05 13:27:06.534000,1.18407,1.18405,7900000,100000
2020-11-05 13:27:06.585000,1.1841,1.18407,4090000,750000
2020-11-05 13:27:07.148000,1.18409,1.18407,7980000,750000
2020-11-05 13:27:07.756000,1.18409,1.18406,10790000,370000
2020-11-05 13:27:07.857000,1.18408,1.18405,7900000,1120000
2020-11-05 13:27:08.025000,1.18407,1.18405,7830000,1120000
2020-11-05 13:27:08.475000,1.18407,1.18404,7830000,750000
2020-11-05 13:27:09.113000,1.18407,1.18405,7830000,750000
2020-11-05 13:27:09.215000,1.18408,1.18405,7900000,750000
2020-11-05 13:27:09.647000,1.18408,1.18404,7900000,1120000
2020-11-05 13:27:09.799000,1.18406,1.18405,7830000,750000
2020-11-05 13:27:09.900000,1.18406,1.18404,190000,750000
2020-11-05 13:27:09.951000,1.18403,1.18401,820000,750000
2020-11-05 13:27:10.104000,1.18403,1.184,940000,750000
2020-11-05 13:27:10.257000,1.18403,1.18399,10980000,750000
2020-11-05 13:27:10.358000,1.18402,1.18399,7900000,750000
2020-11-05 13:27:11.182000,1.18401,1.18399,7830000,750000
2020-11-05 13:27:11.284000,1.18403,1.184,820000,1200000
2020-11-05 13:27:11.386000,1.18403,1.18401,7830000,1500000
2020-11-05 13:27:11.487000,1.18405,1.18401,7830000,750000
2020-11-05 13:27:11.704000,1.18406,1.18401,9480000,750000
2020-11-05 13:27:11.903000,1.18405,1.18401,7830000,750000
2020-11-05 13:27:12.236000,1.18406,1.18401,9480000,750000
2020-11-05 13:27:13.557000,1.18405,1.18402,100000,750000
2020-11-05 13:27:13.985000,1.18406,1.18402,4200000,7920000
2020-11-05 13:27:14.086000,1.18406,1.18404,100000,4010000
2020-11-05 13:27:14.137000,1.18408,1.18406,7830000,750000
2020-11-05 13:27:14.239000,1.1841,1.18406,11280000,8300000
2020-11-05 13:27:15.074000,1.1841,1.18408,7830000,750000
2020-11-05 13:27:15.125000,1.18413,1.18412,5320000,750000
2020-11-05 13:27:15.277000,1.18414,1.18412,8350000,750000
2020-11-05 13:27:15.690000,1.18414,1.18411,370000,750000
2020-11-05 13:27:15.893000,1.18415,1.18411,12100000,750000
2020-11-05 13:27:15.994000,1.18414,1.18411,7830000,750000
2020-11-05 13:27:16.097000,1.18415,1.18411,12100000,750000
2020-11-05 13:27:17.787000,1.18415,1.18412,13790000,7920000
2020-11-05 13:27:18.282000,1.18415,1.18411,100000,7920000
2020-11-05 13:27:18.673000,1.18416,1.18411,13600000,750000
2020-11-05 13:27:19.869000,1.18416,1.18413,12850000,7170000
2020-11-05 13:27:19.970000,1.18416,1.18412,3000000,10300000
2020-11-05 13:27:20.072000,1.18417,1.18415,7830000,820000
2020-11-05 13:27:20.123000,1.18419,1.18417,7830000,750000
2020-11-05 13:27:20.224000,1.1842,1.18416,13600000,750000
2020-11-05 13:27:20.705000,1.1842,1.18417,820000,750000
2020-11-05 13:27:20.958000,1.18421,1.18417,12480000,7920000
2020-11-05 13:27:21.060000,1.1842,1.18417,370000,7920000
2020-11-05 13:27:21.272000,1.18421,1.18417,12480000,750000
2020-11-05 13:27:21.526000,1.1842,1.18418,7830000,1500000
2020-11-05 13:27:21.577000,1.18421,1.1842,100000,1500000
2020-11-05 13:27:21.729000,1.18423,1.18418,11840000,10250000
2020-11-05 13:27:21.881000,1.18423,1.18419,8840000,7170000
2020-11-05 13:27:21.994000,1.18423,1.1842,8840000,7170000
2020-11-05 13:27:22.096000,1.18422,1.1842,8840000,7170000
2020-11-05 13:27:22.944000,1.18423,1.1842,8840000,7170000
2020-11-05 13:27:23.048000,1.18423,1.18419,8840000,7170000
2020-11-05 13:27:24.780000,1.18423,1.18421,7830000,750000
2020-11-05 13:27:24.882000,1.18424,1.18421,100000,7920000
2020-11-05 13:27:24.984000,1.18425,1.18421,100000,7920000
2020-11-05 13:27:25.149000,1.18425,1.18422,8730000,8110000
2020-11-05 13:27:25.250000,1.18426,1.18422,8730000,7170000
2020-11-05 13:27:25.352000,1.18424,1.18423,100000,8670000
2020-11-05 13:27:25.454000,1.18426,1.18422,100000,8670000
2020-11-05 13:27:26.152000,1.18427,1.18422,1650000,10360000
2020-11-05 13:27:26.255000,1.18428,1.18426,7830000,820000
2020-11-05 13:27:26.306000,1.1843,1.18427,1010000,370000
2020-11-05 13:27:26.409000,1.18429,1.18425,750000,8180000
2020-11-05 13:27:26.510000,1.1843,1.18426,8580000,450000
2020-11-05 13:27:27.091000,1.1843,1.18427,820000,7170000
2020-11-05 13:27:27.193000,1.1843,1.18426,820000,7170000
2020-11-05 13:27:27.625000,1.1843,1.18427,820000,7170000
2020-11-05 13:27:27.777000,1.1843,1.18426,820000,7360000
2020-11-05 13:27:28.682000,1.18427,1.18425,750000,7170000
2020-11-05 13:27:28.785000,1.18427,1.18423,9330000,7430000
2020-11-05 13:27:29.258000,1.18425,1.18422,750000,750000
2020-11-05 13:27:29.411000,1.18425,1.18421,2320000,7170000
2020-11-05 13:27:29.513000,1.18425,1.1842,10080000,8560000
2020-11-05 13:27:29.900000,1.18425,1.18421,10230000,7170000
2020-11-05 13:27:30.003000,1.1842,1.18418,750000,750000
2020-11-05 13:27:30.105000,1.1842,1.18417,750000,100000
2020-11-05 13:27:30.206000,1.1842,1.18416,750000,8180000
2020-11-05 13:27:31.071000,1.18421,1.18417,2320000,7920000
2020-11-05 13:27:32.373000,1.18421,1.18418,11580000,190000
2020-11-05 13:27:32.475000,1.18421,1.18417,8650000,1500000
2020-11-05 13:27:33.135000,1.18421,1.18418,100000,750000
2020-11-05 13:27:33.337000,1.18422,1.18418,820000,750000
2020-11-05 13:27:33.439000,1.18421,1.18418,100000,7920000
2020-11-05 13:27:34.161000,1.18421,1.18417,3820000,8110000
2020-11-05 13:27:34.735000,1.18422,1.18417,7900000,8860000
2020-11-05 13:27:34.938000,1.18421,1.18417,7830000,8110000
2020-11-05 13:27:37.034000,1.18419,1.18418,7830000,940000
2020-11-05 13:27:37.261000,1.18421,1.18417,9330000,940000
2020-11-05 13:27:37.957000,1.18419,1.18418,100000,750000
2020-11-05 13:27:40.146000,1.18421,1.18418,11730000,940000
2020-11-05 13:27:40.298000,1.18422,1.18418,4570000,7170000
2020-11-05 13:27:40.400000,1.1842,1.18418,820000,7920000
2020-11-05 13:27:41.255000,1.1842,1.18417,100000,750000
2020-11-05 13:27:41.357000,1.18419,1.18416,2320000,11110000
2020-11-05 13:27:42.255000,1.18419,1.18417,9400000,7170000
2020-11-05 13:27:42.740000,1.1842,1.18415,9400000,10550000
2020-11-05 13:27:43.227000,1.1842,1.18416,1500000,940000
2020-11-05 13:27:44.685000,1.1842,1.18415,10150000,13730000
2020-11-05 13:27:46.623000,1.1842,1.18417,9330000,750000
2020-11-05 13:27:46.724000,1.1842,1.18418,7830000,3190000
2020-11-05 13:27:46.826000,1.1842,1.18416,750000,8670000
2020-11-05 13:27:47.849000,1.18419,1.18416,100000,7170000
2020-11-05 13:27:47.951000,1.18417,1.18416,2400000,7170000
2020-11-05 13:27:48.052000,1.18417,1.18414,750000,7170000
2020-11-05 13:27:48.153000,1.18417,1.18413,8650000,7920000
2020-11-05 13:27:49.027000,1.18417,1.18412,8650000,10250000
2020-11-05 13:27:49.740000,1.18416,1.18412,100000,9050000
2020-11-05 13:27:49.893000,1.18415,1.18411,10150000,7170000
2020-11-05 13:27:49.994000,1.18415,1.1841,10150000,9980000
2020-11-05 13:27:50.572000,1.18414,1.18412,2320000,7170000
2020-11-05 13:27:51.049000,1.18415,1.1841,10150000,11860000
2020-11-05 13:27:51.157000,1.18415,1.18411,2320000,7170000
2020-11-05 13:27:51.540000,1.18415,1.18412,2320000,7170000
2020-11-05 13:27:52.692000,1.18415,1.1841,1570000,11480000
2020-11-05 13:27:53.072000,1.18415,1.18411,1570000,7170000
2020-11-05 13:27:53.530000,1.18414,1.18412,9400000,7170000
2020-11-05 13:27:53.778000,1.18414,1.18412,1570000,7170000
2020-11-05 13:27:54.019000,1.18414,1.1841,750000,9980000
2020-11-05 13:27:55.148000,1.18413,1.18412,750000,750000
2020-11-05 13:27:55.249000,1.18414,1.18412,750000,750000
2020-11-05 13:27:55.711000,1.18414,1.18411,750000,750000
2020-11-05 13:27:56.200000,1.18416,1.18413,9400000,750000
2020-11-05 13:27:56.303000,1.18416,1.18414,100000,8860000
2020-11-05 13:27:56.354000,1.18418,1.18414,8200000,8860000
2020-11-05 13:27:56.660000,1.18418,1.18415,370000,7170000
2020-11-05 13:27:56.762000,1.18417,1.18415,370000,7170000
2020-11-05 13:27:57.751000,1.18416,1.18415,370000,9230000
2020-11-05 13:27:57.958000,1.18418,1.18414,7830000,8480000
2020-11-05 13:27:58.065000,1.18419,1.18414,13150000,8480000
2020-11-05 13:27:58.307000,1.18418,1.18414,7830000,8110000
2020-11-05 13:27:59.658000,1.18417,1.18414,3000000,7170000
2020-11-05 13:27:59.811000,1.18417,1.18412,8580000,13430000
2020-11-05 13:27:59.912000,1.18416,1.18412,7830000,5510000
2020-11-05 13:28:00.013000,1.18417,1.18412,8580000,12680000
2020-11-05 13:28:00.064000,1.18417,1.18414,8650000,940000
2020-11-05 13:28:00.115000,1.18416,1.18412,8580000,7550000
2020-11-05 13:28:00.268000,1.18416,1.18411,8580000,8930000
2020-11-05 13:28:00.470000,1.18415,1.18411,7830000,8930000
2020-11-05 13:28:00.646000,1.18414,1.18411,750000,7170000
2020-11-05 13:28:00.747000,1.18414,1.1841,750000,260000
2020-11-05 13:28:01.151000,1.18414,1.18411,8580000,750000
2020-11-05 13:28:01.506000,1.18411,1.1841,1120000,7730000
2020-11-05 13:28:01.557000,1.18412,1.18408,10830000,260000
2020-11-05 13:28:01.608000,1.1841,1.18407,750000,8510000
2020-11-05 13:28:01.710000,1.18409,1.18406,1500000,190000
2020-11-05 13:28:01.912000,1.18409,1.18405,9330000,190000
2020-11-05 13:28:02.115000,1.18409,1.18404,750000,1760000
2020-11-05 13:28:02.216000,1.18409,1.18405,750000,100000
2020-11-05 13:28:02.441000,1.18409,1.18404,750000,7430000
2020-11-05 13:28:02.942000,1.18409,1.18405,750000,7170000
2020-11-05 13:28:03.266000,1.18409,1.18404,8580000,11930000
2020-11-05 13:28:04.263000,1.18409,1.18405,750000,7170000
2020-11-05 13:28:05.559000,1.1841,1.18405,1870000,7430000
2020-11-05 13:28:07.464000,1.18409,1.18405,820000,7170000
2020-11-05 13:28:07.566000,1.18408,1.18405,8580000,11940000
2020-11-05 13:28:08.467000,1.18409,1.18405,750000,7170000
2020-11-05 13:28:09.420000,1.18409,1.18406,7830000,100000
2020-11-05 13:28:09.522000,1.1841,1.18406,11580000,100000
2020-11-05 13:28:09.952000,1.1841,1.18405,12400000,7620000
2020-11-05 13:28:10.155000,1.18409,1.18405,750000,8370000
2020-11-05 13:28:10.922000,1.18408,1.18405,750000,7250000
2020-11-05 13:28:12.489000,1.18408,1.18406,750000,100000
2020-11-05 13:28:12.792000,1.18408,1.18405,750000,100000
2020-11-05 13:28:14.113000,1.18408,1.18405,750000,100000
2020-11-05 13:28:14.924000,1.18408,1.18405,750000,100000
2020-11-05 13:28:15.025000,1.18408,1.18405,750000,100000
2020-11-05 13:28:15.567000,1.18408,1.18404,8580000,470000
2020-11-05 13:28:16.107000,1.18408,1.18405,8580000,100000
2020-11-05 13:28:16.208000,1.18408,1.18404,750000,1220000
2020-11-05 13:28:16.310000,1.18408,1.18405,750000,100000
2020-11-05 13:28:16.651000,1.18408,1.18404,750000,8390000
2020-11-05 13:28:17.091000,1.18409,1.18405,7830000,820000
2020-11-05 13:28:17.192000,1.1841,1.18405,14280000,8000000
2020-11-05 13:28:17.395000,1.18409,1.18405,7830000,750000
2020-11-05 13:28:17.647000,1.18409,1.18406,7830000,750000
2020-11-05 13:28:17.749000,1.1841,1.18406,10900000,750000
2020-11-05 13:28:17.921000,1.18409,1.18406,3000000,750000
2020-11-05 13:28:19,1.18408,1.18406,1890000,2250000
2020-11-05 13:28:19.102000,1.18406,1.18404,7830000,100000
2020-11-05 13:28:19.204000,1.18405,1.18404,750000,820000
2020-11-05 13:28:20.638000,1.18405,1.18403,7830000,750000
2020-11-05 13:28:20.892000,1.18406,1.18403,9400000,750000
2020-11-05 13:28:21.100000,1.18404,1.18403,7830000,1200000
2020-11-05 13:28:21.306000,1.18406,1.18403,9400000,750000
2020-11-05 13:28:21.884000,1.18405,1.18403,7830000,820000
2020-11-05 13:28:22.276000,1.18405,1.18404,9780000,820000
2020-11-05 13:28:22.526000,1.18405,1.18403,2400000,750000
2020-11-05 13:28:22.578000,1.18401,1.18399,750000,7550000
2020-11-05 13:28:22.679000,1.18401,1.18398,1690000,15500000
2020-11-05 13:28:22.882000,1.18402,1.184,8650000,100000
2020-11-05 13:28:23.035000,1.18403,1.184,8580000,100000
2020-11-05 13:28:23.198000,1.18404,1.184,11650000,100000
2020-11-05 13:28:23.300000,1.18403,1.184,7830000,100000
2020-11-05 13:28:23.534000,1.18404,1.184,3820000,100000
2020-11-05 13:28:24.050000,1.18404,1.18401,8580000,820000
2020-11-05 13:28:24.153000,1.18404,1.18403,10830000,100000
2020-11-05 13:28:24.256000,1.18406,1.18402,12780000,820000
2020-11-05 13:28:24.475000,1.18405,1.18402,100000,820000
2020-11-05 13:28:24.740000,1.18406,1.18402,10530000,820000
2020-11-05 13:28:24.901000,1.18405,1.18402,100000,820000
2020-11-05 13:28:28.454000,1.18401,1.18399,560000,750000
2020-11-05 13:28:28.505000,1.18406,1.18404,1870000,370000
2020-11-05 13:28:28.606000,1.18406,1.18403,8200000,1760000
2020-11-05 13:28:28.708000,1.18406,1.18405,1500000,190000
2020-11-05 13:28:28.912000,1.18407,1.18404,8580000,190000
2020-11-05 13:28:29.581000,1.18407,1.18403,750000,1390000
2020-11-05 13:28:35.424000,1.18409,1.18405,12030000,1570000
2020-11-05 13:28:35.576000,1.1841,1.18405,13160000,1570000
2020-11-05 13:28:35.840000,1.18408,1.18405,7830000,1570000
2020-11-05 13:28:36.841000,1.18405,1.18404,3000000,750000
2020-11-05 13:28:36.892000,1.18405,1.18401,11020000,7550000
2020-11-05 13:28:36.943000,1.18403,1.18401,2620000,7170000
2020-11-05 13:28:37.045000,1.184,1.18397,2250000,190000
2020-11-05 13:28:37.148000,1.1839,1.18388,750000,1120000
2020-11-05 13:28:37.200000,1.18392,1.1839,1570000,190000
2020-11-05 13:28:37.304000,1.1839,1.18387,2250000,7250000
2020-11-05 13:28:37.558000,1.1839,1.18387,10270000,100000
2020-11-05 13:28:37.609000,1.18388,1.18386,3940000,370000
2020-11-05 13:28:38.445000,1.18387,1.18386,7830000,100000
2020-11-05 13:28:38.661000,1.18389,1.18385,10340000,100000
2020-11-05 13:28:39.570000,1.1839,1.18387,9030000,1570000
2020-11-05 13:28:39.723000,1.18392,1.18389,370000,1570000
2020-11-05 13:28:39.825000,1.18393,1.18389,820000,3070000
2020-11-05 13:28:40.027000,1.18392,1.18388,9330000,3070000
2020-11-05 13:28:40.129000,1.18391,1.18388,7830000,3070000
2020-11-05 13:28:40.343000,1.18392,1.18388,10150000,3070000
2020-11-05 13:28:41.061000,1.18391,1.1839,7830000,100000
2020-11-05 13:28:41.163000,1.18392,1.18389,12330000,1570000
2020-11-05 13:28:42.011000,1.18393,1.1839,8580000,100000
2020-11-05 13:28:42.113000,1.18392,1.1839,9520000,2320000
2020-11-05 13:28:42.605000,1.18393,1.18388,3370000,7250000
2020-11-05 13:28:42.706000,1.18392,1.18388,7830000,100000
2020-11-05 13:28:43.856000,1.18392,1.18387,10080000,820000
2020-11-05 13:28:43.957000,1.18391,1.18387,7830000,820000
2020-11-05 13:28:44.160000,1.18391,1.18388,7830000,100000
2020-11-05 13:28:44.261000,1.18392,1.18388,10080000,100000
2020-11-05 13:28:45.060000,1.18391,1.18388,7830000,100000
2020-11-05 13:28:45.300000,1.18392,1.18388,10080000,820000
2020-11-05 13:28:46.119000,1.18391,1.1839,9330000,820000
2020-11-05 13:28:46.222000,1.18393,1.1839,370000,100000
2020-11-05 13:28:46.324000,1.18394,1.1839,13150000,100000
2020-11-05 13:28:46.709000,1.18393,1.1839,7830000,100000
2020-11-05 13:28:46.812000,1.18393,1.18391,7830000,1690000
2020-11-05 13:28:46.863000,1.18396,1.18394,750000,100000
2020-11-05 13:28:47.015000,1.18397,1.18394,4500000,100000
2020-11-05 13:28:49.732000,1.18399,1.18395,820000,100000
2020-11-05 13:28:49.833000,1.184,1.18395,10720000,100000
2020-11-05 13:28:50.036000,1.184,1.18397,8580000,100000
2020-11-05 13:28:50.138000,1.184,1.18398,4010000,100000
2020-11-05 13:28:50.605000,1.184,1.18397,7830000,100000
2020-11-05 13:28:50.787000,1.18401,1.18397,8840000,100000
2020-11-05 13:28:51.039000,1.184,1.18397,7830000,100000
2020-11-05 13:28:51.478000,1.18401,1.18397,3000000,820000
2020-11-05 13:28:51.630000,1.18401,1.18398,10080000,100000
2020-11-05 13:28:51.801000,1.18402,1.18398,10270000,100000
2020-11-05 13:28:51.903000,1.18401,1.18398,7830000,100000
2020-11-05 13:28:52.109000,1.18402,1.18398,10340000,100000
2020-11-05 13:28:53.783000,1.18401,1.18398,750000,100000
2020-11-05 13:28:53.955000,1.18401,1.18397,750000,100000
2020-11-05 13:28:54.057000,1.184,1.18397,2250000,1570000
2020-11-05 13:28:55.533000,1.18399,1.18395,750000,8750000
2020-11-05 13:28:55.685000,1.184,1.18395,13160000,2320000
2020-11-05 13:28:55.787000,1.18396,1.18394,750000,7250000
2020-11-05 13:28:56.039000,1.18398,1.18394,2810000,100000
2020-11-05 13:28:56.563000,1.18397,1.18394,750000,100000
2020-11-05 13:28:57.258000,1.18398,1.18395,750000,100000
2020-11-05 13:28:57.360000,1.18399,1.18396,7830000,100000
2020-11-05 13:28:57.461000,1.184,1.18396,1500000,100000
2020-11-05 13:28:57.814000,1.18399,1.18396,7830000,100000
2020-11-05 13:28:59.114000,1.18399,1.18397,7830000,100000
2020-11-05 13:28:59.249000,1.184,1.18397,10080000,100000
2020-11-05 13:29:00.278000,1.18398,1.18395,1870000,100000
2020-11-05 13:29:00.733000,1.18399,1.18397,750000,100000
2020-11-05 13:29:00.835000,1.184,1.18397,2250000,100000
2020-11-05 13:29:00.987000,1.18401,1.18397,12330000,820000
2020-11-05 13:29:03.990000,1.18401,1.18398,750000,100000
2020-11-05 13:29:06.448000,1.18402,1.18398,1690000,100000
2020-11-05 13:29:06.778000,1.18399,1.18397,1500000,750000
2020-11-05 13:29:06.880000,1.184,1.18396,4120000,100000
2020-11-05 13:29:08.595000,1.184,1.18395,750000,1200000
2020-11-05 13:29:10.133000,1.184,1.18396,6190000,100000
2020-11-05 13:29:10.235000,1.18398,1.18394,2440000,100000
2020-11-05 13:29:10.337000,1.18397,1.18393,750000,100000
2020-11-05 13:29:10.540000,1.18395,1.18394,750000,100000
2020-11-05 13:29:11.223000,1.18396,1.18392,750000,100000
2020-11-05 13:29:12.390000,1.18396,1.18394,3370000,100000
2020-11-05 13:29:12.492000,1.18399,1.18395,1120000,820000
2020-11-05 13:29:13.125000,1.184,1.18399,8650000,3750000
2020-11-05 13:29:13.177000,1.18402,1.18401,3750000,450000
2020-11-05 13:29:13.278000,1.18404,1.184,7500000,100000
2020-11-05 13:29:13.380000,1.18405,1.18401,560000,820000
2020-11-05 13:29:17.672000,1.18403,1.184,190000,100000
2020-11-05 13:29:17.723000,1.184,1.18398,750000,820000
2020-11-05 13:29:17.824000,1.184,1.18397,750000,100000
2020-11-05 13:29:20.135000,1.184,1.18396,8580000,100000
2020-11-05 13:29:20.237000,1.18396,1.18395,750000,820000
2020-11-05 13:29:20.338000,1.18396,1.18394,750000,100000
2020-11-05 13:29:20.490000,1.18396,1.18392,750000,100000
2020-11-05 13:29:20.592000,1.18396,1.18391,1500000,260000
2020-11-05 13:29:21.389000,1.18395,1.18391,750000,260000
2020-11-05 13:29:21.491000,1.18395,1.18394,8200000,100000
2020-11-05 13:29:21.592000,1.18396,1.18392,750000,100000
2020-11-05 13:29:22.571000,1.18396,1.18392,1690000,100000
2020-11-05 13:29:22.673000,1.18396,1.18391,1690000,100000
2020-11-05 13:29:23.116000,1.18396,1.1839,1690000,1950000
2020-11-05 13:29:25.522000,1.18393,1.1839,750000,100000
2020-11-05 13:29:25.625000,1.1839,1.18387,750000,7500000
2020-11-05 13:29:25.787000,1.1839,1.18386,750000,1120000
2020-11-05 13:29:26.428000,1.1839,1.18385,750000,1120000
2020-11-05 13:29:26.989000,1.1839,1.18384,750000,14560000
2020-11-05 13:29:29.169000,1.18389,1.18384,750000,4310000
2020-11-05 13:29:29.322000,1.18389,1.18385,750000,370000
2020-11-05 13:29:29.424000,1.18386,1.18383,940000,750000
2020-11-05 13:29:29.527000,1.18386,1.18382,750000,7500000
2020-11-05 13:29:29.630000,1.18386,1.18381,750000,3370000
2020-11-05 13:29:29.834000,1.18386,1.18382,750000,370000
2020-11-05 13:29:30.742000,1.18386,1.18382,1200000,2060000
2020-11-05 13:29:30.843000,1.18384,1.18381,750000,3000000
2020-11-05 13:29:30.944000,1.18384,1.1838,750000,3560000
2020-11-05 13:29:32.121000,1.18384,1.18379,750000,3370000
2020-11-05 13:29:32.223000,1.18379,1.18377,750000,7170000
2020-11-05 13:29:32.324000,1.1838,1.18376,750000,3750000
2020-11-05 13:29:32.628000,1.18379,1.18375,750000,750000
2020-11-05 13:29:32.780000,1.18379,1.18374,750000,750000
2020-11-05 13:29:33.889000,1.18378,1.18373,750000,1500000
2020-11-05 13:29:34.752000,1.18378,1.18372,750000,10170000
2020-11-05 13:29:37.032000,1.18377,1.18374,8950000,750000
2020-11-05 13:29:37.235000,1.18377,1.18373,7830000,750000
2020-11-05 13:29:37.510000,1.18377,1.18372,8200000,1530000
2020-11-05 13:29:37.719000,1.18377,1.18371,370000,11130000
2020-11-05 13:29:37.820000,1.18376,1.18371,1500000,2060000
2020-11-05 13:29:37.871000,1.18376,1.18373,820000,750000
2020-11-05 13:29:37.973000,1.18375,1.18372,1500000,2060000
2020-11-05 13:29:38.024000,1.18374,1.18371,370000,370000
2020-11-05 13:29:38.126000,1.18374,1.1837,370000,1500000
2020-11-05 13:29:38.227000,1.18373,1.1837,750000,190000
2020-11-05 13:29:38.329000,1.18371,1.18368,8200000,1500000
2020-11-05 13:29:38.431000,1.18372,1.18368,9700000,1500000
2020-11-05 13:29:38.532000,1.1837,1.18366,940000,770000
2020-11-05 13:29:38.633000,1.1837,1.18367,750000,750000
2020-11-05 13:29:38.836000,1.1837,1.18366,750000,770000
2020-11-05 13:29:39.393000,1.18372,1.18369,750000,750000
2020-11-05 13:29:39.495000,1.18373,1.18367,4950000,2820000
2020-11-05 13:29:39.596000,1.18374,1.18367,3070000,2820000
2020-11-05 13:29:39.698000,1.18372,1.18367,1500000,370000
2020-11-05 13:29:39.800000,1.18372,1.18366,10150000,780000
2020-11-05 13:29:39.901000,1.18371,1.18366,940000,960000
2020-11-05 13:29:40.154000,1.18372,1.18369,7830000,1500000
2020-11-05 13:29:40.256000,1.18373,1.18368,10450000,1130000
2020-11-05 13:29:40.307000,1.18372,1.18368,750000,370000
2020-11-05 13:29:40.408000,1.1837,1.18367,940000,2810000
2020-11-05 13:29:40.662000,1.18372,1.18366,820000,2620000
2020-11-05 13:29:41.647000,1.18371,1.18367,750000,760000
2020-11-05 13:29:41.749000,1.18373,1.18368,9400000,1500000
2020-11-05 13:29:41.901000,1.1837,1.18366,750000,1870000
2020-11-05 13:29:42.792000,1.18373,1.18369,13530000,750000
2020-11-05 13:29:42.995000,1.18373,1.18368,2140000,1120000
2020-11-05 13:29:43.097000,1.18371,1.18368,750000,370000
2020-11-05 13:29:43.148000,1.18371,1.18366,940000,2620000
2020-11-05 13:29:43.454000,1.1837,1.18366,750000,1870000
2020-11-05 13:29:43.678000,1.1837,1.18365,750000,2250000
2020-11-05 13:29:43.780000,1.18372,1.18368,1500000,750000
2020-11-05 13:29:43.881000,1.18371,1.18366,1690000,750000
2020-11-05 13:29:44.419000,1.18371,1.18365,1500000,2250000
2020-11-05 13:29:45.209000,1.18371,1.18367,1500000,750000
2020-11-05 13:29:45.310000,1.1837,1.18367,750000,750000
2020-11-05 13:29:45.412000,1.18369,1.18364,750000,1120000
2020-11-05 13:29:45.564000,1.1837,1.18365,1570000,190000
2020-11-05 13:29:46.931000,1.18369,1.18365,750000,750000
2020-11-05 13:29:47.083000,1.1837,1.18368,1120000,750000
2020-11-05 13:29:47.134000,1.1837,1.18365,1500000,750000
2020-11-05 13:29:47.672000,1.1837,1.18363,1500000,2620000
2020-11-05 13:29:47.774000,1.1837,1.18365,750000,750000
2020-11-05 13:29:47.875000,1.18369,1.18363,1500000,12420000
2020-11-05 13:29:48.230000,1.18368,1.18363,370000,1500000
2020-11-05 13:29:48.483000,1.18368,1.18363,750000,780000
2020-11-05 13:29:48.584000,1.18369,1.18363,5630000,780000
2020-11-05 13:29:49.090000,1.18365,1.18362,750000,1500000
2020-11-05 13:29:49.141000,1.18367,1.18363,1500000,750000
2020-11-05 13:29:49.243000,1.18369,1.18363,2700000,750000
2020-11-05 13:29:49.601000,1.1837,1.18365,1870000,750000
2020-11-05 13:29:49.702000,1.18368,1.18364,750000,370000
2020-11-05 13:29:49.804000,1.18366,1.18363,1120000,370000
2020-11-05 13:29:49.855000,1.18366,1.18359,750000,4500000
2020-11-05 13:29:49.956000,1.18367,1.18359,750000,1870000
2020-11-05 13:29:50.108000,1.18368,1.18362,750000,750000
2020-11-05 13:29:50.210000,1.18368,1.18363,750000,750000
2020-11-05 13:29:50.362000,1.18369,1.18363,4120000,750000
2020-11-05 13:29:50.514000,1.18368,1.18363,750000,370000
2020-11-05 13:29:50.666000,1.18369,1.18363,750000,750000
2020-11-05 13:29:51.020000,1.18371,1.18368,8200000,750000
2020-11-05 13:29:51.122000,1.18374,1.18368,2250000,1500000
2020-11-05 13:29:51.224000,1.18372,1.18366,4870000,1120000
2020-11-05 13:29:51.325000,1.18367,1.18365,750000,7870000
2020-11-05 13:29:51.376000,1.18369,1.18367,370000,750000
2020-11-05 13:29:51.427000,1.18372,1.18368,7500000,750000
2020-11-05 13:29:51.580000,1.18373,1.18368,750000,750000
2020-11-05 13:29:52.414000,1.18373,1.18369,750000,370000
2020-11-05 13:29:52.516000,1.18374,1.18369,3370000,750000
2020-11-05 13:29:52.618000,1.18375,1.18369,1500000,750000
2020-11-05 13:29:52.726000,1.18374,1.18369,750000,370000
2020-11-05 13:29:53.031000,1.18373,1.18369,1500000,750000
2020-11-05 13:29:53.808000,1.18373,1.18368,370000,750000
2020-11-05 13:29:53.859000,1.18369,1.18366,1500000,1500000
2020-11-05 13:29:53.961000,1.18361,1.18358,1120000,2250000
2020-11-05 13:29:54.012000,1.1836,1.18355,750000,7170000
2020-11-05 13:29:54.114000,1.18363,1.18358,7830000,750000
2020-11-05 13:29:54.215000,1.18364,1.18356,750000,7870000
2020-11-05 13:29:54.367000,1.18363,1.18356,750000,7500000
2020-11-05 13:29:54.418000,1.18359,1.18356,750000,7500000
2020-11-05 13:29:54.520000,1.18359,1.18355,1870000,370000
2020-11-05 13:29:54.621000,1.18359,1.18354,1500000,1120000
2020-11-05 13:29:54.850000,1.18359,1.18357,2620000,750000
2020-11-05 13:29:54.901000,1.18361,1.18358,750000,750000
2020-11-05 13:29:55.002000,1.1836,1.18357,1870000,370000
2020-11-05 13:29:55.104000,1.1836,1.18358,750000,750000
2020-11-05 13:29:55.205000,1.18359,1.18356,750000,370000
2020-11-05 13:29:55.509000,1.18359,1.18357,1690000,750000
2020-11-05 13:29:55.611000,1.18361,1.18356,2060000,750000
2020-11-05 13:29:55.712000,1.18359,1.18354,750000,370000
2020-11-05 13:29:55.814000,1.18357,1.18352,750000,750000
2020-11-05 13:29:55.915000,1.18359,1.18354,750000,370000
2020-11-05 13:29:56.738000,1.18361,1.18358,4120000,750000
2020-11-05 13:29:56.789000,1.18359,1.18355,1500000,750000
2020-11-05 13:29:56.967000,1.18359,1.18354,1870000,3370000
2020-11-05 13:29:57.823000,1.18358,1.18354,750000,3370000
2020-11-05 13:29:58.126000,1.18362,1.1836,100000,750000
2020-11-05 13:29:58.228000,1.18363,1.18358,7830000,1500000
2020-11-05 13:29:58.279000,1.18365,1.18358,750000,1500000
2020-11-05 13:29:58.381000,1.18368,1.18364,750000,750000
2020-11-05 13:29:58.583000,1.18363,1.18358,820000,7500000
2020-11-05 13:29:58.685000,1.18362,1.18358,1500000,9000000
2020-11-05 13:29:58.846000,1.1836,1.18358,370000,1500000
2020-11-05 13:29:58.896000,1.18362,1.18358,1500000,750000
2020-11-05 13:29:58.947000,1.1836,1.18355,370000,750000
2020-11-05 13:29:59.049000,1.18359,1.18355,1120000,750000
2020-11-05 13:29:59.150000,1.18359,1.18353,1870000,1500000
2020-11-05 13:29:59.601000,1.18356,1.18353,750000,7170000
2020-11-05 13:29:59.703000,1.18356,1.18351,750000,750000
2020-11-05 13:29:59.956000,1.18359,1.18353,1950000,1500000
2020-11-05 13:30:00.108000,1.18358,1.18353,750000,1500000
2020-11-05 13:30:00.159000,1.18356,1.18352,750000,3750000
2020-11-05 13:30:00.260000,1.18357,1.18352,750000,3380000
2020-11-05 13:30:00.311000,1.18358,1.18353,750000,1500000
2020-11-05 13:30:00.362000,1.18356,1.18352,750000,370000
2020-11-05 13:30:00.564000,1.18356,1.18351,190000,3750000
2020-11-05 13:30:00.666000,1.18358,1.18355,370000,370000
2020-11-05 13:30:00.717000,1.18359,1.18353,100000,750000
2020-11-05 13:30:00.818000,1.18359,1.18353,750000,750000
2020-11-05 13:30:00.920000,1.18359,1.18353,750000,1500000
2020-11-05 13:30:01.122000,1.18359,1.18354,940000,370000
2020-11-05 13:30:01.223000,1.18357,1.18353,750000,940000
2020-11-05 13:30:01.274000,1.18356,1.18351,190000,8250000
2020-11-05 13:30:01.740000,1.18356,1.18352,190000,750000
2020-11-05 13:30:02.195000,1.18356,1.1835,190000,750000
2020-11-05 13:30:02.347000,1.18358,1.18354,3750000,370000
2020-11-05 13:30:05.743000,1.18359,1.18357,370000,1500000
2020-11-05 13:30:05.794000,1.18359,1.18354,1120000,750000
2020-11-05 13:30:05.895000,1.18359,1.18353,1500000,4500000
2020-11-05 13:30:06.148000,1.18358,1.18354,750000,370000
2020-11-05 13:30:06.199000,1.18356,1.18353,750000,3150000
2020-11-05 13:30:06.301000,1.18355,1.1835,1500000,3190000
2020-11-05 13:30:06.402000,1.18355,1.1835,1500000,190000
2020-11-05 13:30:06.504000,1.18355,1.18351,1870000,750000
2020-11-05 13:30:06.605000,1.18354,1.18351,1870000,940000
2020-11-05 13:30:06.988000,1.18355,1.18351,370000,3750000
2020-11-05 13:30:07.090000,1.18355,1.18352,750000,750000
2020-11-05 13:30:07.346000,1.18355,1.18351,1500000,750000
2020-11-05 13:30:07.447000,1.18356,1.18349,1500000,2810000
2020-11-05 13:30:07.548000,1.18355,1.18349,1500000,1870000
2020-11-05 13:30:08.590000,1.18355,1.1835,1690000,190000
2020-11-05 13:30:08.848000,1.18354,1.1835,750000,190000
2020-11-05 13:30:09.193000,1.1835,1.18349,750000,750000
2020-11-05 13:30:09.244000,1.1835,1.18346,1500000,750000
2020-11-05 13:30:09.346000,1.18349,1.18344,1500000,7500000
2020-11-05 13:30:09.397000,1.18346,1.18344,2250000,7500000
2020-11-05 13:30:09.448000,1.18344,1.18341,1120000,1120000
2020-11-05 13:30:09.499000,1.18342,1.1834,1500000,370000
2020-11-05 13:30:09.601000,1.18344,1.18339,2620000,1120000
2020-11-05 13:30:09.703000,1.1834,1.18337,750000,1120000
2020-11-05 13:30:09.925000,1.18341,1.18337,750000,1120000
2020-11-05 13:30:10.395000,1.18342,1.18338,750000,1500000
2020-11-05 13:30:10.445000,1.18343,1.18339,750000,370000
2020-11-05 13:30:10.547000,1.18344,1.18339,2620000,3380000
2020-11-05 13:30:10.902000,1.18346,1.18343,100000,750000
2020-11-05 13:30:11.003000,1.18348,1.18345,2250000,750000
2020-11-05 13:30:11.054000,1.18347,1.18343,750000,750000
2020-11-05 13:30:11.156000,1.18347,1.18344,1500000,750000
2020-11-05 13:30:12.091000,1.18349,1.18346,7830000,750000
2020-11-05 13:30:12.193000,1.18351,1.18348,1500000,750000
2020-11-05 13:30:12.973000,1.18349,1.18345,750000,750000
2020-11-05 13:30:13.075000,1.18349,1.18344,750000,3370000
2020-11-05 13:30:14.364000,1.18351,1.18348,450000,750000
2020-11-05 13:30:14.466000,1.18353,1.18348,750000,2250000
2020-11-05 13:30:14.872000,1.18355,1.18349,2620000,750000
2020-11-05 13:30:14.973000,1.18355,1.1835,2620000,750000
2020-11-05 13:30:15.428000,1.18352,1.18348,750000,1870000
2020-11-05 13:30:15.530000,1.18351,1.18348,750000,750000
2020-11-05 13:30:16.374000,1.18351,1.18346,1120000,8670000
2020-11-05 13:30:16.425000,1.18349,1.18346,750000,750000
2020-11-05 13:30:16.527000,1.18346,1.18343,750000,190000
2020-11-05 13:30:16.729000,1.18348,1.18346,750000,750000
2020-11-05 13:30:17.102000,1.18348,1.18346,1500000,750000
2020-11-05 13:30:17.153000,1.18349,1.18344,750000,190000
2020-11-05 13:30:17.254000,1.18348,1.18344,1570000,940000
2020-11-05 13:30:17.305000,1.18349,1.18346,1570000,750000
2020-11-05 13:30:17.710000,1.1835,1.18346,3750000,190000
2020-11-05 13:30:17.812000,1.18351,1.18346,1500000,940000
2020-11-05 13:30:18.346000,1.1835,1.18346,750000,940000
2020-11-05 13:30:19.745000,1.18352,1.18349,450000,1500000
2020-11-05 13:30:19.847000,1.18354,1.18349,1500000,2250000
2020-11-05 13:30:20.504000,1.18353,1.18351,1500000,370000
2020-11-05 13:30:20.656000,1.18354,1.18349,1500000,6940000
2020-11-05 13:30:21.421000,1.18353,1.18349,7830000,3940000
2020-11-05 13:30:21.523000,1.18354,1.18349,1500000,3940000
2020-11-05 13:30:22.210000,1.18353,1.18351,750000,940000
2020-11-05 13:30:22.261000,1.18357,1.18355,1200000,750000
2020-11-05 13:30:22.313000,1.18358,1.18357,750000,750000
2020-11-05 13:30:22.364000,1.1836,1.18358,15330000,750000
2020-11-05 13:30:22.465000,1.18362,1.18357,750000,1690000
2020-11-05 13:30:23.259000,1.18362,1.18358,750000,750000
2020-11-05 13:30:23.310000,1.18364,1.18358,8840000,750000
2020-11-05 13:30:23.462000,1.18364,1.18357,8770000,940000
2020-11-05 13:30:23.665000,1.18364,1.18359,8580000,2060000
2020-11-05 13:30:23.766000,1.18365,1.18359,9330000,2810000
2020-11-05 13:30:24.087000,1.18365,1.1836,750000,750000
2020-11-05 13:30:25.026000,1.18365,1.18359,750000,3190000
2020-11-05 13:30:25.601000,1.18365,1.18361,750000,190000
2020-11-05 13:30:25.702000,1.18365,1.1836,8580000,940000
2020-11-05 13:30:26.057000,1.18365,1.1836,750000,190000
2020-11-05 13:30:26.158000,1.18362,1.18359,1500000,370000
2020-11-05 13:30:26.209000,1.18361,1.18356,3750000,15610000
2020-11-05 13:30:26.260000,1.18359,1.18356,750000,7500000
2020-11-05 13:30:26.362000,1.18358,1.18355,750000,190000
2020-11-05 13:30:26.618000,1.18357,1.18355,750000,190000
2020-11-05 13:30:26.669000,1.18356,1.18351,8580000,190000
2020-11-05 13:30:26.771000,1.18355,1.18351,750000,190000
2020-11-05 13:30:27.125000,1.18355,1.18351,750000,190000
2020-11-05 13:30:27.772000,1.18355,1.1835,750000,190000
2020-11-05 13:30:27.874000,1.18355,1.18351,750000,190000
2020-11-05 13:30:28.495000,1.18353,1.18349,750000,940000
2020-11-05 13:30:28.596000,1.18351,1.18348,750000,940000
2020-11-05 13:30:29.052000,1.18351,1.18347,7830000,940000
2020-11-05 13:30:29.209000,1.18352,1.18347,8580000,190000
2020-11-05 13:30:30.641000,1.18351,1.18347,7830000,1010000
2020-11-05 13:30:30.743000,1.18352,1.18347,9330000,1010000
2020-11-05 13:30:30.998000,1.18351,1.18347,750000,1010000
2020-11-05 13:30:32.100000,1.18352,1.18347,9400000,1390000
2020-11-05 13:30:34.180000,1.18351,1.18347,750000,1760000
2020-11-05 13:30:34.980000,1.18352,1.18348,8200000,100000
2020-11-05 13:30:35.082000,1.18353,1.18349,750000,1570000
2020-11-05 13:30:35.183000,1.18354,1.1835,1120000,100000
2020-11-05 13:30:35.812000,1.18352,1.1835,750000,7250000
2020-11-05 13:30:35.863000,1.18352,1.18348,8580000,5250000
2020-11-05 13:30:35.914000,1.1835,1.18348,750000,750000
2020-11-05 13:30:36.066000,1.18351,1.18348,1500000,750000
2020-11-05 13:30:36.167000,1.18351,1.18349,8950000,820000
2020-11-05 13:30:36.269000,1.1835,1.18349,100000,750000
2020-11-05 13:30:37.398000,1.18349,1.18348,7830000,940000
2020-11-05 13:30:38.130000,1.18351,1.1835,8200000,1200000
2020-11-05 13:30:38.181000,1.18353,1.18349,4200000,1390000
2020-11-05 13:30:38.283000,1.18353,1.1835,1120000,260000
2020-11-05 13:30:38.435000,1.18353,1.18349,750000,260000
2020-11-05 13:30:38.536000,1.18352,1.18348,1870000,820000
2020-11-05 13:30:40.260000,1.18351,1.18348,7830000,750000
2020-11-05 13:30:40.445000,1.18352,1.18348,1200000,750000
2020-11-05 13:30:41.291000,1.18353,1.1835,750000,750000
2020-11-05 13:30:41.695000,1.18354,1.1835,750000,8370000
2020-11-05 13:30:42.142000,1.18354,1.18352,820000,370000
2020-11-05 13:30:42.193000,1.18353,1.18351,820000,1120000
2020-11-05 13:30:42.497000,1.18355,1.18352,1200000,750000
2020-11-05 13:30:42.599000,1.18354,1.1835,820000,1500000
2020-11-05 13:30:43.230000,1.18354,1.18351,750000,750000
2020-11-05 13:30:43.331000,1.18354,1.1835,750000,820000
2020-11-05 13:30:44.110000,1.18355,1.1835,9700000,1950000
2020-11-05 13:30:44.211000,1.18353,1.18351,820000,750000
2020-11-05 13:30:46.607000,1.18354,1.18352,750000,750000
2020-11-05 13:30:46.658000,1.18354,1.1835,750000,1570000
2020-11-05 13:30:51.176000,1.18355,1.1835,9030000,1010000
2020-11-05 13:30:52.924000,1.18351,1.18349,750000,7170000
2020-11-05 13:30:53.026000,1.18351,1.18348,8580000,750000
2020-11-05 13:30:54.075000,1.1835,1.18348,7830000,750000
2020-11-05 13:30:55.156000,1.18351,1.18348,1120000,750000
2020-11-05 13:30:58.036000,1.18351,1.18346,10900000,1310000
2020-11-05 13:30:58.580000,1.18349,1.18346,750000,1310000
2020-11-05 13:30:58.988000,1.18351,1.18346,11650000,940000
2020-11-05 13:30:59.090000,1.1835,1.18346,8950000,940000
2020-11-05 13:30:59.356000,1.18347,1.18345,1500000,370000
2020-11-05 13:30:59.458000,1.18346,1.18342,370000,190000
2020-11-05 13:30:59.662000,1.18346,1.18344,7830000,750000
2020-11-05 13:30:59.763000,1.18347,1.18345,7830000,1690000
2020-11-05 13:30:59.814000,1.18349,1.18345,11580000,1690000
2020-11-05 13:30:59.966000,1.1835,1.18348,8580000,1500000
2020-11-05 13:31:00.017000,1.18352,1.1835,8280000,750000
2020-11-05 13:31:00.118000,1.18353,1.1835,9590000,750000
2020-11-05 13:31:00.220000,1.18352,1.1835,7830000,750000
2020-11-05 13:31:00.321000,1.18353,1.1835,8650000,750000
2020-11-05 13:31:00.625000,1.18353,1.18352,11840000,750000
2020-11-05 13:31:00.676000,1.18355,1.18351,9590000,750000
2020-11-05 13:31:00.777000,1.18354,1.1835,7830000,11670000
2020-11-05 13:31:00.980000,1.18352,1.1835,750000,1500000
2020-11-05 13:31:01.485000,1.18353,1.1835,7830000,7920000
2020-11-05 13:31:01.546000,1.18355,1.1835,11470000,750000
2020-11-05 13:31:01.597000,1.18352,1.18349,1200000,1500000
2020-11-05 13:31:01.648000,1.18351,1.18346,11580000,1010000
2020-11-05 13:31:01.749000,1.1835,1.18346,7900000,1690000
2020-11-05 13:31:03.655000,1.18351,1.18346,10980000,940000
2020-11-05 13:31:03.757000,1.18349,1.18346,820000,750000
2020-11-05 13:31:03.859000,1.18347,1.18343,9400000,7550000
2020-11-05 13:31:04.011000,1.18346,1.18342,7830000,1200000
2020-11-05 13:31:04.112000,1.18345,1.18341,9030000,1500000
2020-11-05 13:31:04.163000,1.18342,1.1834,1500000,1120000
2020-11-05 13:31:04.316000,1.18342,1.18338,750000,8110000
2020-11-05 13:31:04.418000,1.18342,1.18341,8580000,1500000
2020-11-05 13:31:04.621000,1.18343,1.18342,750000,7170000
2020-11-05 13:31:04.723000,1.18343,1.1834,750000,9500000
2020-11-05 13:31:05.127000,1.18348,1.18346,450000,750000
2020-11-05 13:31:05.229000,1.18349,1.18346,7830000,750000
2020-11-05 13:31:05.330000,1.18349,1.18347,14650000,750000
2020-11-05 13:31:05.533000,1.18349,1.18347,8580000,190000
2020-11-05 13:31:05.585000,1.18352,1.18348,1120000,2510000
2020-11-05 13:31:05.636000,1.18352,1.1835,3000000,750000
2020-11-05 13:31:05.738000,1.18352,1.18348,8580000,7920000
2020-11-05 13:31:05.840000,1.1835,1.18348,7830000,750000
2020-11-05 13:31:05.992000,1.18349,1.18346,750000,14110000
2020-11-05 13:31:06.356000,1.18349,1.18347,750000,7170000
2020-11-05 13:31:06.467000,1.18349,1.18346,750000,6940000
2020-11-05 13:31:06.747000,1.18347,1.18345,750000,10730000
2020-11-05 13:31:07.153000,1.18348,1.18345,7830000,1760000
2020-11-05 13:31:07.255000,1.18349,1.18345,7830000,1760000
2020-11-05 13:31:07.412000,1.18347,1.18344,1950000,190000
2020-11-05 13:31:07.513000,1.18346,1.18344,8580000,190000
2020-11-05 13:31:07.667000,1.18347,1.18344,7900000,190000
2020-11-05 13:31:07.718000,1.18346,1.18342,2330000,7730000
2020-11-05 13:31:07.922000,1.18346,1.18342,10530000,190000
2020-11-05 13:31:08.799000,1.18345,1.18341,7830000,1690000
2020-11-05 13:31:08.951000,1.18346,1.18341,10900000,940000
2020-11-05 13:31:09.346000,1.18346,1.18343,8580000,750000
2020-11-05 13:31:09.447000,1.18347,1.18344,8580000,940000
2020-11-05 13:31:10.004000,1.18347,1.18343,9330000,1760000
2020-11-05 13:31:10.638000,1.18347,1.18344,11280000,8930000
2020-11-05 13:31:11.277000,1.18347,1.18343,7830000,1760000
2020-11-05 13:31:11.500000,1.18348,1.18343,3450000,1760000
2020-11-05 13:31:11.709000,1.18347,1.18343,1950000,940000
2020-11-05 13:31:11.812000,1.18346,1.18344,7830000,190000
2020-11-05 13:31:11.914000,1.18347,1.18344,750000,190000
2020-11-05 13:31:12.067000,1.18347,1.18346,11580000,750000
2020-11-05 13:31:12.594000,1.18348,1.18346,750000,1570000
2020-11-05 13:31:12.646000,1.1835,1.18346,13150000,1500000
2020-11-05 13:31:12.698000,1.18351,1.18349,1120000,2320000
2020-11-05 13:31:12.800000,1.1835,1.18348,750000,7170000
2020-11-05 13:31:13.055000,1.1835,1.18347,8650000,750000
2020-11-05 13:31:13.158000,1.1835,1.18346,820000,2440000
2020-11-05 13:31:14.404000,1.18349,1.18346,7830000,1690000
2020-11-05 13:31:14.505000,1.1835,1.18346,8650000,1690000
2020-11-05 13:31:14.817000,1.18348,1.18347,7830000,1690000
2020-11-05 13:31:15.116000,1.1835,1.18346,8650000,1690000
2020-11-05 13:31:15.379000,1.18349,1.18346,9400000,10810000
2020-11-05 13:31:16.681000,1.18348,1.18346,7830000,9680000
2020-11-05 13:31:16.883000,1.1835,1.18345,9400000,9680000
2020-11-05 13:31:17.035000,1.1835,1.18348,7830000,750000
2020-11-05 13:31:17.137000,1.18351,1.18348,10090000,8000000
2020-11-05 13:31:17.238000,1.1835,1.18347,2250000,940000
2020-11-05 13:31:17.340000,1.18349,1.18346,750000,2140000
2020-11-05 13:31:17.542000,1.1835,1.18347,10470000,750000
2020-11-05 13:31:17.644000,1.1835,1.18348,9330000,750000
2020-11-05 13:31:17.695000,1.1835,1.18346,10080000,1760000
2020-11-05 13:31:18.127000,1.1835,1.18348,9330000,1140000
2020-11-05 13:31:18.229000,1.18351,1.1835,9030000,1870000
2020-11-05 13:31:18.352000,1.1835,1.18347,820000,19730000
2020-11-05 13:31:18.454000,1.1835,1.18348,750000,7920000
2020-11-05 13:31:18.864000,1.1835,1.18346,10150000,940000
2020-11-05 13:31:18.966000,1.1835,1.18347,10080000,190000
2020-11-05 13:31:19.221000,1.18349,1.18346,7830000,1310000
2020-11-05 13:31:19.322000,1.1835,1.18346,2250000,1390000
2020-11-05 13:31:19.526000,1.18349,1.18346,7830000,1390000
2020-11-05 13:31:20.151000,1.1835,1.18346,9780000,190000
2020-11-05 13:31:20.252000,1.18348,1.18347,7830000,190000
2020-11-05 13:31:21.242000,1.1835,1.18346,9330000,7810000
2020-11-05 13:31:21.972000,1.1835,1.18347,9330000,190000
2020-11-05 13:31:22.378000,1.18349,1.18347,750000,190000
2020-11-05 13:31:23.683000,1.1835,1.18347,9330000,190000
2020-11-05 13:31:23.785000,1.18353,1.18351,1200000,1120000
2020-11-05 13:31:23.887000,1.18354,1.18352,10080000,2700000
2020-11-05 13:31:23.938000,1.18357,1.18355,10830000,1200000
2020-11-05 13:31:23.989000,1.1836,1.18359,5250000,100000
2020-11-05 13:31:24.040000,1.18364,1.18362,2250000,820000
2020-11-05 13:31:24.142000,1.18363,1.1836,8250000,3070000
2020-11-05 13:31:24.243000,1.18364,1.18361,2250000,940000
2020-11-05 13:31:24.597000,1.18363,1.18361,2250000,940000
2020-11-05 13:31:25.061000,1.18367,1.18364,4870000,940000
2020-11-05 13:31:25.162000,1.18367,1.18365,7830000,750000
2020-11-05 13:31:25.213000,1.18372,1.18368,4870000,1310000
2020-11-05 13:31:25.315000,1.18371,1.18366,10030000,1120000
2020-11-05 13:31:25.417000,1.18369,1.18365,750000,1690000
2020-11-05 13:31:25.569000,1.18369,1.18366,750000,1200000
2020-11-05 13:31:25.670000,1.1837,1.18368,750000,190000
2020-11-05 13:31:25.772000,1.18371,1.18368,8900000,190000
2020-11-05 13:31:25.873000,1.1837,1.18368,7780000,190000
2020-11-05 13:31:25.974000,1.18371,1.18368,8530000,190000
2020-11-05 13:31:26.076000,1.1837,1.18367,750000,190000
2020-11-05 13:31:26.328000,1.1837,1.18368,750000,190000
2020-11-05 13:31:29.382000,1.18372,1.18369,8900000,1010000
2020-11-05 13:31:29.486000,1.18378,1.18376,8250000,100000
2020-11-05 13:31:29.588000,1.1838,1.18377,12280000,940000
2020-11-05 13:31:29.639000,1.18378,1.18376,7500000,940000
2020-11-05 13:31:29.894000,1.18379,1.18377,6000000,190000
2020-11-05 13:31:29.997000,1.1838,1.18376,6370000,1010000
2020-11-05 13:31:30.099000,1.18379,1.18376,7780000,1760000
2020-11-05 13:31:30.201000,1.18379,1.18377,7780000,1010000
2020-11-05 13:31:30.303000,1.18379,1.18376,15280000,7220000
2020-11-05 13:31:30.404000,1.18377,1.18374,370000,940000
2020-11-05 13:31:30.607000,1.18377,1.18373,370000,8240000
2020-11-05 13:31:30.872000,1.18375,1.18373,7780000,1010000
2020-11-05 13:31:31.043000,1.18377,1.18373,370000,8240000
2020-11-05 13:31:32.674000,1.18377,1.18375,750000,260000
2020-11-05 13:31:32.826000,1.18377,1.18374,750000,190000
2020-11-05 13:31:34.099000,1.18377,1.18374,8150000,190000
2020-11-05 13:31:34.201000,1.18378,1.18374,9280000,190000
2020-11-05 13:31:34.303000,1.18382,1.18378,2250000,1010000
2020-11-05 13:31:34.404000,1.18381,1.18379,750000,1390000
2020-11-05 13:31:34.862000,1.18383,1.18379,450000,7790000
2020-11-05 13:31:34.963000,1.18382,1.18379,7780000,260000
2020-11-05 13:31:35.268000,1.18382,1.18378,7780000,7410000
2020-11-05 13:31:35.376000,1.18381,1.18378,7780000,190000
2020-11-05 13:31:35.477000,1.18379,1.18377,750000,7220000
2020-11-05 13:31:35.579000,1.18378,1.18374,7780000,1010000
2020-11-05 13:31:35.680000,1.18379,1.18374,10400000,1010000
2020-11-05 13:31:35.782000,1.18379,1.18375,8530000,940000
2020-11-05 13:31:35.934000,1.18379,1.18374,2250000,7490000
2020-11-05 13:31:36.087000,1.18377,1.18372,1500000,7490000
2020-11-05 13:31:36.443000,1.18376,1.18372,7780000,260000
2020-11-05 13:31:36.667000,1.18377,1.18372,10100000,190000
2020-11-05 13:31:36.891000,1.18376,1.18372,7780000,190000
2020-11-05 13:31:36.993000,1.18376,1.18374,7780000,2700000
2020-11-05 13:31:37.094000,1.18379,1.18376,7780000,190000
2020-11-05 13:31:37.195000,1.1838,1.18376,9350000,190000
2020-11-05 13:31:37.297000,1.18376,1.18374,750000,7220000
2020-11-05 13:31:37.398000,1.18377,1.18373,1880000,7300000
2020-11-05 13:31:37.501000,1.18376,1.18373,7780000,260000
2020-11-05 13:31:37.602000,1.18376,1.18374,750000,260000
2020-11-05 13:31:38.569000,1.18377,1.18374,7780000,940000
2020-11-05 13:31:38.671000,1.18378,1.18374,8150000,190000
2020-11-05 13:31:38.999000,1.18377,1.18374,7780000,190000
2020-11-05 13:31:39.250000,1.18378,1.18374,8150000,190000
2020-11-05 13:31:39.352000,1.18377,1.18373,7780000,190000
2020-11-05 13:31:39.815000,1.18377,1.18373,7780000,190000
2020-11-05 13:31:39.917000,1.18378,1.18375,7780000,820000
2020-11-05 13:31:40.018000,1.18379,1.18374,8530000,260000
2020-11-05 13:31:40.294000,1.18378,1.18374,7780000,260000
2020-11-05 13:31:40.616000,1.18377,1.18374,7780000,260000
2020-11-05 13:31:40.741000,1.18378,1.18374,7780000,260000
2020-11-05 13:31:40.895000,1.18377,1.18374,7780000,260000
2020-11-05 13:31:41.079000,1.18378,1.18374,7780000,260000
2020-11-05 13:31:41.276000,1.18377,1.18374,7780000,260000
2020-11-05 13:31:41.721000,1.1838,1.18377,830000,450000
2020-11-05 13:31:41.824000,1.18382,1.18379,7780000,750000
2020-11-05 13:31:42.280000,1.18382,1.18378,7780000,8240000
2020-11-05 13:31:42.475000,1.18381,1.1838,7780000,7220000
2020-11-05 13:31:42.627000,1.18382,1.18378,7780000,8990000
2020-11-05 13:31:43.506000,1.18383,1.18378,9730000,8990000
2020-11-05 13:31:44.968000,1.18382,1.18378,7780000,8240000
2020-11-05 13:31:45.119000,1.18383,1.18379,10100000,7220000
2020-11-05 13:31:45.386000,1.18382,1.18378,9730000,1690000
2020-11-05 13:31:45.589000,1.18382,1.18379,7780000,940000
2020-11-05 13:31:45.691000,1.18383,1.1838,7780000,2440000
2020-11-05 13:31:45.793000,1.18384,1.1838,10030000,1500000
2020-11-05 13:31:45.896000,1.18384,1.18381,10030000,190000
2020-11-05 13:31:45.998000,1.18384,1.1838,10030000,8910000
2020-11-05 13:31:46.100000,1.18384,1.1838,10030000,7410000
2020-11-05 13:31:46.151000,1.18382,1.18378,8600000,190000
2020-11-05 13:31:48.836000,1.1838,1.18377,190000,7970000
2020-11-05 13:31:49.587000,1.18378,1.18376,100000,7600000
2020-11-05 13:31:49.689000,1.18378,1.18375,7850000,7220000
2020-11-05 13:31:49.805000,1.18377,1.18375,7850000,9660000
2020-11-05 13:31:50.369000,1.18377,1.18374,7780000,190000
2020-11-05 13:31:51.065000,1.18376,1.18373,750000,8160000
2020-11-05 13:31:51.168000,1.18378,1.18375,4570000,1690000
2020-11-05 13:31:51.270000,1.1838,1.18377,8790000,750000
2020-11-05 13:31:51.756000,1.18379,1.18376,7780000,8800000
2020-11-05 13:31:51.858000,1.18377,1.18374,830000,370000
2020-11-05 13:31:51.909000,1.18376,1.18372,1500000,8610000
2020-11-05 13:31:52.162000,1.18377,1.18373,13100000,7220000
2020-11-05 13:31:52.808000,1.18377,1.18375,7780000,2510000
2020-11-05 13:31:52.910000,1.18378,1.18375,750000,2510000
2020-11-05 13:31:53.062000,1.18379,1.18376,7780000,190000
2020-11-05 13:31:53.798000,1.18378,1.18376,7780000,190000
2020-11-05 13:31:54.001000,1.18379,1.18376,8530000,190000
2020-11-05 13:31:55.936000,1.18379,1.18377,750000,820000
2020-11-05 13:31:55.987000,1.18382,1.18379,8900000,1500000
2020-11-05 13:31:56.089000,1.18379,1.18377,750000,7300000
2020-11-05 13:31:56.240000,1.18381,1.18378,9280000,7220000
2020-11-05 13:31:56.342000,1.1838,1.18377,8530000,7300000
2020-11-05 13:31:56.544000,1.1838,1.18376,8600000,1120000
2020-11-05 13:31:59.581000,1.1838,1.18377,750000,7220000
2020-11-05 13:31:59.691000,1.18379,1.18377,750000,7970000
2020-11-05 13:32:00.119000,1.18381,1.18376,11600000,7970000
2020-11-05 13:32:00.220000,1.18379,1.18376,7780000,10490000
2020-11-05 13:32:00.637000,1.18379,1.18375,7780000,10490000
2020-11-05 13:32:01.841000,1.1838,1.18375,8530000,10860000
2020-11-05 13:32:02.069000,1.1838,1.18376,8530000,7220000
2020-11-05 13:32:02.170000,1.18379,1.18376,7780000,7220000
2020-11-05 13:32:02.272000,1.18379,1.18377,7780000,5810000
2020-11-05 13:32:02.373000,1.1838,1.18377,7960000,750000
2020-11-05 13:32:02.525000,1.18379,1.18377,8710000,7970000
2020-11-05 13:32:02.779000,1.18379,1.18376,100000,750000
2020-11-05 13:32:02.880000,1.18379,1.18375,7850000,8910000
2020-11-05 13:32:03.032000,1.18378,1.18375,4950000,7220000
2020-11-05 13:32:03.083000,1.18376,1.18374,750000,7970000
2020-11-05 13:32:03.185000,1.18377,1.18374,370000,8800000
2020-11-05 13:32:03.286000,1.18379,1.18375,8530000,750000
2020-11-05 13:32:03.388000,1.18379,1.18376,750000,750000
2020-11-05 13:32:03.489000,1.1838,1.18376,9650000,750000
2020-11-05 13:32:04.773000,1.1838,1.18375,8530000,10110000
2020-11-05 13:32:05.019000,1.1838,1.18376,750000,940000
2020-11-05 13:32:05.171000,1.18379,1.18376,8530000,2890000
2020-11-05 13:32:05.323000,1.18379,1.18377,8530000,1690000
2020-11-05 13:32:05.988000,1.18379,1.18376,100000,750000
2020-11-05 13:32:06.089000,1.18377,1.18376,1570000,7220000
2020-11-05 13:32:06.191000,1.18376,1.18374,9280000,8240000
2020-11-05 13:32:06.293000,1.18377,1.18374,7780000,260000
2020-11-05 13:32:06.394000,1.18379,1.18375,9350000,190000
2020-11-05 13:32:06.805000,1.18378,1.18375,7780000,7490000
2020-11-05 13:32:07.352000,1.18379,1.18375,10030000,7490000
2020-11-05 13:32:07.566000,1.18378,1.18375,7780000,7490000
2020-11-05 13:32:07.667000,1.18379,1.18375,10030000,7490000
2020-11-05 13:32:07.866000,1.18378,1.18375,820000,7220000
2020-11-05 13:32:07.969000,1.18376,1.18373,750000,190000
2020-11-05 13:32:08.477000,1.18377,1.18373,8530000,7490000
2020-11-05 13:32:08.579000,1.18376,1.18373,8530000,190000
2020-11-05 13:32:08.800000,1.18377,1.18373,8600000,7410000
2020-11-05 13:32:09.614000,1.18376,1.18373,7780000,7410000
2020-11-05 13:32:10.527000,1.18376,1.18374,7780000,1010000
2020-11-05 13:32:10.629000,1.18377,1.18375,7780000,190000
2020-11-05 13:32:10.731000,1.18378,1.18375,7780000,190000
2020-11-05 13:32:11.693000,1.18378,1.18376,750000,7220000
2020-11-05 13:32:12.172000,1.18378,1.18375,750000,7410000
2020-11-05 13:32:12.354000,1.18378,1.18376,7780000,2890000
2020-11-05 13:32:12.405000,1.1838,1.18378,11530000,750000
2020-11-05 13:32:12.557000,1.18383,1.18379,8600000,7970000
2020-11-05 13:32:12.659000,1.18383,1.1838,7780000,7220000
2020-11-05 13:32:12.761000,1.18383,1.18379,7780000,9550000
2020-11-05 13:32:13.221000,1.18383,1.18381,10100000,940000
2020-11-05 13:32:14.658000,1.18386,1.18383,1310000,370000
2020-11-05 13:32:14.761000,1.18388,1.18386,2320000,5250000
2020-11-05 13:32:14.864000,1.18388,1.18384,1500000,6190000
2020-11-05 13:32:14.916000,1.18386,1.18384,750000,7220000
2020-11-05 13:32:15.018000,1.18385,1.18383,8530000,100000
2020-11-05 13:32:15.069000,1.18385,1.18381,9280000,11910000
2020-11-05 13:32:15.172000,1.18384,1.18381,370000,8160000
2020-11-05 13:32:15.276000,1.18383,1.1838,750000,8160000
2020-11-05 13:32:15.377000,1.18382,1.1838,750000,940000
2020-11-05 13:32:15.479000,1.18383,1.1838,8530000,7220000
2020-11-05 13:32:17.878000,1.18382,1.1838,750000,7220000
2020-11-05 13:32:17.980000,1.18381,1.18378,750000,8240000
2020-11-05 13:32:18.081000,1.18382,1.18379,750000,1010000
2020-11-05 13:32:18.183000,1.18383,1.1838,8530000,100000
2020-11-05 13:32:18.898000,1.18383,1.18381,7780000,190000
2020-11-05 13:32:19,1.18384,1.18382,750000,750000
2020-11-05 13:32:19.203000,1.18385,1.18382,2620000,750000
2020-11-05 13:32:19.312000,1.18385,1.18381,9650000,8160000
2020-11-05 13:32:19.421000,1.18384,1.18381,7780000,940000
2020-11-05 13:32:19.970000,1.18385,1.18381,8900000,940000
2020-11-05 13:32:20.071000,1.18384,1.18382,370000,370000
2020-11-05 13:32:20.122000,1.18387,1.18385,1120000,820000
2020-11-05 13:32:20.376000,1.18386,1.18383,8530000,190000
2020-11-05 13:32:20.942000,1.18385,1.18383,7780000,940000
2020-11-05 13:32:21.292000,1.18386,1.18383,8530000,8160000
2020-11-05 13:32:21.508000,1.18385,1.18383,8530000,9290000
2020-11-05 13:32:21.711000,1.18386,1.18383,7780000,190000
2020-11-05 13:32:22.166000,1.18385,1.18383,10030000,190000
2020-11-05 13:32:22.268000,1.18384,1.18382,7780000,8990000
2020-11-05 13:32:22.369000,1.18384,1.18381,370000,7220000
2020-11-05 13:32:22.521000,1.18384,1.18379,7850000,10410000
2020-11-05 13:32:22.623000,1.18384,1.18381,10400000,7600000
2020-11-05 13:32:23.396000,1.18385,1.18381,1870000,7220000
2020-11-05 13:32:23.598000,1.18385,1.1838,1870000,9100000
2020-11-05 13:32:24.462000,1.18385,1.18381,1120000,7220000
2020-11-05 13:32:24.665000,1.18384,1.18381,7780000,7220000
2020-11-05 13:32:24.913000,1.18385,1.18381,9280000,7220000
2020-11-05 13:32:25.160000,1.18384,1.1838,7780000,8350000
2020-11-05 13:32:25.262000,1.18384,1.18381,9280000,8350000
2020-11-05 13:32:25.363000,1.18385,1.18381,9280000,7220000
2020-11-05 13:32:25.465000,1.18385,1.1838,9280000,8350000
2020-11-05 13:32:25.667000,1.18385,1.18381,1870000,750000
2020-11-05 13:32:29.210000,1.18385,1.18383,7780000,3940000
2020-11-05 13:32:29.313000,1.18387,1.18384,7780000,8910000
2020-11-05 13:32:29.416000,1.18388,1.18384,7780000,9660000
2020-11-05 13:32:29.518000,1.18388,1.18385,7850000,7220000
2020-11-05 13:32:29.619000,1.18387,1.18385,750000,7220000
2020-11-05 13:32:29.721000,1.18388,1.18384,7850000,10040000
2020-11-05 13:32:30.093000,1.18387,1.18383,7780000,13410000
2020-11-05 13:32:30.194000,1.18388,1.18384,9350000,8160000
2020-11-05 13:32:30.598000,1.18386,1.18385,820000,7220000
2020-11-05 13:32:30.700000,1.18386,1.18383,7780000,7220000
2020-11-05 13:32:30.801000,1.18387,1.18382,8600000,9660000
2020-11-05 13:32:30.902000,1.18387,1.18383,8600000,7220000
2020-11-05 13:32:31.617000,1.18387,1.18385,7780000,940000
2020-11-05 13:32:31.719000,1.18389,1.18386,8530000,7970000
2020-11-05 13:32:32.053000,1.1839,1.18386,9460000,7970000
2020-11-05 13:32:32.370000,1.18389,1.18386,7780000,7970000
2020-11-05 13:32:32.471000,1.1839,1.18386,9460000,7970000
2020-11-05 13:32:32.573000,1.1839,1.18388,9840000,1120000
2020-11-05 13:32:32.675000,1.1839,1.18387,11040000,7220000
2020-11-05 13:32:32.776000,1.18389,1.18385,7780000,8160000
2020-11-05 13:32:33.185000,1.1839,1.18385,11040000,8160000
2020-11-05 13:32:33.292000,1.18388,1.18385,7780000,8160000
2020-11-05 13:32:33.393000,1.18389,1.18385,8900000,940000
2020-11-05 13:32:33.495000,1.18388,1.18385,7780000,750000
2020-11-05 13:32:33.596000,1.18386,1.18384,750000,10040000
2020-11-05 13:32:33.698000,1.18386,1.18383,8530000,190000
2020-11-05 13:32:34.221000,1.18386,1.18384,7780000,1690000
2020-11-05 13:32:34.323000,1.18388,1.18385,7780000,190000
2020-11-05 13:32:34.476000,1.18386,1.18385,370000,8720000
2020-11-05 13:32:34.578000,1.18387,1.18383,370000,8160000
2020-11-05 13:32:34.910000,1.18386,1.18383,7780000,940000
2020-11-05 13:32:35.019000,1.18387,1.18383,8150000,940000
2020-11-05 13:32:35.172000,1.18386,1.18383,7780000,8160000
2020-11-05 13:32:36.221000,1.18387,1.18383,8530000,9660000
2020-11-05 13:32:36.405000,1.18387,1.18384,7780000,190000
2020-11-05 13:32:36.507000,1.18386,1.18384,7780000,940000
2020-11-05 13:32:36.558000,1.18388,1.18384,8900000,940000
2020-11-05 13:32:37.776000,1.18388,1.18385,8530000,1310000
2020-11-05 13:32:37.878000,1.18388,1.18386,750000,750000
2020-11-05 13:32:38.030000,1.18387,1.18385,750000,750000
2020-11-05 13:32:38.132000,1.18387,1.18384,8530000,750000
2020-11-05 13:32:38.233000,1.18387,1.18383,8530000,9470000
2020-11-05 13:32:39.218000,1.18387,1.18384,8530000,7220000
2020-11-05 13:32:39.721000,1.18387,1.18383,8530000,8720000
2020-11-05 13:32:42.793000,1.18386,1.18383,7780000,8720000
2020-11-05 13:32:42.895000,1.18386,1.18384,7780000,750000
2020-11-05 13:32:42.946000,1.18388,1.18384,11530000,7970000
2020-11-05 13:32:44.018000,1.18387,1.18384,7780000,7970000
2020-11-05 13:32:44.371000,1.18388,1.18384,8530000,7970000
2020-11-05 13:32:44.704000,1.18387,1.18384,7780000,7970000
2020-11-05 13:32:44.805000,1.18386,1.18384,1500000,7220000
2020-11-05 13:32:44.856000,1.18386,1.18382,1500000,10790000
2020-11-05 13:32:45.485000,1.18385,1.18382,940000,1500000
2020-11-05 13:32:45.587000,1.18384,1.18382,7850000,750000
2020-11-05 13:32:45.638000,1.18384,1.1838,8600000,1870000
2020-11-05 13:32:46.029000,1.18383,1.1838,7780000,1120000
2020-11-05 13:32:46.384000,1.18383,1.18379,7780000,2060000
2020-11-05 13:32:46.486000,1.18383,1.1838,7780000,7220000
2020-11-05 13:32:46.637000,1.18384,1.1838,8900000,7220000
2020-11-05 13:32:46.804000,1.18383,1.1838,7780000,7220000
2020-11-05 13:32:48.136000,1.18383,1.18379,7780000,11160000
2020-11-05 13:32:48.238000,1.18384,1.1838,8530000,7970000
2020-11-05 13:32:48.289000,1.18382,1.1838,3070000,7220000
2020-11-05 13:32:48.340000,1.18381,1.18378,10850000,370000
2020-11-05 13:32:48.391000,1.18379,1.18377,750000,7300000
2020-11-05 13:32:48.492000,1.18379,1.18375,8530000,370000
2020-11-05 13:32:48.543000,1.18377,1.18374,750000,8160000
2020-11-05 13:32:48.645000,1.18378,1.18373,9730000,9290000
2020-11-05 13:32:48.747000,1.18376,1.18372,750000,9620000
2020-11-05 13:32:48.848000,1.18376,1.18374,7780000,370000
2020-11-05 13:32:48.899000,1.18378,1.18376,370000,750000
2020-11-05 13:32:49.001000,1.18378,1.18375,370000,1120000
2020-11-05 13:32:49.649000,1.18379,1.18375,7780000,2620000
2020-11-05 13:32:49.871000,1.18378,1.18375,7780000,2620000
2020-11-05 13:32:49.982000,1.18379,1.18375,7780000,2620000
2020-11-05 13:32:50.493000,1.18378,1.18375,750000,1500000
2020-11-05 13:32:50.646000,1.18378,1.18376,8530000,370000
2020-11-05 13:32:51.031000,1.18379,1.18376,9280000,370000
2020-11-05 13:32:51.210000,1.18378,1.18376,7780000,370000
2020-11-05 13:32:51.590000,1.18379,1.18376,1500000,370000
2020-11-05 13:32:51.691000,1.18378,1.18376,8530000,2620000
2020-11-05 13:32:51.793000,1.18378,1.18375,7780000,7970000
2020-11-05 13:32:51.945000,1.18377,1.18375,1950000,750000
2020-11-05 13:32:52.663000,1.18378,1.18375,7780000,1870000
2020-11-05 13:32:52.764000,1.18377,1.18374,9350000,750000
2020-11-05 13:32:53.802000,1.18376,1.18372,7780000,10220000
2020-11-05 13:32:54.004000,1.18376,1.18373,7780000,7220000
2020-11-05 13:32:54.236000,1.18376,1.18372,7780000,10970000
2020-11-05 13:32:54.460000,1.18376,1.18373,7780000,7220000
2020-11-05 13:32:54.662000,1.18375,1.18372,7780000,12470000
2020-11-05 13:32:54.991000,1.18375,1.18373,7780000,11720000
2020-11-05 13:32:55.529000,1.18375,1.18372,8530000,8350000
2020-11-05 13:32:55.631000,1.18374,1.18372,7780000,750000
2020-11-05 13:32:55.732000,1.18374,1.18371,7780000,8050000
2020-11-05 13:32:55.834000,1.18375,1.18371,9650000,750000
2020-11-05 13:32:55.935000,1.18374,1.1837,7780000,10600000
2020-11-05 13:32:56.148000,1.18373,1.1837,7780000,750000
2020-11-05 13:32:56.350000,1.18373,1.18369,7780000,2060000
2020-11-05 13:32:56.604000,1.1837,1.18369,1870000,370000
2020-11-05 13:32:56.705000,1.18369,1.18366,7780000,370000
2020-11-05 13:32:56.807000,1.18367,1.18366,4570000,940000
2020-11-05 13:32:56.908000,1.18367,1.18365,7780000,190000
2020-11-05 13:32:57.060000,1.18367,1.18365,9730000,190000
2020-11-05 13:32:57.162000,1.18366,1.18365,750000,190000
2020-11-05 13:32:57.314000,1.18366,1.18364,3820000,190000
2020-11-05 13:32:57.365000,1.18365,1.18362,7780000,190000
2020-11-05 13:32:57.467000,1.18365,1.18363,7780000,750000
2020-11-05 13:32:57.569000,1.18366,1.18363,8530000,750000
2020-11-05 13:32:57.675000,1.18366,1.18362,8530000,9170000
2020-11-05 13:32:57.776000,1.18366,1.18363,8530000,750000
2020-11-05 13:32:58.824000,1.18367,1.18364,10210000,7220000
2020-11-05 13:32:58.951000,1.18366,1.18364,1500000,7220000
2020-11-05 13:32:59.061000,1.18365,1.18363,7780000,750000
2020-11-05 13:32:59.213000,1.18365,1.18361,8530000,8800000
2020-11-05 13:32:59.315000,1.18364,1.18361,7780000,750000
2020-11-05 13:32:59.555000,1.18363,1.18361,7780000,750000
2020-11-05 13:32:59.667000,1.18363,1.18362,7780000,750000
2020-11-05 13:32:59.819000,1.18363,1.18361,7780000,750000
2020-11-05 13:33:01.066000,1.18366,1.18363,750000,1120000
2020-11-05 13:33:01.204000,1.18368,1.18366,8530000,750000
2020-11-05 13:33:01.356000,1.18372,1.18368,1090000,1500000
2020-11-05 13:33:01.407000,1.18369,1.18367,7780000,1310000
2020-11-05 13:33:01.458000,1.18371,1.18366,9730000,2320000
2020-11-05 13:33:01.509000,1.18368,1.18366,750000,2320000
2020-11-05 13:33:01.661000,1.1837,1.18366,7780000,8050000
2020-11-05 13:33:02.160000,1.18369,1.18366,7780000,820000
2020-11-05 13:33:02.313000,1.18369,1.18367,7780000,100000
2020-11-05 13:33:02.414000,1.1837,1.18367,8530000,100000
2020-11-05 13:33:02.617000,1.18371,1.18367,7780000,100000
2020-11-05 13:33:03.664000,1.18371,1.18368,7780000,750000
2020-11-05 13:33:03.766000,1.18371,1.18367,750000,100000
2020-11-05 13:33:03.917000,1.1837,1.18367,7780000,100000
2020-11-05 13:33:04.033000,1.1837,1.18368,7780000,750000
2020-11-05 13:33:04.135000,1.18373,1.18371,1120000,1870000
2020-11-05 13:33:04.237000,1.18373,1.18371,7780000,750000
2020-11-05 13:33:04.338000,1.18374,1.18371,7780000,750000
2020-11-05 13:33:04.440000,1.18375,1.18371,10780000,750000
2020-11-05 13:33:04.550000,1.18374,1.18371,7780000,750000
2020-11-05 13:33:04.653000,1.18374,1.18369,7850000,11050000
2020-11-05 13:33:04.756000,1.18373,1.18369,7780000,8350000
2020-11-05 13:33:04.858000,1.18373,1.18368,9650000,9850000
2020-11-05 13:33:04.910000,1.18371,1.18368,7780000,2250000
2020-11-05 13:33:05.062000,1.18371,1.18366,7780000,12850000
2020-11-05 13:33:05.165000,1.1837,1.18366,7780000,2250000
2020-11-05 13:33:05.462000,1.18371,1.18366,7780000,9470000
2020-11-05 13:33:05.730000,1.1837,1.18366,7780000,9470000
2020-11-05 13:33:06.030000,1.18369,1.18366,3370000,7970000
2020-11-05 13:33:06.132000,1.18368,1.18366,370000,750000
2020-11-05 13:33:07.573000,1.18369,1.18366,4120000,750000
2020-11-05 13:33:07.675000,1.18368,1.18366,7780000,750000
2020-11-05 13:33:07.776000,1.18369,1.18366,7780000,2250000
2020-11-05 13:33:07.828000,1.18371,1.18368,7780000,1500000
2020-11-05 13:33:08.083000,1.18372,1.18368,8530000,1500000
2020-11-05 13:33:08.692000,1.18373,1.18369,10780000,1120000
2020-11-05 13:33:08.794000,1.18373,1.18371,7780000,750000
2020-11-05 13:33:09.036000,1.18374,1.18371,9090000,750000
2020-11-05 13:33:09.239000,1.18374,1.18372,10290000,750000
2020-11-05 13:33:09.341000,1.18374,1.18372,7780000,750000
2020-11-05 13:33:09.392000,1.18377,1.18373,820000,1310000
2020-11-05 13:33:09.494000,1.18376,1.18374,15840000,750000
2020-11-05 13:33:09.545000,1.18376,1.18371,12350000,7970000
2020-11-05 13:33:09.653000,1.18375,1.18371,7780000,750000
2020-11-05 13:33:09.876000,1.18374,1.18371,7780000,750000
2020-11-05 13:33:10.130000,1.18375,1.18371,7780000,750000
2020-11-05 13:33:10.988000,1.18374,1.18371,7780000,7970000
2020-11-05 13:33:11.335000,1.18378,1.18375,450000,750000
2020-11-05 13:33:11.437000,1.1838,1.18376,750000,2250000
2020-11-05 13:33:11.539000,1.18379,1.18376,7780000,3000000
2020-11-05 13:33:11.640000,1.18381,1.18376,11600000,3000000
2020-11-05 13:33:11.742000,1.1838,1.18378,7780000,1120000
2020-11-05 13:33:11.845000,1.18383,1.1838,3750000,1120000
2020-11-05 13:33:11.947000,1.18385,1.18381,750000,2440000
2020-11-05 13:33:12.049000,1.18384,1.18381,7780000,2250000
2020-11-05 13:33:12.303000,1.18383,1.18381,7780000,10790000
2020-11-05 13:33:12.657000,1.18384,1.18381,8530000,750000
2020-11-05 13:33:12.968000,1.18383,1.18381,7780000,750000
2020-11-05 13:33:13.524000,1.18383,1.1838,7780000,1690000
2020-11-05 13:33:13.626000,1.18384,1.1838,7780000,1690000
2020-11-05 13:33:14.290000,1.18383,1.1838,7780000,1690000
2020-11-05 13:33:14.695000,1.18384,1.1838,8530000,1690000
2020-11-05 13:33:14.831000,1.18383,1.18381,7780000,750000
2020-11-05 13:33:14.882000,1.18386,1.18382,3000000,2510000
2020-11-05 13:33:14.983000,1.18385,1.18382,7780000,3940000
2020-11-05 13:33:15.034000,1.18387,1.18382,9350000,11160000
2020-11-05 13:33:15.135000,1.18387,1.18384,7780000,750000
2020-11-05 13:33:15.288000,1.18389,1.18386,8600000,1500000
2020-11-05 13:33:15.846000,1.1839,1.18388,7960000,750000
2020-11-05 13:33:16.201000,1.1839,1.18386,9840000,100000
2020-11-05 13:33:16.303000,1.18389,1.18386,7780000,100000
2020-11-05 13:33:16.405000,1.18389,1.18385,8600000,750000
2020-11-05 13:33:16.607000,1.18389,1.18384,8600000,14990000
2020-11-05 13:33:16.709000,1.18389,1.18385,8600000,7220000
2020-11-05 13:33:16.932000,1.18386,1.18385,2320000,7600000
2020-11-05 13:33:16.983000,1.18389,1.18385,7850000,8720000
2020-11-05 13:33:17.085000,1.18388,1.18385,7780000,1500000
2020-11-05 13:33:17.186000,1.18389,1.18385,100000,8720000
2020-11-05 13:33:17.338000,1.1839,1.18385,10100000,2320000
2020-11-05 13:33:17.576000,1.18389,1.18387,2320000,7220000
2020-11-05 13:33:17.893000,1.1839,1.18385,2320000,9550000
2020-11-05 13:33:17.995000,1.1839,1.18386,1570000,7220000
2020-11-05 13:33:18.096000,1.18391,1.18388,8790000,750000
2020-11-05 13:33:18.197000,1.1839,1.18387,190000,4870000
2020-11-05 13:33:18.450000,1.18392,1.18389,7850000,750000
2020-11-05 13:33:18.552000,1.18391,1.18389,9460000,300000
2020-11-05 13:33:18.653000,1.18389,1.18387,7780000,750000
2020-11-05 13:33:18.755000,1.1839,1.18387,8040000,750000
2020-11-05 13:33:19.079000,1.1839,1.18386,8710000,1120000
2020-11-05 13:33:19.217000,1.18389,1.18386,7780000,750000
2020-11-05 13:33:19.692000,1.18389,1.18387,7780000,370000
2020-11-05 13:33:19.743000,1.18392,1.18389,14040000,300000
2020-11-05 13:33:19.845000,1.18391,1.18389,8710000,300000
2020-11-05 13:33:20.149000,1.18392,1.1839,7090000,1050000
2020-11-05 13:33:20.200000,1.18391,1.18389,190000,300000
2020-11-05 13:33:21.343000,1.18392,1.18389,10290000,300000
2020-11-05 13:33:21.865000,1.1839,1.18388,100000,7600000
2020-11-05 13:33:21.967000,1.18392,1.18389,10030000,1800000
2020-11-05 13:33:22.069000,1.18396,1.18393,3150000,1870000
2020-11-05 13:33:22.174000,1.18396,1.18392,1500000,8910000
2020-11-05 13:33:22.326000,1.18393,1.1839,2250000,8540000
2020-11-05 13:33:23.450000,1.18393,1.18391,1500000,750000
2020-11-05 13:33:24.427000,1.18395,1.18394,7780000,2700000
2020-11-05 13:33:24.478000,1.18398,1.18396,820000,750000
2020-11-05 13:33:24.579000,1.18399,1.18396,7500000,750000
2020-11-05 13:33:24.681000,1.184,1.18396,7850000,750000
2020-11-05 13:33:24.782000,1.18401,1.18396,12540000,8800000
2020-11-05 13:33:24.884000,1.184,1.18396,7780000,8800000
2020-11-05 13:33:24.986000,1.18401,1.18397,10850000,7220000
2020-11-05 13:33:25.088000,1.18401,1.18398,7850000,1500000
2020-11-05 13:33:25.242000,1.18399,1.18397,100000,7220000
2020-11-05 13:33:25.343000,1.184,1.18396,8600000,7970000
2020-11-05 13:33:25.445000,1.18399,1.18395,7780000,9740000
2020-11-05 13:33:25.546000,1.18398,1.18395,7780000,4010000
2020-11-05 13:33:25.647000,1.18399,1.18395,7850000,9290000
2020-11-05 13:33:26.231000,1.18397,1.18394,8020000,7220000
2020-11-05 13:33:26.333000,1.18396,1.18393,10030000,750000
2020-11-05 13:33:26.434000,1.18395,1.18392,750000,1690000
2020-11-05 13:33:26.789000,1.18396,1.18392,9350000,1690000
2020-11-05 13:33:26.992000,1.18396,1.18393,7780000,750000
2020-11-05 13:33:27.302000,1.18397,1.18393,10480000,7970000
2020-11-05 13:33:27.454000,1.18398,1.18395,7780000,750000
2020-11-05 13:33:27.555000,1.18399,1.18395,9350000,750000
2020-11-05 13:33:28.741000,1.184,1.18396,9350000,3000000
2020-11-05 13:33:28.792000,1.18402,1.184,820000,750000
2020-11-05 13:33:28.893000,1.18403,1.18401,7960000,750000
2020-11-05 13:33:29.353000,1.18406,1.18404,7960000,1500000
2020-11-05 13:33:29.454000,1.18407,1.18404,940000,7220000
2020-11-05 13:33:29.556000,1.18408,1.18406,7780000,100000
2020-11-05 13:33:29.658000,1.18411,1.18408,13180000,750000
2020-11-05 13:33:29.860000,1.1841,1.18408,7780000,750000
2020-11-05 13:33:30.012000,1.18411,1.18408,1650000,750000
2020-11-05 13:33:30.063000,1.18409,1.18406,8150000,8800000
2020-11-05 13:33:30.165000,1.18407,1.18405,7780000,750000
2020-11-05 13:33:30.266000,1.18407,1.18404,7780000,1500000
2020-11-05 13:33:30.368000,1.18407,1.18403,7780000,1010000
2020-11-05 13:33:30.470000,1.18406,1.18403,750000,190000
2020-11-05 13:33:30.571000,1.18407,1.18406,7780000,750000
2020-11-05 13:33:30.622000,1.18409,1.18405,8530000,750000
2020-11-05 13:33:30.673000,1.18409,1.18407,9280000,1010000
2020-11-05 13:33:30.775000,1.1841,1.18407,9280000,190000
2020-11-05 13:33:31.244000,1.1841,1.18408,7780000,1500000
2020-11-05 13:33:31.346000,1.1841,1.18409,2250000,7970000
2020-11-05 13:33:31.447000,1.18411,1.18407,12350000,7220000
2020-11-05 13:33:31.498000,1.18407,1.18405,1500000,750000
2020-11-05 13:33:31.600000,1.18406,1.18403,2250000,940000
2020-11-05 13:33:31.752000,1.18405,1.18403,1570000,750000
2020-11-05 13:33:32.618000,1.18402,1.18401,1870000,7220000
2020-11-05 13:33:32.669000,1.18401,1.18399,1500000,100000
2020-11-05 13:33:32.872000,1.18403,1.184,8150000,940000
2020-11-05 13:33:33.074000,1.18404,1.184,10850000,940000
2020-11-05 13:33:33.796000,1.18404,1.18401,2620000,7970000
2020-11-05 13:33:33.898000,1.18401,1.18399,750000,100000
2020-11-05 13:33:33.999000,1.184,1.18398,750000,7220000
2020-11-05 13:33:34.101000,1.18402,1.184,1870000,100000
2020-11-05 13:33:34.203000,1.18402,1.18399,3000000,940000
2020-11-05 13:33:34.305000,1.18403,1.184,7780000,7300000
2020-11-05 13:33:34.833000,1.18404,1.18401,14150000,7220000
2020-11-05 13:33:34.999000,1.18404,1.184,14150000,7490000
2020-11-05 13:33:35.106000,1.18404,1.18401,13780000,750000
2020-11-05 13:33:35.527000,1.18403,1.184,3750000,7220000
2020-11-05 13:33:35.578000,1.18402,1.18398,8530000,3820000
2020-11-05 13:33:35.680000,1.18401,1.18398,7780000,820000
2020-11-05 13:33:35.808000,1.18402,1.18398,10030000,820000
2020-11-05 13:33:36.021000,1.18401,1.18398,7780000,820000
2020-11-05 13:33:36.258000,1.18402,1.18398,10030000,820000
2020-11-05 13:33:37.657000,1.18402,1.18399,9280000,7220000
2020-11-05 13:33:37.759000,1.18402,1.184,7780000,100000
2020-11-05 13:33:37.861000,1.18403,1.184,7780000,260000
2020-11-05 13:33:37.963000,1.18404,1.184,15650000,260000
2020-11-05 13:33:38.064000,1.18403,1.184,7780000,260000
2020-11-05 13:33:38.165000,1.18404,1.18401,15280000,7970000
2020-11-05 13:33:38.577000,1.18404,1.184,15650000,260000
2020-11-05 13:33:38.679000,1.18404,1.18402,8530000,2250000
2020-11-05 13:33:38.730000,1.18406,1.18404,750000,100000
2020-11-05 13:33:38.831000,1.18406,1.18403,750000,9470000
2020-11-05 13:33:38.933000,1.18409,1.18407,190000,100000
2020-11-05 13:33:39.035000,1.18411,1.18407,11150000,100000
2020-11-05 13:33:39.572000,1.18411,1.18408,10030000,7220000
2020-11-05 13:33:39.794000,1.18411,1.18409,7780000,370000
2020-11-05 13:33:39.845000,1.18413,1.18411,7780000,100000
2020-11-05 13:33:39.946000,1.18415,1.18412,9840000,100000
2020-11-05 13:33:40.901000,1.18415,1.18411,10590000,100000
2020-11-05 13:33:41.002000,1.18414,1.1841,1500000,1090000
2020-11-05 13:33:41.154000,1.18412,1.1841,750000,1090000
2020-11-05 13:33:41.418000,1.1841,1.18408,750000,7300000
2020-11-05 13:33:41.520000,1.1841,1.18407,370000,260000
2020-11-05 13:33:41.787000,1.18409,1.18407,7780000,260000
2020-11-05 13:33:41.932000,1.1841,1.18407,8150000,260000
2020-11-05 13:33:42.230000,1.18409,1.18407,7780000,260000
2020-11-05 13:33:42.592000,1.18407,1.18405,2250000,7220000
2020-11-05 13:33:42.694000,1.18407,1.18404,8530000,940000
2020-11-05 13:33:42.846000,1.18406,1.18404,1120000,260000
2020-11-05 13:33:43.306000,1.18407,1.18404,8530000,100000
2020-11-05 13:33:43.612000,1.18406,1.18404,7780000,100000
2020-11-05 13:33:43.816000,1.18407,1.18404,8530000,100000
2020-11-05 13:33:43.918000,1.18405,1.18403,750000,7220000
2020-11-05 13:33:44.019000,1.18404,1.18401,750000,8050000
2020-11-05 13:33:44.121000,1.18403,1.18401,370000,100000
2020-11-05 13:33:44.223000,1.18402,1.184,750000,100000
2020-11-05 13:33:44.425000,1.18402,1.18401,1120000,100000
2020-11-05 13:33:44.527000,1.18403,1.18401,750000,750000
2020-11-05 13:33:44.629000,1.18405,1.18402,8900000,100000
2020-11-05 13:33:44.932000,1.18405,1.18403,8530000,100000
2020-11-05 13:33:45.034000,1.18405,1.18402,750000,7670000
2020-11-05 13:33:45.517000,1.18406,1.18403,7780000,370000
2020-11-05 13:33:45.568000,1.18409,1.18407,1570000,100000
2020-11-05 13:33:45.720000,1.18412,1.1841,940000,100000
2020-11-05 13:33:46.828000,1.18412,1.18409,10030000,7300000
2020-11-05 13:33:46.930000,1.18411,1.18409,8150000,100000
2020-11-05 13:33:47.627000,1.18412,1.1841,8900000,100000
2020-11-05 13:33:47.729000,1.18412,1.18409,750000,8720000
2020-11-05 13:33:48.335000,1.18413,1.18411,8530000,100000
2020-11-05 13:33:48.558000,1.18411,1.18409,750000,750000
2020-11-05 13:33:48.761000,1.1841,1.18408,750000,100000
2020-11-05 13:33:48.863000,1.1841,1.18407,750000,100000
2020-11-05 13:33:49.020000,1.18409,1.18407,750000,100000
2020-11-05 13:33:51.367000,1.18409,1.18406,8530000,100000
2020-11-05 13:33:51.418000,1.18412,1.1841,2320000,100000
2020-11-05 13:33:51.469000,1.18414,1.18412,750000,750000
2020-11-05 13:33:51.571000,1.18416,1.18414,1500000,750000
2020-11-05 13:33:51.672000,1.18417,1.18414,3190000,750000
2020-11-05 13:33:51.774000,1.18418,1.18415,940000,100000
2020-11-05 13:33:51.876000,1.18417,1.18415,750000,7370000
2020-11-05 13:33:51.977000,1.18416,1.18413,8000000,1010000
2020-11-05 13:33:52.078000,1.18417,1.18415,7630000,100000
2020-11-05 13:33:52.180000,1.18417,1.18414,7630000,260000
2020-11-05 13:33:52.282000,1.18417,1.18413,370000,7820000
2020-11-05 13:33:52.383000,1.18416,1.18413,1500000,7820000
2020-11-05 13:33:52.746000,1.18417,1.18413,8750000,450000
2020-11-05 13:33:52.847000,1.18417,1.18414,8380000,100000
2020-11-05 13:33:53.092000,1.18417,1.18413,8380000,7820000
2020-11-05 13:33:54.089000,1.18416,1.18412,750000,7450000
2020-11-05 13:33:54.190000,1.18415,1.18412,750000,100000
2020-11-05 13:33:54.241000,1.18414,1.1841,1500000,7450000
2020-11-05 13:33:54.444000,1.18414,1.18411,750000,7370000
2020-11-05 13:33:54.546000,1.18415,1.18411,750000,8950000
2020-11-05 13:33:54.647000,1.18416,1.18412,7630000,820000
2020-11-05 13:33:54.749000,1.18417,1.18413,8750000,370000
2020-11-05 13:33:55.073000,1.18417,1.18414,8000000,820000
2020-11-05 13:33:55.175000,1.18418,1.18415,8380000,260000
2020-11-05 13:33:55.277000,1.18417,1.18415,750000,7370000
2020-11-05 13:33:55.328000,1.18416,1.18413,750000,370000
2020-11-05 13:33:55.378000,1.18416,1.18412,1500000,7450000
2020-11-05 13:33:55.733000,1.18417,1.18414,1120000,260000
2020-11-05 13:33:55.834000,1.18418,1.18414,8750000,3070000
2020-11-05 13:33:55.936000,1.18418,1.18415,100000,7370000
2020-11-05 13:33:56.038000,1.18419,1.18415,8450000,7370000
2020-11-05 13:33:56.494000,1.18417,1.18415,750000,7370000
2020-11-05 13:33:56.545000,1.18417,1.18413,750000,12140000
2020-11-05 13:33:56.646000,1.18415,1.18414,750000,8950000
2020-11-05 13:33:57.933000,1.18416,1.18414,750000,7370000
2020-11-05 13:33:58.181000,1.18417,1.18414,8380000,7370000
2020-11-05 13:33:58.283000,1.18416,1.18414,8380000,8570000
2020-11-05 13:33:58.706000,1.18417,1.18415,8380000,190000
2020-11-05 13:33:58.808000,1.18418,1.18415,7630000,1010000
2020-11-05 13:33:58.910000,1.18419,1.18416,8380000,7370000
2020-11-05 13:33:59.063000,1.18419,1.18415,750000,1010000
2020-11-05 13:33:59.166000,1.18419,1.18416,7630000,7450000
2020-11-05 13:33:59.320000,1.1842,1.18416,8560000,8200000
2020-11-05 13:33:59.800000,1.18419,1.18416,7630000,8200000
2020-11-05 13:33:59.923000,1.18421,1.18419,370000,450000
2020-11-05 13:34:00.025000,1.18423,1.1842,750000,750000
2020-11-05 13:34:00.227000,1.18423,1.18421,7630000,100000
2020-11-05 13:34:00.278000,1.18425,1.18421,8750000,7450000
2020-11-05 13:34:00.379000,1.18425,1.18421,8380000,7450000
2020-11-05 13:34:00.481000,1.18423,1.18421,750000,8120000
2020-11-05 13:34:00.583000,1.18423,1.1842,7630000,8760000
2020-11-05 13:34:00.684000,1.18424,1.18421,7630000,1200000
2020-11-05 13:34:00.786000,1.18425,1.18421,8380000,1950000
2020-11-05 13:34:00.888000,1.18425,1.18422,750000,7370000
2020-11-05 13:34:00.989000,1.18426,1.18422,8000000,820000
2020-11-05 13:34:01.091000,1.18424,1.18422,750000,7370000
2020-11-05 13:34:01.194000,1.18424,1.18421,4950000,750000
2020-11-05 13:34:01.296000,1.18423,1.1842,7630000,190000
2020-11-05 13:34:01.399000,1.18424,1.1842,9200000,190000
2020-11-05 13:34:01.624000,1.18424,1.18419,10510000,100000
2020-11-05 13:34:01.726000,1.18422,1.18419,8750000,190000
2020-11-05 13:34:01.827000,1.18422,1.18418,8750000,1570000
2020-11-05 13:34:01.929000,1.18419,1.18417,750000,100000
2020-11-05 13:34:01.980000,1.18421,1.18417,9130000,100000
2020-11-05 13:34:02.082000,1.1842,1.18416,7630000,750000
2020-11-05 13:34:02.935000,1.18421,1.18416,9500000,750000
2020-11-05 13:34:03.036000,1.1842,1.18416,7630000,750000
2020-11-05 13:34:04.515000,1.18418,1.18415,100000,4870000
2020-11-05 13:34:04.617000,1.18416,1.18414,3450000,8120000
2020-11-05 13:34:04.668000,1.18412,1.1841,750000,2060000
2020-11-05 13:34:04.820000,1.18414,1.18411,7630000,100000
2020-11-05 13:34:04.922000,1.18412,1.18409,1870000,7750000
2020-11-05 13:34:04.973000,1.18408,1.18406,750000,190000
2020-11-05 13:34:05.075000,1.18409,1.18405,7630000,13070000
2020-11-05 13:34:05.177000,1.1841,1.18405,9690000,5700000
2020-11-05 13:34:05.278000,1.18409,1.18405,7630000,5320000
2020-11-05 13:34:05.481000,1.1841,1.18408,7630000,820000
2020-11-05 13:34:05.583000,1.18414,1.18411,7500000,750000
2020-11-05 13:34:05.685000,1.18413,1.1841,9130000,8120000
2020-11-05 13:34:05.736000,1.18415,1.18412,4570000,7370000
2020-11-05 13:34:05.837000,1.18414,1.1841,8380000,8870000
2020-11-05 13:34:06.040000,1.18413,1.1841,7630000,750000
2020-11-05 13:34:06.142000,1.18415,1.18411,7630000,7820000
2020-11-05 13:34:06.244000,1.18416,1.18412,8380000,8200000
2020-11-05 13:34:06.497000,1.18416,1.18413,11450000,9890000
2020-11-05 13:34:06.547000,1.18417,1.18414,7630000,750000
2020-11-05 13:34:06.649000,1.18418,1.18415,9130000,370000
2020-11-05 13:34:06.902000,1.18418,1.18414,1500000,7450000
2020-11-05 13:34:07.127000,1.18417,1.18414,7630000,100000
2020-11-05 13:34:07.338000,1.18418,1.18414,8380000,7450000
2020-11-05 13:34:07.440000,1.18416,1.18413,7630000,1570000
2020-11-05 13:34:07.593000,1.18418,1.18414,1500000,370000
2020-11-05 13:34:07.928000,1.18417,1.18414,7630000,370000
2020-11-05 13:34:08.029000,1.18416,1.18413,7630000,9320000
2020-11-05 13:34:08.248000,1.18417,1.18413,8380000,8200000
2020-11-05 13:34:08.514000,1.18418,1.18415,7630000,750000
2020-11-05 13:34:08.616000,1.18419,1.18415,8380000,8870000
2020-11-05 13:34:08.842000,1.18419,1.18414,9500000,8200000
2020-11-05 13:34:08.944000,1.18418,1.18414,7630000,750000
2020-11-05 13:34:10.420000,1.18417,1.18413,1120000,370000
2020-11-05 13:34:10.522000,1.18415,1.18412,370000,7370000
2020-11-05 13:34:10.573000,1.18412,1.1841,750000,7750000
2020-11-05 13:34:10.726000,1.18412,1.18409,9130000,190000
2020-11-05 13:34:10.827000,1.18411,1.18409,7630000,190000
2020-11-05 13:34:11.278000,1.18413,1.18411,1500000,190000
2020-11-05 13:34:11.380000,1.18414,1.18411,7630000,8390000
2020-11-05 13:34:11.482000,1.18414,1.18412,7630000,8390000
2020-11-05 13:34:11.882000,1.18414,1.18411,7630000,8760000
2020-11-05 13:34:12.034000,1.18415,1.18412,8000000,7370000
2020-11-05 13:34:12.313000,1.18416,1.18412,9130000,7370000
2020-11-05 13:34:12.469000,1.18416,1.18411,9130000,8760000
2020-11-05 13:34:12.621000,1.18414,1.18412,5440000,8120000
2020-11-05 13:34:12.723000,1.18414,1.1841,8380000,750000
2020-11-05 13:34:12.824000,1.18413,1.1841,7630000,750000
2020-11-05 13:34:12.875000,1.18411,1.18409,2700000,7750000
2020-11-05 13:34:13.028000,1.18411,1.18407,7630000,9810000
2020-11-05 13:34:13.231000,1.1841,1.18407,7630000,2250000
2020-11-05 13:34:13.380000,1.18411,1.18407,7630000,2250000
2020-11-05 13:34:13.935000,1.1841,1.18407,7630000,1500000
2020-11-05 13:34:14.171000,1.18411,1.18407,7630000,1870000
2020-11-05 13:34:14.490000,1.18412,1.18408,9880000,100000
2020-11-05 13:34:14.592000,1.18411,1.18407,7630000,1870000
2020-11-05 13:34:14.844000,1.18412,1.18407,9130000,1870000
2020-11-05 13:34:15.145000,1.18411,1.18407,7630000,1120000
2020-11-05 13:34:15.915000,1.18411,1.18406,7630000,1690000
2020-11-05 13:34:18.076000,1.18409,1.18407,750000,1120000
2020-11-05 13:34:18.178000,1.1841,1.18406,1500000,750000
2020-11-05 13:34:18.431000,1.18409,1.18406,8380000,750000
2020-11-05 13:34:19.093000,1.18408,1.18406,9880000,750000
2020-11-05 13:34:19.400000,1.18406,1.18404,750000,7370000
2020-11-05 13:34:19.501000,1.18408,1.18403,9130000,8200000
2020-11-05 13:34:19.622000,1.18407,1.18403,7630000,8200000
2020-11-05 13:34:19.723000,1.18408,1.18403,9130000,8200000
2020-11-05 13:34:19.825000,1.18405,1.18404,750000,7370000
2020-11-05 13:34:19.927000,1.18406,1.18402,8380000,8200000
2020-11-05 13:34:20.028000,1.18406,1.18403,7630000,820000
2020-11-05 13:34:20.130000,1.18408,1.18405,750000,750000
2020-11-05 13:34:20.231000,1.18409,1.18405,10810000,750000
2020-11-05 13:34:20.456000,1.18408,1.18405,7630000,750000
2020-11-05 13:34:21.225000,1.18407,1.18404,1500000,1120000
2020-11-05 13:34:21.326000,1.18407,1.18403,9310000,750000
2020-11-05 13:34:21.428000,1.18404,1.18402,10060000,8570000
2020-11-05 13:34:21.530000,1.18404,1.18401,10630000,4390000
2020-11-05 13:34:21.632000,1.18403,1.184,3000000,190000
2020-11-05 13:34:21.785000,1.18404,1.184,4500000,940000
2020-11-05 13:34:21.901000,1.18403,1.184,7630000,8310000
2020-11-05 13:34:22.003000,1.18404,1.184,9130000,8310000
2020-11-05 13:34:22.155000,1.18404,1.18401,9880000,100000
2020-11-05 13:34:22.409000,1.18404,1.18403,7630000,1500000
2020-11-05 13:34:22.511000,1.18406,1.18404,7630000,820000
2020-11-05 13:34:22.562000,1.18409,1.18405,1760000,1120000
2020-11-05 13:34:23.069000,1.18408,1.18405,7630000,750000
2020-11-05 13:34:23.171000,1.18408,1.18403,9690000,4200000
2020-11-05 13:34:23.222000,1.18406,1.18403,750000,1200000
2020-11-05 13:34:23.722000,1.18407,1.18403,8380000,1200000
2020-11-05 13:34:24.177000,1.18405,1.18404,8380000,7370000
2020-11-05 13:34:24.279000,1.18406,1.18402,750000,12320000
2020-11-05 13:34:24.639000,1.18405,1.18402,750000,8210000
2020-11-05 13:34:24.742000,1.18404,1.18401,750000,8140000
2020-11-05 13:34:24.845000,1.18403,1.184,7630000,4410000
2020-11-05 13:34:24.947000,1.18404,1.184,8380000,11780000
2020-11-05 13:34:25.049000,1.18405,1.18401,8380000,8950000
2020-11-05 13:34:25.150000,1.18406,1.18402,9310000,8950000
2020-11-05 13:34:26.519000,1.18406,1.18403,7630000,1120000
2020-11-05 13:34:26.885000,1.18407,1.18405,750000,750000
2020-11-05 13:34:26.936000,1.18409,1.18405,1760000,750000
2020-11-05 13:34:26.987000,1.18407,1.18404,7630000,7750000
2020-11-05 13:34:27.189000,1.18407,1.18403,7630000,8780000
2020-11-05 13:34:27.509000,1.18407,1.18404,8000000,7370000
2020-11-05 13:34:27.767000,1.18407,1.18403,8000000,8780000
2020-11-05 13:34:27.926000,1.18406,1.18403,7630000,8780000
2020-11-05 13:34:28.371000,1.18407,1.18403,8000000,8780000
2020-11-05 13:34:29.017000,1.18407,1.18404,8000000,7370000
2020-11-05 13:34:29.243000,1.18407,1.18403,370000,8780000
