time,ask,bid,ask_volume,bid_volume
2017-12-28 15:55:00.200000,1.19443,1.19442,1310000,1310000
2017-12-28 15:55:00.740000,1.19443,1.1944,1500000,8620000
2017-12-28 15:55:01.646000,1.19441,1.1944,1870000,2400000
2017-12-28 15:55:01.801000,1.19439,1.19436,1120000,6490000
2017-12-28 15:55:02.312000,1.19438,1.19436,1000000,1500000
2017-12-28 15:55:02.848000,1.19438,1.19436,1500000,3370000
2017-12-28 15:55:04.232000,1.19439,1.19437,4120000,1000000
2017-12-28 15:55:04.286000,1.1944,1.19439,1000000,1500000
2017-12-28 15:55:04.798000,1.19439,1.19436,2140000,2810000
2017-12-28 15:55:05.418000,1.19439,1.19436,1500000,1120000
2017-12-28 15:55:05.923000,1.19439,1.19435,1500000,9640000
2017-12-28 15:55:06.215000,1.19438,1.19435,1370000,2620000
2017-12-28 15:55:06.819000,1.19438,1.19436,1120000,1000000
2017-12-28 15:55:06.876000,1.19439,1.19436,2250000,3370000
2017-12-28 15:55:07.377000,1.1944,1.19438,2620000,1000000
2017-12-28 15:55:07.570000,1.19439,1.19437,1870000,1000000
2017-12-28 15:55:07.674000,1.19439,1.19436,4500000,1500000
2017-12-28 15:55:08.183000,1.19437,1.19434,2060000,5250000
2017-12-28 15:55:08.805000,1.19437,1.19434,3000000,1000000
2017-12-28 15:55:09.063000,1.19435,1.19432,3920000,5810000
2017-12-28 15:55:09.375000,1.19433,1.19431,1000000,1500000
2017-12-28 15:55:09.894000,1.19431,1.19429,3940000,1870000
2017-12-28 15:55:09.947000,1.1943,1.19427,9560000,4570000
2017-12-28 15:55:10.108000,1.19427,1.19424,4310000,2620000
2017-12-28 15:55:10.575000,1.19424,1.19423,1000000,1120000
2017-12-28 15:55:10.852000,1.1942,1.19418,1120000,1120000
2017-12-28 15:55:11.838000,1.19421,1.19419,1000000,2250000
2017-12-28 15:55:11.952000,1.19423,1.19421,2440000,1000000
2017-12-28 15:55:12.473000,1.19423,1.19419,4690000,5890000
2017-12-28 15:55:12.808000,1.19425,1.19423,1500000,3820000
2017-12-28 15:55:13.022000,1.19422,1.19418,6190000,1200000
2017-12-28 15:55:13.459000,1.19419,1.19416,1250000,4120000
2017-12-28 15:55:13.822000,1.19417,1.19415,1000000,1870000
2017-12-28 15:55:14.374000,1.19417,1.19413,1000000,9450000
2017-12-28 15:55:15.056000,1.19415,1.19413,1000000,3000000
2017-12-28 15:55:15.108000,1.19417,1.19413,6260000,6070000
2017-12-28 15:55:15.317000,1.19415,1.19414,1000000,1500000
2017-12-28 15:55:15.613000,1.19412,1.19409,1000000,1950000
2017-12-28 15:55:16.150000,1.19412,1.1941,1000000,1000000
2017-12-28 15:55:16.359000,1.19409,1.19408,1000000,1100000
2017-12-28 15:55:16.726000,1.19409,1.19405,3190000,3820000
2017-12-28 15:55:17.038000,1.19407,1.19404,1870000,3520000
2017-12-28 15:55:17.576000,1.19408,1.19406,1000000,2700000
2017-12-28 15:55:17.837000,1.19413,1.1941,4500000,1000000
2017-12-28 15:55:18.044000,1.19411,1.19409,1500000,1570000
2017-12-28 15:55:18.201000,1.19409,1.19406,1000000,1200000
2017-12-28 15:55:18.306000,1.19407,1.19406,1500000,1200000
2017-12-28 15:55:19.186000,1.19409,1.19407,2250000,1000000
2017-12-28 15:55:19.290000,1.19409,1.19405,2250000,5770000
2017-12-28 15:55:19.497000,1.19409,1.19406,1120000,1950000
2017-12-28 15:55:20.155000,1.19409,1.19407,1120000,1500000
2017-12-28 15:55:20.835000,1.19409,1.19406,2620000,1120000
2017-12-28 15:55:21.347000,1.19408,1.19406,1000000,1000000
2017-12-28 15:55:21.402000,1.19407,1.19404,6000000,1570000
2017-12-28 15:55:21.561000,1.19405,1.19401,3370000,1760000
2017-12-28 15:55:21.666000,1.19407,1.19404,6750000,1500000
2017-12-28 15:55:21.719000,1.19409,1.19405,1120000,3820000
2017-12-28 15:55:22.239000,1.1941,1.19405,2620000,2320000
2017-12-28 15:55:22.775000,1.19409,1.19405,2700000,1950000
2017-12-28 15:55:23.495000,1.19408,1.19405,1000000,1950000
2017-12-28 15:55:24.153000,1.19406,1.19403,1570000,3190000
2017-12-28 15:55:24.469000,1.19408,1.19405,3370000,1120000
2017-12-28 15:55:24.982000,1.19406,1.19404,1000000,1120000
2017-12-28 15:55:25.522000,1.19407,1.19404,3000000,1000000
2017-12-28 15:55:26.288000,1.19405,1.19403,1000000,1500000
2017-12-28 15:55:27.126000,1.19406,1.19401,3370000,5700000
2017-12-28 15:55:27.633000,1.19406,1.19404,1120000,1000000
2017-12-28 15:55:28.136000,1.19406,1.19403,1200000,1120000
2017-12-28 15:55:28.786000,1.19407,1.19403,3190000,5620000
2017-12-28 15:55:29.403000,1.19407,1.19403,4500000,3370000
2017-12-28 15:55:29.461000,1.19405,1.19402,1370000,3370000
2017-12-28 15:55:29.623000,1.19407,1.19404,5060000,1120000
2017-12-28 15:55:31.211000,1.19407,1.19404,2770000,1000000
2017-12-28 15:55:31.549000,1.19406,1.19403,3000000,1120000
2017-12-28 15:55:32.071000,1.19406,1.19402,4690000,1570000
2017-12-28 15:55:32.772000,1.19406,1.19404,4500000,1000000
2017-12-28 15:55:33.298000,1.19406,1.19403,3970000,1120000
2017-12-28 15:55:33.833000,1.19407,1.19404,3600000,2250000
2017-12-28 15:55:33.990000,1.19407,1.19404,2470000,1000000
2017-12-28 15:55:34.261000,1.19402,1.19401,8400000,1570000
2017-12-28 15:55:34.316000,1.19398,1.19396,1270000,3370000
2017-12-28 15:55:34.498000,1.194,1.19397,1200000,2250000
2017-12-28 15:55:34.620000,1.19402,1.19401,1200000,1120000
2017-12-28 15:55:34.674000,1.19405,1.19403,1000000,1000000
2017-12-28 15:55:34.779000,1.19407,1.19403,1650000,3070000
2017-12-28 15:55:34.832000,1.19407,1.19403,2400000,4570000
2017-12-28 15:55:35.535000,1.19408,1.19405,1000000,2700000
2017-12-28 15:55:36.206000,1.19408,1.19405,1100000,2620000
2017-12-28 15:55:36.722000,1.19408,1.19405,1570000,3370000
2017-12-28 15:55:36.775000,1.19407,1.19404,6000000,1950000
2017-12-28 15:55:37.309000,1.19407,1.19403,1570000,3560000
2017-12-28 15:55:37.515000,1.19407,1.19405,1570000,1000000
2017-12-28 15:55:38.145000,1.19408,1.19405,7580000,1000000
2017-12-28 15:55:38.733000,1.19406,1.19403,1120000,3000000
2017-12-28 15:55:39.303000,1.19404,1.19401,1120000,3000000
2017-12-28 15:55:40.663000,1.19404,1.19401,1570000,1370000
2017-12-28 15:55:41.541000,1.19404,1.19401,2700000,1000000
2017-12-28 15:55:42.146000,1.19404,1.194,3070000,3520000
2017-12-28 15:55:42.762000,1.19403,1.19401,1200000,1000000
2017-12-28 15:55:43.272000,1.19404,1.194,6450000,3150000
2017-12-28 15:55:43.787000,1.19403,1.19401,2700000,1000000
2017-12-28 15:55:44.333000,1.19403,1.194,3450000,1200000
2017-12-28 15:55:44.984000,1.19401,1.19398,4200000,1270000
2017-12-28 15:55:45.037000,1.19401,1.19398,7200000,1120000
2017-12-28 15:55:45.576000,1.194,1.19397,5810000,1500000
2017-12-28 15:55:46.142000,1.19399,1.19396,2250000,1000000
2017-12-28 15:55:47.366000,1.19399,1.19396,1500000,1570000
2017-12-28 15:55:48.649000,1.19399,1.19396,1120000,1570000
2017-12-28 15:55:49.192000,1.19397,1.19394,2250000,1760000
2017-12-28 15:55:49.727000,1.19397,1.19394,2320000,1000000
2017-12-28 15:55:50.244000,1.19397,1.19393,5140000,2700000
2017-12-28 15:55:50.647000,1.19392,1.19391,1000000,1120000
2017-12-28 15:55:50.700000,1.19393,1.1939,2320000,2250000
2017-12-28 15:55:51.011000,1.19392,1.19389,1950000,1650000
2017-12-28 15:55:51.376000,1.1939,1.19386,9000000,2440000
2017-12-28 15:55:52.488000,1.19389,1.19384,8440000,5710000
2017-12-28 15:55:53.094000,1.19389,1.19387,1000000,1000000
2017-12-28 15:55:53.544000,1.19389,1.19385,4940000,1500000
2017-12-28 15:55:54.053000,1.19389,1.19384,5320000,6370000
2017-12-28 15:55:54.208000,1.19387,1.19383,12070000,8620000
2017-12-28 15:55:54.484000,1.19385,1.19381,6070000,2620000
2017-12-28 15:55:54.641000,1.19384,1.1938,1120000,2170000
2017-12-28 15:55:54.798000,1.19384,1.19382,3820000,1120000
2017-12-28 15:55:55.264000,1.19386,1.19383,1570000,1000000
2017-12-28 15:55:55.471000,1.19387,1.19385,4390000,1000000
2017-12-28 15:55:55.995000,1.19387,1.19384,1950000,2250000
2017-12-28 15:55:56.434000,1.19386,1.19382,1200000,2620000
2017-12-28 15:55:57.021000,1.19386,1.19382,1000000,4120000
2017-12-28 15:55:57.503000,1.19385,1.19381,9450000,1470000
2017-12-28 15:55:58.025000,1.19385,1.19381,7010000,2620000
2017-12-28 15:55:59.003000,1.19383,1.19379,8320000,1000000
2017-12-28 15:55:59.158000,1.19382,1.19379,10690000,1000000
2017-12-28 15:56:00.091000,1.19381,1.19379,1120000,1000000
2017-12-28 15:56:00.625000,1.19382,1.1938,2060000,2320000
2017-12-28 15:56:00.997000,1.19383,1.19381,4500000,1950000
2017-12-28 15:56:01.255000,1.19384,1.19382,3750000,1200000
2017-12-28 15:56:01.511000,1.19387,1.19384,3370000,1200000
2017-12-28 15:56:02.463000,1.19384,1.19382,2250000,2620000
2017-12-28 15:56:02.516000,1.19382,1.19381,1000000,1950000
2017-12-28 15:56:02.672000,1.19384,1.19382,1000000,1570000
2017-12-28 15:56:02.859000,1.19382,1.19381,1000000,1950000
2017-12-28 15:56:02.913000,1.19382,1.1938,1000000,1000000
2017-12-28 15:56:03.431000,1.19383,1.19379,2700000,2620000
2017-12-28 15:56:03.982000,1.19382,1.19379,3070000,1870000
2017-12-28 15:56:04.776000,1.19381,1.19378,1100000,1120000
2017-12-28 15:56:05.280000,1.19381,1.19379,1100000,1000000
2017-12-28 15:56:06.141000,1.19382,1.1938,1500000,1000000
2017-12-28 15:56:06.646000,1.19382,1.19379,1500000,1200000
2017-12-28 15:56:07.172000,1.19383,1.19379,2810000,1120000
2017-12-28 15:56:07.678000,1.19383,1.19378,2620000,4950000
2017-12-28 15:56:07.936000,1.19384,1.19381,3070000,1120000
2017-12-28 15:56:08.453000,1.19384,1.19382,1000000,1000000
2017-12-28 15:56:08.975000,1.19385,1.19382,1120000,1500000
2017-12-28 15:56:09.286000,1.19382,1.19379,3820000,1500000
2017-12-28 15:56:09.787000,1.19383,1.19379,6340000,3820000
2017-12-28 15:56:10.150000,1.19382,1.19381,1120000,1000000
2017-12-28 15:56:10.679000,1.19383,1.1938,1000000,1100000
2017-12-28 15:56:11.110000,1.19385,1.19381,3640000,6370000
2017-12-28 15:56:11.218000,1.19384,1.1938,3000000,2250000
2017-12-28 15:56:11.379000,1.19383,1.19379,5060000,1100000
2017-12-28 15:56:11.906000,1.19381,1.19377,6070000,1950000
2017-12-28 15:56:12.835000,1.19382,1.19381,1120000,2250000
2017-12-28 15:56:13.341000,1.19383,1.1938,4500000,1120000
2017-12-28 15:56:13.655000,1.19383,1.19382,1000000,1000000
2017-12-28 15:56:14.150000,1.19384,1.19381,1500000,1870000
2017-12-28 15:56:15.396000,1.19384,1.1938,1500000,5060000
2017-12-28 15:56:20.391000,1.19385,1.19382,5620000,2250000
2017-12-28 15:56:21.156000,1.19386,1.19383,1120000,1870000
2017-12-28 15:56:22.275000,1.19386,1.19384,1870000,1000000
2017-12-28 15:56:22.819000,1.19386,1.19383,1120000,1870000
2017-12-28 15:56:23.026000,1.19386,1.19384,2620000,2500000
2017-12-28 15:56:23.386000,1.19385,1.19383,1120000,1000000
2017-12-28 15:56:24.006000,1.19386,1.19383,4870000,4120000
2017-12-28 15:56:24.110000,1.19388,1.19385,1000000,2700000
2017-12-28 15:56:24.577000,1.19388,1.19387,1250000,1870000
2017-12-28 15:56:24.631000,1.19391,1.19388,3450000,2250000
2017-12-28 15:56:24.854000,1.19393,1.1939,5140000,1000000
2017-12-28 15:56:25.219000,1.19395,1.19392,5320000,1000000
2017-12-28 15:56:25.793000,1.19395,1.19393,2250000,1000000
2017-12-28 15:56:26.236000,1.19395,1.19391,2620000,2250000
2017-12-28 15:56:26.833000,1.19394,1.19392,1120000,1000000
2017-12-28 15:56:27.344000,1.19394,1.19391,1120000,1950000
2017-12-28 15:56:27.621000,1.19394,1.19393,1120000,1000000
2017-12-28 15:56:28.380000,1.19395,1.19392,2320000,1000000
2017-12-28 15:56:28.939000,1.19395,1.19393,1370000,1000000
2017-12-28 15:56:29.280000,1.19396,1.19395,1200000,1120000
2017-12-28 15:56:29.385000,1.19402,1.194,1450000,1690000
2017-12-28 15:56:29.905000,1.19402,1.19399,3190000,1500000
2017-12-28 15:56:30.708000,1.19401,1.19398,1500000,2320000
2017-12-28 15:56:31.022000,1.19399,1.19398,3000000,2250000
2017-12-28 15:56:31.134000,1.19395,1.19393,7570000,1100000
2017-12-28 15:56:31.996000,1.19396,1.19392,1870000,1500000
2017-12-28 15:56:32.502000,1.19396,1.19394,1000000,1000000
2017-12-28 15:56:32.925000,1.19398,1.19393,5700000,1500000
2017-12-28 15:56:33.185000,1.19398,1.19396,1000000,1500000
2017-12-28 15:56:33.374000,1.194,1.19396,2440000,1500000
2017-12-28 15:56:34.262000,1.194,1.19396,2060000,1500000
2017-12-28 15:56:35.007000,1.194,1.19397,1000000,5320000
2017-12-28 15:56:35.527000,1.19402,1.19397,2060000,6110000
2017-12-28 15:56:36.075000,1.19401,1.19397,6820000,1200000
2017-12-28 15:56:36.694000,1.19401,1.19397,4010000,1200000
2017-12-28 15:56:37.253000,1.194,1.19398,1000000,1000000
2017-12-28 15:56:37.769000,1.19401,1.19398,1120000,1000000
2017-12-28 15:56:38.387000,1.194,1.19397,1000000,1870000
2017-12-28 15:56:39.420000,1.194,1.19397,2060000,2250000
2017-12-28 15:56:39.935000,1.194,1.19397,1690000,1870000
2017-12-28 15:56:40.476000,1.194,1.19397,2060000,2250000
2017-12-28 15:56:40.992000,1.194,1.19397,1250000,1870000
2017-12-28 15:56:41.882000,1.194,1.19397,1190000,2620000
2017-12-28 15:56:42.395000,1.194,1.19397,2060000,3000000
2017-12-28 15:56:42.910000,1.194,1.19397,2810000,1470000
2017-12-28 15:56:44.527000,1.19401,1.19399,1120000,3250000
2017-12-28 15:56:45.044000,1.19402,1.194,2250000,1500000
2017-12-28 15:56:45.584000,1.19403,1.194,1870000,2250000
2017-12-28 15:56:46.103000,1.19404,1.19401,4500000,1500000
2017-12-28 15:56:46.635000,1.194,1.19397,1120000,2620000
2017-12-28 15:56:47.222000,1.194,1.19398,1120000,1000000
2017-12-28 15:56:47.275000,1.19402,1.19399,1570000,4120000
2017-12-28 15:56:47.817000,1.19403,1.194,1950000,1000000
2017-12-28 15:56:48.518000,1.19404,1.194,2060000,1120000
2017-12-28 15:56:50.105000,1.19404,1.19402,2060000,1000000
2017-12-28 15:56:50.418000,1.19405,1.19403,2440000,1000000
2017-12-28 15:56:50.470000,1.19403,1.19402,1000000,1000000
2017-12-28 15:56:50.983000,1.19404,1.19402,2620000,1000000
2017-12-28 15:56:51.386000,1.19406,1.19404,8210000,1000000
2017-12-28 15:56:51.905000,1.19405,1.19403,2810000,1000000
2017-12-28 15:56:54.262000,1.19405,1.19403,2620000,1000000
2017-12-28 15:56:55.179000,1.19406,1.19404,2320000,3250000
2017-12-28 15:56:55.700000,1.19407,1.19405,3820000,1000000
2017-12-28 15:56:58.506000,1.19407,1.19404,3260000,1500000
2017-12-28 15:57:00.155000,1.19407,1.19405,2440000,1000000
2017-12-28 15:57:06.563000,1.19406,1.19404,2140000,1870000
2017-12-28 15:57:07.101000,1.19406,1.19405,2320000,1000000
2017-12-28 15:57:07.742000,1.19407,1.19405,4390000,1000000
2017-12-28 15:57:09.908000,1.19407,1.19406,1200000,1000000
2017-12-28 15:57:10.427000,1.19409,1.19406,2060000,1000000
2017-12-28 15:57:12.216000,1.19409,1.19406,2320000,1500000
2017-12-28 15:57:12.913000,1.1941,1.19409,4570000,3000000
2017-12-28 15:57:12.969000,1.19412,1.1941,4390000,1120000
2017-12-28 15:57:13.165000,1.19409,1.19407,1250000,2810000
2017-12-28 15:57:13.777000,1.1941,1.19407,4760000,1500000
2017-12-28 15:57:14.289000,1.19409,1.19407,2060000,1500000
2017-12-28 15:57:16.260000,1.19408,1.19407,1000000,1500000
2017-12-28 15:57:18.659000,1.1941,1.19408,5140000,1000000
2017-12-28 15:57:20.535000,1.1941,1.19406,6000000,1870000
2017-12-28 15:57:21.053000,1.19409,1.19407,1120000,1120000
2017-12-28 15:57:21.570000,1.1941,1.19407,7310000,1120000
2017-12-28 15:57:22.227000,1.19408,1.19406,1870000,1500000
2017-12-28 15:57:23.979000,1.19408,1.19407,2250000,1000000
2017-12-28 15:57:24.584000,1.19408,1.19406,2250000,1870000
2017-12-28 15:57:25.158000,1.19408,1.19407,1500000,1000000
2017-12-28 15:57:26.524000,1.19409,1.19407,4690000,1000000
2017-12-28 15:57:28.492000,1.1941,1.19408,1870000,1120000
2017-12-28 15:57:28.996000,1.1941,1.19408,1500000,1000000
2017-12-28 15:57:30.089000,1.1941,1.19408,4870000,1000000
2017-12-28 15:57:30.196000,1.19408,1.19406,2620000,4200000
2017-12-28 15:57:30.807000,1.19407,1.19406,1000000,5060000
2017-12-28 15:57:31.396000,1.19406,1.19405,1870000,9750000
2017-12-28 15:57:31.449000,1.19405,1.19402,8620000,1000000
2017-12-28 15:57:31.559000,1.19405,1.19403,7500000,1000000
2017-12-28 15:57:31.766000,1.19404,1.19402,3560000,1000000
2017-12-28 15:57:32.301000,1.19402,1.19401,1000000,1690000
2017-12-28 15:57:32.409000,1.19399,1.19398,1500000,1000000
2017-12-28 15:57:32.718000,1.19398,1.19396,2700000,1000000
2017-12-28 15:57:32.824000,1.19394,1.19393,1250000,1120000
2017-12-28 15:57:33.033000,1.19393,1.19391,1310000,1250000
2017-12-28 15:57:33.540000,1.19393,1.19391,2060000,1000000
2017-12-28 15:57:33.645000,1.19392,1.1939,1500000,1120000
2017-12-28 15:57:34.163000,1.19392,1.1939,2510000,1000000
2017-12-28 15:57:34.363000,1.19388,1.19386,2440000,1870000
2017-12-28 15:57:34.846000,1.19388,1.19385,7690000,1120000
2017-12-28 15:57:35.525000,1.19386,1.19384,1760000,1870000
2017-12-28 15:57:36.061000,1.19387,1.19385,4760000,1000000
2017-12-28 15:57:36.373000,1.19385,1.19383,1500000,2250000
2017-12-28 15:57:36.584000,1.19383,1.19381,1000000,1120000
2017-12-28 15:57:37.112000,1.1938,1.19379,1000000,1000000
2017-12-28 15:57:37.164000,1.19378,1.19375,1390000,4310000
2017-12-28 15:57:37.500000,1.19378,1.19374,1690000,3000000
2017-12-28 15:57:38.016000,1.19378,1.19376,2620000,1000000
2017-12-28 15:57:38.123000,1.19378,1.19374,3640000,4120000
2017-12-28 15:57:38.641000,1.19378,1.19375,5890000,1000000
2017-12-28 15:57:39.171000,1.19376,1.19373,4760000,3000000
2017-12-28 15:57:39.694000,1.19375,1.1937,6260000,5740000
2017-12-28 15:57:40.778000,1.19375,1.19371,3560000,1100000
2017-12-28 15:57:41.558000,1.19373,1.19371,1000000,1570000
2017-12-28 15:57:42.094000,1.19374,1.19371,1310000,2330000
2017-12-28 15:57:42.404000,1.19377,1.19374,1500000,1100000
2017-12-28 15:57:42.920000,1.19378,1.19375,1750000,1200000
2017-12-28 15:57:43.648000,1.19379,1.19375,4570000,1570000
2017-12-28 15:57:44.610000,1.19379,1.19377,3370000,1000000
2017-12-28 15:57:45.067000,1.19383,1.1938,5060000,1000000
2017-12-28 15:57:46.787000,1.19383,1.1938,1500000,3070000
2017-12-28 15:57:47.298000,1.19383,1.1938,1370000,1120000
2017-12-28 15:57:47.506000,1.19384,1.1938,5060000,1870000
2017-12-28 15:57:48.645000,1.19384,1.1938,1370000,3820000
2017-12-28 15:57:48.697000,1.19384,1.19382,1370000,1000000
2017-12-28 15:57:49.081000,1.19383,1.1938,1000000,3450000
2017-12-28 15:57:49.600000,1.19384,1.1938,3150000,1950000
2017-12-28 15:57:49.828000,1.19382,1.19379,1120000,2320000
2017-12-28 15:57:50.351000,1.19383,1.1938,1000000,1570000
2017-12-28 15:57:50.863000,1.19384,1.1938,7270000,1570000
2017-12-28 15:57:51.464000,1.19383,1.1938,1500000,2320000
2017-12-28 15:57:52.510000,1.19384,1.1938,7760000,2320000
2017-12-28 15:57:53.056000,1.19383,1.1938,2890000,1870000
2017-12-28 15:57:53.365000,1.19384,1.19383,1160000,1000000
2017-12-28 15:57:53.893000,1.19384,1.19382,3450000,1000000
2017-12-28 15:57:54.415000,1.19384,1.19381,2440000,2320000
2017-12-28 15:57:54.934000,1.19383,1.19381,1000000,1000000
2017-12-28 15:57:56.079000,1.19382,1.19381,1000000,1120000
2017-12-28 15:57:56.600000,1.19383,1.19381,1120000,1120000
2017-12-28 15:57:57.109000,1.19382,1.19381,1000000,1000000
2017-12-28 15:57:57.744000,1.19383,1.19381,1000000,1000000
2017-12-28 15:57:58.412000,1.19382,1.19381,1000000,1000000
2017-12-28 15:57:59.332000,1.19384,1.19381,1120000,1870000
2017-12-28 15:57:59.541000,1.19384,1.19381,3220000,2320000
2017-12-28 15:57:59.647000,1.19384,1.1938,2700000,1950000
2017-12-28 15:58:00.071000,1.19384,1.1938,4570000,3820000
2017-12-28 15:58:00.837000,1.19383,1.19381,1000000,1000000
2017-12-28 15:58:01.351000,1.19384,1.1938,4870000,5320000
2017-12-28 15:58:01.661000,1.1938,1.19379,1950000,2700000
2017-12-28 15:58:01.713000,1.19379,1.19376,1250000,2890000
2017-12-28 15:58:02.262000,1.1938,1.19376,4690000,1870000
2017-12-28 15:58:02.905000,1.19379,1.19376,1000000,3370000
2017-12-28 15:58:03.437000,1.1938,1.19376,10500000,1870000
2017-12-28 15:58:04.141000,1.19379,1.19376,1000000,2620000
2017-12-28 15:58:04.642000,1.19379,1.19376,1870000,4120000
2017-12-28 15:58:05.441000,1.19379,1.19377,1370000,1000000
2017-12-28 15:58:05.963000,1.19379,1.19375,4120000,3750000
2017-12-28 15:58:10.767000,1.19377,1.19376,1000000,1120000
2017-12-28 15:58:11.663000,1.19378,1.19375,1120000,4500000
2017-12-28 15:58:12.544000,1.19377,1.19376,1000000,1120000
2017-12-28 15:58:12.650000,1.1938,1.19378,3450000,1120000
2017-12-28 15:58:12.808000,1.19379,1.19376,2620000,1870000
2017-12-28 15:58:13.333000,1.19379,1.19377,1870000,1000000
2017-12-28 15:58:14.104000,1.19379,1.19376,1200000,1870000
2017-12-28 15:58:14.637000,1.19379,1.19375,5890000,2470000
2017-12-28 15:58:14.689000,1.19377,1.19374,1500000,7500000
2017-12-28 15:58:15.205000,1.19377,1.19375,1370000,1500000
2017-12-28 15:58:15.310000,1.19379,1.19376,5810000,1000000
2017-12-28 15:58:16.332000,1.19379,1.19377,1120000,1690000
2017-12-28 15:58:16.540000,1.19377,1.19375,1000000,9070000
2017-12-28 15:58:17.063000,1.19378,1.19374,1800000,10390000
2017-12-28 15:58:17.868000,1.19378,1.19375,3300000,2250000
2017-12-28 15:58:18.396000,1.19378,1.19375,2400000,1870000
2017-12-28 15:58:18.922000,1.19378,1.19375,1270000,1000000
2017-12-28 15:58:19.636000,1.19378,1.19375,1550000,1500000
2017-12-28 15:58:20.149000,1.19378,1.19375,3520000,1120000
2017-12-28 15:58:20.747000,1.19377,1.19375,1000000,1500000
2017-12-28 15:58:21.459000,1.19378,1.19374,1000000,7010000
2017-12-28 15:58:22.095000,1.19378,1.19374,1120000,7390000
2017-12-28 15:58:22.427000,1.19375,1.19372,1120000,2700000
2017-12-28 15:58:22.790000,1.19376,1.19374,1000000,4690000
2017-12-28 15:58:22.895000,1.19378,1.19374,2440000,8810000
2017-12-28 15:58:23.470000,1.19378,1.19375,1120000,1000000
2017-12-28 15:58:25.093000,1.19378,1.19376,1120000,1000000
2017-12-28 15:58:25.642000,1.19378,1.19375,1000000,6370000
2017-12-28 15:58:26.162000,1.19379,1.19376,3370000,1000000
2017-12-28 15:58:27.058000,1.19379,1.19376,1000000,5250000
2017-12-28 15:58:27.635000,1.19379,1.19375,1570000,4870000
2017-12-28 15:58:28.148000,1.1938,1.19377,2620000,1000000
2017-12-28 15:58:28.406000,1.1938,1.19376,3620000,6190000
2017-12-28 15:58:28.940000,1.1938,1.19377,2620000,1120000
2017-12-28 15:58:29.456000,1.19378,1.19376,1000000,1500000
2017-12-28 15:58:29.981000,1.19379,1.19377,1280000,1000000
2017-12-28 15:58:30.294000,1.19375,1.19372,1500000,1570000
2017-12-28 15:58:30.825000,1.19375,1.19372,1000000,1200000
2017-12-28 15:58:31.393000,1.19376,1.19373,4570000,1120000
2017-12-28 15:58:32.219000,1.19374,1.19372,2250000,1000000
2017-12-28 15:58:32.739000,1.19374,1.19371,5250000,1120000
2017-12-28 15:58:33.587000,1.19373,1.1937,1000000,7010000
2017-12-28 15:58:34.780000,1.19371,1.1937,1120000,3560000
2017-12-28 15:58:34.885000,1.19369,1.19367,1870000,2060000
2017-12-28 15:58:39.976000,1.19369,1.19367,1120000,2510000
2017-12-28 15:58:40.538000,1.19369,1.19367,1120000,1570000
2017-12-28 15:58:43.406000,1.19366,1.19365,1500000,4950000
2017-12-28 15:58:43.907000,1.19368,1.19367,1000000,1000000
2017-12-28 15:58:44.556000,1.19369,1.19367,3750000,1000000
2017-12-28 15:58:47.088000,1.19369,1.19368,5250000,1500000
2017-12-28 15:58:47.141000,1.19369,1.19366,5620000,6820000
2017-12-28 15:58:48.337000,1.19369,1.19366,4870000,2320000
2017-12-28 15:58:50.345000,1.1937,1.19368,4120000,1000000
2017-12-28 15:58:51.002000,1.1937,1.19368,2810000,1000000
2017-12-28 15:58:51.519000,1.19369,1.19368,1250000,1000000
2017-12-28 15:58:52.033000,1.1937,1.19366,5810000,1570000
2017-12-28 15:58:52.548000,1.1937,1.19367,3370000,1000000
2017-12-28 15:58:53.446000,1.19369,1.19367,1500000,1000000
2017-12-28 15:58:53.981000,1.19368,1.19367,1000000,1200000
2017-12-28 15:58:54.484000,1.19369,1.19367,1870000,1200000
2017-12-28 15:58:57.024000,1.19371,1.1937,1000000,1500000
2017-12-28 15:58:57.184000,1.19376,1.19374,2440000,1000000
2017-12-28 15:58:57.420000,1.19376,1.19374,1120000,1450000
2017-12-28 15:58:57.473000,1.19376,1.19373,1120000,1200000
2017-12-28 15:58:58.180000,1.19375,1.19373,1000000,1200000
2017-12-28 15:58:58.409000,1.19378,1.19376,1870000,1000000
2017-12-28 15:58:58.567000,1.19384,1.19381,1760000,1000000
2017-12-28 15:58:59.107000,1.19383,1.1938,2250000,2320000
2017-12-28 15:58:59.785000,1.19383,1.19381,1000000,2140000
2017-12-28 15:59:00.310000,1.19382,1.19381,1120000,1200000
2017-12-28 15:59:00.822000,1.19385,1.19382,3190000,1200000
2017-12-28 15:59:01.508000,1.19384,1.19381,2440000,3260000
2017-12-28 15:59:01.925000,1.19381,1.1938,1500000,3820000
2017-12-28 15:59:02.030000,1.1938,1.19378,2250000,3070000
2017-12-28 15:59:02.547000,1.19381,1.19378,1000000,1100000
2017-12-28 15:59:03.755000,1.19381,1.19377,2810000,5140000
2017-12-28 15:59:04.471000,1.19383,1.1938,1870000,1200000
2017-12-28 15:59:05.060000,1.19383,1.19381,1000000,1200000
2017-12-28 15:59:05.836000,1.19381,1.1938,1870000,1390000
2017-12-28 15:59:06.014000,1.1938,1.19377,1200000,3000000
2017-12-28 15:59:06.530000,1.19379,1.19377,1000000,2620000
2017-12-28 15:59:07.160000,1.1938,1.19377,1390000,1500000
2017-12-28 15:59:07.743000,1.1938,1.19376,2890000,2810000
2017-12-28 15:59:08.396000,1.19379,1.19376,1000000,3940000
2017-12-28 15:59:08.924000,1.19379,1.19377,1000000,1000000
2017-12-28 15:59:10.201000,1.19377,1.19375,6190000,2620000
2017-12-28 15:59:10.253000,1.19375,1.19374,1000000,1570000
2017-12-28 15:59:11.467000,1.19376,1.19373,3260000,3940000
2017-12-28 15:59:12.005000,1.19376,1.19373,2250000,1870000
2017-12-28 15:59:12.676000,1.19376,1.19374,1000000,2620000
2017-12-28 15:59:14.396000,1.19376,1.19373,3560000,1100000
2017-12-28 15:59:15.597000,1.19376,1.19373,4760000,1870000
2017-12-28 15:59:16.200000,1.19375,1.19373,1000000,1120000
2017-12-28 15:59:16.715000,1.19375,1.19372,2060000,7010000
2017-12-28 15:59:17.339000,1.19375,1.19372,1310000,4390000
2017-12-28 15:59:17.891000,1.19376,1.19372,6560000,3370000
2017-12-28 15:59:20.150000,1.19372,1.19371,1000000,2320000
2017-12-28 15:59:20.255000,1.19373,1.1937,1570000,2620000
2017-12-28 15:59:20.611000,1.19374,1.19371,2250000,1500000
2017-12-28 15:59:21.414000,1.19374,1.19372,4500000,1000000
2017-12-28 15:59:22.206000,1.19375,1.19372,3190000,1000000
2017-12-28 15:59:22.412000,1.19375,1.19374,1000000,1000000
2017-12-28 15:59:22.466000,1.19378,1.19375,1950000,4310000
2017-12-28 15:59:22.518000,1.19378,1.19375,1120000,1870000
2017-12-28 15:59:23.050000,1.19378,1.19376,1000000,1000000
2017-12-28 15:59:23.784000,1.19376,1.19374,1000000,1120000
2017-12-28 15:59:24.149000,1.19376,1.19372,6640000,4200000
2017-12-28 15:59:24.739000,1.19375,1.19372,1000000,4200000
2017-12-28 15:59:25.718000,1.19375,1.19373,1000000,1120000
2017-12-28 15:59:27.182000,1.19376,1.19372,7200000,3640000
2017-12-28 15:59:27.235000,1.19373,1.19371,1000000,2320000
2017-12-28 15:59:27.754000,1.19376,1.19373,6820000,1000000
2017-12-28 15:59:28.365000,1.19375,1.19373,1000000,1000000
2017-12-28 15:59:28.908000,1.19376,1.19373,1870000,1000000
2017-12-28 15:59:29.452000,1.19376,1.19374,1000000,2250000
2017-12-28 15:59:29.874000,1.19377,1.19376,1500000,1000000
2017-12-28 15:59:30.195000,1.19377,1.19374,3370000,3370000
2017-12-28 15:59:30.724000,1.19377,1.19375,1000000,1000000
2017-12-28 15:59:30.779000,1.19375,1.19374,1000000,1000000
2017-12-28 15:59:30.943000,1.19374,1.19372,1500000,1000000
2017-12-28 15:59:31.470000,1.19375,1.19372,3750000,1500000
2017-12-28 15:59:31.992000,1.19374,1.19372,1000000,1500000
2017-12-28 15:59:32.950000,1.19373,1.19372,1000000,4310000
2017-12-28 15:59:33.873000,1.19374,1.19372,1000000,1500000
2017-12-28 15:59:34.390000,1.19375,1.19372,1500000,1500000
2017-12-28 15:59:35.662000,1.19374,1.19372,2250000,1500000
2017-12-28 15:59:35.766000,1.19372,1.1937,1000000,7950000
2017-12-28 15:59:36.285000,1.19373,1.1937,1870000,2620000
2017-12-28 15:59:36.810000,1.19373,1.1937,1120000,3000000
2017-12-28 15:59:37.621000,1.19372,1.1937,1000000,4870000
2017-12-28 15:59:39.269000,1.19373,1.1937,3190000,3560000
2017-12-28 15:59:40.462000,1.19374,1.1937,6750000,1870000
2017-12-28 15:59:40.979000,1.19374,1.1937,6260000,1870000
2017-12-28 15:59:41.546000,1.19374,1.1937,7310000,4120000
2017-12-28 15:59:42,1.19372,1.19371,3000000,1250000
2017-12-28 15:59:42.516000,1.19373,1.1937,1760000,1870000
2017-12-28 15:59:43.123000,1.19372,1.1937,1000000,1870000
2017-12-28 15:59:43.636000,1.19374,1.1937,8890000,3000000
2017-12-28 15:59:44.636000,1.19374,1.1937,7950000,3070000
2017-12-28 15:59:44.956000,1.19372,1.1937,1000000,2620000
2017-12-28 15:59:45.472000,1.19373,1.1937,1500000,4500000
2017-12-28 15:59:45.988000,1.19372,1.1937,1000000,1500000
2017-12-28 15:59:46.539000,1.19374,1.1937,2700000,3000000
2017-12-28 15:59:47.087000,1.19373,1.19371,1950000,1000000
2017-12-28 15:59:47.658000,1.19372,1.19371,1000000,1120000
2017-12-28 15:59:47.924000,1.1937,1.19367,3220000,1870000
2017-12-28 15:59:48.181000,1.19368,1.19367,1000000,1120000
2017-12-28 15:59:48.396000,1.1937,1.19367,4120000,1120000
2017-12-28 15:59:48.503000,1.19371,1.19369,5510000,1000000
2017-12-28 15:59:49.013000,1.19371,1.19368,3000000,2620000
2017-12-28 15:59:50.119000,1.1937,1.19368,1000000,1120000
2017-12-28 15:59:50.703000,1.19369,1.19367,1000000,5810000
2017-12-28 15:59:50.857000,1.19371,1.19367,5060000,5810000
2017-12-28 15:59:51.371000,1.1937,1.19367,1500000,3560000
2017-12-28 15:59:51.884000,1.19369,1.19367,1120000,2060000
2017-12-28 15:59:53.796000,1.19368,1.19367,1000000,1200000
2017-12-28 15:59:54.310000,1.19369,1.19366,7500000,2920000
2017-12-28 15:59:54.832000,1.19369,1.19366,2810000,1200000
2017-12-28 15:59:56.237000,1.19369,1.19366,5700000,1000000
2017-12-28 15:59:57.178000,1.19368,1.19366,1000000,1000000
2017-12-28 15:59:57.704000,1.19368,1.19365,1500000,1350000
2017-12-28 15:59:58.218000,1.19367,1.19364,1000000,4950000
2017-12-28 15:59:58.757000,1.19368,1.19365,2250000,2700000
2017-12-28 15:59:59.334000,1.19368,1.19365,2250000,3820000
2017-12-28 15:59:59.849000,1.19368,1.19365,2250000,2890000
2017-12-28 16:00:00.010000,1.19372,1.19371,2890000,1000000
2017-12-28 16:00:00.117000,1.19375,1.19373,2060000,1000000
2017-12-28 16:00:00.603000,1.19378,1.19374,4010000,4870000
2017-12-28 16:00:01.106000,1.19378,1.19374,2250000,7200000
2017-12-28 16:00:01.561000,1.19378,1.19376,1000000,4690000
2017-12-28 16:00:02.080000,1.19379,1.19376,1500000,2320000
2017-12-28 16:00:02.634000,1.19379,1.19375,3000000,4950000
2017-12-28 16:00:02.846000,1.19377,1.19375,2250000,3070000
2017-12-28 16:00:03.433000,1.19376,1.19374,2810000,2140000
2017-12-28 16:00:03.988000,1.19377,1.19374,2620000,3070000
2017-12-28 16:00:04.720000,1.19375,1.19374,1000000,1100000
2017-12-28 16:00:05.271000,1.19376,1.19374,1120000,1120000
2017-12-28 16:00:05.800000,1.19375,1.19373,1000000,1950000
2017-12-28 16:00:06.316000,1.19376,1.19373,3560000,4390000
2017-12-28 16:00:06.819000,1.19375,1.19373,1000000,1200000
2017-12-28 16:00:07.355000,1.19376,1.19374,1000000,1370000
2017-12-28 16:00:07.460000,1.19375,1.19373,1000000,1500000
2017-12-28 16:00:07.992000,1.19376,1.19373,3820000,1120000
2017-12-28 16:00:08.250000,1.19376,1.19374,1100000,7870000
2017-12-28 16:00:08.779000,1.19376,1.19374,1200000,2620000
2017-12-28 16:00:09.915000,1.19376,1.19373,3070000,1500000
2017-12-28 16:00:10.486000,1.19375,1.19372,1870000,1120000
2017-12-28 16:00:11.406000,1.19374,1.19372,1000000,1500000
2017-12-28 16:00:13.458000,1.19374,1.19371,3370000,1120000
2017-12-28 16:00:15.073000,1.19372,1.19371,3750000,1500000
2017-12-28 16:00:15.342000,1.19373,1.1937,1120000,7200000
2017-12-28 16:00:19.449000,1.19372,1.1937,1000000,1500000
2017-12-28 16:00:19.661000,1.19374,1.19371,3750000,1000000
2017-12-28 16:00:20.749000,1.19374,1.19371,6260000,1500000
2017-12-28 16:00:21.355000,1.19374,1.19371,2620000,1120000
2017-12-28 16:00:21.977000,1.19374,1.1937,2700000,4200000
2017-12-28 16:00:22.744000,1.19374,1.1937,3450000,5320000
2017-12-28 16:00:23.733000,1.19372,1.19371,1500000,1000000
2017-12-28 16:00:23.888000,1.19374,1.19371,3190000,1000000
2017-12-28 16:00:24.392000,1.19373,1.19371,1000000,1000000
2017-12-28 16:00:24.610000,1.19371,1.1937,1000000,1950000
2017-12-28 16:00:24.766000,1.19373,1.1937,1000000,3370000
2017-12-28 16:00:25.338000,1.19374,1.1937,1760000,6820000
2017-12-28 16:00:25.853000,1.19374,1.1937,2320000,4000000
2017-12-28 16:00:26.517000,1.19374,1.1937,1000000,9370000
2017-12-28 16:00:27.089000,1.19373,1.19371,1000000,1870000
2017-12-28 16:00:28.262000,1.19374,1.19372,1950000,1000000
2017-12-28 16:00:30.529000,1.19374,1.19371,4120000,8250000
2017-12-28 16:00:32.404000,1.19374,1.19371,2620000,4160000
2017-12-28 16:00:32.458000,1.19375,1.19374,2440000,2250000
2017-12-28 16:00:32.512000,1.19378,1.19377,1500000,1100000
2017-12-28 16:00:32.720000,1.19381,1.19378,3450000,1120000
2017-12-28 16:00:33.227000,1.19381,1.19379,1120000,1570000
2017-12-28 16:00:33.382000,1.19383,1.1938,2250000,7120000
2017-12-28 16:00:34.148000,1.19384,1.19381,1370000,2440000
2017-12-28 16:00:34.709000,1.19384,1.19381,1000000,3000000
2017-12-28 16:00:35.237000,1.19383,1.1938,1500000,3370000
2017-12-28 16:00:35.546000,1.19381,1.19378,2320000,3370000
2017-12-28 16:00:36.446000,1.19382,1.19378,2620000,6000000
2017-12-28 16:00:36.964000,1.19381,1.19378,4120000,3450000
2017-12-28 16:00:38.287000,1.19379,1.19378,1000000,1200000
2017-12-28 16:00:38.805000,1.1938,1.19378,3370000,1950000
2017-12-28 16:00:39.564000,1.1938,1.19378,2620000,1200000
2017-12-28 16:00:40.459000,1.19382,1.19381,1000000,5250000
2017-12-28 16:00:40.997000,1.19385,1.19381,6940000,2890000
2017-12-28 16:00:41.675000,1.19384,1.19381,1370000,5140000
2017-12-28 16:00:42.195000,1.19385,1.19382,3190000,1950000
2017-12-28 16:00:42.510000,1.19385,1.19384,2440000,2250000
2017-12-28 16:00:42.873000,1.19387,1.19386,1000000,1000000
2017-12-28 16:00:42.977000,1.19386,1.19384,1870000,2700000
2017-12-28 16:00:43.543000,1.19386,1.19382,2250000,1950000
2017-12-28 16:00:44.225000,1.19386,1.19383,1500000,2620000
2017-12-28 16:00:44.280000,1.19387,1.19385,4390000,2250000
2017-12-28 16:00:44.386000,1.19389,1.19386,1200000,1500000
2017-12-28 16:00:44.915000,1.19387,1.19384,4120000,2620000
2017-12-28 16:00:45.234000,1.19385,1.19383,1120000,4120000
2017-12-28 16:00:45.558000,1.19391,1.19388,3070000,1120000
2017-12-28 16:00:45.894000,1.19391,1.1939,1000000,1000000
2017-12-28 16:00:46.409000,1.19392,1.19389,3000000,1120000
2017-12-28 16:00:46.939000,1.19391,1.19388,1500000,3000000
2017-12-28 16:00:47.333000,1.19392,1.1939,2320000,5250000
2017-12-28 16:00:47.862000,1.19395,1.19392,4120000,1200000
2017-12-28 16:00:48.385000,1.19394,1.19392,1000000,1950000
2017-12-28 16:00:49.058000,1.19395,1.19392,2250000,1950000
2017-12-28 16:00:51.551000,1.19395,1.19392,2810000,1100000
2017-12-28 16:00:51.780000,1.19391,1.19389,1370000,1950000
2017-12-28 16:00:51.885000,1.19391,1.19388,2060000,1500000
2017-12-28 16:00:53.891000,1.19392,1.19388,3750000,5140000
2017-12-28 16:00:54.228000,1.19393,1.19388,4500000,4570000
2017-12-28 16:00:54.332000,1.1939,1.19388,1000000,2700000
2017-12-28 16:00:54.570000,1.1939,1.19387,2250000,1120000
2017-12-28 16:00:55.461000,1.1939,1.19387,3750000,1950000
2017-12-28 16:00:56.014000,1.1939,1.19387,2250000,2250000
2017-12-28 16:00:56.594000,1.19391,1.19388,2620000,1100000
2017-12-28 16:00:56.646000,1.19391,1.1939,1870000,1000000
2017-12-28 16:00:56.753000,1.19396,1.19392,3560000,4120000
2017-12-28 16:00:57.030000,1.19396,1.19392,2810000,5140000
2017-12-28 16:00:57.186000,1.19396,1.19392,1870000,3450000
2017-12-28 16:00:57.239000,1.19396,1.19392,3750000,4200000
2017-12-28 16:00:57.446000,1.19396,1.19392,2620000,1570000
2017-12-28 16:00:57.963000,1.19397,1.19392,8060000,3450000
2017-12-28 16:00:58.018000,1.19396,1.19394,2620000,1200000
2017-12-28 16:00:58.123000,1.19396,1.19392,5620000,1570000
2017-12-28 16:00:58.440000,1.19396,1.19394,3000000,1200000
2017-12-28 16:00:59.369000,1.19396,1.19393,3370000,3450000
2017-12-28 16:00:59.896000,1.19395,1.19393,1250000,1690000
2017-12-28 16:01:00.617000,1.19395,1.19394,1870000,2250000
2017-12-28 16:01:01.123000,1.19395,1.19393,1870000,3820000
2017-12-28 16:01:02.045000,1.19395,1.19394,1120000,2250000
2017-12-28 16:01:02.631000,1.19396,1.19393,6190000,1200000
2017-12-28 16:01:02.945000,1.19396,1.19394,1870000,1950000
2017-12-28 16:01:03.908000,1.19397,1.19394,6410000,1200000
2017-12-28 16:01:04.330000,1.19397,1.19396,1000000,1500000
2017-12-28 16:01:04.552000,1.19399,1.19397,1100000,1200000
2017-12-28 16:01:05.233000,1.19397,1.19396,2250000,1200000
2017-12-28 16:01:05.419000,1.19396,1.19394,2250000,1500000
2017-12-28 16:01:05.947000,1.19397,1.19394,5470000,1000000
2017-12-28 16:01:06.422000,1.19396,1.19395,1000000,2620000
2017-12-28 16:01:06.527000,1.19396,1.19393,2290000,3750000
2017-12-28 16:01:06.630000,1.19395,1.19393,1500000,1120000
2017-12-28 16:01:07.051000,1.19392,1.19391,1000000,4690000
2017-12-28 16:01:07.104000,1.19392,1.19389,8920000,3190000
2017-12-28 16:01:07.620000,1.1939,1.19389,1000000,1000000
2017-12-28 16:01:08.138000,1.19391,1.19388,1870000,2630000
2017-12-28 16:01:08.658000,1.19392,1.19388,7720000,1370000
2017-12-28 16:01:08.845000,1.19392,1.19391,5100000,2250000
2017-12-28 16:01:08.954000,1.19394,1.19392,1870000,1000000
2017-12-28 16:01:09.539000,1.19394,1.19391,1120000,4500000
2017-12-28 16:01:12.133000,1.19395,1.19392,6450000,1000000
2017-12-28 16:01:12.648000,1.19394,1.19392,1000000,2250000
2017-12-28 16:01:13.103000,1.19396,1.19395,2700000,1350000
2017-12-28 16:01:13.236000,1.19401,1.19399,2320000,1000000
2017-12-28 16:01:13.293000,1.19402,1.19401,1870000,1120000
2017-12-28 16:01:13.346000,1.19405,1.19401,3940000,1120000
2017-12-28 16:01:13.686000,1.19405,1.19403,1310000,1000000
2017-12-28 16:01:14.307000,1.19405,1.19403,1310000,2060000
2017-12-28 16:01:14.856000,1.19405,1.19403,1120000,1570000
2017-12-28 16:01:15.204000,1.19404,1.19402,1000000,4390000
2017-12-28 16:01:15.751000,1.19404,1.19403,1000000,2140000
2017-12-28 16:01:16.274000,1.19405,1.19403,1120000,1200000
2017-12-28 16:01:17.531000,1.19404,1.19403,1000000,1200000
2017-12-28 16:01:18.065000,1.19406,1.19403,4130000,1200000
2017-12-28 16:01:25.483000,1.19405,1.19404,1120000,1000000
2017-12-28 16:01:25.796000,1.19407,1.19405,2620000,1120000
2017-12-28 16:01:26.110000,1.19409,1.19407,5250000,1000000
2017-12-28 16:01:26.622000,1.19408,1.19407,1000000,1000000
2017-12-28 16:01:26.789000,1.19407,1.19405,1000000,1000000
2017-12-28 16:01:26.998000,1.19405,1.19404,1000000,1500000
2017-12-28 16:01:27.101000,1.19407,1.19404,3000000,1000000
2017-12-28 16:01:27.621000,1.19408,1.19405,1120000,1100000
2017-12-28 16:01:28.141000,1.1941,1.19406,8330000,2320000
2017-12-28 16:01:28.814000,1.19408,1.19406,1000000,3070000
2017-12-28 16:01:29.346000,1.19407,1.19405,1500000,2810000
2017-12-28 16:01:29.709000,1.19409,1.19406,1870000,1500000
2017-12-28 16:01:30.848000,1.19409,1.19406,1870000,4200000
2017-12-28 16:01:31.709000,1.19408,1.19407,1000000,1250000
2017-12-28 16:01:31.897000,1.19407,1.19406,3000000,1120000
2017-12-28 16:01:32.002000,1.19408,1.19405,4500000,1120000
2017-12-28 16:01:32.057000,1.19406,1.19404,1500000,2440000
2017-12-28 16:01:32.654000,1.19406,1.19403,1950000,1000000
2017-12-28 16:01:33.349000,1.19405,1.19403,1000000,1000000
2017-12-28 16:01:33.853000,1.19405,1.19403,1370000,1120000
2017-12-28 16:01:34.493000,1.19405,1.19402,1370000,4570000
2017-12-28 16:01:35.295000,1.19405,1.19402,2620000,3820000
2017-12-28 16:01:36.004000,1.19406,1.19402,6070000,3070000
2017-12-28 16:01:36.532000,1.19406,1.19402,4950000,3070000
2017-12-28 16:01:38.163000,1.19406,1.19402,2700000,3070000
2017-12-28 16:01:39.093000,1.19402,1.19401,3000000,6070000
2017-12-28 16:01:39.812000,1.19404,1.19401,1570000,2250000
2017-12-28 16:01:40.332000,1.19405,1.19401,6370000,6750000
2017-12-28 16:01:40.957000,1.19403,1.19401,1000000,2250000
2017-12-28 16:01:41.468000,1.19405,1.19402,8700000,1120000
2017-12-28 16:01:42.158000,1.19405,1.19402,4500000,1950000
2017-12-28 16:01:43.356000,1.19404,1.19401,2250000,4570000
2017-12-28 16:01:44.800000,1.19404,1.19401,1120000,1870000
2017-12-28 16:01:45.354000,1.19404,1.19401,1000000,2170000
2017-12-28 16:01:45.561000,1.19405,1.19401,4570000,5250000
2017-12-28 16:01:46.360000,1.19405,1.19402,5250000,1000000
2017-12-28 16:01:46.881000,1.19405,1.19401,3750000,3370000
2017-12-28 16:01:47.452000,1.19405,1.19402,4500000,1000000
2017-12-28 16:01:48.005000,1.19405,1.19401,3750000,3370000
2017-12-28 16:01:48.108000,1.19405,1.19403,2250000,2250000
2017-12-28 16:01:48.454000,1.19409,1.19408,2810000,1000000
2017-12-28 16:01:48.766000,1.19411,1.19408,1200000,2620000
2017-12-28 16:01:49.163000,1.19411,1.1941,1500000,1870000
2017-12-28 16:01:49.216000,1.19413,1.1941,1500000,1000000
2017-12-28 16:01:49.796000,1.19412,1.1941,1000000,1000000
2017-12-28 16:01:50.317000,1.19411,1.19408,1000000,4120000
2017-12-28 16:01:50.937000,1.1941,1.19407,1870000,1950000
2017-12-28 16:01:51.446000,1.19409,1.19407,1870000,1120000
2017-12-28 16:01:52.340000,1.1941,1.19407,2250000,1120000
2017-12-28 16:01:54.910000,1.1941,1.19407,7010000,1120000
2017-12-28 16:01:55.423000,1.19409,1.19405,1120000,3820000
2017-12-28 16:01:56.002000,1.19409,1.19405,2250000,2920000
2017-12-28 16:01:56.523000,1.19405,1.19403,3000000,1000000
2017-12-28 16:01:57.043000,1.19406,1.19404,1120000,1120000
2017-12-28 16:01:57.394000,1.19407,1.19404,3940000,3190000
2017-12-28 16:01:57.446000,1.19406,1.19402,1500000,4950000
2017-12-28 16:01:57.551000,1.19405,1.19402,5440000,1870000
2017-12-28 16:01:57.760000,1.19406,1.19403,3000000,2620000
2017-12-28 16:01:58.272000,1.19406,1.19402,1200000,2320000
2017-12-28 16:01:59.397000,1.19406,1.19404,1870000,1000000
2017-12-28 16:01:59.557000,1.19406,1.19402,7870000,3000000
2017-12-28 16:02:00.928000,1.19405,1.19402,3450000,1870000
2017-12-28 16:02:01.471000,1.19406,1.19403,2620000,4200000
2017-12-28 16:02:01.778000,1.19409,1.19407,1500000,1000000
2017-12-28 16:02:02.450000,1.1941,1.19406,4120000,1500000
2017-12-28 16:02:02.656000,1.1941,1.19408,3370000,1000000
2017-12-28 16:02:03.314000,1.1941,1.19407,3370000,1120000
2017-12-28 16:02:04.887000,1.1941,1.19408,3370000,1000000
2017-12-28 16:02:05.637000,1.1941,1.19407,3560000,1500000
2017-12-28 16:02:06.342000,1.19407,1.19406,2250000,1000000
2017-12-28 16:02:06.394000,1.19407,1.19404,3370000,2250000
2017-12-28 16:02:07.201000,1.19407,1.19403,2510000,2250000
2017-12-28 16:02:07.877000,1.19405,1.19402,3000000,6640000
2017-12-28 16:02:08.085000,1.19404,1.19401,1500000,2700000
2017-12-28 16:02:09.319000,1.19404,1.19401,1870000,3370000
2017-12-28 16:02:10.044000,1.19404,1.19402,1620000,1000000
2017-12-28 16:02:10.615000,1.19404,1.194,1380000,4690000
2017-12-28 16:02:13.227000,1.19403,1.194,6070000,1420000
2017-12-28 16:02:13.772000,1.19403,1.194,3820000,3410000
2017-12-28 16:02:14.343000,1.19403,1.194,1570000,1050000
2017-12-28 16:02:15.574000,1.19403,1.19402,1690000,1000000
2017-12-28 16:02:15.887000,1.19405,1.19404,2510000,7120000
2017-12-28 16:02:15.943000,1.19408,1.19406,1500000,1120000
2017-12-28 16:02:16.051000,1.19407,1.19404,1870000,1000000
2017-12-28 16:02:16.552000,1.19408,1.19405,4870000,3750000
2017-12-28 16:02:16.710000,1.19409,1.19406,3640000,1000000
2017-12-28 16:02:17.258000,1.19409,1.19407,1870000,1120000
2017-12-28 16:02:18.438000,1.1941,1.19407,3820000,1250000
2017-12-28 16:02:19.068000,1.19411,1.19407,1200000,5140000
2017-12-28 16:02:19.585000,1.19411,1.19407,1120000,5810000
2017-12-28 16:02:19.637000,1.19411,1.19409,1500000,1000000
2017-12-28 16:02:20.154000,1.19411,1.19408,1200000,2060000
2017-12-28 16:02:20.689000,1.19412,1.19409,5320000,1120000
2017-12-28 16:02:21.120000,1.19409,1.19407,1000000,5250000
2017-12-28 16:02:21.173000,1.1941,1.19406,7870000,4240000
2017-12-28 16:02:21.692000,1.19407,1.19405,1000000,5140000
2017-12-28 16:02:22.143000,1.19406,1.19404,4000000,4270000
2017-12-28 16:02:22.678000,1.19406,1.19403,3000000,3370000
2017-12-28 16:02:23.145000,1.19403,1.19402,1000000,1570000
2017-12-28 16:02:23.451000,1.19405,1.19403,1500000,1000000
2017-12-28 16:02:23.966000,1.19406,1.19403,2250000,1000000
2017-12-28 16:02:24.698000,1.19406,1.19404,1000000,1000000
2017-12-28 16:02:25.323000,1.19406,1.19402,4950000,1950000
2017-12-28 16:02:25.867000,1.19405,1.19403,1500000,1000000
2017-12-28 16:02:26.380000,1.19406,1.19405,4760000,1000000
2017-12-28 16:02:26.541000,1.19405,1.19402,1000000,6450000
2017-12-28 16:02:26.801000,1.19407,1.19406,3070000,1120000
2017-12-28 16:02:27.024000,1.19408,1.19405,3750000,1370000
2017-12-28 16:02:27.077000,1.19411,1.1941,1100000,1000000
2017-12-28 16:02:27.667000,1.19411,1.19408,2250000,2630000
2017-12-28 16:02:28.712000,1.19412,1.1941,1310000,2440000
2017-12-28 16:02:29.492000,1.19413,1.1941,4240000,1370000
2017-12-28 16:02:30.013000,1.19412,1.1941,1000000,1870000
2017-12-28 16:02:32.552000,1.19411,1.19409,1000000,3450000
2017-12-28 16:02:32.706000,1.19413,1.19409,1950000,2140000
2017-12-28 16:02:33.220000,1.19415,1.1941,13760000,4690000
2017-12-28 16:02:33.894000,1.19414,1.19411,1000000,2440000
2017-12-28 16:02:35.472000,1.19414,1.19413,1000000,1000000
2017-12-28 16:02:35.979000,1.19416,1.19413,2620000,1870000
2017-12-28 16:02:36.504000,1.19414,1.19413,1000000,1870000
2017-12-28 16:02:37.435000,1.19413,1.19411,6370000,1500000
2017-12-28 16:02:38.010000,1.19413,1.1941,3820000,7950000
2017-12-28 16:02:38.553000,1.19414,1.1941,4120000,4310000
2017-12-28 16:02:39.063000,1.19413,1.19411,1000000,1000000
2017-12-28 16:02:39.581000,1.19414,1.19411,2250000,2250000
2017-12-28 16:02:40.998000,1.19414,1.19411,7500000,1870000
2017-12-28 16:02:41.511000,1.19412,1.19409,1000000,13200000
2017-12-28 16:02:42.087000,1.19412,1.1941,1000000,1120000
2017-12-28 16:02:42.611000,1.19411,1.1941,1000000,1000000
2017-12-28 16:02:43.126000,1.19412,1.1941,1500000,1000000
2017-12-28 16:02:43.782000,1.19414,1.19411,3820000,3370000
2017-12-28 16:02:44.092000,1.19413,1.1941,3830000,6000000
2017-12-28 16:02:44.248000,1.19414,1.19411,3450000,1500000
2017-12-28 16:02:45.469000,1.19414,1.19412,1870000,1000000
2017-12-28 16:02:50.095000,1.19412,1.19411,3000000,1000000
2017-12-28 16:02:50.603000,1.19414,1.19412,1370000,4120000
2017-12-28 16:02:51.244000,1.19415,1.19412,3370000,1000000
2017-12-28 16:02:51.763000,1.19414,1.19412,1000000,2620000
2017-12-28 16:02:52.395000,1.19413,1.19411,1000000,3370000
2017-12-28 16:02:52.934000,1.19414,1.19411,1870000,1870000
2017-12-28 16:02:53.475000,1.19414,1.19411,2620000,2620000
2017-12-28 16:02:54.072000,1.19413,1.19411,1000000,1870000
2017-12-28 16:02:54.592000,1.19414,1.19411,1500000,1500000
2017-12-28 16:02:55.173000,1.19413,1.19411,1000000,1570000
2017-12-28 16:02:55.721000,1.19414,1.19411,2620000,2620000
2017-12-28 16:02:56.234000,1.19413,1.19411,1000000,2620000
2017-12-28 16:02:56.781000,1.19415,1.19414,5620000,2250000
2017-12-28 16:02:56.833000,1.19416,1.19414,1000000,2440000
2017-12-28 16:02:57.486000,1.19417,1.19413,8140000,1250000
2017-12-28 16:02:57.592000,1.19417,1.19414,1690000,1190000
2017-12-28 16:02:59.351000,1.19418,1.19415,4870000,1500000
2017-12-28 16:03:01.703000,1.19417,1.19415,4120000,1650000
2017-12-28 16:03:02.222000,1.19417,1.19414,5510000,1870000
2017-12-28 16:03:02.725000,1.19416,1.19414,1000000,1870000
2017-12-28 16:03:06.664000,1.19416,1.19413,2060000,1690000
2017-12-28 16:03:07.703000,1.19415,1.19413,1000000,1200000
2017-12-28 16:03:08.021000,1.19412,1.19411,1120000,1100000
2017-12-28 16:03:09.737000,1.19411,1.1941,1000000,1120000
2017-12-28 16:03:10.243000,1.19412,1.1941,1500000,1870000
2017-12-28 16:03:10.398000,1.19415,1.19413,1000000,2250000
2017-12-28 16:03:10.914000,1.19416,1.19414,1870000,3370000
2017-12-28 16:03:12.658000,1.19415,1.19414,2250000,1000000
2017-12-28 16:03:13.607000,1.19416,1.19414,1120000,1000000
2017-12-28 16:03:20.615000,1.19415,1.19414,2250000,1000000
2017-12-28 16:03:21.158000,1.19416,1.19414,7870000,1000000
2017-12-28 16:03:21.416000,1.19414,1.19412,1000000,9470000
2017-12-28 16:03:21.581000,1.19413,1.19409,7870000,8250000
2017-12-28 16:03:22.174000,1.19413,1.19411,7310000,1310000
2017-12-28 16:03:22.435000,1.19414,1.19413,2320000,1000000
2017-12-28 16:03:22.941000,1.19416,1.19413,4500000,3000000
2017-12-28 16:03:23.913000,1.19416,1.19413,1120000,2440000
2017-12-28 16:03:25.945000,1.19415,1.19413,2250000,3000000
2017-12-28 16:03:26.502000,1.19416,1.19413,1870000,3520000
2017-12-28 16:03:28.113000,1.19415,1.19413,1000000,2770000
2017-12-28 16:03:28.723000,1.19416,1.19413,2510000,3520000
2017-12-28 16:03:29.619000,1.19415,1.19413,2250000,3520000
2017-12-28 16:03:30.404000,1.19414,1.19413,2250000,2770000
2017-12-28 16:03:30.666000,1.19416,1.19413,7010000,2770000
2017-12-28 16:03:34.252000,1.19416,1.19413,2250000,3410000
2017-12-28 16:03:34.849000,1.19416,1.19413,3750000,1870000
2017-12-28 16:03:36.272000,1.19415,1.19413,1000000,2620000
2017-12-28 16:03:37.203000,1.19416,1.19413,3000000,2620000
2017-12-28 16:03:37.619000,1.19417,1.19416,1120000,2250000
2017-12-28 16:03:37.790000,1.19418,1.19416,2320000,1120000
2017-12-28 16:03:38.307000,1.19419,1.19416,3070000,1000000
2017-12-28 16:03:38.575000,1.19416,1.19415,1000000,1000000
2017-12-28 16:03:38.970000,1.19416,1.19413,3370000,3370000
2017-12-28 16:03:39.854000,1.19416,1.19413,3370000,2250000
2017-12-28 16:03:41.051000,1.19416,1.19413,4120000,1500000
2017-12-28 16:03:41.673000,1.19415,1.19413,1000000,1870000
2017-12-28 16:03:42.285000,1.19416,1.19413,2250000,1870000
2017-12-28 16:03:42.946000,1.19416,1.19413,2250000,2250000
2017-12-28 16:03:46.001000,1.19416,1.19413,1950000,3000000
2017-12-28 16:03:46.572000,1.19415,1.19413,1000000,1500000
2017-12-28 16:03:47.085000,1.19416,1.19414,1500000,1870000
2017-12-28 16:03:49.234000,1.19415,1.19413,2250000,2250000
2017-12-28 16:03:49.771000,1.19416,1.19414,1870000,1120000
2017-12-28 16:03:50.435000,1.19417,1.19415,1200000,1120000
2017-12-28 16:03:50.645000,1.19416,1.19414,2250000,1500000
2017-12-28 16:03:50.801000,1.19417,1.19413,4760000,10390000
2017-12-28 16:03:51.323000,1.19417,1.19415,1690000,1620000
2017-12-28 16:03:51.839000,1.19417,1.19415,1870000,1120000
2017-12-28 16:03:53.317000,1.19416,1.19414,2250000,1370000
2017-12-28 16:03:53.834000,1.19417,1.19414,3370000,2620000
2017-12-28 16:03:54.345000,1.19416,1.19414,1870000,1870000
2017-12-28 16:03:59.489000,1.19417,1.19414,2440000,1000000
2017-12-28 16:04:00.036000,1.19416,1.19414,3000000,1120000
2017-12-28 16:04:01.074000,1.19418,1.19415,4760000,1500000
2017-12-28 16:04:01.595000,1.19416,1.19413,2620000,4870000
2017-12-28 16:04:02.549000,1.19416,1.19413,3640000,4310000
2017-12-28 16:04:03.071000,1.19415,1.19412,10690000,2440000
2017-12-28 16:04:03.679000,1.19414,1.19412,1870000,1000000
2017-12-28 16:04:04.196000,1.19414,1.19411,6370000,1870000
2017-12-28 16:04:10.783000,1.19413,1.19411,1000000,1870000
2017-12-28 16:04:11.331000,1.19414,1.19411,2620000,1120000
2017-12-28 16:04:13.111000,1.19414,1.19411,3070000,1500000
2017-12-28 16:04:13.934000,1.19414,1.19411,1870000,1500000
2017-12-28 16:04:14.148000,1.19415,1.19413,6820000,1000000
2017-12-28 16:04:14.829000,1.19417,1.19415,1100000,1620000
2017-12-28 16:04:15.375000,1.19418,1.19414,2250000,11320000
2017-12-28 16:04:15.684000,1.19419,1.19418,3820000,1120000
2017-12-28 16:04:15.797000,1.19421,1.19419,1120000,2440000
2017-12-28 16:04:16.312000,1.19422,1.19419,1500000,2810000
2017-12-28 16:04:16.857000,1.19422,1.1942,1120000,1250000
2017-12-28 16:04:18.117000,1.19423,1.19419,4390000,4120000
2017-12-28 16:04:18.658000,1.19423,1.19419,5890000,4120000
2017-12-28 16:04:19.228000,1.19422,1.19419,2320000,2620000
2017-12-28 16:04:20.653000,1.19422,1.1942,1950000,1000000
2017-12-28 16:04:22.408000,1.19418,1.19417,1000000,1200000
2017-12-28 16:04:22.685000,1.19416,1.19413,1500000,2890000
2017-12-28 16:04:23.200000,1.19415,1.19413,1500000,2250000
2017-12-28 16:04:23.903000,1.19414,1.19413,1000000,1000000
2017-12-28 16:04:24.494000,1.19415,1.19412,1870000,3370000
2017-12-28 16:04:24.999000,1.19415,1.19412,3000000,2620000
2017-12-28 16:04:25.589000,1.19415,1.19412,1000000,2620000
2017-12-28 16:04:26.702000,1.19418,1.19417,1950000,1000000
2017-12-28 16:04:26.754000,1.19418,1.19415,6260000,8440000
2017-12-28 16:04:26.910000,1.19416,1.19414,1000000,1500000
2017-12-28 16:04:27.471000,1.19417,1.19414,1950000,1120000
2017-12-28 16:04:27.815000,1.19418,1.19415,2700000,1500000
2017-12-28 16:04:28.360000,1.19417,1.19415,3000000,1000000
2017-12-28 16:04:28.883000,1.19417,1.19414,1500000,2620000
2017-12-28 16:04:29.273000,1.1942,1.19416,4390000,1500000
2017-12-28 16:04:29.325000,1.19417,1.19415,1120000,3750000
2017-12-28 16:04:30.836000,1.19416,1.19414,1000000,1120000
2017-12-28 16:04:31.345000,1.19417,1.19414,1950000,1120000
2017-12-28 16:04:31.998000,1.19416,1.19413,1500000,5700000
2017-12-28 16:04:32.573000,1.19416,1.19413,1500000,5320000
2017-12-28 16:04:33.098000,1.19417,1.19413,3450000,3070000
2017-12-28 16:04:33.839000,1.19416,1.19413,1500000,5320000
2017-12-28 16:04:34.357000,1.19416,1.19413,3750000,3750000
2017-12-28 16:04:35.265000,1.19417,1.19413,1870000,2250000
2017-12-28 16:04:35.803000,1.19416,1.19413,1000000,4500000
2017-12-28 16:04:36.413000,1.19417,1.19413,1870000,2620000
2017-12-28 16:04:37.314000,1.19416,1.19414,1000000,1870000
2017-12-28 16:04:37.940000,1.19417,1.19414,9000000,1120000
2017-12-28 16:04:38.598000,1.19417,1.19414,8060000,1120000
2017-12-28 16:04:39.114000,1.19415,1.19413,1000000,1000000
2017-12-28 16:04:39.641000,1.19416,1.19413,1120000,1500000
2017-12-28 16:04:40.354000,1.19416,1.19414,1120000,1120000
2017-12-28 16:04:40.864000,1.19416,1.19413,2250000,2810000
2017-12-28 16:04:42.355000,1.19416,1.19414,1000000,1310000
2017-12-28 16:04:43.527000,1.19416,1.19413,1500000,1870000
2017-12-28 16:04:44.296000,1.19415,1.19412,3000000,1000000
2017-12-28 16:04:44.889000,1.19415,1.19411,5250000,5630000
2017-12-28 16:04:46.327000,1.19415,1.19411,6370000,5630000
2017-12-28 16:04:47.226000,1.19412,1.1941,2060000,3640000
2017-12-28 16:04:47.433000,1.19412,1.19409,2810000,2440000
2017-12-28 16:04:48.023000,1.19412,1.19409,5060000,5140000
2017-12-28 16:04:48.433000,1.19412,1.1941,2440000,1190000
2017-12-28 16:04:51.208000,1.19411,1.19409,1000000,3940000
2017-12-28 16:04:52.063000,1.19412,1.19409,4200000,4120000
2017-12-28 16:04:52.234000,1.19411,1.19409,1950000,1310000
2017-12-28 16:04:52.964000,1.1941,1.19409,1000000,1120000
2017-12-28 16:04:53.682000,1.19411,1.19409,3000000,1500000
2017-12-28 16:04:54.185000,1.1941,1.19409,1000000,1120000
2017-12-28 16:04:54.727000,1.19411,1.19409,3070000,1120000
2017-12-28 16:04:57.923000,1.19412,1.19409,1570000,1690000
2017-12-28 16:04:58.232000,1.19413,1.19411,1120000,1690000
2017-12-28 16:04:58.768000,1.19413,1.19411,1570000,1500000
2017-12-28 16:04:59.423000,1.19414,1.19412,1570000,1120000
2017-12-28 16:04:59.632000,1.19415,1.19412,3150000,2440000
2017-12-28 16:04:59.793000,1.19417,1.19415,5890000,1000000
2017-12-28 16:05:00.184000,1.19423,1.19422,4570000,2060000
2017-12-28 16:05:00.242000,1.19426,1.19423,2510000,1690000
2017-12-28 16:05:00.346000,1.19427,1.19424,4010000,1870000
2017-12-28 16:05:00.882000,1.19427,1.19423,3640000,2060000
2017-12-28 16:05:01.640000,1.19426,1.19423,2620000,1310000
2017-12-28 16:05:02.690000,1.19426,1.19423,2620000,1120000
2017-12-28 16:05:03.398000,1.19426,1.19422,1120000,6940000
2017-12-28 16:05:03.597000,1.19422,1.19419,1570000,1500000
2017-12-28 16:05:03.650000,1.19423,1.1942,1870000,5890000
2017-12-28 16:05:03.703000,1.19423,1.19422,1120000,2250000
2017-12-28 16:05:03.912000,1.19426,1.19423,2440000,2620000
2017-12-28 16:05:04.460000,1.19426,1.19423,2440000,1250000
2017-12-28 16:05:05.120000,1.19426,1.19423,2250000,2700000
2017-12-28 16:05:05.650000,1.19426,1.19423,1500000,1500000
2017-12-28 16:05:06.463000,1.19427,1.19425,1420000,1120000
2017-12-28 16:05:06.994000,1.19428,1.19425,4990000,4090000
2017-12-28 16:05:07.534000,1.19427,1.19425,1800000,1010000
2017-12-28 16:05:08.044000,1.19428,1.19425,1690000,2060000
2017-12-28 16:05:08.922000,1.19429,1.19426,1200000,2060000
2017-12-28 16:05:09.959000,1.1943,1.19426,1760000,1250000
2017-12-28 16:05:10.504000,1.1943,1.19426,3820000,2250000
2017-12-28 16:05:11.314000,1.19428,1.19426,1000000,1250000
2017-12-28 16:05:11.824000,1.19429,1.19426,1100000,1190000
2017-12-28 16:05:12.356000,1.1943,1.19426,1070000,1120000
2017-12-28 16:05:13.518000,1.19427,1.19425,1120000,1000000
2017-12-28 16:05:14.029000,1.1943,1.19426,2140000,1500000
2017-12-28 16:05:14.683000,1.1943,1.19426,1950000,2810000
2017-12-28 16:05:16.106000,1.19431,1.19428,1870000,3750000
2017-12-28 16:05:16.313000,1.19432,1.19429,2440000,1190000
2017-12-28 16:05:16.993000,1.19433,1.19431,2250000,1120000
2017-12-28 16:05:18.149000,1.19433,1.19429,3750000,2440000
2017-12-28 16:05:18.693000,1.19434,1.19431,1750000,1310000
2017-12-28 16:05:19.213000,1.19434,1.1943,2250000,5060000
2017-12-28 16:05:19.624000,1.19435,1.19431,2810000,1310000
2017-12-28 16:05:20.606000,1.19435,1.19431,1570000,3190000
2017-12-28 16:05:24.282000,1.19436,1.19433,5060000,1250000
2017-12-28 16:05:24.798000,1.19435,1.19432,1200000,1000000
2017-12-28 16:05:25.326000,1.19438,1.19435,3370000,2250000
2017-12-28 16:05:27.034000,1.19438,1.19436,1120000,2440000
2017-12-28 16:05:27.572000,1.1944,1.19436,2890000,1690000
2017-12-28 16:05:27.995000,1.1944,1.19437,1500000,1500000
2017-12-28 16:05:28.571000,1.19439,1.19437,1000000,1000000
2017-12-28 16:05:28.676000,1.19438,1.19436,1870000,2620000
2017-12-28 16:05:28.883000,1.19438,1.19434,1950000,2620000
2017-12-28 16:05:29.394000,1.19438,1.19435,1950000,1120000
2017-12-28 16:05:29.916000,1.19438,1.19435,2960000,1120000
2017-12-28 16:05:31.312000,1.19437,1.19435,1000000,1690000
2017-12-28 16:05:31.867000,1.19438,1.19436,3750000,1000000
2017-12-28 16:05:32.399000,1.19437,1.19436,1000000,1000000
2017-12-28 16:05:33.132000,1.19438,1.19436,1120000,1000000
2017-12-28 16:05:33.790000,1.19438,1.19436,1000000,1690000
2017-12-28 16:05:34.394000,1.19438,1.19436,1000000,1250000
2017-12-28 16:05:34.785000,1.1944,1.19438,2700000,5810000
2017-12-28 16:05:34.893000,1.19444,1.19442,1200000,1120000
2017-12-28 16:05:35.411000,1.19445,1.19442,4010000,1000000
2017-12-28 16:05:36.016000,1.19445,1.19441,2810000,3190000
2017-12-28 16:05:36.571000,1.19445,1.19441,2810000,4310000
2017-12-28 16:05:39.302000,1.19445,1.19442,2320000,1690000
2017-12-28 16:05:40.128000,1.19446,1.19444,3370000,1570000
2017-12-28 16:05:40.440000,1.19444,1.19443,1120000,1000000
2017-12-28 16:05:40.492000,1.19444,1.19441,1000000,1100000
2017-12-28 16:05:41.264000,1.19444,1.19441,3000000,1120000
2017-12-28 16:05:41.316000,1.19442,1.19441,1120000,1120000
2017-12-28 16:05:41.833000,1.19442,1.1944,1000000,3820000
2017-12-28 16:05:43.157000,1.19444,1.1944,4760000,2320000
2017-12-28 16:05:43.661000,1.19444,1.1944,3070000,3070000
2017-12-28 16:05:43.765000,1.19444,1.1944,3820000,2320000
2017-12-28 16:05:44.352000,1.19444,1.1944,5700000,2320000
2017-12-28 16:05:44.862000,1.19443,1.1944,1000000,2320000
2017-12-28 16:05:45.173000,1.19441,1.1944,1000000,2700000
2017-12-28 16:05:45.997000,1.19442,1.1944,1500000,2700000
2017-12-28 16:05:46.535000,1.19443,1.19439,1120000,8140000
2017-12-28 16:05:47.228000,1.19442,1.19439,1000000,15640000
2017-12-28 16:05:47.752000,1.19443,1.19441,1120000,1200000
2017-12-28 16:05:48.266000,1.19444,1.1944,5020000,7420000
2017-12-28 16:05:48.980000,1.19444,1.1944,8590000,6300000
2017-12-28 16:05:49.511000,1.19444,1.1944,5700000,1370000
2017-12-28 16:05:50.062000,1.19444,1.19442,1120000,5620000
2017-12-28 16:05:51.210000,1.19445,1.19442,1500000,2620000
2017-12-28 16:05:54.760000,1.19445,1.19443,1100000,1000000
2017-12-28 16:05:55.291000,1.19445,1.19442,1570000,1870000
2017-12-28 16:05:55.828000,1.19444,1.19441,1000000,3560000
2017-12-28 16:05:56.325000,1.19442,1.19441,1000000,1000000
2017-12-28 16:05:56.686000,1.19444,1.1944,4120000,5620000
2017-12-28 16:05:57.246000,1.19444,1.1944,3370000,4310000
2017-12-28 16:06:00.064000,1.19444,1.19441,1000000,9070000
2017-12-28 16:06:00.623000,1.19446,1.19442,3970000,1950000
2017-12-28 16:06:01.150000,1.19446,1.19443,5770000,1100000
2017-12-28 16:06:07.464000,1.19442,1.19441,1000000,1120000
2017-12-28 16:06:07.970000,1.19443,1.1944,1120000,1950000
2017-12-28 16:06:08.476000,1.19442,1.1944,1000000,1100000
2017-12-28 16:06:09.015000,1.19443,1.1944,3750000,1870000
2017-12-28 16:06:09.521000,1.19443,1.19439,8890000,1200000
2017-12-28 16:06:13.072000,1.19441,1.19439,1000000,1120000
2017-12-28 16:06:13.613000,1.19442,1.19439,3750000,1120000
2017-12-28 16:06:14.138000,1.19441,1.19439,1000000,1120000
2017-12-28 16:06:14.722000,1.19442,1.19438,1870000,8510000
2017-12-28 16:06:15.119000,1.19443,1.19441,1870000,1120000
2017-12-28 16:06:15.903000,1.19444,1.19441,1870000,7950000
2017-12-28 16:06:16.408000,1.19448,1.19445,3820000,4310000
2017-12-28 16:06:16.461000,1.19448,1.19445,1000000,8510000
2017-12-28 16:06:16.566000,1.19447,1.19445,1000000,2700000
2017-12-28 16:06:18.237000,1.19447,1.19443,3190000,4010000
2017-12-28 16:06:18.758000,1.19446,1.19444,1000000,1000000
2017-12-28 16:06:20.482000,1.19445,1.19443,1250000,1120000
2017-12-28 16:06:21.093000,1.19445,1.19442,1120000,1870000
2017-12-28 16:06:21.636000,1.19445,1.19442,1120000,5700000
2017-12-28 16:06:22.401000,1.19446,1.19442,1500000,8810000
2017-12-28 16:06:23.730000,1.19446,1.19442,1120000,7200000
2017-12-28 16:06:24.271000,1.19445,1.19443,1000000,2890000
2017-12-28 16:06:24.993000,1.19445,1.19442,7390000,1120000
2017-12-28 16:06:25.516000,1.19446,1.19443,4200000,3370000
2017-12-28 16:06:25.568000,1.19446,1.19444,1250000,1690000
2017-12-28 16:06:27.219000,1.19448,1.19444,3450000,2060000
2017-12-28 16:06:27.588000,1.19446,1.19444,1000000,1870000
2017-12-28 16:06:28.104000,1.19447,1.19444,1000000,3750000
2017-12-28 16:06:30,1.19446,1.19444,1000000,1310000
2017-12-28 16:06:33.879000,1.1945,1.19447,11320000,5250000
2017-12-28 16:06:34.159000,1.19453,1.19449,3260000,3820000
2017-12-28 16:06:34.687000,1.19452,1.19449,1310000,3190000
2017-12-28 16:06:34.986000,1.19452,1.1945,1000000,2700000
2017-12-28 16:06:35.399000,1.19454,1.19451,5810000,1870000
2017-12-28 16:06:35.505000,1.19453,1.1945,1290000,2440000
2017-12-28 16:06:36.034000,1.19453,1.1945,1870000,2620000
2017-12-28 16:06:36.551000,1.19455,1.19452,2250000,1000000
2017-12-28 16:06:37.394000,1.19455,1.19451,1200000,10200000
2017-12-28 16:06:37.943000,1.19456,1.19452,3370000,3750000
2017-12-28 16:06:38.458000,1.19456,1.19453,1870000,1000000
2017-12-28 16:06:39.038000,1.19456,1.19452,1620000,2440000
2017-12-28 16:06:42.290000,1.19456,1.19452,6000000,3750000
2017-12-28 16:06:48.078000,1.19455,1.19453,1370000,1000000
2017-12-28 16:06:48.825000,1.19455,1.19453,1120000,1000000
2017-12-28 16:06:49.375000,1.19455,1.19452,1120000,6750000
2017-12-28 16:06:58.329000,1.19456,1.19451,12260000,5620000
2017-12-28 16:06:58.984000,1.19455,1.19452,3370000,1000000
2017-12-28 16:06:59.558000,1.19455,1.19451,1500000,4120000
2017-12-28 16:07:01.723000,1.19454,1.19453,1000000,1000000
2017-12-28 16:07:02.285000,1.19454,1.19452,1500000,1120000
2017-12-28 16:07:03.912000,1.19454,1.19451,1000000,5620000
2017-12-28 16:07:04.305000,1.19454,1.19453,1120000,1000000
2017-12-28 16:07:04.973000,1.19456,1.19453,1500000,3750000
2017-12-28 16:07:05.077000,1.19457,1.19453,2810000,1500000
2017-12-28 16:07:05.585000,1.19456,1.19453,1690000,2810000
2017-12-28 16:07:06.126000,1.19455,1.19453,1870000,1500000
2017-12-28 16:07:06.674000,1.19455,1.19452,1870000,3370000
2017-12-28 16:07:07.393000,1.19455,1.19452,1950000,1120000
2017-12-28 16:07:07.907000,1.19455,1.19452,2320000,1120000
2017-12-28 16:07:08.461000,1.19455,1.19452,4570000,1120000
2017-12-28 16:07:11.159000,1.19455,1.19452,6070000,1120000
2017-12-28 16:07:13.095000,1.19455,1.19452,3450000,1000000
2017-12-28 16:07:13.664000,1.19455,1.19452,6450000,1120000
2017-12-28 16:07:15.219000,1.19455,1.19452,4950000,1120000
2017-12-28 16:07:15.567000,1.19452,1.19449,1570000,4870000
2017-12-28 16:07:16.342000,1.19451,1.19448,1450000,4500000
2017-12-28 16:07:16.847000,1.19451,1.19449,1390000,1250000
2017-12-28 16:07:17.790000,1.19451,1.19448,2700000,2620000
2017-12-28 16:07:18.328000,1.19451,1.19449,1950000,1000000
2017-12-28 16:07:20.109000,1.19451,1.19448,4200000,1000000
2017-12-28 16:07:21.630000,1.19452,1.19448,9260000,1380000
2017-12-28 16:07:22.157000,1.19451,1.19447,1450000,6560000
2017-12-28 16:07:22.689000,1.19451,1.19448,1950000,1500000
2017-12-28 16:07:23.233000,1.19451,1.19447,3070000,5620000
2017-12-28 16:07:23.973000,1.19451,1.19447,1570000,4500000
2017-12-28 16:07:24.524000,1.19451,1.19447,2510000,6940000
2017-12-28 16:07:25.094000,1.19451,1.19449,1200000,1120000
2017-12-28 16:07:26.977000,1.19453,1.19452,4310000,2620000
2017-12-28 16:07:27.087000,1.19456,1.19453,3820000,3370000
2017-12-28 16:07:29.080000,1.19456,1.19453,1200000,2250000
2017-12-28 16:07:32.404000,1.19456,1.19454,1200000,2250000
2017-12-28 16:07:32.934000,1.19458,1.19455,4010000,1250000
2017-12-28 16:07:33.541000,1.19458,1.19454,4200000,4690000
2017-12-28 16:07:34.093000,1.19456,1.19454,1000000,3370000
2017-12-28 16:07:35.223000,1.19456,1.19453,1000000,5470000
2017-12-28 16:07:35.976000,1.19456,1.19454,1200000,1000000
2017-12-28 16:07:41.574000,1.19455,1.19453,9000000,1000000
2017-12-28 16:07:41.678000,1.19454,1.19452,1000000,2250000
2017-12-28 16:07:42.191000,1.19454,1.19452,1000000,3560000
2017-12-28 16:07:42.791000,1.19454,1.19452,1000000,2060000
2017-12-28 16:07:42.975000,1.19454,1.19452,1000000,2620000
2017-12-28 16:07:43.485000,1.19452,1.19451,1000000,2250000
2017-12-28 16:07:43.642000,1.19452,1.19449,3070000,1000000
2017-12-28 16:07:43.798000,1.19451,1.19449,1950000,1500000
2017-12-28 16:07:52.347000,1.19452,1.1945,2510000,8120000
2017-12-28 16:07:52.401000,1.19453,1.19451,1000000,4870000
2017-12-28 16:07:52.456000,1.19453,1.1945,3000000,2620000
2017-12-28 16:07:52.612000,1.19455,1.19452,3070000,3190000
2017-12-28 16:07:52.935000,1.19453,1.19449,3070000,5620000
2017-12-28 16:07:53.452000,1.19452,1.1945,1120000,1250000
2017-12-28 16:07:54.581000,1.19452,1.1945,1570000,1690000
2017-12-28 16:07:55.241000,1.19452,1.1945,1100000,1690000
2017-12-28 16:07:55.765000,1.19453,1.1945,3640000,1690000
2017-12-28 16:07:56.462000,1.19454,1.19452,1950000,5060000
2017-12-28 16:07:56.566000,1.19456,1.19453,1950000,2810000
2017-12-28 16:07:57.577000,1.19456,1.19453,1570000,3190000
2017-12-28 16:07:58.082000,1.19457,1.19453,5510000,4690000
2017-12-28 16:07:58.915000,1.19456,1.19453,3820000,1500000
2017-12-28 16:08:00.143000,1.19456,1.19453,1100000,4310000
2017-12-28 16:08:01.290000,1.19457,1.19453,4570000,3750000
2017-12-28 16:08:02.922000,1.19456,1.19453,1000000,4950000
2017-12-28 16:08:03.463000,1.19457,1.19454,5700000,1120000
2017-12-28 16:08:04.393000,1.19456,1.19454,1000000,1690000
2017-12-28 16:08:04.945000,1.19457,1.19454,4570000,1690000
2017-12-28 16:08:06.196000,1.19458,1.19455,3370000,4870000
2017-12-28 16:08:06.483000,1.19457,1.19454,1570000,3000000
2017-12-28 16:08:07.284000,1.19456,1.19454,1000000,1000000
2017-12-28 16:08:07.817000,1.19457,1.19453,1950000,5250000
2017-12-28 16:08:13.960000,1.19457,1.19454,2700000,8440000
2017-12-28 16:08:14.064000,1.19458,1.19454,1500000,17059999
2017-12-28 16:08:14.117000,1.19458,1.19456,1000000,4500000
2017-12-28 16:08:14.534000,1.19457,1.19455,1000000,3820000
2017-12-28 16:08:15.172000,1.19457,1.19454,1120000,9970000
2017-12-28 16:08:15.691000,1.19457,1.19454,1120000,7280000
2017-12-28 16:08:18.570000,1.19457,1.19456,1120000,1000000
2017-12-28 16:08:18.674000,1.19459,1.19456,1120000,1250000
2017-12-28 16:08:19.455000,1.19459,1.19456,2060000,1690000
2017-12-28 16:08:20.207000,1.19459,1.19456,1120000,1000000
2017-12-28 16:08:20.312000,1.19458,1.19456,7120000,1000000
2017-12-28 16:08:20.364000,1.19457,1.19455,3190000,1250000
2017-12-28 16:08:20.879000,1.19457,1.19454,1500000,1120000
2017-12-28 16:08:21.837000,1.19457,1.19453,2700000,3070000
2017-12-28 16:08:22.810000,1.19457,1.19453,4570000,1100000
2017-12-28 16:08:23.312000,1.19455,1.19453,1500000,1570000
2017-12-28 16:08:23.892000,1.19456,1.19453,3370000,1100000
2017-12-28 16:08:24.492000,1.19455,1.19453,1500000,1100000
2017-12-28 16:08:25.385000,1.19456,1.19453,1870000,1570000
2017-12-28 16:08:25.891000,1.19456,1.19453,1500000,1570000
2017-12-28 16:08:26.670000,1.19455,1.19453,1500000,3070000
2017-12-28 16:08:27.134000,1.19455,1.19452,1500000,3190000
2017-12-28 16:08:27.682000,1.19455,1.19452,1000000,6070000
2017-12-28 16:08:36.553000,1.19455,1.19454,1120000,1000000
2017-12-28 16:08:40.926000,1.19454,1.19453,1950000,1500000
2017-12-28 16:08:41.031000,1.19453,1.19451,1570000,1870000
2017-12-28 16:08:41.135000,1.19452,1.1945,1450000,4120000
2017-12-28 16:08:41.650000,1.19452,1.19451,1200000,1120000
2017-12-28 16:08:42.872000,1.19452,1.19449,2700000,1120000
2017-12-28 16:08:43.383000,1.19452,1.19449,3450000,1870000
2017-12-28 16:09:00.530000,1.19451,1.19449,1570000,1120000
2017-12-28 16:09:01.056000,1.19453,1.19451,1950000,1870000
2017-12-28 16:09:01.576000,1.19454,1.19451,2250000,1870000
2017-12-28 16:09:02.556000,1.19454,1.19452,4120000,1000000
2017-12-28 16:09:02.610000,1.19453,1.1945,1880000,1500000
2017-12-28 16:09:03.133000,1.19452,1.1945,1500000,1500000
2017-12-28 16:09:03.882000,1.19453,1.1945,1950000,1000000
2017-12-28 16:09:06.304000,1.19452,1.1945,1000000,1800000
2017-12-28 16:09:06.841000,1.19452,1.1945,1870000,1870000
2017-12-28 16:09:08.141000,1.19452,1.1945,1120000,1120000
2017-12-28 16:09:08.702000,1.19452,1.1945,1870000,1500000
2017-12-28 16:09:10.835000,1.19452,1.1945,1200000,1000000
2017-12-28 16:09:12.516000,1.19452,1.1945,3070000,1800000
2017-12-28 16:09:13.058000,1.19452,1.19449,1100000,3370000
2017-12-28 16:09:13.711000,1.19451,1.1945,1100000,1000000
2017-12-28 16:09:13.765000,1.19449,1.19447,5810000,1000000
2017-12-28 16:09:13.818000,1.19448,1.19446,4760000,2620000
2017-12-28 16:09:13.871000,1.19447,1.19445,2320000,1000000
2017-12-28 16:09:14.079000,1.19447,1.19444,4570000,2250000
2017-12-28 16:09:14.237000,1.19447,1.19444,1570000,1690000
2017-12-28 16:09:14.776000,1.19447,1.19444,2510000,2440000
2017-12-28 16:09:15.850000,1.19447,1.19444,1950000,1310000
2017-12-28 16:09:16.375000,1.19447,1.19443,1950000,2440000
2017-12-28 16:09:16.890000,1.19447,1.19444,1950000,1250000
2017-12-28 16:09:17.916000,1.19448,1.19447,1950000,1000000
2017-12-28 16:09:18.229000,1.19446,1.19443,1570000,5620000
2017-12-28 16:09:18.741000,1.19447,1.19443,8890000,1690000
2017-12-28 16:09:18.896000,1.19447,1.19445,3820000,1000000
2017-12-28 16:09:19.399000,1.19447,1.19444,3070000,1000000
2017-12-28 16:09:19.936000,1.19446,1.19442,1200000,5630000
2017-12-28 16:09:20.945000,1.19446,1.19443,1120000,1120000
2017-12-28 16:09:22.936000,1.19446,1.19442,1000000,4130000
2017-12-28 16:09:23.468000,1.19447,1.19442,12640000,4690000
2017-12-28 16:09:24.117000,1.19446,1.19442,2060000,9190000
2017-12-28 16:09:25.086000,1.19447,1.19443,14330000,1120000
2017-12-28 16:09:25.768000,1.19446,1.19443,1120000,2060000
2017-12-28 16:09:26.436000,1.19447,1.19443,9820000,1120000
2017-12-28 16:09:26.937000,1.19446,1.19444,1120000,1000000
2017-12-28 16:09:27.461000,1.19447,1.19443,2620000,3190000
2017-12-28 16:09:28.137000,1.19447,1.19443,3940000,5810000
2017-12-28 16:09:29.617000,1.19447,1.19444,5620000,2440000
2017-12-28 16:09:30.226000,1.19447,1.19443,2250000,6560000
2017-12-28 16:09:37.914000,1.19446,1.19443,3000000,3820000
2017-12-28 16:09:40.130000,1.19446,1.19444,3750000,1000000
2017-12-28 16:09:40.749000,1.19446,1.19443,3000000,4950000
2017-12-28 16:09:41.321000,1.19446,1.19444,3000000,1000000
2017-12-28 16:09:41.627000,1.1945,1.19448,1100000,2250000
2017-12-28 16:09:42.163000,1.19452,1.19448,5250000,4690000
2017-12-28 16:09:42.732000,1.19452,1.19448,1000000,1690000
2017-12-28 16:09:43.041000,1.19452,1.19448,1100000,7010000
2017-12-28 16:09:43.446000,1.19451,1.19447,1000000,8700000
2017-12-28 16:09:44.127000,1.1945,1.19448,1000000,1870000
2017-12-28 16:09:44.877000,1.19451,1.19449,2250000,1120000
2017-12-28 16:09:45.137000,1.19454,1.19452,4870000,1000000
2017-12-28 16:09:46.238000,1.19453,1.19451,1950000,1000000
2017-12-28 16:09:46.756000,1.19452,1.19451,1000000,1250000
2017-12-28 16:09:47.490000,1.19452,1.19449,1500000,9750000
2017-12-28 16:09:48.098000,1.19452,1.19449,3370000,1500000
2017-12-28 16:09:48.738000,1.19451,1.19449,1000000,1500000
2017-12-28 16:09:49.272000,1.19452,1.19449,4500000,2620000
2017-12-28 16:09:49.802000,1.19451,1.19449,1000000,2620000
2017-12-28 16:09:50.309000,1.19452,1.19449,4500000,2620000
2017-12-28 16:09:50.853000,1.19451,1.19449,1000000,2620000
2017-12-28 16:09:51.359000,1.19452,1.19449,5250000,2620000
2017-12-28 16:09:52.543000,1.19451,1.19449,1000000,2620000
2017-12-28 16:09:53.293000,1.19452,1.19449,4500000,2620000
2017-12-28 16:09:53.915000,1.19451,1.19449,1000000,2620000
2017-12-28 16:09:54.503000,1.19452,1.19449,3750000,1870000
2017-12-28 16:09:56.104000,1.19451,1.19449,1000000,1120000
2017-12-28 16:09:56.646000,1.19451,1.19448,1100000,3190000
2017-12-28 16:09:58.105000,1.19449,1.19447,3260000,1500000
2017-12-28 16:09:58.312000,1.19446,1.19444,1000000,2620000
2017-12-28 16:10:02.285000,1.19445,1.19443,1000000,2250000
2017-12-28 16:10:08.594000,1.19445,1.19443,1000000,1690000
2017-12-28 16:10:10.525000,1.19444,1.19442,1000000,1500000
2017-12-28 16:10:12.779000,1.19444,1.19442,1120000,1690000
2017-12-28 16:10:13.459000,1.19442,1.19441,1000000,1570000
2017-12-28 16:10:13.991000,1.19442,1.1944,1120000,1120000
2017-12-28 16:10:14.806000,1.19441,1.19439,1000000,1370000
2017-12-28 16:10:16.298000,1.19441,1.19438,1120000,1000000
2017-12-28 16:10:17.965000,1.19441,1.19439,1870000,1500000
2017-12-28 16:10:18.068000,1.19444,1.19442,3820000,1000000
2017-12-28 16:10:18.172000,1.19444,1.19441,1870000,8140000
2017-12-28 16:10:18.690000,1.19445,1.19442,3450000,1120000
2017-12-28 16:10:19.216000,1.19445,1.19443,3450000,1000000
2017-12-28 16:10:19.268000,1.19445,1.19441,2700000,5890000
2017-12-28 16:10:20.227000,1.19445,1.19442,2700000,1500000
2017-12-28 16:10:20.762000,1.19445,1.19441,2700000,5140000
2017-12-28 16:10:21.343000,1.19445,1.19442,2700000,2250000
2017-12-28 16:10:22.468000,1.19445,1.19443,2250000,1120000
2017-12-28 16:10:23.974000,1.19445,1.19442,1500000,1250000
2017-12-28 16:10:25.421000,1.19445,1.19443,1500000,1000000
2017-12-28 16:10:25.876000,1.19448,1.19445,3450000,3750000
2017-12-28 16:10:26.402000,1.19448,1.19445,1120000,1500000
2017-12-28 16:10:27.945000,1.19447,1.19445,1000000,1500000
2017-12-28 16:10:28.151000,1.19446,1.19444,1000000,1870000
2017-12-28 16:10:30.452000,1.19446,1.19443,1320000,4390000
2017-12-28 16:10:31.698000,1.19446,1.19444,1320000,1000000
2017-12-28 16:10:32.984000,1.19446,1.19443,1000000,3450000
2017-12-28 16:10:33.397000,1.19446,1.19443,1000000,5320000
2017-12-28 16:10:33.913000,1.19446,1.19443,1000000,2700000
2017-12-28 16:10:36.927000,1.19447,1.19446,1000000,2740000
2017-12-28 16:10:37.036000,1.19449,1.19446,1000000,1570000
2017-12-28 16:10:37.245000,1.19449,1.19447,1000000,1950000
2017-12-28 16:10:37.759000,1.19449,1.19446,1000000,6450000
2017-12-28 16:10:38.292000,1.19449,1.19448,1000000,1570000
2017-12-28 16:10:39.534000,1.19449,1.19447,1000000,1200000
2017-12-28 16:10:40.098000,1.19447,1.19446,1500000,1760000
2017-12-28 16:10:40.358000,1.19448,1.19447,1500000,1000000
2017-12-28 16:10:40.873000,1.19448,1.19446,1000000,3410000
2017-12-28 16:10:41.480000,1.19448,1.19446,2620000,1000000
2017-12-28 16:10:42.758000,1.19449,1.19446,1370000,1690000
2017-12-28 16:10:43.286000,1.1945,1.19445,6080000,8740000
2017-12-28 16:10:43.805000,1.1945,1.19446,8620000,2250000
2017-12-28 16:10:44.336000,1.19449,1.19446,1000000,5250000
2017-12-28 16:10:44.869000,1.1945,1.19446,6260000,1000000
2017-12-28 16:10:45.384000,1.19449,1.19446,1500000,1500000
2017-12-28 16:10:45.934000,1.1945,1.19446,7200000,1000000
2017-12-28 16:10:46.646000,1.19449,1.19446,2250000,1500000
2017-12-28 16:10:47.099000,1.19447,1.19446,1500000,2250000
2017-12-28 16:10:47.714000,1.19447,1.19445,1000000,1120000
2017-12-28 16:10:49.038000,1.19446,1.19444,1000000,2920000
2017-12-28 16:10:49.564000,1.19446,1.19444,2250000,1500000
2017-12-28 16:10:53.111000,1.19446,1.19445,1000000,1020000
2017-12-28 16:10:53.267000,1.19448,1.19445,7120000,1500000
2017-12-28 16:10:53.788000,1.19447,1.19444,1000000,8600000
2017-12-28 16:10:55.321000,1.19446,1.19444,1000000,1390000
2017-12-28 16:10:55.844000,1.19446,1.19444,1000000,1310000
2017-12-28 16:10:58.095000,1.19445,1.19443,1000000,3000000
2017-12-28 16:10:59.769000,1.19445,1.19443,3750000,1120000
2017-12-28 16:11:02.354000,1.19443,1.19441,4120000,2810000
2017-12-28 16:11:02.459000,1.1944,1.19439,1500000,1000000
2017-12-28 16:11:02.970000,1.1944,1.19438,1870000,1870000
2017-12-28 16:11:09.421000,1.1944,1.19439,2250000,1000000
2017-12-28 16:11:10.321000,1.1944,1.19438,1500000,7500000
2017-12-28 16:11:10.771000,1.19443,1.19442,1200000,1500000
2017-12-28 16:11:11.289000,1.19444,1.19441,1120000,2620000
2017-12-28 16:11:11.805000,1.19444,1.19442,1120000,1500000
2017-12-28 16:11:12.306000,1.19444,1.19441,1000000,6750000
2017-12-28 16:11:13.002000,1.19446,1.19444,1500000,12560000
2017-12-28 16:11:13.407000,1.19447,1.19445,2250000,1870000
2017-12-28 16:11:13.722000,1.19449,1.19447,1500000,5250000
2017-12-28 16:11:17.500000,1.19449,1.19447,1000000,1370000
2017-12-28 16:11:18.048000,1.19448,1.19447,1000000,1120000
2017-12-28 16:11:18.598000,1.19449,1.19447,1500000,1500000
2017-12-28 16:11:19.524000,1.1945,1.19447,1870000,5810000
2017-12-28 16:11:20.040000,1.1945,1.19448,2250000,1000000
2017-12-28 16:11:20.556000,1.19452,1.19451,1120000,1500000
2017-12-28 16:11:20.697000,1.19453,1.19452,1000000,1690000
2017-12-28 16:11:21.249000,1.19454,1.19452,1950000,1120000
2017-12-28 16:11:21.981000,1.19454,1.19452,2320000,1000000
2017-12-28 16:11:22.137000,1.19451,1.19449,1000000,1500000
2017-12-28 16:11:23.188000,1.1945,1.19448,1000000,1370000
2017-12-28 16:11:23.705000,1.19449,1.19447,1500000,6640000
2017-12-28 16:11:23.915000,1.19446,1.19445,1500000,1120000
2017-12-28 16:11:24.191000,1.19446,1.19443,1500000,3820000
2017-12-28 16:11:24.793000,1.19446,1.19444,2320000,1000000
2017-12-28 16:11:25.401000,1.19446,1.19443,1570000,3750000
2017-12-28 16:11:25.876000,1.19443,1.19442,1120000,2700000
2017-12-28 16:11:25.929000,1.19441,1.19439,1000000,1370000
2017-12-28 16:11:25.982000,1.19439,1.19437,1000000,1760000
2017-12-28 16:11:26.625000,1.19439,1.19436,1870000,6560000
2017-12-28 16:11:27.997000,1.19439,1.19436,1500000,3110000
2017-12-28 16:11:28.568000,1.1944,1.19438,1120000,2620000
2017-12-28 16:11:28.878000,1.19441,1.1944,1000000,6750000
2017-12-28 16:11:29.512000,1.19442,1.1944,1120000,2250000
2017-12-28 16:11:29.565000,1.19444,1.1944,1390000,12000000
2017-12-28 16:11:29.721000,1.19445,1.19442,1370000,1500000
2017-12-28 16:11:30.031000,1.19443,1.19441,1000000,1950000
2017-12-28 16:11:30.201000,1.19441,1.19438,1500000,6750000
2017-12-28 16:11:30.253000,1.19441,1.19438,1500000,5620000
2017-12-28 16:11:30.408000,1.1944,1.19438,1000000,9370000
2017-12-28 16:11:30.933000,1.1944,1.19439,1000000,1000000
2017-12-28 16:11:31.938000,1.19441,1.19439,1500000,1120000
2017-12-28 16:11:32.453000,1.19441,1.19439,1500000,2250000
2017-12-28 16:11:34.358000,1.1944,1.19439,1500000,1000000
2017-12-28 16:11:34.664000,1.19438,1.19437,1000000,1310000
2017-12-28 16:11:35.441000,1.1944,1.19437,10760000,1120000
2017-12-28 16:11:35.493000,1.19438,1.19437,1000000,1120000
2017-12-28 16:11:36.042000,1.19439,1.19438,1000000,2620000
2017-12-28 16:11:37.588000,1.1944,1.19438,3370000,1000000
2017-12-28 16:11:37.901000,1.19433,1.1943,4310000,6450000
2017-12-28 16:11:38.211000,1.1943,1.19428,1000000,2890000
2017-12-28 16:11:39.105000,1.1943,1.19428,1000000,1870000
2017-12-28 16:11:39.948000,1.19429,1.19427,1000000,5400000
2017-12-28 16:11:40.001000,1.19429,1.19425,1000000,7120000
2017-12-28 16:11:40.364000,1.19427,1.19425,1000000,8250000
2017-12-28 16:11:40.605000,1.19429,1.19426,1120000,3070000
2017-12-28 16:11:41.127000,1.19429,1.19426,1000000,6070000
2017-12-28 16:11:44.989000,1.19429,1.19425,3070000,6070000
2017-12-28 16:11:47.348000,1.19428,1.19426,1000000,2620000
2017-12-28 16:11:47.502000,1.19429,1.19425,1000000,10120000
2017-12-28 16:11:47.710000,1.19426,1.19425,2440000,2700000
2017-12-28 16:11:47.928000,1.19423,1.19421,4870000,2250000
2017-12-28 16:11:48.448000,1.19423,1.1942,1000000,3450000
2017-12-28 16:11:48.998000,1.19423,1.19421,1000000,1870000
2017-12-28 16:11:49.541000,1.19423,1.19421,1000000,3820000
2017-12-28 16:11:50.228000,1.19422,1.19421,3370000,1200000
2017-12-28 16:11:50.281000,1.19419,1.19418,1000000,1100000
2017-12-28 16:11:51.109000,1.19422,1.1942,3070000,1500000
2017-12-28 16:11:51.628000,1.19424,1.1942,1370000,5320000
2017-12-28 16:11:52.017000,1.19424,1.19421,1370000,1950000
2017-12-28 16:11:52.535000,1.19424,1.19421,1000000,1370000
2017-12-28 16:11:53.074000,1.19424,1.19421,1000000,1870000
2017-12-28 16:11:53.599000,1.19424,1.19421,1000000,1870000
2017-12-28 16:11:55.129000,1.19424,1.19421,1870000,1370000
2017-12-28 16:11:55.857000,1.19422,1.19421,1000000,1570000
2017-12-28 16:11:55.961000,1.1942,1.19418,1000000,2250000
2017-12-28 16:11:56.488000,1.1942,1.19417,1000000,3000000
2017-12-28 16:11:57.033000,1.1942,1.19418,1000000,1500000
2017-12-28 16:11:57.904000,1.19422,1.1942,1950000,2250000
2017-12-28 16:11:58.215000,1.19419,1.19418,1000000,1000000
2017-12-28 16:11:59.171000,1.19419,1.19417,1500000,1000000
2017-12-28 16:12:00.315000,1.19418,1.19416,1000000,1870000
2017-12-28 16:12:00.863000,1.19418,1.19416,1000000,4870000
2017-12-28 16:12:01.137000,1.19419,1.19416,2250000,6750000
2017-12-28 16:12:01.675000,1.19419,1.19417,2250000,1000000
2017-12-28 16:12:01.894000,1.19418,1.19416,1000000,4500000
2017-12-28 16:12:06.042000,1.19421,1.19419,3370000,3620000
2017-12-28 16:12:06.308000,1.19422,1.19421,1000000,1000000
2017-12-28 16:12:06.829000,1.19422,1.1942,1000000,4390000
2017-12-28 16:12:07.181000,1.19423,1.1942,1120000,6450000
2017-12-28 16:12:08.646000,1.19424,1.19421,1370000,1950000
2017-12-28 16:12:10.499000,1.19426,1.19424,3260000,1000000
2017-12-28 16:12:10.554000,1.19427,1.19425,1570000,3560000
2017-12-28 16:12:10.659000,1.19428,1.19425,1120000,9190000
2017-12-28 16:12:11.319000,1.19429,1.19426,1500000,1000000
2017-12-28 16:12:11.939000,1.1943,1.19427,1500000,6070000
2017-12-28 16:12:12.653000,1.1943,1.19428,1120000,1500000
2017-12-28 16:12:12.759000,1.19433,1.1943,3370000,8810000
2017-12-28 16:12:13.288000,1.19435,1.19431,4690000,3940000
2017-12-28 16:12:13.797000,1.19435,1.19432,5440000,1000000
2017-12-28 16:12:14.402000,1.19435,1.19431,4690000,3940000
2017-12-28 16:12:14.743000,1.19436,1.19433,3940000,1250000
2017-12-28 16:12:16.039000,1.19436,1.19432,2250000,6940000
2017-12-28 16:12:16.554000,1.19436,1.19433,1870000,1250000
2017-12-28 16:12:18.658000,1.19435,1.19432,3370000,1760000
2017-12-28 16:12:18.969000,1.19433,1.19431,1000000,1120000
2017-12-28 16:12:19.485000,1.19434,1.19431,1120000,1500000
2017-12-28 16:12:21.310000,1.19435,1.19432,1120000,2060000
2017-12-28 16:12:21.840000,1.19435,1.19432,1000000,2440000
2017-12-28 16:12:23.786000,1.19436,1.19433,1500000,1000000
2017-12-28 16:12:24.746000,1.19435,1.19433,1000000,1690000
2017-12-28 16:12:25.328000,1.19436,1.19433,1500000,2320000
2017-12-28 16:12:25.872000,1.19435,1.19433,1000000,2440000
2017-12-28 16:12:30.487000,1.19435,1.19432,1120000,2250000
2017-12-28 16:12:31.018000,1.19435,1.19431,2620000,4570000
2017-12-28 16:12:31.860000,1.19432,1.19431,5810000,1200000
2017-12-28 16:12:32.176000,1.1943,1.19429,1000000,1000000
2017-12-28 16:12:32.780000,1.1943,1.19427,8620000,1000000
2017-12-28 16:12:33.879000,1.19429,1.19426,5320000,1870000
2017-12-28 16:12:33.983000,1.19429,1.19425,4950000,1500000
2017-12-28 16:12:35.544000,1.19427,1.19424,1000000,1120000
2017-12-28 16:12:36.067000,1.19427,1.19425,1500000,1120000
2017-12-28 16:12:36.592000,1.19427,1.19424,1500000,1760000
2017-12-28 16:12:38.575000,1.19428,1.19425,3520000,3370000
2017-12-28 16:12:38.992000,1.19427,1.19423,1870000,3640000
2017-12-28 16:12:39.501000,1.19427,1.19425,1120000,1500000
2017-12-28 16:12:40.025000,1.19427,1.19424,1950000,1120000
2017-12-28 16:12:42.205000,1.19427,1.19425,1120000,1000000
2017-12-28 16:12:42.707000,1.19428,1.19424,5250000,6940000
2017-12-28 16:12:43.899000,1.19428,1.19425,4120000,3750000
2017-12-28 16:12:44.323000,1.19429,1.19427,1000000,1000000
2017-12-28 16:12:44.613000,1.19431,1.19428,2620000,2320000
2017-12-28 16:12:45.698000,1.19431,1.19428,3940000,1760000
2017-12-28 16:12:47.160000,1.19431,1.19428,4690000,1390000
2017-12-28 16:12:47.976000,1.19431,1.19429,1000000,1000000
2017-12-28 16:12:49.310000,1.19432,1.1943,1500000,4310000
2017-12-28 16:12:49.827000,1.19432,1.19429,1870000,4200000
2017-12-28 16:12:50.609000,1.19432,1.19429,1120000,1570000
2017-12-28 16:13:00.594000,1.19433,1.19429,6000000,3190000
2017-12-28 16:13:01.731000,1.19434,1.19432,2250000,1870000
2017-12-28 16:13:02.347000,1.19435,1.19432,2060000,2060000
2017-12-28 16:13:02.910000,1.19436,1.19432,3940000,1690000
2017-12-28 16:13:03.894000,1.19436,1.19432,3000000,1000000
2017-12-28 16:13:04.421000,1.19436,1.19432,3940000,1690000
2017-12-28 16:13:04.943000,1.19436,1.19432,3190000,1000000
2017-12-28 16:13:05.954000,1.19434,1.19432,1000000,1870000
2017-12-28 16:13:06.754000,1.19435,1.19432,4120000,1870000
2017-12-28 16:13:07.060000,1.19433,1.19431,3190000,1120000
2017-12-28 16:13:07.371000,1.19435,1.19433,1870000,1000000
2017-12-28 16:13:08.004000,1.19434,1.19433,1000000,1000000
2017-12-28 16:13:08.593000,1.19435,1.19433,2620000,1000000
2017-12-28 16:13:09.322000,1.19434,1.19433,1000000,1000000
2017-12-28 16:13:09.865000,1.19435,1.19433,2620000,1000000
2017-12-28 16:13:10.421000,1.19434,1.19433,1000000,1000000
2017-12-28 16:13:10.936000,1.19435,1.19433,2620000,1000000
2017-12-28 16:13:12.829000,1.19434,1.19433,1000000,1000000
2017-12-28 16:13:13.415000,1.19435,1.19433,3000000,1000000
2017-12-28 16:13:15.810000,1.19434,1.19433,1000000,1000000
2017-12-28 16:13:18.965000,1.19435,1.19433,1000000,1000000
2017-12-28 16:13:20.939000,1.19436,1.19434,1870000,1000000
2017-12-28 16:13:21.502000,1.19436,1.19434,2250000,1000000
2017-12-28 16:13:23.168000,1.19436,1.19434,1870000,1000000
2017-12-28 16:13:23.488000,1.19438,1.19436,2620000,1310000
2017-12-28 16:13:24.002000,1.19438,1.19437,1120000,1000000
2017-12-28 16:13:24.543000,1.19439,1.19436,1120000,4390000
2017-12-28 16:13:25.059000,1.1944,1.19437,7390000,1500000
2017-12-28 16:13:25.669000,1.1944,1.19437,2700000,1120000
2017-12-28 16:13:27.156000,1.1944,1.19437,1120000,1000000
2017-12-28 16:13:28.921000,1.1944,1.19437,3370000,2820000
2017-12-28 16:13:34.923000,1.1944,1.19437,1690000,3940000
2017-12-28 16:13:35.537000,1.19441,1.19437,6820000,3750000
2017-12-28 16:13:37.678000,1.1944,1.19437,1120000,5890000
2017-12-28 16:13:38.025000,1.19444,1.19441,1200000,1000000
2017-12-28 16:13:38.551000,1.19445,1.19442,9830000,1000000
2017-12-28 16:13:39.750000,1.19443,1.19441,1000000,1000000
2017-12-28 16:13:40.268000,1.19444,1.19441,1870000,1100000
2017-12-28 16:13:40.782000,1.19443,1.1944,3190000,1120000
2017-12-28 16:13:41.093000,1.19441,1.19439,3190000,1120000
2017-12-28 16:13:41.598000,1.19443,1.19439,4950000,1500000
2017-12-28 16:13:42.648000,1.19443,1.19439,7200000,1500000
2017-12-28 16:13:44.818000,1.19442,1.1944,1950000,1000000
2017-12-28 16:13:45.078000,1.19443,1.19442,1120000,1000000
2017-12-28 16:13:45.131000,1.19442,1.1944,1500000,1000000
2017-12-28 16:13:45.664000,1.19443,1.19441,3370000,1000000
2017-12-28 16:13:46.283000,1.19443,1.19441,3560000,1000000
2017-12-28 16:13:46.503000,1.19443,1.19439,4310000,1500000
2017-12-28 16:13:46.857000,1.19441,1.19439,1000000,1500000
2017-12-28 16:13:47.375000,1.19442,1.19439,2060000,2620000
2017-12-28 16:13:47.892000,1.19442,1.1944,1500000,1000000
2017-12-28 16:13:48.205000,1.19441,1.19439,2440000,1120000
2017-12-28 16:13:48.750000,1.19441,1.19438,2440000,1120000
2017-12-28 16:13:49.062000,1.19441,1.19439,2810000,1000000
2017-12-28 16:13:50.822000,1.19442,1.19441,1120000,1000000
2017-12-28 16:13:51.341000,1.19444,1.19441,8140000,1000000
2017-12-28 16:13:51.868000,1.19442,1.19439,1950000,1370000
2017-12-28 16:13:52.179000,1.19437,1.19434,1120000,2620000
2017-12-28 16:13:53.986000,1.19437,1.19434,2250000,1120000
2017-12-28 16:13:54.356000,1.19438,1.19436,1950000,1250000
2017-12-28 16:13:54.549000,1.19437,1.19433,2060000,5440000
2017-12-28 16:13:58.847000,1.19435,1.19433,3750000,2700000
2017-12-28 16:13:59.442000,1.19436,1.19434,1120000,1310000
2017-12-28 16:13:59.703000,1.19438,1.19435,1690000,3820000
2017-12-28 16:14:00.222000,1.19438,1.19436,6370000,1700000
2017-12-28 16:14:00.568000,1.19438,1.19435,2250000,2700000
2017-12-28 16:14:01.084000,1.19437,1.19434,2810000,4010000
2017-12-28 16:14:01.335000,1.19436,1.19434,6750000,3820000
2017-12-28 16:14:02.213000,1.19435,1.19433,3750000,3820000
2017-12-28 16:14:03.510000,1.19437,1.19432,8250000,7570000
2017-12-28 16:14:04.266000,1.19435,1.19434,3750000,1120000
2017-12-28 16:14:05.267000,1.19436,1.19434,6370000,1120000
2017-12-28 16:14:05.769000,1.19435,1.19433,1000000,1100000
2017-12-28 16:14:06.764000,1.19436,1.19433,6750000,1100000
2017-12-28 16:14:07.291000,1.19436,1.19432,7120000,7760000
2017-12-28 16:14:07.915000,1.19434,1.19432,3750000,3640000
2017-12-28 16:14:08.088000,1.19436,1.19432,3370000,3640000
2017-12-28 16:14:08.864000,1.19435,1.19432,2250000,7010000
2017-12-28 16:14:09.371000,1.19436,1.19432,5250000,1760000
2017-12-28 16:14:09.884000,1.19436,1.19432,6190000,6260000
2017-12-28 16:14:10.400000,1.19436,1.19432,4690000,3260000
2017-12-28 16:14:11.189000,1.19436,1.19432,4690000,3670000
2017-12-28 16:14:11.727000,1.19436,1.19432,4500000,5510000
2017-12-28 16:14:13.147000,1.19436,1.19434,1120000,1250000
2017-12-28 16:14:13.665000,1.19436,1.19433,1500000,4420000
2017-12-28 16:14:16.593000,1.19435,1.19433,4500000,4950000
2017-12-28 16:14:17.202000,1.19436,1.19433,3000000,4950000
2017-12-28 16:14:17.773000,1.19435,1.19433,6000000,3070000
2017-12-28 16:14:18.828000,1.19437,1.19436,1120000,1000000
2017-12-28 16:14:19.035000,1.19439,1.19436,6940000,1000000
2017-12-28 16:14:19.403000,1.19437,1.19436,1000000,1000000
2017-12-28 16:14:19.902000,1.19439,1.19437,2810000,1950000
2017-12-28 16:14:20.481000,1.1944,1.19437,6940000,2140000
2017-12-28 16:14:21.088000,1.19439,1.19437,1250000,2140000
2017-12-28 16:14:21.785000,1.1944,1.19437,3940000,1950000
2017-12-28 16:14:22.449000,1.19439,1.19437,1250000,2890000
2017-12-28 16:14:22.972000,1.19439,1.19437,1250000,2140000
2017-12-28 16:14:23.502000,1.1944,1.19437,3750000,7200000
2017-12-28 16:14:23.817000,1.19441,1.19439,5810000,1000000
2017-12-28 16:14:24.029000,1.19443,1.1944,1500000,1950000
2017-12-28 16:14:24.570000,1.19443,1.19441,2250000,1200000
2017-12-28 16:14:25.122000,1.19442,1.19439,8250000,3070000
2017-12-28 16:14:25.790000,1.19442,1.19438,8060000,8170000
2017-12-28 16:14:26.403000,1.19441,1.19438,6000000,8170000
2017-12-28 16:14:27.156000,1.19442,1.19441,3750000,1120000
2017-12-28 16:14:27.713000,1.19443,1.1944,3370000,1950000
2017-12-28 16:14:28.728000,1.19443,1.19441,2440000,1760000
2017-12-28 16:14:30.911000,1.19444,1.19442,1000000,1570000
2017-12-28 16:14:31.427000,1.19445,1.19442,5620000,4570000
2017-12-28 16:14:35.804000,1.19445,1.19443,1500000,1950000
2017-12-28 16:14:37.165000,1.19445,1.19443,1000000,1950000
2017-12-28 16:14:39.549000,1.19443,1.19442,1500000,1200000
2017-12-28 16:14:39.602000,1.19443,1.19441,3000000,1000000
2017-12-28 16:14:40.080000,1.19441,1.19439,1000000,1470000
2017-12-28 16:14:40.637000,1.19442,1.19438,1500000,4050000
2017-12-28 16:14:41.690000,1.19443,1.19439,3190000,6640000
2017-12-28 16:14:42.801000,1.19443,1.1944,1000000,5810000
2017-12-28 16:14:43.308000,1.19445,1.19442,2620000,3260000
2017-12-28 16:14:43.823000,1.19446,1.19443,2250000,1100000
2017-12-28 16:14:44.843000,1.19446,1.19443,2250000,1100000
2017-12-28 16:14:45.347000,1.19445,1.19443,1000000,1100000
2017-12-28 16:14:46.202000,1.19446,1.19443,4500000,1570000
2017-12-28 16:14:46.738000,1.19445,1.19443,1000000,1570000
2017-12-28 16:14:47.428000,1.19446,1.19443,7500000,1570000
2017-12-28 16:14:47.990000,1.19445,1.19444,1000000,1200000
2017-12-28 16:14:48.692000,1.19446,1.19444,3000000,1200000
2017-12-28 16:14:49.203000,1.19445,1.19444,1000000,1200000
2017-12-28 16:14:50.335000,1.19445,1.19443,1000000,1570000
2017-12-28 16:14:50.962000,1.19446,1.19443,3000000,1570000
2017-12-28 16:14:51.638000,1.19445,1.19443,1000000,1950000
2017-12-28 16:14:52.218000,1.19445,1.19444,1000000,1500000
2017-12-28 16:14:52.747000,1.19446,1.19444,1000000,1000000
2017-12-28 16:14:54.083000,1.19446,1.19443,1000000,5320000
2017-12-28 16:14:54.397000,1.19449,1.19445,1870000,5320000
2017-12-28 16:14:54.907000,1.19448,1.19446,1000000,3260000
2017-12-28 16:14:55.862000,1.19447,1.19445,1000000,2250000
2017-12-28 16:14:56.635000,1.19448,1.19445,1500000,3820000
2017-12-28 16:14:58.602000,1.19449,1.19446,3370000,1690000
2017-12-28 16:14:59.103000,1.19448,1.19446,1000000,2810000
2017-12-28 16:14:59.632000,1.19449,1.19446,3750000,4760000
2017-12-28 16:14:59.788000,1.1945,1.19447,3370000,1450000
2017-12-28 16:15:00.198000,1.19451,1.1945,8140000,1120000
