time,ask,bid,ask_volume,bid_volume
2017-03-10 13:25:00.180000,1.06056,1.06053,1500000,1000000
2017-03-10 13:25:00.527000,1.06055,1.06051,3600000,3070000
2017-03-10 13:25:00.679000,1.06053,1.06051,1000000,1000000
2017-03-10 13:25:00.858000,1.06052,1.06047,1000000,6000000
2017-03-10 13:25:01.366000,1.06053,1.06047,9370000,1500000
2017-03-10 13:25:01.927000,1.06053,1.06048,10120000,1000000
2017-03-10 13:25:02.430000,1.06052,1.06048,1000000,1000000
2017-03-10 13:25:02.958000,1.06051,1.06048,1000000,1000000
2017-03-10 13:25:03.520000,1.0605,1.06047,1120000,2250000
2017-03-10 13:25:04.392000,1.0605,1.06046,1500000,1000000
2017-03-10 13:25:05.163000,1.06047,1.06045,1350000,1200000
2017-03-10 13:25:05.669000,1.06047,1.06044,6600000,1000000
2017-03-10 13:25:06.125000,1.06045,1.06042,1120000,1120000
2017-03-10 13:25:06.176000,1.06042,1.06041,1000000,1000000
2017-03-10 13:25:06.380000,1.06044,1.06041,1500000,2250000
2017-03-10 13:25:06.717000,1.06046,1.06041,8060000,1000000
2017-03-10 13:25:07.223000,1.06046,1.06042,2620000,1990000
2017-03-10 13:25:07.375000,1.06044,1.06042,1500000,1120000
2017-03-10 13:25:07.680000,1.06043,1.06039,2620000,1990000
2017-03-10 13:25:08.193000,1.06042,1.06038,1000000,1370000
2017-03-10 13:25:08.702000,1.06043,1.06037,7160000,2620000
2017-03-10 13:25:10.452000,1.06042,1.06038,1000000,1870000
2017-03-10 13:25:10.971000,1.06042,1.06039,1000000,1000000
2017-03-10 13:25:11.175000,1.0604,1.06038,1500000,1050000
2017-03-10 13:25:11.480000,1.06036,1.06032,1000000,1000000
2017-03-10 13:25:11.987000,1.06037,1.06033,1000000,1000000
2017-03-10 13:25:12.518000,1.06036,1.06032,1000000,1000000
2017-03-10 13:25:14.161000,1.06037,1.06032,3000000,1870000
2017-03-10 13:25:14.894000,1.06038,1.06037,2620000,1870000
2017-03-10 13:25:15.198000,1.06046,1.06045,1000000,1500000
2017-03-10 13:25:15.300000,1.06048,1.06044,1000000,1120000
2017-03-10 13:25:15.351000,1.06049,1.06045,3000000,2620000
2017-03-10 13:25:15.602000,1.06051,1.06046,3370000,1870000
2017-03-10 13:25:15.654000,1.06049,1.06045,1250000,3000000
2017-03-10 13:25:15.963000,1.06049,1.06047,3000000,1000000
2017-03-10 13:25:16.219000,1.06052,1.06048,3750000,2620000
2017-03-10 13:25:16.731000,1.06053,1.06049,1000000,2250000
2017-03-10 13:25:17.278000,1.06054,1.0605,2620000,1000000
2017-03-10 13:25:17.818000,1.06054,1.06049,4120000,1000000
2017-03-10 13:25:18.558000,1.06054,1.06048,4120000,6300000
2017-03-10 13:25:18.912000,1.06052,1.06048,1000000,1300000
2017-03-10 13:25:19.064000,1.06054,1.0605,3370000,1500000
2017-03-10 13:25:19.576000,1.06053,1.0605,1120000,1050000
2017-03-10 13:25:20.032000,1.06052,1.06048,1000000,3000000
2017-03-10 13:25:20.286000,1.06054,1.06049,4500000,2700000
2017-03-10 13:25:20.725000,1.06054,1.06049,6000000,1000000
2017-03-10 13:25:21.963000,1.06048,1.06047,1000000,1120000
2017-03-10 13:25:22.299000,1.0604,1.06038,4540000,1000000
2017-03-10 13:25:22.367000,1.06037,1.06034,8250000,6370000
2017-03-10 13:25:22.520000,1.06036,1.06034,1000000,1000000
2017-03-10 13:25:22.722000,1.06036,1.06031,1000000,4500000
2017-03-10 13:25:23.229000,1.06036,1.06031,1000000,3370000
2017-03-10 13:25:23.739000,1.06035,1.06031,1000000,1120000
2017-03-10 13:25:24.263000,1.06036,1.06031,4120000,2250000
2017-03-10 13:25:24.517000,1.06036,1.06035,1000000,1000000
2017-03-10 13:25:24.721000,1.06043,1.06039,7500000,1500000
2017-03-10 13:25:25.237000,1.06044,1.06038,4500000,5250000
2017-03-10 13:25:25.446000,1.06042,1.06038,1000000,5250000
2017-03-10 13:25:25.699000,1.06044,1.06038,9000000,4500000
2017-03-10 13:25:26.205000,1.06043,1.06038,1000000,8250000
2017-03-10 13:25:26.952000,1.06044,1.06038,4500000,4870000
2017-03-10 13:25:27.427000,1.06044,1.0604,3750000,1000000
2017-03-10 13:25:28.015000,1.06044,1.06038,10870000,3000000
2017-03-10 13:25:28.534000,1.06043,1.06039,1000000,1000000
2017-03-10 13:25:31.187000,1.06043,1.06038,1000000,3370000
2017-03-10 13:25:31.735000,1.06043,1.06041,1000000,2250000
2017-03-10 13:25:31.887000,1.06045,1.06041,1000000,3370000
2017-03-10 13:25:32.445000,1.06044,1.06041,1000000,1000000
2017-03-10 13:25:33.521000,1.06044,1.0604,1000000,1500000
2017-03-10 13:25:35.350000,1.06043,1.06039,3000000,1120000
2017-03-10 13:25:35.598000,1.0604,1.06037,1000000,1120000
2017-03-10 13:25:36.106000,1.06041,1.06037,2620000,1000000
2017-03-10 13:25:36.664000,1.06041,1.06038,1000000,1000000
2017-03-10 13:25:36.972000,1.06043,1.06039,1120000,3370000
2017-03-10 13:25:38.036000,1.06042,1.06039,1000000,1000000
2017-03-10 13:25:38.543000,1.06043,1.06039,1000000,1000000
2017-03-10 13:25:39.844000,1.06043,1.06038,1000000,6560000
2017-03-10 13:25:40.318000,1.06044,1.0604,1500000,1000000
2017-03-10 13:25:40.826000,1.06043,1.0604,1000000,1500000
2017-03-10 13:25:41.102000,1.06042,1.06037,5620000,1870000
2017-03-10 13:25:41.609000,1.06041,1.06036,1000000,3750000
2017-03-10 13:25:42.115000,1.06042,1.06037,1500000,2620000
2017-03-10 13:25:43.360000,1.06041,1.06037,1500000,1120000
2017-03-10 13:25:44.538000,1.0604,1.06036,1000000,3370000
2017-03-10 13:25:45.072000,1.06041,1.06036,1000000,1870000
2017-03-10 13:25:46.001000,1.06041,1.06037,1000000,1500000
2017-03-10 13:25:46.508000,1.06042,1.06036,2250000,4120000
2017-03-10 13:25:47.974000,1.06041,1.06037,1000000,1870000
2017-03-10 13:25:48.481000,1.06042,1.06038,2250000,1120000
2017-03-10 13:25:49.089000,1.06042,1.06039,1000000,1000000
2017-03-10 13:25:50.033000,1.06042,1.06038,1000000,1000000
2017-03-10 13:25:57.532000,1.06041,1.06037,1000000,3860000
2017-03-10 13:25:58.038000,1.06041,1.06036,1000000,4120000
2017-03-10 13:25:59.873000,1.06042,1.06036,11190000,3370000
2017-03-10 13:26:00.780000,1.06042,1.06036,8200000,4500000
2017-03-10 13:26:01.378000,1.06042,1.06036,12910000,1870000
2017-03-10 13:26:01.884000,1.06042,1.06036,7370000,1870000
2017-03-10 13:26:02.823000,1.06041,1.06036,2250000,2620000
2017-03-10 13:26:03.326000,1.06041,1.06036,1000000,5250000
2017-03-10 13:26:03.832000,1.06042,1.06036,6900000,6000000
2017-03-10 13:26:04.352000,1.06041,1.06037,1000000,1000000
2017-03-10 13:26:05.490000,1.06042,1.06037,8100000,1000000
2017-03-10 13:26:06.621000,1.06042,1.06038,5770000,1000000
2017-03-10 13:26:08.053000,1.06042,1.06038,5770000,1000000
2017-03-10 13:26:09.277000,1.06041,1.06038,1500000,1000000
2017-03-10 13:26:09.810000,1.06042,1.06038,6150000,1000000
2017-03-10 13:26:11.251000,1.06041,1.06038,1000000,1000000
2017-03-10 13:26:11.509000,1.06039,1.06037,2250000,1000000
2017-03-10 13:26:12.015000,1.06039,1.06036,3370000,1000000
2017-03-10 13:26:13.846000,1.06039,1.06035,2250000,1000000
2017-03-10 13:26:14.356000,1.06041,1.06036,5060000,1500000
2017-03-10 13:26:16.264000,1.06041,1.06037,4690000,1000000
2017-03-10 13:26:17.966000,1.06041,1.06038,7310000,1000000
2017-03-10 13:26:18.474000,1.06042,1.06038,4780000,1000000
2017-03-10 13:26:19.027000,1.06042,1.06037,3660000,2250000
2017-03-10 13:26:21.474000,1.06042,1.06037,1000000,3000000
2017-03-10 13:26:21.980000,1.06043,1.06037,3940000,3520000
2017-03-10 13:26:22.486000,1.06043,1.06038,3940000,1000000
2017-03-10 13:26:23.508000,1.06043,1.06039,1000000,1000000
2017-03-10 13:26:26.509000,1.06044,1.06038,4120000,6300000
2017-03-10 13:26:27.054000,1.06043,1.06038,1500000,2770000
2017-03-10 13:26:27.308000,1.06039,1.06036,3750000,6150000
2017-03-10 13:26:27.656000,1.06026,1.06025,9370000,1500000
2017-03-10 13:26:27.860000,1.06026,1.06024,1120000,1500000
2017-03-10 13:26:28.216000,1.06027,1.06021,2060000,5620000
2017-03-10 13:26:28.520000,1.06027,1.06025,1120000,3000000
2017-03-10 13:26:28.725000,1.06031,1.06027,1120000,2250000
2017-03-10 13:26:29.232000,1.06031,1.06028,1120000,1000000
2017-03-10 13:26:29.740000,1.06032,1.06027,1000000,2250000
2017-03-10 13:26:34.503000,1.06031,1.06027,1000000,3750000
2017-03-10 13:26:36.864000,1.06032,1.06027,1870000,1500000
2017-03-10 13:26:37.874000,1.06032,1.06027,2620000,3990000
2017-03-10 13:26:40.175000,1.06033,1.06028,3190000,3120000
2017-03-10 13:26:42.171000,1.06032,1.06028,1500000,4240000
2017-03-10 13:26:42.954000,1.06033,1.06028,1870000,3120000
2017-03-10 13:26:43.457000,1.06032,1.06028,1500000,3870000
2017-03-10 13:26:43.998000,1.06034,1.06028,12370000,5350000
2017-03-10 13:26:45.095000,1.06034,1.0603,6000000,1000000
2017-03-10 13:26:45.400000,1.06036,1.06032,4500000,1000000
2017-03-10 13:26:45.553000,1.06037,1.06032,1120000,1870000
2017-03-10 13:26:45.706000,1.06039,1.06033,8440000,1870000
2017-03-10 13:26:46.289000,1.06038,1.06033,1120000,1500000
2017-03-10 13:26:46.822000,1.06038,1.06032,2620000,4870000
2017-03-10 13:26:48.116000,1.06038,1.06033,3370000,1000000
2017-03-10 13:26:49.326000,1.06038,1.06032,4500000,5250000
2017-03-10 13:26:49.875000,1.06038,1.06033,4500000,1000000
2017-03-10 13:26:50.388000,1.06038,1.06032,4500000,3000000
2017-03-10 13:26:51.053000,1.06038,1.06034,1500000,1500000
2017-03-10 13:26:52.152000,1.06039,1.06034,3190000,1500000
2017-03-10 13:26:52.659000,1.06038,1.06034,1000000,1500000
2017-03-10 13:26:53.266000,1.06039,1.06034,4840000,1500000
2017-03-10 13:26:53.770000,1.0604,1.06035,3520000,1500000
2017-03-10 13:26:54.304000,1.0604,1.06036,3750000,1000000
2017-03-10 13:26:54.896000,1.0604,1.06037,2250000,1000000
2017-03-10 13:26:55.202000,1.06045,1.06041,1000000,1000000
2017-03-10 13:26:55.400000,1.06047,1.06041,5810000,3000000
2017-03-10 13:26:55.758000,1.06047,1.06046,1500000,1500000
2017-03-10 13:26:56.011000,1.06053,1.0605,1000000,3750000
2017-03-10 13:26:56.518000,1.06054,1.06049,2250000,4500000
2017-03-10 13:26:57.517000,1.06055,1.06049,2250000,9520000
2017-03-10 13:26:58.074000,1.06053,1.06049,1500000,4650000
2017-03-10 13:26:58.577000,1.06052,1.06048,1500000,1650000
2017-03-10 13:26:58.830000,1.06054,1.06049,1000000,12520000
2017-03-10 13:26:59.135000,1.06054,1.06048,3000000,4870000
2017-03-10 13:26:59.648000,1.06053,1.06047,1500000,10690000
2017-03-10 13:27:00.201000,1.06052,1.06047,1000000,6370000
2017-03-10 13:27:00.718000,1.06052,1.06047,1000000,2620000
2017-03-10 13:27:01.999000,1.06052,1.06049,1000000,1120000
2017-03-10 13:27:02.505000,1.06053,1.06049,1120000,1120000
2017-03-10 13:27:03.088000,1.06053,1.06048,1120000,3000000
2017-03-10 13:27:03.392000,1.06055,1.06051,2250000,1000000
2017-03-10 13:27:03.747000,1.06054,1.06048,3370000,4120000
2017-03-10 13:27:03.899000,1.06053,1.06048,1120000,2250000
2017-03-10 13:27:04.402000,1.06054,1.06048,5620000,2250000
2017-03-10 13:27:05.288000,1.06054,1.06049,3000000,3000000
2017-03-10 13:27:05.339000,1.06054,1.06053,2250000,1000000
2017-03-10 13:27:05.441000,1.06056,1.06053,1000000,2250000
2017-03-10 13:27:08.037000,1.06057,1.06052,3190000,1500000
2017-03-10 13:27:08.788000,1.06058,1.06055,4500000,3560000
2017-03-10 13:27:08.940000,1.0606,1.06055,1000000,5440000
2017-03-10 13:27:09.042000,1.06062,1.06059,4120000,1120000
2017-03-10 13:27:09.296000,1.06062,1.06057,5250000,1310000
2017-03-10 13:27:09.434000,1.06063,1.06061,5250000,1000000
2017-03-10 13:27:09.486000,1.06065,1.06063,1300000,3750000
2017-03-10 13:27:09.588000,1.06067,1.06063,1000000,2250000
2017-03-10 13:27:11.234000,1.06068,1.06062,6750000,3940000
2017-03-10 13:27:11.508000,1.06064,1.06062,1000000,3940000
2017-03-10 13:27:11.559000,1.06065,1.06062,1120000,4310000
2017-03-10 13:27:11.761000,1.06066,1.06062,1120000,1120000
2017-03-10 13:27:11.863000,1.06067,1.06062,1370000,1870000
2017-03-10 13:27:12.878000,1.06067,1.06062,1120000,3000000
2017-03-10 13:27:14,1.06067,1.06062,2620000,4120000
2017-03-10 13:27:14.720000,1.06066,1.06063,1000000,1000000
2017-03-10 13:27:14.771000,1.06066,1.06065,1000000,3470000
2017-03-10 13:27:15.025000,1.06072,1.06068,1120000,1690000
2017-03-10 13:27:15.209000,1.06071,1.06069,1000000,3750000
2017-03-10 13:27:15.571000,1.06073,1.06069,1000000,5440000
2017-03-10 13:27:15.672000,1.06072,1.06068,1500000,1000000
2017-03-10 13:27:15.774000,1.0607,1.06067,1000000,1870000
2017-03-10 13:27:16.078000,1.06067,1.06065,1000000,3000000
2017-03-10 13:27:16.740000,1.06067,1.06064,1500000,1870000
2017-03-10 13:27:17.145000,1.06065,1.06063,1000000,4120000
2017-03-10 13:27:17.511000,1.06065,1.06062,1000000,3370000
2017-03-10 13:27:18.033000,1.06065,1.06062,1500000,1990000
2017-03-10 13:27:18.299000,1.06065,1.06064,1500000,1500000
2017-03-10 13:27:18.350000,1.06067,1.06066,2250000,1500000
2017-03-10 13:27:18.401000,1.06069,1.06066,4870000,2250000
2017-03-10 13:27:18.578000,1.06072,1.0607,1000000,4120000
2017-03-10 13:27:18.680000,1.06071,1.06067,1500000,1300000
2017-03-10 13:27:18.731000,1.0607,1.06066,1370000,8850000
2017-03-10 13:27:19.085000,1.06071,1.06066,2620000,3750000
2017-03-10 13:27:19.137000,1.06069,1.06066,1000000,3750000
2017-03-10 13:27:19.845000,1.06068,1.06066,1000000,1120000
2017-03-10 13:27:20.156000,1.0607,1.06066,1500000,1120000
2017-03-10 13:27:20.662000,1.06069,1.06066,1000000,1000000
2017-03-10 13:27:21.555000,1.06069,1.06065,1000000,2620000
2017-03-10 13:27:22.195000,1.06069,1.06066,1000000,1000000
2017-03-10 13:27:22.680000,1.06068,1.06064,1500000,1720000
2017-03-10 13:27:23.187000,1.06069,1.06064,4120000,1100000
2017-03-10 13:27:23.724000,1.06068,1.06065,1000000,1000000
2017-03-10 13:27:24.114000,1.06066,1.06061,1350000,7730000
2017-03-10 13:27:24.218000,1.06065,1.0606,2130000,2620000
2017-03-10 13:27:24.422000,1.06063,1.0606,2130000,1000000
2017-03-10 13:27:24.625000,1.06061,1.06055,3750000,5250000
2017-03-10 13:27:25.131000,1.0606,1.06055,1500000,4120000
2017-03-10 13:27:25.646000,1.06059,1.06054,1000000,5470000
2017-03-10 13:27:25.851000,1.06058,1.06053,2620000,1120000
2017-03-10 13:27:26.356000,1.06058,1.06053,3000000,1120000
2017-03-10 13:27:26.864000,1.06056,1.06051,1500000,4870000
2017-03-10 13:27:27.116000,1.06057,1.06052,1500000,6370000
2017-03-10 13:27:27.622000,1.06058,1.06052,2810000,1500000
2017-03-10 13:27:27.926000,1.06056,1.06052,1000000,3000000
2017-03-10 13:27:28.857000,1.06056,1.06054,1000000,1000000
2017-03-10 13:27:29.002000,1.06058,1.06054,2440000,2250000
2017-03-10 13:27:30.206000,1.06059,1.06054,1300000,1500000
2017-03-10 13:27:30.911000,1.0606,1.06054,5060000,1500000
2017-03-10 13:27:31.691000,1.0606,1.06054,4310000,3750000
2017-03-10 13:27:31.742000,1.0606,1.06057,2060000,1000000
2017-03-10 13:27:32.097000,1.0606,1.06055,4870000,1000000
2017-03-10 13:27:32.616000,1.06058,1.06055,1000000,1000000
2017-03-10 13:27:32.699000,1.06058,1.06053,1000000,3750000
2017-03-10 13:27:33.054000,1.06056,1.06053,1000000,1000000
2017-03-10 13:27:33.257000,1.06057,1.06051,2100000,5060000
2017-03-10 13:27:33.763000,1.06058,1.06052,9600000,1500000
2017-03-10 13:27:37.825000,1.06058,1.06052,8850000,1620000
2017-03-10 13:27:37.877000,1.06058,1.06055,1500000,3750000
2017-03-10 13:27:38.170000,1.06058,1.06052,1500000,4240000
2017-03-10 13:27:38.625000,1.06056,1.06052,1500000,3490000
2017-03-10 13:27:39.450000,1.06058,1.06052,5620000,5740000
2017-03-10 13:27:39.997000,1.06058,1.06053,2620000,1160000
2017-03-10 13:27:40.968000,1.06059,1.06053,8100000,1620000
2017-03-10 13:27:41.425000,1.06059,1.06056,1000000,1000000
2017-03-10 13:27:41.963000,1.0606,1.06057,1500000,1500000
2017-03-10 13:27:42.954000,1.0606,1.06056,1000000,1500000
2017-03-10 13:27:43.461000,1.0606,1.06055,3190000,4500000
2017-03-10 13:27:43.770000,1.0606,1.06058,2440000,1000000
2017-03-10 13:27:43.874000,1.0606,1.06055,1690000,1000000
2017-03-10 13:27:44.440000,1.0606,1.06056,2440000,1000000
2017-03-10 13:27:44.850000,1.0606,1.06054,3940000,3000000
2017-03-10 13:27:45.155000,1.06059,1.06056,1500000,1000000
2017-03-10 13:27:45.680000,1.06059,1.06055,3000000,1000000
2017-03-10 13:27:46.196000,1.06059,1.06054,3370000,2250000
2017-03-10 13:27:46.715000,1.06058,1.06054,1000000,1500000
2017-03-10 13:27:47.019000,1.06061,1.06055,5060000,7500000
2017-03-10 13:27:47.566000,1.06061,1.06057,5810000,1000000
2017-03-10 13:27:48.072000,1.06062,1.06057,5060000,1500000
2017-03-10 13:27:48.579000,1.06061,1.06056,1500000,3000000
2017-03-10 13:27:48.914000,1.06063,1.06059,2620000,3000000
2017-03-10 13:27:49.066000,1.06061,1.06056,1000000,6560000
2017-03-10 13:27:49.573000,1.06061,1.06056,3370000,2250000
2017-03-10 13:27:50.078000,1.06061,1.06055,4120000,1500000
2017-03-10 13:27:51.356000,1.06061,1.06056,4120000,1000000
2017-03-10 13:27:53.156000,1.06061,1.06055,1000000,8620000
2017-03-10 13:27:54.059000,1.06055,1.06054,1500000,1120000
2017-03-10 13:27:54.211000,1.06054,1.06051,1000000,1000000
2017-03-10 13:27:54.515000,1.06056,1.06051,5470000,1000000
2017-03-10 13:27:55.048000,1.06056,1.06051,5660000,1000000
2017-03-10 13:27:55.403000,1.06055,1.06049,6070000,6000000
2017-03-10 13:27:55.454000,1.06053,1.06049,1500000,2620000
2017-03-10 13:27:55.997000,1.06052,1.0605,2250000,1000000
2017-03-10 13:27:56.304000,1.06051,1.06048,6040000,1000000
2017-03-10 13:27:56.356000,1.0605,1.06047,3410000,4870000
2017-03-10 13:27:56.407000,1.06048,1.06044,2250000,2250000
2017-03-10 13:27:56.559000,1.06048,1.06044,1120000,1000000
2017-03-10 13:27:56.763000,1.06049,1.06042,4350000,5620000
2017-03-10 13:27:56.918000,1.06049,1.06045,3020000,1000000
2017-03-10 13:27:57.074000,1.0605,1.06045,2810000,1120000
2017-03-10 13:27:57.584000,1.06051,1.06045,1000000,4120000
2017-03-10 13:27:58.344000,1.06051,1.06045,6000000,1240000
2017-03-10 13:27:59.065000,1.0605,1.06045,1000000,1240000
2017-03-10 13:27:59.569000,1.0605,1.06047,1000000,1000000
2017-03-10 13:27:59.721000,1.06051,1.06049,1000000,1000000
2017-03-10 13:27:59.772000,1.06053,1.06049,1000000,1870000
2017-03-10 13:28:00.084000,1.06055,1.06051,2620000,1000000
2017-03-10 13:28:00.339000,1.06052,1.06047,1870000,1000000
2017-03-10 13:28:00.798000,1.06054,1.06048,2060000,2320000
2017-03-10 13:28:01.322000,1.06056,1.06051,1000000,1570000
2017-03-10 13:28:01.828000,1.06058,1.06051,5810000,2250000
2017-03-10 13:28:02.301000,1.06057,1.06053,1000000,1000000
2017-03-10 13:28:02.900000,1.06057,1.06052,1000000,3000000
2017-03-10 13:28:04.521000,1.06058,1.06052,1500000,3070000
2017-03-10 13:28:05.028000,1.06057,1.06052,1500000,1100000
2017-03-10 13:28:05.350000,1.06059,1.06055,1500000,3560000
2017-03-10 13:28:05.404000,1.06062,1.06056,1500000,2320000
2017-03-10 13:28:05.607000,1.06062,1.06058,1000000,1000000
2017-03-10 13:28:05.658000,1.06064,1.06058,10350000,1000000
2017-03-10 13:28:06.195000,1.06063,1.06057,1000000,2510000
2017-03-10 13:28:06.746000,1.06063,1.06059,1000000,1000000
2017-03-10 13:28:07.204000,1.06062,1.06057,1000000,2510000
2017-03-10 13:28:07.305000,1.0606,1.06056,1350000,1570000
2017-03-10 13:28:07.560000,1.06058,1.06054,3970000,1000000
2017-03-10 13:28:07.880000,1.06058,1.06051,3970000,2620000
2017-03-10 13:28:07.932000,1.06057,1.06051,1350000,3820000
2017-03-10 13:28:08.439000,1.06055,1.06052,1000000,1570000
2017-03-10 13:28:08.965000,1.06056,1.06052,1500000,1570000
2017-03-10 13:28:10.147000,1.06056,1.06052,2100000,2320000
2017-03-10 13:28:10.653000,1.06058,1.06052,3600000,2320000
2017-03-10 13:28:11.390000,1.06057,1.06052,1600000,2320000
2017-03-10 13:28:12.138000,1.06056,1.0605,2250000,5510000
2017-03-10 13:28:14.391000,1.06056,1.0605,3600000,3260000
2017-03-10 13:28:14.914000,1.06056,1.0605,1000000,7390000
2017-03-10 13:28:15.067000,1.06058,1.06053,1000000,3070000
2017-03-10 13:28:15.574000,1.06058,1.06053,1000000,1570000
2017-03-10 13:28:16.134000,1.06058,1.06053,1870000,1570000
2017-03-10 13:28:16.642000,1.06057,1.06052,1000000,2320000
2017-03-10 13:28:17.049000,1.06059,1.06052,3750000,6450000
2017-03-10 13:28:19.164000,1.06058,1.06052,1500000,6440000
2017-03-10 13:28:19.672000,1.06058,1.06052,1500000,3450000
2017-03-10 13:28:20.186000,1.06059,1.06053,4870000,1500000
2017-03-10 13:28:20.687000,1.06059,1.06054,2250000,1570000
2017-03-10 13:28:21.703000,1.06058,1.06053,1500000,3000000
2017-03-10 13:28:22.250000,1.06059,1.06053,3000000,2250000
2017-03-10 13:28:24.210000,1.06054,1.06053,1350000,1350000
2017-03-10 13:28:24.261000,1.06056,1.06053,1500000,1350000
2017-03-10 13:28:24.775000,1.06057,1.06053,1000000,1000000
2017-03-10 13:28:25.130000,1.06059,1.06052,2250000,4310000
2017-03-10 13:28:25.637000,1.06058,1.06053,1000000,1500000
2017-03-10 13:28:25.909000,1.06059,1.06055,1500000,1500000
2017-03-10 13:28:26.012000,1.06061,1.06055,2620000,1500000
2017-03-10 13:28:26.317000,1.0606,1.06058,1000000,1000000
2017-03-10 13:28:26.419000,1.06062,1.06058,2250000,1500000
2017-03-10 13:28:26.622000,1.06064,1.06059,9000000,1500000
2017-03-10 13:28:27.278000,1.06063,1.06059,1500000,1500000
2017-03-10 13:28:27.791000,1.06063,1.06058,1000000,1500000
2017-03-10 13:28:28.308000,1.06063,1.06059,1000000,1000000
2017-03-10 13:28:28.818000,1.06063,1.06058,1000000,1000000
2017-03-10 13:28:29.329000,1.06063,1.06059,1000000,1000000
2017-03-10 13:28:30.012000,1.06063,1.06058,1000000,1000000
2017-03-10 13:28:30.543000,1.06063,1.06057,2250000,2440000
2017-03-10 13:28:31.051000,1.06062,1.06057,2250000,2440000
2017-03-10 13:28:32.131000,1.06063,1.06057,1500000,1690000
2017-03-10 13:28:32.385000,1.06062,1.06057,2250000,1690000
2017-03-10 13:28:32.923000,1.0606,1.06055,1000000,1000000
2017-03-10 13:28:34.078000,1.0606,1.06053,2440000,3940000
2017-03-10 13:28:35.144000,1.06059,1.06053,1000000,2440000
2017-03-10 13:28:35.650000,1.06059,1.06052,1500000,3000000
2017-03-10 13:28:36.260000,1.06061,1.0606,5590000,2620000
2017-03-10 13:28:36.312000,1.0606,1.06056,1000000,1000000
2017-03-10 13:28:36.539000,1.0606,1.06054,1200000,1500000
2017-03-10 13:28:37.490000,1.0606,1.06053,3000000,2250000
2017-03-10 13:28:37.642000,1.06058,1.06052,1000000,1500000
2017-03-10 13:28:38.144000,1.06058,1.06051,1000000,3750000
2017-03-10 13:28:38.556000,1.06058,1.06053,1000000,1000000
2017-03-10 13:28:38.657000,1.06058,1.06051,1000000,5250000
2017-03-10 13:28:39.532000,1.06057,1.06051,1000000,3000000
2017-03-10 13:28:40.546000,1.06057,1.0605,1000000,7120000
2017-03-10 13:28:41.072000,1.06057,1.06051,2360000,2250000
2017-03-10 13:28:42.328000,1.06059,1.06055,4420000,1500000
2017-03-10 13:28:42.429000,1.06061,1.06057,1000000,1500000
2017-03-10 13:28:42.480000,1.06063,1.06057,2440000,3370000
2017-03-10 13:28:42.634000,1.06062,1.06055,1250000,1000000
2017-03-10 13:28:42.787000,1.06061,1.06059,1000000,1000000
2017-03-10 13:28:42.839000,1.06064,1.06059,1310000,1000000
2017-03-10 13:28:43.147000,1.06062,1.06056,1600000,2250000
2017-03-10 13:28:43.461000,1.0606,1.06055,2660000,2250000
2017-03-10 13:28:43.716000,1.06057,1.06052,1500000,1000000
2017-03-10 13:28:44.643000,1.06057,1.06051,1500000,1000000
2017-03-10 13:28:44.895000,1.06058,1.06053,4310000,1000000
2017-03-10 13:28:45.100000,1.06061,1.06055,3000000,1000000
2017-03-10 13:28:45.992000,1.06062,1.06055,2250000,3000000
2017-03-10 13:28:46.795000,1.06056,1.06054,1000000,6000000
2017-03-10 13:28:46.999000,1.06051,1.06049,2100000,1000000
2017-03-10 13:28:47.050000,1.06051,1.06046,1600000,1620000
2017-03-10 13:28:47.551000,1.06048,1.06045,4240000,1000000
2017-03-10 13:28:47.603000,1.06048,1.06041,3860000,1500000
2017-03-10 13:28:47.808000,1.06046,1.06042,1050000,1000000
2017-03-10 13:28:48.115000,1.06046,1.0604,1250000,4500000
2017-03-10 13:28:48.166000,1.06048,1.06041,1690000,2620000
2017-03-10 13:28:48.759000,1.06049,1.06042,2440000,1000000
2017-03-10 13:28:49.369000,1.06048,1.06043,1250000,1000000
2017-03-10 13:28:49.876000,1.06048,1.06042,1690000,2250000
2017-03-10 13:28:50.402000,1.06049,1.06042,2440000,4000000
2017-03-10 13:28:50.915000,1.06049,1.06042,2250000,4000000
2017-03-10 13:28:52.550000,1.06051,1.06044,1840000,1120000
2017-03-10 13:28:52.854000,1.06049,1.06043,1000000,3750000
2017-03-10 13:28:53.927000,1.06049,1.06042,2250000,3000000
2017-03-10 13:28:54.232000,1.06049,1.06044,1500000,1000000
2017-03-10 13:28:54.761000,1.0605,1.06044,1500000,1000000
2017-03-10 13:28:55.082000,1.0605,1.06046,1500000,1000000
2017-03-10 13:28:55.589000,1.06051,1.06045,2400000,1500000
2017-03-10 13:28:56.098000,1.06051,1.06044,3150000,1500000
2017-03-10 13:28:56.473000,1.06045,1.06043,1000000,1500000
2017-03-10 13:28:56.525000,1.06044,1.06042,1000000,1000000
2017-03-10 13:28:56.576000,1.06046,1.06044,1200000,1000000
2017-03-10 13:28:56.679000,1.06047,1.06041,1200000,2250000
2017-03-10 13:28:56.882000,1.06048,1.06043,1650000,1870000
2017-03-10 13:28:57.035000,1.06048,1.06041,3150000,3000000
2017-03-10 13:28:57.087000,1.06048,1.06044,2250000,1000000
2017-03-10 13:28:57.443000,1.06049,1.06042,4720000,1000000
2017-03-10 13:28:58.058000,1.06049,1.06042,1200000,2250000
2017-03-10 13:28:58.109000,1.06049,1.06044,1090000,1500000
2017-03-10 13:28:58.566000,1.0605,1.06043,3040000,1500000
2017-03-10 13:28:58.769000,1.06051,1.06045,2060000,1500000
2017-03-10 13:28:58.972000,1.06045,1.06041,1200000,1000000
2017-03-10 13:28:59.273000,1.06048,1.06041,1400000,1000000
2017-03-10 13:28:59.883000,1.06046,1.0604,1000000,1500000
2017-03-10 13:29:00.294000,1.06046,1.06042,1000000,1000000
2017-03-10 13:29:00.346000,1.06048,1.06042,1000000,1000000
2017-03-10 13:29:00.651000,1.06049,1.06044,1250000,1000000
2017-03-10 13:29:00.702000,1.06049,1.06041,1050000,5620000
2017-03-10 13:29:01.365000,1.06049,1.06042,1610000,1000000
2017-03-10 13:29:01.872000,1.0605,1.06042,1500000,1500000
2017-03-10 13:29:02.126000,1.0605,1.06044,1610000,1000000
2017-03-10 13:29:02.329000,1.06052,1.06045,1120000,1000000
2017-03-10 13:29:02.747000,1.06051,1.06047,1500000,1000000
2017-03-10 13:29:02.900000,1.0605,1.06045,1200000,1120000
2017-03-10 13:29:02.951000,1.06051,1.06048,1350000,1000000
2017-03-10 13:29:03.002000,1.06053,1.06048,1000000,1000000
2017-03-10 13:29:03.408000,1.06056,1.06048,2550000,1000000
2017-03-10 13:29:03.956000,1.06055,1.06049,1500000,1000000
2017-03-10 13:29:04.210000,1.06052,1.06048,1610000,1120000
2017-03-10 13:29:04.261000,1.06052,1.06046,1610000,1500000
2017-03-10 13:29:04.515000,1.06052,1.06046,1610000,1000000
2017-03-10 13:29:04.618000,1.06053,1.06046,2060000,1000000
2017-03-10 13:29:05.092000,1.06054,1.06049,2250000,1000000
2017-03-10 13:29:06.548000,1.06059,1.06058,1000000,1000000
2017-03-10 13:29:06.651000,1.06062,1.06057,3370000,2250000
2017-03-10 13:29:06.956000,1.06064,1.06057,1250000,1500000
2017-03-10 13:29:07.159000,1.06067,1.06063,2250000,1000000
2017-03-10 13:29:07.210000,1.06067,1.06061,1500000,2250000
2017-03-10 13:29:07.313000,1.06067,1.06064,1000000,1000000
2017-03-10 13:29:07.364000,1.06072,1.06064,4120000,1000000
2017-03-10 13:29:07.668000,1.06072,1.06067,4120000,1000000
2017-03-10 13:29:08.023000,1.06072,1.06064,3370000,3070000
2017-03-10 13:29:08.531000,1.06072,1.06064,4120000,2700000
2017-03-10 13:29:08.676000,1.06072,1.06069,1120000,1500000
2017-03-10 13:29:08.982000,1.06078,1.0607,1800000,1120000
2017-03-10 13:29:09.439000,1.06079,1.06071,2250000,2620000
2017-03-10 13:29:09.591000,1.06079,1.06073,1000000,1000000
2017-03-10 13:29:10.094000,1.0608,1.06072,1250000,1120000
2017-03-10 13:29:11.121000,1.0608,1.06071,3190000,3370000
2017-03-10 13:29:11.643000,1.06073,1.0607,1000000,3750000
2017-03-10 13:29:11.847000,1.06067,1.06065,1120000,3000000
2017-03-10 13:29:11.949000,1.0607,1.06063,1250000,3450000
2017-03-10 13:29:12,1.06071,1.06066,1690000,1000000
2017-03-10 13:29:12.203000,1.06074,1.06066,2250000,2250000
2017-03-10 13:29:12.454000,1.06072,1.06066,1000000,1500000
2017-03-10 13:29:12.658000,1.06074,1.06066,2320000,1500000
2017-03-10 13:29:13.166000,1.06074,1.06065,3070000,2250000
2017-03-10 13:29:13.841000,1.06075,1.06067,2250000,1000000
2017-03-10 13:29:14.268000,1.06075,1.06069,1000000,1500000
2017-03-10 13:29:14.471000,1.06075,1.06067,1000000,1000000
2017-03-10 13:29:14.573000,1.06075,1.06069,1000000,1500000
2017-03-10 13:29:14.878000,1.06068,1.06067,1000000,2250000
2017-03-10 13:29:15.211000,1.06062,1.0606,1870000,1000000
2017-03-10 13:29:15.414000,1.06058,1.06055,1000000,1000000
2017-03-10 13:29:16.008000,1.06057,1.06052,1500000,1000000
2017-03-10 13:29:16.571000,1.06057,1.06052,1250000,1000000
2017-03-10 13:29:17.136000,1.06054,1.06052,1000000,1000000
2017-03-10 13:29:17.309000,1.06052,1.06045,1380000,1500000
2017-03-10 13:29:17.412000,1.0605,1.06045,1000000,1000000
2017-03-10 13:29:17.515000,1.06049,1.06043,1120000,3370000
2017-03-10 13:29:17.625000,1.06051,1.06043,1500000,6070000
2017-03-10 13:29:17.677000,1.06051,1.06044,1500000,1200000
2017-03-10 13:29:17.880000,1.06053,1.06044,2440000,3190000
2017-03-10 13:29:18.239000,1.06051,1.06042,1500000,3500000
2017-03-10 13:29:18.578000,1.06044,1.06039,1690000,1720000
2017-03-10 13:29:18.630000,1.06043,1.06037,1000000,1000000
2017-03-10 13:29:19.140000,1.06043,1.06035,1000000,2620000
2017-03-10 13:29:19.191000,1.0603,1.06027,1560000,1500000
2017-03-10 13:29:19.394000,1.06035,1.0603,3090000,1500000
2017-03-10 13:29:19.546000,1.06038,1.0603,1000000,2500000
2017-03-10 13:29:19.852000,1.06033,1.0603,1000000,2500000
2017-03-10 13:29:19.903000,1.06033,1.0603,1000000,1590000
2017-03-10 13:29:19.954000,1.06031,1.0603,1500000,1120000
2017-03-10 13:29:20.107000,1.06031,1.06025,2250000,1500000
2017-03-10 13:29:20.867000,1.06031,1.06024,1000000,4500000
2017-03-10 13:29:20.969000,1.06034,1.06024,3560000,5120000
2017-03-10 13:29:21.071000,1.06035,1.06024,1370000,6440000
2017-03-10 13:29:21.633000,1.06035,1.06025,1500000,1500000
2017-03-10 13:29:21.940000,1.06034,1.06027,3000000,1000000
2017-03-10 13:29:21.992000,1.06034,1.06025,4000000,3070000
2017-03-10 13:29:22.145000,1.06031,1.06027,1500000,1000000
2017-03-10 13:29:22.246000,1.06031,1.06024,7120000,1450000
2017-03-10 13:29:22.502000,1.06032,1.06025,1250000,1000000
2017-03-10 13:29:23.004000,1.06032,1.06025,1120000,1500000
2017-03-10 13:29:23.208000,1.06031,1.06024,1500000,1120000
2017-03-10 13:29:23.260000,1.06031,1.06022,2500000,4120000
2017-03-10 13:29:24.028000,1.06031,1.06022,2500000,3560000
2017-03-10 13:29:24.399000,1.06024,1.06021,1500000,1000000
2017-03-10 13:29:24.451000,1.06024,1.06015,1000000,3940000
2017-03-10 13:29:24.502000,1.06024,1.06017,3190000,1000000
2017-03-10 13:29:24.553000,1.06024,1.06015,4190000,2060000
2017-03-10 13:29:24.656000,1.06023,1.06012,1690000,2440000
2017-03-10 13:29:25.190000,1.06021,1.06012,1000000,2140000
2017-03-10 13:29:25.698000,1.06021,1.06012,1500000,1250000
2017-03-10 13:29:26.413000,1.06021,1.06015,1000000,1000000
2017-03-10 13:29:26.569000,1.06022,1.06013,1000000,1000000
2017-03-10 13:29:27.078000,1.06021,1.06013,1000000,1000000
2017-03-10 13:29:27.602000,1.06022,1.06012,1500000,1120000
2017-03-10 13:29:28.112000,1.06021,1.06012,1000000,1120000
2017-03-10 13:29:28.620000,1.06022,1.06012,1000000,1120000
2017-03-10 13:29:29.128000,1.06025,1.06014,2700000,1460000
2017-03-10 13:29:29.431000,1.06021,1.06011,1000000,1120000
2017-03-10 13:29:30.043000,1.06019,1.0601,1000000,1370000
2017-03-10 13:29:30.094000,1.06019,1.06009,1000000,1120000
2017-03-10 13:29:30.145000,1.06016,1.06007,1000000,1870000
2017-03-10 13:29:30.251000,1.06015,1.06007,1000000,2250000
2017-03-10 13:29:30.608000,1.06015,1.0601,1500000,1000000
2017-03-10 13:29:30.660000,1.06015,1.06008,1500000,1500000
2017-03-10 13:29:30.712000,1.06013,1.06008,1000000,1450000
2017-03-10 13:29:30.763000,1.06019,1.06008,2620000,1450000
2017-03-10 13:29:30.815000,1.06017,1.06008,1370000,1000000
2017-03-10 13:29:31.019000,1.06015,1.06006,1000000,1000000
2017-03-10 13:29:31.071000,1.06008,1.06006,1000000,1000000
2017-03-10 13:29:31.373000,1.0601,1.06006,1000000,1000000
2017-03-10 13:29:31.425000,1.06008,1.06005,1370000,1000000
2017-03-10 13:29:31.734000,1.06016,1.06006,1500000,1370000
2017-03-10 13:29:31.786000,1.06014,1.06006,1000000,1120000
2017-03-10 13:29:32.091000,1.06014,1.06,1450000,2250000
2017-03-10 13:29:32.393000,1.0601,1.06003,1200000,1120000
2017-03-10 13:29:32.444000,1.06013,1.06005,1950000,1000000
2017-03-10 13:29:32.951000,1.06013,1.06004,1370000,3000000
2017-03-10 13:29:33.456000,1.06015,1.06007,1370000,1000000
2017-03-10 13:29:33.507000,1.06016,1.06005,2250000,3750000
2017-03-10 13:29:33.559000,1.06015,1.06006,1000000,3000000
2017-03-10 13:29:33.610000,1.06016,1.06005,1870000,4500000
2017-03-10 13:29:33.661000,1.06017,1.0601,3000000,1000000
2017-03-10 13:29:33.815000,1.06012,1.06004,1000000,1120000
2017-03-10 13:29:33.918000,1.06009,1.06004,1000000,1000000
2017-03-10 13:29:34.022000,1.06014,1.06004,1120000,1000000
2017-03-10 13:29:34.177000,1.06015,1.06,2020000,1370000
2017-03-10 13:29:34.280000,1.06016,1.06,1000000,2620000
2017-03-10 13:29:34.639000,1.06015,1.06002,1000000,1000000
2017-03-10 13:29:34.962000,1.06015,1.06,1000000,1500000
2017-03-10 13:29:35.493000,1.06015,1.06001,1000000,1000000
2017-03-10 13:29:35.646000,1.06017,1.06,1500000,1870000
2017-03-10 13:29:35.757000,1.06017,1.06006,1000000,1000000
2017-03-10 13:29:36.015000,1.06017,1.06003,1000000,1600000
2017-03-10 13:29:36.269000,1.0602,1.06005,3000000,1000000
2017-03-10 13:29:36.785000,1.06019,1.06004,1000000,2400000
2017-03-10 13:29:37.181000,1.06022,1.06019,1870000,1000000
2017-03-10 13:29:37.537000,1.0602,1.06018,1000000,1120000
2017-03-10 13:29:37.740000,1.0602,1.06014,1000000,1000000
2017-03-10 13:29:37.998000,1.06028,1.06017,1120000,1000000
2017-03-10 13:29:38.049000,1.06026,1.06016,1500000,1000000
2017-03-10 13:29:38.100000,1.06029,1.06012,3370000,3570000
2017-03-10 13:29:38.202000,1.06029,1.06016,1200000,1000000
2017-03-10 13:29:38.507000,1.06026,1.06016,2100000,1000000
2017-03-10 13:29:38.955000,1.06028,1.06018,1950000,1000000
2017-03-10 13:29:39.007000,1.06028,1.06018,1200000,1000000
2017-03-10 13:29:39.514000,1.06029,1.06022,1200000,1000000
2017-03-10 13:29:39.769000,1.06031,1.0602,1200000,1000000
2017-03-10 13:29:39.921000,1.06033,1.06022,2400000,1000000
2017-03-10 13:29:40.232000,1.06033,1.06023,1000000,1500000
2017-03-10 13:29:40.386000,1.06032,1.0602,1000000,1500000
2017-03-10 13:29:40.590000,1.0603,1.06015,1000000,1000000
2017-03-10 13:29:40.845000,1.06022,1.06015,750000,1000000
2017-03-10 13:29:40.947000,1.06019,1.06015,1000000,1500000
2017-03-10 13:29:41.102000,1.06016,1.06013,2500000,1120000
2017-03-10 13:29:41.204000,1.06023,1.06015,1000000,1870000
2017-03-10 13:29:41.256000,1.06026,1.06015,1000000,1500000
2017-03-10 13:29:41.765000,1.06025,1.06015,2250000,1000000
2017-03-10 13:29:42.446000,1.06024,1.06015,1000000,1120000
2017-03-10 13:29:42.908000,1.06026,1.06015,2250000,1000000
2017-03-10 13:29:43.478000,1.06026,1.06016,1000000,1870000
2017-03-10 13:29:43.783000,1.06026,1.06014,1500000,1500000
2017-03-10 13:29:43.835000,1.06024,1.06014,1000000,1500000
2017-03-10 13:29:44.141000,1.06023,1.06013,1370000,1120000
2017-03-10 13:29:44.193000,1.06023,1.06009,1370000,1570000
2017-03-10 13:29:44.244000,1.06026,1.06011,2250000,1000000
2017-03-10 13:29:44.295000,1.06025,1.06014,1000000,1000000
2017-03-10 13:29:44.800000,1.06026,1.06014,1500000,1000000
2017-03-10 13:29:45.310000,1.06026,1.06015,1000000,1500000
2017-03-10 13:29:45.991000,1.06027,1.06015,1000000,1500000
2017-03-10 13:29:47.010000,1.06023,1.06015,1000000,1000000
2017-03-10 13:29:47.430000,1.06026,1.06014,1000000,1000000
2017-03-10 13:29:47.580000,1.06029,1.06014,1000000,1500000
2017-03-10 13:29:47.778000,1.0603,1.06019,1000000,2250000
2017-03-10 13:29:47.829000,1.0603,1.06015,1000000,1500000
2017-03-10 13:29:48.032000,1.0603,1.06017,1000000,1000000
2017-03-10 13:29:48.236000,1.06032,1.06017,1500000,1000000
2017-03-10 13:29:48.552000,1.06032,1.06023,1000000,1000000
2017-03-10 13:29:48.653000,1.0603,1.06017,1000000,1370000
2017-03-10 13:29:48.958000,1.06032,1.06017,1500000,1000000
2017-03-10 13:29:49.367000,1.06023,1.06017,3000000,1000000
2017-03-10 13:29:49.469000,1.06023,1.06012,1000000,1000000
2017-03-10 13:29:49.874000,1.06025,1.06012,1000000,1500000
2017-03-10 13:29:49.977000,1.06025,1.06017,1000000,1000000
2017-03-10 13:29:50.385000,1.06036,1.0603,1000000,1370000
2017-03-10 13:29:50.537000,1.0604,1.06032,1120000,1500000
2017-03-10 13:29:50.588000,1.0604,1.06034,1000000,1500000
2017-03-10 13:29:50.893000,1.06029,1.06026,1500000,1000000
2017-03-10 13:29:50.995000,1.06033,1.06028,1000000,1500000
2017-03-10 13:29:51.046000,1.06035,1.06032,2250000,1000000
2017-03-10 13:29:51.393000,1.06036,1.06034,1500000,3750000
2017-03-10 13:29:51.545000,1.06039,1.06037,1500000,1000000
2017-03-10 13:29:51.951000,1.0604,1.06038,1000000,1500000
2017-03-10 13:29:52.104000,1.06045,1.06039,1870000,1500000
2017-03-10 13:29:52.258000,1.06043,1.06039,1000000,1500000
2017-03-10 13:29:52.360000,1.06045,1.06039,1870000,1500000
2017-03-10 13:29:52.600000,1.06042,1.06039,1000000,1500000
2017-03-10 13:29:52.651000,1.06055,1.0604,1000000,1090000
2017-03-10 13:29:52.756000,1.0605,1.0604,1000000,1090000
2017-03-10 13:29:52.808000,1.0605,1.0604,1000000,1000000
2017-03-10 13:29:53.322000,1.06055,1.06041,1000000,1500000
2017-03-10 13:29:53.424000,1.06056,1.06047,1120000,1000000
2017-03-10 13:29:53.689000,1.06065,1.06049,4200000,1000000
2017-03-10 13:29:53.795000,1.06065,1.06049,3370000,1000000
2017-03-10 13:29:53.898000,1.06075,1.0605,1870000,1000000
2017-03-10 13:29:53.950000,1.0607,1.0605,1000000,1000000
2017-03-10 13:29:54.001000,1.0607,1.06048,1870000,1000000
2017-03-10 13:29:54.053000,1.06067,1.06048,1000000,1000000
2017-03-10 13:29:54.539000,1.0607,1.06049,1150000,1000000
2017-03-10 13:29:54.590000,1.06068,1.06044,1450000,1120000
2017-03-10 13:29:54.693000,1.0606,1.06041,450000,2250000
2017-03-10 13:29:54.848000,1.06076,1.0604,1000000,2250000
2017-03-10 13:29:54.903000,1.06078,1.0604,1000000,1000000
2017-03-10 13:29:55.081000,1.06078,1.0605,1000000,1000000
2017-03-10 13:29:55.133000,1.06081,1.0605,1500000,1000000
2017-03-10 13:29:55.763000,1.06078,1.0605,1000000,1500000
2017-03-10 13:29:56.511000,1.06079,1.06049,1000000,1000000
2017-03-10 13:29:56.665000,1.06077,1.06044,1000000,3370000
2017-03-10 13:29:56.869000,1.06072,1.06044,1000000,1000000
2017-03-10 13:29:57.174000,1.06075,1.06044,1000000,1500000
2017-03-10 13:29:57.225000,1.06072,1.06044,1000000,1500000
2017-03-10 13:29:57.536000,1.06067,1.06044,1000000,1500000
2017-03-10 13:29:57.945000,1.06068,1.06046,1000000,1730000
2017-03-10 13:29:58.256000,1.06065,1.06049,1000000,1230000
2017-03-10 13:29:58.358000,1.0607,1.06049,1000000,1230000
2017-03-10 13:29:58.763000,1.06065,1.06049,1000000,1230000
2017-03-10 13:29:59.068000,1.06052,1.06044,1000000,1500000
2017-03-10 13:29:59.284000,1.0605,1.0604,3750000,1500000
2017-03-10 13:29:59.744000,1.06044,1.0604,1120000,1500000
2017-03-10 13:29:59.796000,1.06036,1.06018,1950000,1200000
2017-03-10 13:29:59.848000,1.06025,1.0602,1000000,1500000
2017-03-10 13:29:59.900000,1.06035,1.06021,3000000,1000000
2017-03-10 13:30:00.538000,1.06035,1.06016,2250000,1120000
2017-03-10 13:30:00.640000,1.06048,1.06041,1000000,1000000
2017-03-10 13:30:01.147000,1.06049,1.06041,1000000,1000000
2017-03-10 13:30:01.864000,1.06004,1.05997,1000000,6750000
2017-03-10 13:30:01.915000,1.06001,1.05997,1500000,6000000
2017-03-10 13:30:01.966000,1.06001,1.05994,2620000,1000000
2017-03-10 13:30:02.118000,1.06003,1.05999,1000000,1000000
2017-03-10 13:30:02.287000,1.06003,1.05993,1000000,4500000
2017-03-10 13:30:02.338000,1.06018,1.06007,1000000,750000
2017-03-10 13:30:02.389000,1.06018,1.06006,1000000,750000
2017-03-10 13:30:02.440000,1.06013,1.05987,1120000,1120000
2017-03-10 13:30:02.592000,1.0601,1.05987,1000000,1120000
2017-03-10 13:30:02.915000,1.06005,1.05995,1000000,1120000
2017-03-10 13:30:02.966000,1.06013,1.05999,1000000,3090000
2017-03-10 13:30:03.018000,1.06007,1.05999,1120000,3090000
2017-03-10 13:30:03.070000,1.06006,1.05995,1000000,1500000
2017-03-10 13:30:03.121000,1.06006,1.05991,1500000,1000000
2017-03-10 13:30:03.172000,1.06005,1.05993,1500000,1000000
2017-03-10 13:30:03.480000,1.06016,1.06007,1000000,1000000
2017-03-10 13:30:03.745000,1.06016,1.06004,1000000,1000000
2017-03-10 13:30:03.811000,1.06,1.05998,1000000,1000000
2017-03-10 13:30:03.978000,1.05996,1.05994,1000000,1000000
2017-03-10 13:30:04.029000,1.05996,1.05995,1000000,2620000
2017-03-10 13:30:04.182000,1.06015,1.06007,1500000,1120000
2017-03-10 13:30:04.233000,1.0601,1.06008,1000000,1120000
2017-03-10 13:30:04.417000,1.06015,1.06012,3750000,1000000
2017-03-10 13:30:04.475000,1.06017,1.06014,1000000,1370000
2017-03-10 13:30:04.526000,1.06019,1.06017,1000000,1000000
2017-03-10 13:30:04.578000,1.06029,1.06023,1000000,1000000
2017-03-10 13:30:04.629000,1.06032,1.06025,1000000,1000000
2017-03-10 13:30:04.681000,1.06042,1.06029,1270000,1500000
2017-03-10 13:30:04.784000,1.06039,1.06026,1200000,1000000
2017-03-10 13:30:04.886000,1.06045,1.06029,2400000,1120000
2017-03-10 13:30:04.938000,1.06041,1.06029,1000000,1500000
2017-03-10 13:30:05.040000,1.06041,1.06033,1000000,1000000
2017-03-10 13:30:05.091000,1.06041,1.06029,1000000,1500000
2017-03-10 13:30:05.142000,1.06041,1.06034,1000000,1000000
2017-03-10 13:30:05.275000,1.06041,1.0603,1000000,1500000
2017-03-10 13:30:05.326000,1.06041,1.06035,1000000,2250000
2017-03-10 13:30:05.428000,1.06041,1.06029,1000000,1200000
2017-03-10 13:30:05.529000,1.06041,1.06036,1000000,1000000
2017-03-10 13:30:05.834000,1.06055,1.06052,1000000,2620000
2017-03-10 13:30:05.885000,1.06063,1.06059,1000000,1120000
2017-03-10 13:30:05.936000,1.06064,1.06063,1000000,1000000
2017-03-10 13:30:05.988000,1.0607,1.06061,1000000,1000000
2017-03-10 13:30:06.039000,1.06072,1.0607,1000000,1000000
2017-03-10 13:30:06.336000,1.06088,1.06075,1000000,1000000
2017-03-10 13:30:06.439000,1.06083,1.06073,3750000,1000000
2017-03-10 13:30:06.542000,1.06083,1.0607,3750000,2250000
2017-03-10 13:30:06.593000,1.06083,1.06074,3750000,1000000
2017-03-10 13:30:06.695000,1.06083,1.06069,3750000,1200000
2017-03-10 13:30:06.747000,1.06083,1.06067,3750000,1950000
2017-03-10 13:30:06.905000,1.06073,1.06068,1000000,1000000
2017-03-10 13:30:06.956000,1.06073,1.06065,1000000,1000000
2017-03-10 13:30:07.007000,1.06071,1.06065,1000000,1000000
2017-03-10 13:30:07.109000,1.06073,1.06065,1000000,1000000
2017-03-10 13:30:07.263000,1.06075,1.06066,1000000,1000000
2017-03-10 13:30:07.314000,1.0608,1.06066,1200000,1500000
2017-03-10 13:30:07.365000,1.06084,1.06067,3750000,2250000
2017-03-10 13:30:07.690000,1.06074,1.06068,750000,1500000
2017-03-10 13:30:07.750000,1.0608,1.06069,1000000,1000000
2017-03-10 13:30:07.852000,1.06083,1.06069,3750000,1000000
2017-03-10 13:30:07.953000,1.06083,1.06077,5250000,1000000
2017-03-10 13:30:08.259000,1.0609,1.06084,1000000,10500000
2017-03-10 13:30:08.464000,1.061,1.06087,1150000,1000000
2017-03-10 13:30:08.616000,1.0611,1.06097,1500000,1000000
2017-03-10 13:30:08.667000,1.06118,1.06112,750000,1000000
2017-03-10 13:30:08.990000,1.06133,1.06127,1000000,1120000
2017-03-10 13:30:09.301000,1.06136,1.06133,1000000,1500000
2017-03-10 13:30:09.352000,1.06139,1.06134,1000000,1000000
2017-03-10 13:30:09.403000,1.0614,1.06138,1200000,1000000
2017-03-10 13:30:09.507000,1.06139,1.06138,1000000,1870000
2017-03-10 13:30:09.558000,1.06144,1.06136,1370000,1120000
2017-03-10 13:30:09.609000,1.06143,1.06138,1000000,1500000
2017-03-10 13:30:09.953000,1.06148,1.06136,1000000,2250000
2017-03-10 13:30:10.106000,1.0615,1.06136,2020000,1000000
2017-03-10 13:30:10.158000,1.0615,1.06145,1200000,1000000
2017-03-10 13:30:10.209000,1.0615,1.06138,2590000,1690000
2017-03-10 13:30:10.261000,1.06149,1.06137,1190000,1120000
2017-03-10 13:30:10.569000,1.06145,1.06142,1500000,1000000
2017-03-10 13:30:10.725000,1.06145,1.06135,2250000,5620000
2017-03-10 13:30:10.827000,1.06137,1.06134,1000000,2250000
2017-03-10 13:30:11.135000,1.06134,1.0613,1120000,3750000
2017-03-10 13:30:11.288000,1.06129,1.06117,1120000,2620000
2017-03-10 13:30:11.390000,1.06129,1.06117,1370000,2440000
2017-03-10 13:30:11.540000,1.06129,1.06119,1120000,1750000
2017-03-10 13:30:11.642000,1.06128,1.06117,1200000,1500000
2017-03-10 13:30:11.693000,1.06125,1.06118,1870000,1000000
2017-03-10 13:30:11.797000,1.06125,1.06117,1120000,1500000
2017-03-10 13:30:11.848000,1.06125,1.06115,1050000,2620000
2017-03-10 13:30:11.899000,1.06128,1.06118,1000000,1000000
2017-03-10 13:30:11.950000,1.06128,1.06115,1000000,2100000
2017-03-10 13:30:12.052000,1.0612,1.06116,1500000,1000000
2017-03-10 13:30:12.155000,1.0612,1.06116,1000000,1500000
2017-03-10 13:30:12.358000,1.0612,1.06115,1000000,1000000
2017-03-10 13:30:12.409000,1.06121,1.06115,2250000,1500000
2017-03-10 13:30:12.664000,1.06122,1.0612,2620000,1000000
2017-03-10 13:30:12.818000,1.06127,1.06125,2250000,1000000
2017-03-10 13:30:12.920000,1.06134,1.0613,1000000,1120000
2017-03-10 13:30:13.077000,1.06137,1.06135,1500000,1870000
2017-03-10 13:30:13.180000,1.0616,1.06159,1200000,1000000
2017-03-10 13:30:13.352000,1.0616,1.06158,200000,1000000
2017-03-10 13:30:13.404000,1.0616,1.06154,1570000,1450000
2017-03-10 13:30:13.455000,1.06156,1.06149,2250000,2060000
2017-03-10 13:30:13.800000,1.0616,1.06159,200000,8620000
2017-03-10 13:30:13.851000,1.0616,1.06159,200000,1000000
2017-03-10 13:30:13.903000,1.06168,1.06159,1750000,1000000
2017-03-10 13:30:13.955000,1.06168,1.06159,2440000,1000000
2017-03-10 13:30:14.057000,1.06168,1.06161,1500000,1000000
2017-03-10 13:30:14.510000,1.06171,1.06161,1500000,1000000
2017-03-10 13:30:14.561000,1.0616,1.06159,200000,3560000
2017-03-10 13:30:14.867000,1.06172,1.06161,1000000,1370000
2017-03-10 13:30:15.056000,1.06173,1.06167,1000000,1000000
2017-03-10 13:30:15.367000,1.06183,1.0618,1120000,2250000
2017-03-10 13:30:15.575000,1.06193,1.06186,1000000,1000000
2017-03-10 13:30:15.626000,1.06193,1.06186,1000000,1000000
2017-03-10 13:30:15.846000,1.06188,1.06182,1000000,1000000
2017-03-10 13:30:15.926000,1.06184,1.0618,1000000,1000000
2017-03-10 13:30:16.337000,1.06188,1.06178,1500000,1200000
2017-03-10 13:30:16.389000,1.06186,1.06174,1500000,7120000
2017-03-10 13:30:16.490000,1.06186,1.06174,1500000,3070000
2017-03-10 13:30:16.542000,1.0618,1.06178,1120000,1000000
2017-03-10 13:30:16.898000,1.06178,1.06171,1000000,2060000
2017-03-10 13:30:16.949000,1.0618,1.06178,1000000,1120000
2017-03-10 13:30:17.294000,1.06186,1.06185,2250000,1000000
2017-03-10 13:30:17.448000,1.06188,1.06187,1000000,1000000
2017-03-10 13:30:17.653000,1.06188,1.06185,1000000,1000000
2017-03-10 13:30:17.830000,1.0619,1.0618,1190000,1500000
2017-03-10 13:30:17.987000,1.06189,1.06179,1000000,3740000
2017-03-10 13:30:18.089000,1.06187,1.06177,1000000,1640000
2017-03-10 13:30:18.191000,1.06188,1.06176,1500000,2050000
2017-03-10 13:30:18.293000,1.06186,1.06177,1500000,1450000
2017-03-10 13:30:18.346000,1.06184,1.06177,1000000,1450000
2017-03-10 13:30:18.397000,1.06184,1.06177,1000000,1000000
2017-03-10 13:30:18.449000,1.06181,1.06177,1000000,1000000
2017-03-10 13:30:18.621000,1.06183,1.06178,1120000,2620000
2017-03-10 13:30:18.672000,1.0618,1.06178,1000000,2620000
2017-03-10 13:30:18.727000,1.06183,1.06179,1000000,1000000
2017-03-10 13:30:18.881000,1.06181,1.0618,1500000,1000000
2017-03-10 13:30:19.309000,1.06157,1.06154,2620000,13500000
2017-03-10 13:30:19.361000,1.06154,1.06152,1000000,8250000
2017-03-10 13:30:19.515000,1.06148,1.06147,1000000,3000000
2017-03-10 13:30:19.618000,1.06149,1.06147,1000000,3000000
2017-03-10 13:30:19.669000,1.06149,1.06147,2440000,2250000
2017-03-10 13:30:19.753000,1.06143,1.0614,1750000,5250000
2017-03-10 13:30:20.058000,1.06136,1.0613,1870000,2440000
2017-03-10 13:30:20.110000,1.06133,1.0613,1000000,1500000
2017-03-10 13:30:20.415000,1.06126,1.06122,1000000,1000000
2017-03-10 13:30:20.518000,1.06121,1.06119,6190000,1000000
2017-03-10 13:30:20.781000,1.06114,1.0611,2250000,6000000
2017-03-10 13:30:20.833000,1.06114,1.06109,2250000,1500000
2017-03-10 13:30:20.985000,1.06112,1.06105,2250000,1000000
2017-03-10 13:30:21.087000,1.06114,1.06105,2620000,1000000
2017-03-10 13:30:21.240000,1.06111,1.06103,1880000,2250000
2017-03-10 13:30:21.393000,1.06114,1.06104,1120000,1690000
2017-03-10 13:30:21.543000,1.06112,1.06105,1000000,1000000
2017-03-10 13:30:21.852000,1.0611,1.06108,1000000,1000000
2017-03-10 13:30:21.903000,1.06109,1.06106,1000000,1000000
2017-03-10 13:30:22.005000,1.06114,1.06107,1870000,1000000
2017-03-10 13:30:22.057000,1.06111,1.06107,1000000,1120000
2017-03-10 13:30:22.210000,1.0611,1.06107,1000000,1000000
2017-03-10 13:30:22.399000,1.06113,1.06109,2810000,1000000
2017-03-10 13:30:22.602000,1.0611,1.06106,3750000,1000000
2017-03-10 13:30:22.705000,1.06109,1.06104,1000000,1000000
2017-03-10 13:30:23.064000,1.06111,1.06104,4870000,1500000
2017-03-10 13:30:23.167000,1.06113,1.06112,8620000,1310000
2017-03-10 13:30:23.333000,1.06123,1.06121,1000000,1500000
2017-03-10 13:30:23.384000,1.06121,1.06109,1000000,2250000
2017-03-10 13:30:23.437000,1.06125,1.06124,1000000,1000000
2017-03-10 13:30:23.593000,1.06131,1.06124,3370000,1000000
2017-03-10 13:30:23.695000,1.0613,1.06123,1000000,1750000
2017-03-10 13:30:23.797000,1.06129,1.06124,1000000,1000000
2017-03-10 13:30:23.899000,1.06129,1.06122,1000000,1000000
2017-03-10 13:30:24.157000,1.0613,1.06124,1000000,1000000
2017-03-10 13:30:24.513000,1.06132,1.06125,1000000,1000000
2017-03-10 13:30:24.919000,1.06125,1.06122,1000000,3670000
2017-03-10 13:30:24.970000,1.06127,1.06123,2250000,1500000
2017-03-10 13:30:25.021000,1.06123,1.06122,2250000,1000000
2017-03-10 13:30:25.164000,1.06123,1.06122,1000000,1000000
2017-03-10 13:30:25.215000,1.06121,1.0612,1000000,1500000
2017-03-10 13:30:25.266000,1.06124,1.06122,1000000,1000000
2017-03-10 13:30:25.317000,1.06126,1.06123,1000000,1000000
2017-03-10 13:30:25.369000,1.06125,1.06123,1000000,1000000
2017-03-10 13:30:25.471000,1.0613,1.06123,1500000,1000000
2017-03-10 13:30:25.624000,1.0613,1.06123,1750000,1000000
2017-03-10 13:30:25.726000,1.0613,1.06124,1000000,1000000
2017-03-10 13:30:25.993000,1.06128,1.06123,1000000,1500000
2017-03-10 13:30:26.521000,1.06128,1.06122,1000000,1000000
2017-03-10 13:30:27.014000,1.06128,1.06124,1000000,2060000
2017-03-10 13:30:27.319000,1.06131,1.06129,2440000,1000000
2017-03-10 13:30:27.523000,1.0613,1.06124,1000000,1840000
2017-03-10 13:30:27.624000,1.06132,1.06126,1120000,1500000
2017-03-10 13:30:28.129000,1.06133,1.06127,1000000,1500000
2017-03-10 13:30:28.586000,1.06133,1.06126,1000000,2440000
2017-03-10 13:30:29.035000,1.06134,1.06127,2620000,2250000
2017-03-10 13:30:29.340000,1.06134,1.06132,1000000,1000000
2017-03-10 13:30:29.543000,1.06136,1.0613,4120000,1500000
2017-03-10 13:30:29.759000,1.06136,1.06128,5060000,1000000
2017-03-10 13:30:29.861000,1.06127,1.06123,1500000,1190000
2017-03-10 13:30:29.912000,1.06129,1.06125,2630000,1690000
2017-03-10 13:30:30.014000,1.06133,1.06129,1120000,1000000
2017-03-10 13:30:30.065000,1.06135,1.06129,2250000,1000000
2017-03-10 13:30:30.116000,1.06133,1.0613,1000000,1690000
2017-03-10 13:30:30.421000,1.0614,1.06138,4120000,1000000
2017-03-10 13:30:30.472000,1.06139,1.06137,1120000,2440000
2017-03-10 13:30:30.630000,1.06143,1.0614,1370000,1000000
2017-03-10 13:30:30.681000,1.06143,1.06138,1370000,1000000
2017-03-10 13:30:30.733000,1.06143,1.06141,1370000,1000000
2017-03-10 13:30:30.835000,1.06144,1.06139,3750000,1310000
2017-03-10 13:30:30.886000,1.06145,1.06143,6000000,1000000
2017-03-10 13:30:31.190000,1.0615,1.06149,2250000,1000000
2017-03-10 13:30:31.292000,1.06153,1.0615,1000000,1500000
2017-03-10 13:30:31.475000,1.06154,1.06148,1120000,2440000
2017-03-10 13:30:31.533000,1.06151,1.06148,1000000,2250000
2017-03-10 13:30:31.838000,1.06139,1.06136,1000000,1500000
2017-03-10 13:30:32.041000,1.0614,1.06138,1000000,1000000
2017-03-10 13:30:32.117000,1.06137,1.06135,1000000,1500000
2017-03-10 13:30:32.431000,1.06126,1.06125,1500000,5250000
2017-03-10 13:30:32.482000,1.0613,1.06127,1870000,1000000
2017-03-10 13:30:32.533000,1.06126,1.06124,1000000,3750000
2017-03-10 13:30:32.635000,1.06139,1.06135,3750000,1500000
2017-03-10 13:30:32.737000,1.06138,1.06136,1000000,1000000
2017-03-10 13:30:32.788000,1.06141,1.06136,1000000,1000000
2017-03-10 13:30:32.890000,1.06141,1.06138,1500000,1000000
2017-03-10 13:30:32.992000,1.06143,1.06138,1120000,1500000
2017-03-10 13:30:33.495000,1.06144,1.06138,1500000,1000000
2017-03-10 13:30:33.699000,1.06142,1.06138,1000000,1000000
2017-03-10 13:30:34.012000,1.0614,1.06134,2250000,1120000
2017-03-10 13:30:34.217000,1.06137,1.06132,1500000,2620000
2017-03-10 13:30:34.572000,1.0614,1.06138,2250000,1690000
2017-03-10 13:30:34.748000,1.06141,1.06139,2500000,3370000
2017-03-10 13:30:34.799000,1.06143,1.0614,1000000,5250000
2017-03-10 13:30:34.954000,1.06149,1.06147,4500000,1690000
2017-03-10 13:30:35.158000,1.06156,1.06155,2250000,3750000
2017-03-10 13:30:35.209000,1.06158,1.06156,1000000,1120000
2017-03-10 13:30:35.260000,1.06161,1.06159,1000000,1000000
2017-03-10 13:30:35.362000,1.0616,1.06159,2620000,1120000
2017-03-10 13:30:35.515000,1.06164,1.0616,1120000,1500000
2017-03-10 13:30:35.665000,1.06164,1.06159,1000000,3000000
2017-03-10 13:30:35.767000,1.06164,1.0616,1500000,3370000
2017-03-10 13:30:35.870000,1.06165,1.06163,2250000,1000000
2017-03-10 13:30:36.175000,1.06168,1.06166,1000000,1870000
2017-03-10 13:30:36.227000,1.06168,1.06166,1500000,1120000
2017-03-10 13:30:36.278000,1.06171,1.06169,1500000,1000000
2017-03-10 13:30:36.329000,1.06171,1.06166,1000000,3370000
2017-03-10 13:30:36.483000,1.06171,1.06168,3750000,1000000
2017-03-10 13:30:36.585000,1.06171,1.06168,1000000,1000000
2017-03-10 13:30:36.788000,1.06171,1.0617,1000000,1000000
2017-03-10 13:30:36.991000,1.06175,1.06172,1690000,1000000
2017-03-10 13:30:37.043000,1.06175,1.0617,2440000,2250000
2017-03-10 13:30:37.196000,1.06175,1.0617,4190000,1500000
2017-03-10 13:30:37.298000,1.06175,1.06171,1000000,1000000
2017-03-10 13:30:37.803000,1.06175,1.06171,1000000,1000000
2017-03-10 13:30:37.906000,1.06176,1.06171,3370000,1500000
2017-03-10 13:30:38.109000,1.06175,1.06171,1500000,1500000
2017-03-10 13:30:38.316000,1.06176,1.0617,1000000,1870000
2017-03-10 13:30:38.672000,1.06176,1.06171,3620000,1500000
2017-03-10 13:30:39.054000,1.06176,1.0617,7620000,2250000
2017-03-10 13:30:39.107000,1.06175,1.06171,2060000,1000000
2017-03-10 13:30:39.615000,1.06175,1.0617,7120000,1500000
2017-03-10 13:30:40.163000,1.06173,1.0617,1500000,1000000
2017-03-10 13:30:40.416000,1.0617,1.06169,1000000,1500000
2017-03-10 13:30:40.765000,1.06163,1.06161,1000000,1000000
2017-03-10 13:30:40.867000,1.06162,1.06159,1690000,2620000
2017-03-10 13:30:40.918000,1.0616,1.06159,1000000,1870000
2017-03-10 13:30:41.121000,1.06159,1.06156,1000000,1000000
2017-03-10 13:30:41.479000,1.06158,1.06157,1000000,1500000
2017-03-10 13:30:41.735000,1.06165,1.06161,1000000,1800000
2017-03-10 13:30:41.837000,1.06168,1.06167,3370000,1690000
2017-03-10 13:30:42.144000,1.0617,1.06165,5060000,4870000
2017-03-10 13:30:42.324000,1.06166,1.06163,1370000,1120000
2017-03-10 13:30:42.426000,1.06166,1.06164,2250000,1000000
2017-03-10 13:30:42.730000,1.06166,1.06162,1870000,1120000
2017-03-10 13:30:42.832000,1.06164,1.06162,1000000,3370000
2017-03-10 13:30:42.934000,1.06166,1.06162,1000000,1500000
2017-03-10 13:30:43.183000,1.0617,1.06169,9370000,1000000
2017-03-10 13:30:43.286000,1.0617,1.06169,1500000,4870000
2017-03-10 13:30:43.338000,1.06173,1.0617,7120000,2060000
2017-03-10 13:30:43.440000,1.06176,1.06172,1000000,1500000
2017-03-10 13:30:43.593000,1.06175,1.0617,1000000,3370000
2017-03-10 13:30:43.968000,1.06175,1.06174,3000000,1000000
2017-03-10 13:30:44.272000,1.06183,1.06178,3370000,18190001
2017-03-10 13:30:44.324000,1.06183,1.0618,1000000,1000000
2017-03-10 13:30:44.629000,1.06178,1.06177,1120000,1500000
2017-03-10 13:30:44.680000,1.06178,1.06176,1120000,1000000
2017-03-10 13:30:44.833000,1.06176,1.06174,1120000,1000000
2017-03-10 13:30:44.884000,1.06176,1.06174,1870000,1000000
2017-03-10 13:30:44.936000,1.06176,1.06171,3000000,1120000
2017-03-10 13:30:45.242000,1.06173,1.06171,1000000,1000000
2017-03-10 13:30:45.434000,1.06173,1.06168,1000000,1000000
2017-03-10 13:30:45.943000,1.06173,1.06169,1500000,1000000
2017-03-10 13:30:46.095000,1.06171,1.06169,1000000,1000000
2017-03-10 13:30:46.412000,1.06164,1.06162,2060000,2470000
2017-03-10 13:30:46.565000,1.06155,1.06153,1000000,4870000
2017-03-10 13:30:46.616000,1.06155,1.06152,2440000,2620000
2017-03-10 13:30:46.668000,1.06153,1.0615,1000000,2250000
2017-03-10 13:30:46.720000,1.06151,1.0615,1000000,5250000
2017-03-10 13:30:47.030000,1.06158,1.06156,1500000,2620000
2017-03-10 13:30:47.184000,1.06165,1.06162,4500000,1000000
2017-03-10 13:30:47.692000,1.06166,1.06162,3000000,1870000
2017-03-10 13:30:47.951000,1.06164,1.0616,4310000,1000000
2017-03-10 13:30:48.255000,1.06164,1.0616,5440000,1000000
2017-03-10 13:30:48.509000,1.06161,1.06158,1500000,1000000
2017-03-10 13:30:48.662000,1.06161,1.06156,1500000,1120000
2017-03-10 13:30:48.764000,1.06159,1.06158,1000000,1000000
2017-03-10 13:30:48.908000,1.06159,1.06156,1000000,1000000
2017-03-10 13:30:49.010000,1.06159,1.06158,1000000,1000000
2017-03-10 13:30:49.316000,1.06151,1.0615,1870000,10120000
2017-03-10 13:30:49.417000,1.06154,1.06152,1500000,1870000
2017-03-10 13:30:49.468000,1.06152,1.0615,1000000,2250000
2017-03-10 13:30:49.570000,1.06154,1.06153,1000000,1000000
2017-03-10 13:30:49.669000,1.06155,1.06153,3000000,1000000
2017-03-10 13:30:49.721000,1.06154,1.06153,1000000,1000000
2017-03-10 13:30:49.823000,1.06158,1.06153,2020000,1000000
2017-03-10 13:30:50.179000,1.06155,1.06151,1000000,1500000
2017-03-10 13:30:50.636000,1.06155,1.06149,1000000,1000000
2017-03-10 13:30:50.789000,1.06155,1.06152,1000000,1500000
2017-03-10 13:30:50.893000,1.0618,1.06169,2620000,1720000
2017-03-10 13:30:50.945000,1.06182,1.0618,8250000,1000000
2017-03-10 13:30:50.996000,1.0618,1.06178,1590000,1500000
2017-03-10 13:30:51.150000,1.06183,1.06181,1000000,1000000
2017-03-10 13:30:51.515000,1.06186,1.06181,1120000,2250000
2017-03-10 13:30:51.971000,1.06184,1.0618,1500000,1870000
2017-03-10 13:30:52.303000,1.06176,1.06174,1500000,3750000
2017-03-10 13:30:52.354000,1.06176,1.06173,1500000,1500000
2017-03-10 13:30:52.456000,1.06176,1.0617,1500000,1000000
2017-03-10 13:30:52.964000,1.06174,1.06169,1690000,1000000
2017-03-10 13:30:53.016000,1.06173,1.06169,2440000,1000000
2017-03-10 13:30:53.225000,1.06171,1.06163,2250000,5810000
2017-03-10 13:30:53.529000,1.06165,1.06164,1000000,1000000
2017-03-10 13:30:53.580000,1.06165,1.06162,1500000,1000000
2017-03-10 13:30:53.682000,1.06163,1.06161,1000000,1000000
2017-03-10 13:30:53.988000,1.06172,1.06167,1120000,1000000
2017-03-10 13:30:54.132000,1.06173,1.06169,1000000,1500000
2017-03-10 13:30:54.336000,1.06175,1.06169,1120000,1500000
2017-03-10 13:30:54.794000,1.06174,1.06168,1120000,1120000
2017-03-10 13:30:54.896000,1.06173,1.06166,1000000,3560000
2017-03-10 13:30:54.947000,1.06173,1.06168,1000000,1000000
2017-03-10 13:30:55.495000,1.06173,1.06167,3370000,1000000
2017-03-10 13:30:55.800000,1.06174,1.06169,1000000,1000000
2017-03-10 13:30:56.319000,1.06173,1.06168,1000000,1500000
2017-03-10 13:30:56.624000,1.06174,1.0617,5810000,1000000
2017-03-10 13:30:56.726000,1.06172,1.06169,3370000,2250000
2017-03-10 13:30:56.777000,1.06172,1.06169,3370000,1870000
2017-03-10 13:30:56.929000,1.06172,1.0617,3370000,1000000
2017-03-10 13:30:57.137000,1.06174,1.06169,4500000,1000000
2017-03-10 13:30:57.798000,1.06172,1.06168,1000000,1000000
2017-03-10 13:30:58.314000,1.06171,1.06165,1000000,2380000
2017-03-10 13:30:58.618000,1.06168,1.06166,1000000,1000000
2017-03-10 13:30:58.939000,1.06165,1.06163,1250000,1120000
2017-03-10 13:30:58.991000,1.06165,1.06162,1690000,1000000
2017-03-10 13:30:59.042000,1.06164,1.0616,1000000,1270000
2017-03-10 13:30:59.297000,1.06161,1.06159,1000000,1120000
2017-03-10 13:30:59.601000,1.06159,1.06157,1000000,1000000
2017-03-10 13:30:59.740000,1.0616,1.06155,1000000,1000000
2017-03-10 13:30:59.793000,1.06155,1.06153,1250000,4870000
2017-03-10 13:31:00.100000,1.06152,1.06149,1000000,6000000
2017-03-10 13:31:00.203000,1.06149,1.06147,2440000,1000000
2017-03-10 13:31:00.306000,1.06149,1.06146,3940000,1000000
2017-03-10 13:31:00.408000,1.06148,1.06143,1500000,1000000
2017-03-10 13:31:00.660000,1.06145,1.06139,1120000,10120000
2017-03-10 13:31:00.813000,1.06143,1.06139,1870000,1500000
2017-03-10 13:31:01.117000,1.06141,1.06136,1000000,1000000
2017-03-10 13:31:01.475000,1.06138,1.06137,1000000,1000000
2017-03-10 13:31:01.730000,1.06138,1.06135,1870000,1870000
2017-03-10 13:31:01.781000,1.06138,1.06136,1370000,1120000
2017-03-10 13:31:02.035000,1.06138,1.06135,1000000,3000000
2017-03-10 13:31:02.137000,1.06136,1.06134,1500000,5620000
2017-03-10 13:31:02.396000,1.06137,1.06134,1500000,3000000
2017-03-10 13:31:02.447000,1.06142,1.06139,1120000,1120000
2017-03-10 13:31:02.499000,1.06144,1.06139,2250000,2500000
2017-03-10 13:31:02.652000,1.06146,1.06139,1870000,6990000
2017-03-10 13:31:02.857000,1.06148,1.06142,3750000,1870000
2017-03-10 13:31:03.179000,1.0615,1.06147,1120000,1120000
2017-03-10 13:31:03.484000,1.06144,1.06142,1870000,4120000
2017-03-10 13:31:03.638000,1.06143,1.06139,4120000,1500000
2017-03-10 13:31:03.933000,1.06143,1.06139,3000000,2120000
2017-03-10 13:31:04.239000,1.06144,1.0614,2620000,2620000
2017-03-10 13:31:04.444000,1.06142,1.0614,1120000,1000000
2017-03-10 13:31:04.848000,1.06144,1.06141,1000000,1120000
2017-03-10 13:31:05.102000,1.06147,1.06143,2620000,3000000
2017-03-10 13:31:05.715000,1.06147,1.06143,2620000,1000000
2017-03-10 13:31:05.970000,1.06146,1.06141,3190000,1870000
2017-03-10 13:31:06.274000,1.06143,1.06142,2620000,1000000
2017-03-10 13:31:06.749000,1.06144,1.06142,2620000,2250000
2017-03-10 13:31:07.055000,1.06136,1.06135,1120000,1120000
2017-03-10 13:31:07.258000,1.06134,1.06131,1000000,1000000
2017-03-10 13:31:07.309000,1.06132,1.06131,1120000,1000000
2017-03-10 13:31:07.822000,1.06134,1.0613,4120000,1120000
2017-03-10 13:31:08.077000,1.06129,1.06127,3000000,6750000
2017-03-10 13:31:08.405000,1.06122,1.0612,3190000,1500000
2017-03-10 13:31:08.507000,1.06122,1.0612,2620000,1870000
2017-03-10 13:31:08.558000,1.06122,1.06119,3370000,1120000
2017-03-10 13:31:08.609000,1.06121,1.06119,2620000,2620000
2017-03-10 13:31:08.712000,1.06124,1.06121,6000000,2620000
2017-03-10 13:31:08.866000,1.06124,1.06123,1000000,1000000
2017-03-10 13:31:09.174000,1.06127,1.06126,1500000,1500000
2017-03-10 13:31:09.479000,1.0613,1.06127,1000000,2620000
2017-03-10 13:31:09.580000,1.06133,1.06127,1250000,3370000
2017-03-10 13:31:10.068000,1.06133,1.0613,1120000,1000000
2017-03-10 13:31:10.222000,1.06135,1.0613,1500000,1000000
2017-03-10 13:31:10.479000,1.06134,1.0613,1870000,2620000
2017-03-10 13:31:10.785000,1.06133,1.06128,4120000,2250000
2017-03-10 13:31:11.124000,1.06136,1.06131,2250000,1000000
2017-03-10 13:31:11.480000,1.06136,1.06133,2620000,1000000
2017-03-10 13:31:11.531000,1.06136,1.06131,2250000,1120000
2017-03-10 13:31:12.033000,1.06135,1.06132,1000000,1000000
2017-03-10 13:31:12.745000,1.06135,1.0613,1000000,1000000
2017-03-10 13:31:13.167000,1.06134,1.06128,1500000,1870000
2017-03-10 13:31:13.529000,1.06131,1.06128,1870000,1000000
2017-03-10 13:31:13.837000,1.06131,1.06126,3370000,1000000
2017-03-10 13:31:13.939000,1.06128,1.06124,1120000,1870000
2017-03-10 13:31:14.482000,1.06128,1.06124,3750000,1500000
2017-03-10 13:31:14.584000,1.06124,1.06122,1500000,3000000
2017-03-10 13:31:14.890000,1.06122,1.06121,1000000,2620000
2017-03-10 13:31:15.244000,1.06127,1.06124,1000000,3000000
2017-03-10 13:31:15.296000,1.06128,1.06125,1000000,2250000
2017-03-10 13:31:15.363000,1.06129,1.06128,1000000,1000000
2017-03-10 13:31:15.668000,1.06136,1.06135,1000000,3000000
2017-03-10 13:31:15.871000,1.06139,1.06137,1000000,1120000
2017-03-10 13:31:16.033000,1.06141,1.06138,1000000,1340000
2017-03-10 13:31:16.085000,1.0614,1.06138,1000000,1000000
2017-03-10 13:31:16.188000,1.06141,1.06138,1000000,1690000
2017-03-10 13:31:16.290000,1.06143,1.06138,1000000,1000000
2017-03-10 13:31:16.443000,1.06144,1.0614,3000000,1000000
2017-03-10 13:31:16.750000,1.0615,1.06148,2120000,1870000
2017-03-10 13:31:16.914000,1.06151,1.06148,1000000,1870000
2017-03-10 13:31:17.117000,1.06154,1.06149,1870000,3000000
2017-03-10 13:31:17.371000,1.06154,1.06151,1000000,1120000
2017-03-10 13:31:17.625000,1.06157,1.06153,1500000,1000000
2017-03-10 13:31:17.840000,1.06157,1.06151,1870000,5810000
2017-03-10 13:31:17.891000,1.06157,1.06153,1870000,3000000
2017-03-10 13:31:18.197000,1.06161,1.06158,2400000,1000000
2017-03-10 13:31:18.299000,1.06162,1.06156,1220000,3370000
2017-03-10 13:31:18.654000,1.06164,1.06156,2160000,2620000
2017-03-10 13:31:18.705000,1.06164,1.06158,4120000,1000000
2017-03-10 13:31:19.157000,1.06164,1.06157,5440000,5250000
2017-03-10 13:31:19.463000,1.06157,1.06154,2440000,1500000
2017-03-10 13:31:19.666000,1.06157,1.0615,4310000,1370000
2017-03-10 13:31:20.182000,1.06156,1.0615,1000000,1500000
2017-03-10 13:31:20.689000,1.06157,1.06151,3000000,1870000
2017-03-10 13:31:21.020000,1.06158,1.06153,1500000,1120000
2017-03-10 13:31:21.327000,1.06161,1.06155,5810000,1000000
2017-03-10 13:31:22.773000,1.0616,1.06156,2810000,1000000
2017-03-10 13:31:22.926000,1.0616,1.06154,2440000,1000000
2017-03-10 13:31:23.230000,1.06155,1.06154,1000000,1000000
2017-03-10 13:31:23.282000,1.06158,1.06154,2060000,1000000
2017-03-10 13:31:23.333000,1.06154,1.06153,1000000,1500000
2017-03-10 13:31:23.543000,1.06152,1.06149,1870000,1000000
2017-03-10 13:31:24.050000,1.0615,1.06148,1310000,1120000
2017-03-10 13:31:24.355000,1.06147,1.06143,1000000,1120000
2017-03-10 13:31:24.872000,1.06147,1.0614,1500000,3370000
2017-03-10 13:31:25.025000,1.06146,1.0614,1120000,1500000
2017-03-10 13:31:25.481000,1.06145,1.06142,1000000,1000000
2017-03-10 13:31:25.777000,1.0615,1.06143,4310000,2620000
2017-03-10 13:31:26.386000,1.06151,1.06144,5060000,2620000
2017-03-10 13:31:26.541000,1.06151,1.06149,3000000,1000000
2017-03-10 13:31:26.891000,1.06153,1.0615,1000000,5250000
2017-03-10 13:31:27.148000,1.06157,1.06151,1310000,4120000
2017-03-10 13:31:27.657000,1.06158,1.06153,1120000,1870000
2017-03-10 13:31:27.973000,1.06159,1.06156,3370000,1000000
2017-03-10 13:31:28.075000,1.06161,1.06157,1120000,1000000
2017-03-10 13:31:28.582000,1.06161,1.06156,1500000,1000000
2017-03-10 13:31:29.132000,1.06161,1.06157,1870000,1870000
2017-03-10 13:31:29.537000,1.06163,1.06159,1120000,1000000
2017-03-10 13:31:30.129000,1.06164,1.06159,1120000,1500000
2017-03-10 13:31:30.433000,1.06164,1.06161,2500000,1000000
2017-03-10 13:31:30.587000,1.06164,1.06162,1000000,1500000
2017-03-10 13:31:30.689000,1.06164,1.06163,1000000,1000000
2017-03-10 13:31:30.740000,1.06166,1.06164,1120000,1000000
2017-03-10 13:31:30.893000,1.06166,1.06164,1500000,1000000
2017-03-10 13:31:31.097000,1.06167,1.06165,1500000,1000000
2017-03-10 13:31:31.261000,1.06168,1.06166,1500000,1000000
2017-03-10 13:31:31.312000,1.0617,1.06165,1870000,2250000
2017-03-10 13:31:31.518000,1.0617,1.06166,3750000,1000000
2017-03-10 13:31:31.722000,1.06171,1.06169,5250000,1500000
2017-03-10 13:31:31.927000,1.06184,1.06183,1120000,1000000
2017-03-10 13:31:32.029000,1.06182,1.06181,2250000,1870000
2017-03-10 13:31:32.337000,1.06186,1.06184,1500000,5620000
2017-03-10 13:31:32.389000,1.06187,1.06186,2250000,1000000
2017-03-10 13:31:32.440000,1.06189,1.06187,3250000,1000000
2017-03-10 13:31:32.491000,1.06189,1.06188,1000000,1000000
2017-03-10 13:31:32.745000,1.06194,1.06192,8250000,1000000
2017-03-10 13:31:32.847000,1.06191,1.0619,1870000,1000000
2017-03-10 13:31:32.900000,1.06191,1.06188,1370000,1500000
2017-03-10 13:31:32.951000,1.06191,1.06189,1870000,3250000
2017-03-10 13:31:33.054000,1.0619,1.06188,2250000,1000000
2017-03-10 13:31:33.412000,1.06192,1.0619,1620000,1000000
2017-03-10 13:31:33.463000,1.06192,1.06187,2810000,1500000
2017-03-10 13:31:34.174000,1.06192,1.0619,1000000,1000000
2017-03-10 13:31:34.531000,1.06198,1.06195,8170000,1750000
2017-03-10 13:31:34.582000,1.062,1.06196,1500000,3000000
2017-03-10 13:31:35.106000,1.062,1.06198,2120000,1500000
2017-03-10 13:31:35.616000,1.062,1.06197,2250000,1000000
2017-03-10 13:31:36.119000,1.062,1.06196,2460000,1500000
2017-03-10 13:31:36.221000,1.062,1.06198,2460000,1000000
2017-03-10 13:31:36.273000,1.062,1.06196,2460000,2250000
2017-03-10 13:31:36.577000,1.062,1.06198,2210000,1000000
2017-03-10 13:31:36.679000,1.06201,1.06198,5920000,1500000
2017-03-10 13:31:36.781000,1.06201,1.06198,5550000,1000000
2017-03-10 13:31:37.316000,1.06201,1.06198,4420000,1500000
2017-03-10 13:31:37.621000,1.06203,1.06202,2960000,1000000
2017-03-10 13:31:37.723000,1.06206,1.06202,1620000,2250000
2017-03-10 13:31:38.138000,1.06207,1.06203,2250000,1000000
2017-03-10 13:31:38.394000,1.06204,1.06202,1000000,1000000
2017-03-10 13:31:38.906000,1.06204,1.06202,1500000,1500000
2017-03-10 13:31:38.957000,1.06204,1.06203,1500000,1000000
2017-03-10 13:31:39.363000,1.06209,1.06204,2250000,2250000
2017-03-10 13:31:39.515000,1.06208,1.06206,1000000,1000000
2017-03-10 13:31:39.843000,1.0621,1.06206,3550000,1500000
2017-03-10 13:31:40.353000,1.0621,1.06208,3190000,1000000
2017-03-10 13:31:40.863000,1.06211,1.06209,1690000,1000000
2017-03-10 13:31:41.421000,1.0621,1.06209,1000000,1000000
2017-03-10 13:31:41.524000,1.0621,1.06207,1500000,2250000
2017-03-10 13:31:42.044000,1.06209,1.06208,3370000,1000000
2017-03-10 13:31:42.298000,1.06211,1.06209,1000000,1120000
2017-03-10 13:31:42.551000,1.06209,1.06207,1000000,1000000
2017-03-10 13:31:42.653000,1.06211,1.06208,3000000,1000000
2017-03-10 13:31:43.253000,1.06211,1.06209,1000000,1000000
2017-03-10 13:31:43.709000,1.06212,1.06211,1000000,1000000
2017-03-10 13:31:43.918000,1.06214,1.06212,1500000,1500000
2017-03-10 13:31:44.140000,1.06214,1.0621,2620000,2620000
2017-03-10 13:31:44.243000,1.06211,1.0621,1000000,1000000
2017-03-10 13:31:44.295000,1.06214,1.0621,1870000,1500000
2017-03-10 13:31:44.500000,1.06213,1.06212,1000000,1000000
2017-03-10 13:31:45.013000,1.06213,1.06211,1500000,1000000
2017-03-10 13:31:45.470000,1.06215,1.06212,1120000,1000000
2017-03-10 13:31:46.270000,1.06215,1.06211,1120000,2250000
2017-03-10 13:31:46.776000,1.06216,1.06214,1000000,1000000
2017-03-10 13:31:46.905000,1.06217,1.06215,1000000,1000000
2017-03-10 13:31:46.957000,1.06218,1.06216,1120000,1000000
2017-03-10 13:31:47.162000,1.06219,1.06216,2620000,1500000
2017-03-10 13:31:47.736000,1.0622,1.06216,1120000,1000000
2017-03-10 13:31:48.043000,1.06219,1.06214,1000000,1500000
2017-03-10 13:31:48.550000,1.06218,1.06215,1000000,1000000
2017-03-10 13:31:48.800000,1.06221,1.06218,3370000,1190000
2017-03-10 13:31:49.054000,1.06225,1.0622,8020000,2060000
2017-03-10 13:31:49.105000,1.06225,1.06222,3000000,1000000
2017-03-10 13:31:49.206000,1.06227,1.06223,2250000,1120000
2017-03-10 13:31:49.308000,1.06228,1.06226,3750000,1000000
2017-03-10 13:31:49.688000,1.06227,1.06225,1000000,3750000
2017-03-10 13:31:50.094000,1.06226,1.06225,1000000,2440000
2017-03-10 13:31:52.575000,1.06239,1.06238,1000000,1000000
2017-03-10 13:31:52.958000,1.06239,1.06235,1000000,2250000
2017-03-10 13:31:53.012000,1.06238,1.06235,3560000,1000000
2017-03-10 13:31:53.353000,1.06236,1.06235,1500000,1000000
2017-03-10 13:31:53.404000,1.06237,1.06235,3370000,1000000
2017-03-10 13:31:53.506000,1.06235,1.06233,3000000,1500000
2017-03-10 13:31:53.810000,1.06237,1.06236,1000000,1000000
2017-03-10 13:31:53.963000,1.06238,1.06235,3750000,1500000
2017-03-10 13:31:54.167000,1.06236,1.06235,1690000,4500000
2017-03-10 13:31:54.283000,1.06236,1.06235,1250000,5250000
2017-03-10 13:31:54.386000,1.06234,1.06233,1000000,10120000
2017-03-10 13:31:54.489000,1.06238,1.06237,1000000,1000000
2017-03-10 13:31:54.592000,1.06238,1.06237,1500000,1870000
2017-03-10 13:31:54.643000,1.06238,1.06237,3750000,1000000
2017-03-10 13:31:54.796000,1.0624,1.06239,1000000,1000000
2017-03-10 13:31:54.898000,1.06239,1.06238,1000000,1870000
2017-03-10 13:31:55.268000,1.06239,1.06238,1120000,1000000
2017-03-10 13:31:55.320000,1.06238,1.06236,1000000,2250000
2017-03-10 13:31:55.627000,1.06239,1.06238,1500000,1000000
2017-03-10 13:31:55.730000,1.06241,1.06239,3370000,3370000
2017-03-10 13:31:55.782000,1.06242,1.06241,2250000,1000000
2017-03-10 13:31:55.936000,1.06243,1.06242,1500000,1500000
2017-03-10 13:31:56.441000,1.06242,1.0624,1190000,4120000
2017-03-10 13:31:56.492000,1.06239,1.06235,1120000,3750000
2017-03-10 13:31:56.544000,1.0624,1.06239,1120000,1500000
2017-03-10 13:31:56.798000,1.06241,1.06239,3750000,1250000
2017-03-10 13:31:57.002000,1.06245,1.06241,1000000,1500000
2017-03-10 13:31:57.254000,1.06245,1.06241,2250000,1000000
2017-03-10 13:31:57.305000,1.06245,1.06241,2250000,2250000
2017-03-10 13:31:57.407000,1.06245,1.06241,2250000,2250000
2017-03-10 13:31:57.717000,1.06245,1.06243,1000000,1000000
2017-03-10 13:31:58.224000,1.06246,1.06243,1000000,1000000
2017-03-10 13:31:58.376000,1.06248,1.06243,3190000,2250000
2017-03-10 13:31:58.529000,1.06248,1.06245,1690000,1500000
2017-03-10 13:31:58.833000,1.06253,1.06251,13870000,4370000
2017-03-10 13:31:59.037000,1.06253,1.06252,6750000,1000000
2017-03-10 13:31:59.088000,1.0626,1.06256,3190000,1000000
2017-03-10 13:31:59.243000,1.06258,1.06256,1000000,1000000
2017-03-10 13:31:59.324000,1.06257,1.06255,7310000,1000000
2017-03-10 13:31:59.426000,1.06257,1.06256,2250000,3940000
2017-03-10 13:31:59.478000,1.06255,1.06252,4570000,1120000
2017-03-10 13:31:59.529000,1.06256,1.06255,4570000,2250000
2017-03-10 13:31:59.683000,1.06264,1.06263,5620000,1000000
2017-03-10 13:31:59.984000,1.06267,1.06263,1000000,1120000
2017-03-10 13:32:00.137000,1.06262,1.06261,2250000,5620000
2017-03-10 13:32:00.391000,1.0626,1.06258,13310000,1000000
2017-03-10 13:32:00.443000,1.06259,1.06258,1000000,1500000
2017-03-10 13:32:00.494000,1.06259,1.06257,6000000,1000000
2017-03-10 13:32:00.695000,1.06259,1.06258,1000000,4870000
2017-03-10 13:32:00.748000,1.06261,1.0626,3450000,1000000
2017-03-10 13:32:00.800000,1.06264,1.06262,6520000,1000000
2017-03-10 13:32:01.004000,1.06263,1.06261,2060000,1000000
2017-03-10 13:32:01.157000,1.06262,1.0626,1250000,1120000
2017-03-10 13:32:01.360000,1.0626,1.06259,1870000,1120000
2017-03-10 13:32:01.568000,1.06263,1.06258,1690000,1000000
2017-03-10 13:32:01.619000,1.06261,1.06258,1000000,1500000
2017-03-10 13:32:01.669000,1.06263,1.06258,1690000,3000000
2017-03-10 13:32:01.923000,1.06261,1.06258,1000000,1500000
2017-03-10 13:32:02.229000,1.06258,1.06256,4310000,1000000
2017-03-10 13:32:02.525000,1.06258,1.06252,1870000,4870000
2017-03-10 13:32:02.778000,1.06257,1.06255,2620000,1000000
2017-03-10 13:32:03.082000,1.06257,1.06256,1000000,1500000
2017-03-10 13:32:03.424000,1.0626,1.06259,2250000,2250000
2017-03-10 13:32:03.628000,1.06262,1.0626,2500000,2620000
2017-03-10 13:32:03.730000,1.06263,1.06261,3370000,1000000
2017-03-10 13:32:04.035000,1.06265,1.06261,1000000,1000000
2017-03-10 13:32:04.446000,1.06266,1.06263,3000000,4500000
2017-03-10 13:32:04.699000,1.06269,1.06265,3370000,1000000
2017-03-10 13:32:04.801000,1.06269,1.06267,1500000,1000000
2017-03-10 13:32:05.330000,1.06269,1.06268,1000000,1500000
2017-03-10 13:32:05.576000,1.06268,1.06266,3750000,1000000
2017-03-10 13:32:05.627000,1.06268,1.06264,3750000,2250000
2017-03-10 13:32:05.830000,1.0627,1.06265,3370000,1500000
2017-03-10 13:32:05.982000,1.06271,1.06269,3750000,1000000
2017-03-10 13:32:06.287000,1.06275,1.06274,7500000,1000000
2017-03-10 13:32:06.439000,1.06276,1.06275,5250000,1000000
2017-03-10 13:32:06.541000,1.06275,1.06273,1000000,3750000
2017-03-10 13:32:07.153000,1.06275,1.0627,1870000,1500000
2017-03-10 13:32:07.610000,1.06274,1.06271,1370000,1000000
2017-03-10 13:32:07.925000,1.0627,1.06269,2620000,1000000
2017-03-10 13:32:08.078000,1.06271,1.06269,4500000,1000000
2017-03-10 13:32:08.130000,1.06269,1.06267,4000000,1870000
2017-03-10 13:32:08.233000,1.0627,1.06268,4500000,1000000
2017-03-10 13:32:08.592000,1.0627,1.06266,2250000,1000000
2017-03-10 13:32:08.695000,1.06268,1.06267,1000000,1000000
2017-03-10 13:32:08.849000,1.06271,1.06268,1000000,1000000
2017-03-10 13:32:09.003000,1.06273,1.06269,2060000,1000000
2017-03-10 13:32:09.510000,1.06274,1.06271,2250000,1000000
2017-03-10 13:32:09.663000,1.06275,1.06269,1310000,3750000
2017-03-10 13:32:09.815000,1.06272,1.06269,1500000,1500000
2017-03-10 13:32:09.968000,1.06275,1.0627,4120000,1500000
2017-03-10 13:32:10.223000,1.06276,1.06272,2250000,1050000
2017-03-10 13:32:10.531000,1.06278,1.06274,1120000,1000000
2017-03-10 13:32:11.047000,1.06279,1.06275,1120000,1000000
2017-03-10 13:32:11.402000,1.0628,1.06277,1620000,1000000
2017-03-10 13:32:11.554000,1.06281,1.06279,1870000,1500000
2017-03-10 13:32:11.779000,1.06286,1.06285,5620000,1000000
2017-03-10 13:32:11.932000,1.06289,1.06287,1120000,1000000
2017-03-10 13:32:12.196000,1.06288,1.06284,5060000,3000000
2017-03-10 13:32:12.398000,1.06286,1.06283,2250000,1500000
2017-03-10 13:32:12.500000,1.06284,1.06281,1120000,4120000
2017-03-10 13:32:12.907000,1.06282,1.0628,1000000,1000000
2017-03-10 13:32:13.059000,1.06282,1.06279,1000000,1000000
2017-03-10 13:32:13.390000,1.06279,1.06277,1120000,1500000
2017-03-10 13:32:13.698000,1.06271,1.06269,2250000,1870000
2017-03-10 13:32:13.801000,1.0627,1.06268,1500000,1000000
2017-03-10 13:32:13.904000,1.06269,1.06267,1500000,2810000
2017-03-10 13:32:14.006000,1.0627,1.06268,1000000,1500000
2017-03-10 13:32:14.476000,1.06271,1.06269,1310000,1500000
2017-03-10 13:32:14.528000,1.06272,1.06269,1370000,1000000
2017-03-10 13:32:14.579000,1.06272,1.06271,4870000,1000000
2017-03-10 13:32:14.681000,1.06272,1.06269,1000000,2250000
2017-03-10 13:32:15.184000,1.06272,1.06267,1500000,2250000
2017-03-10 13:32:15.337000,1.06272,1.06267,1500000,1000000
2017-03-10 13:32:15.389000,1.06273,1.0627,4500000,1000000
2017-03-10 13:32:15.594000,1.0627,1.06264,2440000,1000000
2017-03-10 13:32:15.645000,1.0627,1.06264,5060000,2250000
2017-03-10 13:32:15.961000,1.06265,1.06263,1000000,2620000
2017-03-10 13:32:16.472000,1.06265,1.06262,2250000,2250000
2017-03-10 13:32:16.929000,1.06263,1.0626,1000000,1870000
2017-03-10 13:32:17.335000,1.06263,1.06261,2620000,2440000
2017-03-10 13:32:17.439000,1.06262,1.0626,1500000,4120000
2017-03-10 13:32:17.492000,1.06264,1.06263,1250000,1500000
2017-03-10 13:32:17.657000,1.06261,1.0626,1000000,2250000
2017-03-10 13:32:17.709000,1.06259,1.06258,1000000,2620000
2017-03-10 13:32:17.812000,1.06259,1.06258,1000000,3370000
2017-03-10 13:32:17.863000,1.06259,1.06258,1000000,1000000
2017-03-10 13:32:18.020000,1.06262,1.0626,3000000,2620000
2017-03-10 13:32:18.173000,1.06287,1.06276,21000000,1000000
2017-03-10 13:32:18.224000,1.06287,1.06283,14620000,1250000
2017-03-10 13:32:18.275000,1.06281,1.0628,1000000,6560000
2017-03-10 13:32:18.326000,1.06288,1.06287,2620000,1000000
2017-03-10 13:32:18.524000,1.06287,1.06286,1500000,1000000
2017-03-10 13:32:18.626000,1.06291,1.06286,2060000,1000000
2017-03-10 13:32:18.880000,1.06289,1.06287,2620000,1000000
2017-03-10 13:32:19.406000,1.0629,1.06286,5060000,2250000
2017-03-10 13:32:19.713000,1.06287,1.06286,1000000,1500000
2017-03-10 13:32:20.022000,1.06279,1.06277,1870000,1500000
2017-03-10 13:32:20.073000,1.06278,1.06275,2550000,1000000
2017-03-10 13:32:20.380000,1.06276,1.06274,1690000,1000000
2017-03-10 13:32:20.482000,1.06276,1.06272,6560000,1000000
2017-03-10 13:32:20.584000,1.06275,1.0627,3370000,1870000
2017-03-10 13:32:20.686000,1.06271,1.0627,1000000,1120000
2017-03-10 13:32:20.737000,1.06272,1.0627,1120000,1120000
2017-03-10 13:32:20.839000,1.06272,1.06269,3190000,5620000
2017-03-10 13:32:20.992000,1.06269,1.06267,1120000,1000000
2017-03-10 13:32:21.542000,1.06271,1.0627,2250000,1500000
2017-03-10 13:32:21.593000,1.06274,1.0627,2250000,3000000
2017-03-10 13:32:21.847000,1.06275,1.0627,1000000,3000000
2017-03-10 13:32:21.949000,1.06277,1.0627,2440000,1500000
2017-03-10 13:32:22,1.06275,1.06274,1000000,2250000
2017-03-10 13:32:22.197000,1.06279,1.06278,4500000,1000000
2017-03-10 13:32:22.248000,1.06281,1.06277,2250000,1870000
2017-03-10 13:32:22.350000,1.06282,1.06276,1000000,3000000
2017-03-10 13:32:22.401000,1.06282,1.06278,1000000,1000000
2017-03-10 13:32:22.706000,1.06283,1.0628,3750000,1000000
2017-03-10 13:32:23.049000,1.06288,1.06287,3750000,1120000
2017-03-10 13:32:23.306000,1.06294,1.06291,1000000,1000000
2017-03-10 13:32:23.540000,1.06296,1.06291,2250000,1500000
2017-03-10 13:32:24.065000,1.06297,1.06293,3740000,1000000
2017-03-10 13:32:24.520000,1.06299,1.06294,1120000,2250000
2017-03-10 13:32:24.672000,1.06299,1.06296,2990000,1000000
2017-03-10 13:32:24.910000,1.06298,1.06294,1500000,3000000
2017-03-10 13:32:25.265000,1.06296,1.06293,3190000,1500000
2017-03-10 13:32:25.417000,1.06295,1.06292,3370000,1000000
2017-03-10 13:32:25.519000,1.06291,1.06288,1500000,1500000
2017-03-10 13:32:25.823000,1.06291,1.06285,3560000,2620000
2017-03-10 13:32:26.331000,1.0629,1.06288,1870000,1000000
2017-03-10 13:32:26.483000,1.06291,1.06289,1120000,1000000
2017-03-10 13:32:26.585000,1.06291,1.06287,1000000,1870000
2017-03-10 13:32:26.919000,1.06289,1.06287,1500000,1000000
2017-03-10 13:32:27.226000,1.06283,1.06281,1000000,1120000
2017-03-10 13:32:27.328000,1.06285,1.06282,1000000,1000000
2017-03-10 13:32:27.634000,1.06288,1.06284,3560000,1000000
2017-03-10 13:32:27.787000,1.06288,1.06286,1500000,1000000
2017-03-10 13:32:27.963000,1.0629,1.06286,2620000,1000000
2017-03-10 13:32:28.115000,1.06289,1.06284,1370000,1000000
2017-03-10 13:32:28.776000,1.06288,1.06283,1120000,1500000
2017-03-10 13:32:29.084000,1.06286,1.06283,1500000,1500000
2017-03-10 13:32:29.490000,1.06284,1.06283,1000000,1000000
2017-03-10 13:32:29.592000,1.06284,1.0628,1500000,1000000
2017-03-10 13:32:30.103000,1.06283,1.06278,1280000,1190000
2017-03-10 13:32:30.408000,1.06284,1.06283,1000000,4870000
2017-03-10 13:32:30.460000,1.06291,1.06287,3000000,1000000
2017-03-10 13:32:30.562000,1.06292,1.06289,1500000,1000000
2017-03-10 13:32:30.664000,1.06292,1.06286,1870000,1500000
2017-03-10 13:32:31.201000,1.06291,1.06287,1500000,1000000
2017-03-10 13:32:31.252000,1.06293,1.06289,1870000,1000000
2017-03-10 13:32:31.759000,1.06292,1.0629,1000000,1500000
2017-03-10 13:32:32.157000,1.0629,1.06289,1000000,1500000
2017-03-10 13:32:32.259000,1.06287,1.06285,1000000,1870000
2017-03-10 13:32:32.513000,1.06288,1.06287,1000000,1000000
2017-03-10 13:32:32.819000,1.06292,1.06291,1000000,1000000
2017-03-10 13:32:32.921000,1.06291,1.06289,1000000,1000000
2017-03-10 13:32:33.027000,1.06291,1.06288,1500000,1000000
2017-03-10 13:32:33.078000,1.06293,1.06289,2250000,2250000
2017-03-10 13:32:33.129000,1.06293,1.06291,2250000,1000000
2017-03-10 13:32:33.181000,1.06292,1.06289,1000000,1000000
2017-03-10 13:32:33.232000,1.06292,1.06291,1000000,1000000
2017-03-10 13:32:33.538000,1.06295,1.06293,3750000,1120000
2017-03-10 13:32:33.640000,1.06294,1.06292,1000000,1000000
2017-03-10 13:32:33.901000,1.06296,1.0629,4720000,1870000
2017-03-10 13:32:34.307000,1.06296,1.0629,1720000,1500000
2017-03-10 13:32:34.459000,1.06296,1.06291,3070000,1000000
2017-03-10 13:32:34.761000,1.06294,1.06289,2100000,2060000
2017-03-10 13:32:35.117000,1.06292,1.06288,1720000,2250000
2017-03-10 13:32:35.269000,1.06292,1.06288,1500000,1500000
2017-03-10 13:32:35.674000,1.06293,1.0629,5250000,1000000
2017-03-10 13:32:36.004000,1.06295,1.06292,1000000,1000000
2017-03-10 13:32:36.207000,1.06295,1.0629,1000000,3190000
2017-03-10 13:32:36.309000,1.06294,1.06292,1000000,1000000
2017-03-10 13:32:36.801000,1.06296,1.06292,1350000,1250000
2017-03-10 13:32:36.854000,1.06294,1.06292,1000000,1690000
2017-03-10 13:32:36.905000,1.06297,1.06292,1200000,1000000
2017-03-10 13:32:37.058000,1.06297,1.06292,1200000,1000000
2017-03-10 13:32:37.212000,1.06299,1.06294,3370000,2060000
2017-03-10 13:32:37.703000,1.063,1.06294,700000,3440000
2017-03-10 13:32:37.906000,1.063,1.06294,3470000,1000000
2017-03-10 13:32:38.059000,1.06297,1.06294,1000000,1500000
2017-03-10 13:32:38.364000,1.06298,1.06294,1000000,3300000
2017-03-10 13:32:38.578000,1.063,1.06295,100000,2250000
2017-03-10 13:32:39.087000,1.063,1.06296,100000,3000000
2017-03-10 13:32:39.594000,1.063,1.06296,250000,1500000
2017-03-10 13:32:40.104000,1.063,1.06296,100000,2620000
2017-03-10 13:32:40.662000,1.063,1.06297,100000,1500000
2017-03-10 13:32:41.169000,1.063,1.06297,100000,5060000
2017-03-10 13:32:41.220000,1.063,1.06298,100000,2440000
2017-03-10 13:32:41.271000,1.063,1.06298,100000,4190000
2017-03-10 13:32:41.773000,1.063,1.06298,100000,1500000
2017-03-10 13:32:42.342000,1.063,1.06297,100000,3000000
2017-03-10 13:32:42.852000,1.063,1.06298,100000,1000000
2017-03-10 13:32:43.250000,1.063,1.06296,3600000,2620000
2017-03-10 13:32:43.757000,1.063,1.06297,7600000,1500000
2017-03-10 13:32:44.499000,1.063,1.06298,100000,1000000
2017-03-10 13:32:44.653000,1.063,1.06299,100000,3370000
2017-03-10 13:32:44.755000,1.063,1.06298,100000,2620000
2017-03-10 13:32:46.329000,1.063,1.06298,2100000,1000000
2017-03-10 13:32:46.635000,1.063,1.06296,100000,1500000
2017-03-10 13:32:46.838000,1.063,1.06296,4350000,1120000
2017-03-10 13:32:47.242000,1.06297,1.06293,6750000,1120000
2017-03-10 13:32:47.293000,1.06295,1.06291,1500000,3560000
2017-03-10 13:32:47.499000,1.06295,1.06291,1000000,4120000
2017-03-10 13:32:47.550000,1.06295,1.06291,1000000,1500000
2017-03-10 13:32:47.805000,1.06295,1.06289,2500000,2620000
2017-03-10 13:32:48.166000,1.06292,1.06289,2620000,1000000
2017-03-10 13:32:48.521000,1.06291,1.06287,3750000,1120000
2017-03-10 13:32:48.673000,1.06289,1.06285,1500000,1120000
2017-03-10 13:32:48.977000,1.06286,1.06281,4120000,2620000
2017-03-10 13:32:49.129000,1.06283,1.06278,2250000,4120000
2017-03-10 13:32:49.434000,1.06279,1.06276,2250000,2250000
2017-03-10 13:32:49.485000,1.06276,1.06275,3000000,1500000
2017-03-10 13:32:49.536000,1.06275,1.06273,1000000,1500000
2017-03-10 13:32:49.588000,1.06274,1.06272,1000000,1870000
2017-03-10 13:32:49.639000,1.06273,1.06271,1000000,2250000
2017-03-10 13:32:50.150000,1.06274,1.06271,1000000,1870000
2017-03-10 13:32:50.455000,1.06276,1.06271,1500000,2250000
2017-03-10 13:32:50.659000,1.06278,1.06271,1870000,7500000
2017-03-10 13:32:50.912000,1.06275,1.06272,1000000,1000000
2017-03-10 13:32:51.234000,1.06279,1.06277,1000000,1120000
2017-03-10 13:32:51.488000,1.06281,1.06276,1870000,1120000
2017-03-10 13:32:51.640000,1.06281,1.06277,1000000,3190000
2017-03-10 13:32:51.945000,1.06283,1.0628,1000000,1000000
2017-03-10 13:32:52.255000,1.06285,1.06283,1720000,2250000
2017-03-10 13:32:52.611000,1.06287,1.06283,2250000,3750000
2017-03-10 13:32:52.916000,1.06288,1.06285,1500000,1000000
2017-03-10 13:32:53.154000,1.06291,1.06285,1870000,5060000
2017-03-10 13:32:53.308000,1.06292,1.06286,1000000,5060000
2017-03-10 13:32:53.613000,1.06294,1.06291,2250000,1000000
2017-03-10 13:32:54.130000,1.06296,1.0629,1800000,2250000
2017-03-10 13:32:54.181000,1.06296,1.06292,1800000,1000000
2017-03-10 13:32:54.688000,1.06297,1.06291,1910000,2440000
2017-03-10 13:32:55.344000,1.06296,1.06292,1250000,1500000
2017-03-10 13:32:55.547000,1.06298,1.06293,2620000,1000000
2017-03-10 13:32:56.052000,1.06299,1.06294,1500000,1000000
2017-03-10 13:32:56.612000,1.06297,1.06294,1000000,1000000
2017-03-10 13:32:57.082000,1.063,1.06295,2100000,1000000
2017-03-10 13:32:57.336000,1.063,1.06298,3100000,1000000
2017-03-10 13:32:57.693000,1.063,1.06299,100000,2250000
2017-03-10 13:32:57.745000,1.063,1.06298,100000,1500000
2017-03-10 13:32:58.056000,1.063,1.06298,100000,1620000
2017-03-10 13:32:58.457000,1.063,1.06296,2100000,1870000
2017-03-10 13:32:58.609000,1.06298,1.06296,1000000,1870000
2017-03-10 13:32:58.660000,1.063,1.06296,3100000,1500000
2017-03-10 13:32:59.112000,1.06299,1.06294,1500000,1000000
2017-03-10 13:32:59.619000,1.06299,1.06293,2250000,3000000
2017-03-10 13:33:00.213000,1.06298,1.06293,1000000,3000000
2017-03-10 13:33:00.518000,1.063,1.06294,4100000,1500000
2017-03-10 13:33:00.721000,1.063,1.06296,3600000,1000000
2017-03-10 13:33:01.238000,1.063,1.06296,100000,4690000
2017-03-10 13:33:01.745000,1.063,1.06296,100000,1500000
2017-03-10 13:33:01.948000,1.06299,1.06294,1120000,3370000
2017-03-10 13:33:02.050000,1.063,1.06296,1100000,1000000
2017-03-10 13:33:02.583000,1.06302,1.06297,1000000,1000000
2017-03-10 13:33:02.736000,1.063,1.06296,1500000,1870000
2017-03-10 13:33:02.787000,1.06302,1.06296,1000000,2620000
2017-03-10 13:33:02.940000,1.063,1.06297,2250000,1000000
2017-03-10 13:33:03.092000,1.06303,1.06297,1120000,1000000
2017-03-10 13:33:03.604000,1.06304,1.06298,3370000,1310000
2017-03-10 13:33:03.858000,1.06303,1.06299,1250000,1690000
2017-03-10 13:33:03.959000,1.06303,1.06298,1000000,1000000
2017-03-10 13:33:04.061000,1.06304,1.063,3640000,1000000
2017-03-10 13:33:04.301000,1.06305,1.06299,1500000,1500000
2017-03-10 13:33:04.405000,1.06305,1.06299,2030000,3190000
2017-03-10 13:33:04.506000,1.06305,1.06299,1120000,6560000
2017-03-10 13:33:04.659000,1.06307,1.06301,6000000,1000000
2017-03-10 13:33:04.862000,1.06307,1.06305,1870000,1000000
2017-03-10 13:33:05.115000,1.06309,1.06305,5250000,1000000
2017-03-10 13:33:05.621000,1.06311,1.06305,2210000,2440000
2017-03-10 13:33:06.124000,1.06311,1.06307,1460000,1000000
2017-03-10 13:33:06.429000,1.06312,1.0631,2620000,1000000
2017-03-10 13:33:06.821000,1.06321,1.0632,9000000,1500000
2017-03-10 13:33:06.886000,1.06322,1.06321,2620000,1120000
2017-03-10 13:33:06.988000,1.06323,1.06321,1500000,3370000
2017-03-10 13:33:07.091000,1.06325,1.06322,1120000,1000000
2017-03-10 13:33:07.601000,1.06329,1.06323,2620000,1500000
2017-03-10 13:33:08.111000,1.06328,1.06323,3000000,1870000
2017-03-10 13:33:08.393000,1.06324,1.06322,1500000,1000000
2017-03-10 13:33:08.750000,1.06325,1.06323,3000000,1000000
2017-03-10 13:33:09.283000,1.06326,1.06322,1000000,3560000
2017-03-10 13:33:09.334000,1.06324,1.06322,1000000,1250000
2017-03-10 13:33:09.639000,1.06329,1.06327,1000000,1000000
2017-03-10 13:33:09.690000,1.06331,1.06327,3000000,1000000
2017-03-10 13:33:10.199000,1.06332,1.06327,1500000,1500000
2017-03-10 13:33:10.506000,1.0633,1.06327,1120000,2620000
2017-03-10 13:33:10.671000,1.06329,1.06325,2250000,1120000
2017-03-10 13:33:10.956000,1.06328,1.06322,1000000,1690000
2017-03-10 13:33:11.513000,1.06327,1.06323,1000000,1870000
2017-03-10 13:33:11.832000,1.06328,1.06326,1500000,1500000
2017-03-10 13:33:12.137000,1.06329,1.06327,1000000,1500000
2017-03-10 13:33:12.239000,1.06328,1.06326,1500000,1000000
2017-03-10 13:33:12.525000,1.06327,1.06324,1500000,3750000
2017-03-10 13:33:12.577000,1.06329,1.06328,2250000,1000000
2017-03-10 13:33:12.884000,1.06331,1.06328,1000000,2250000
2017-03-10 13:33:13.087000,1.06333,1.06328,2250000,2620000
2017-03-10 13:33:13.241000,1.06333,1.0633,1000000,1690000
2017-03-10 13:33:13.548000,1.06337,1.06336,1000000,1690000
2017-03-10 13:33:13.840000,1.06339,1.06336,1500000,1870000
2017-03-10 13:33:13.891000,1.06336,1.06335,1500000,1000000
2017-03-10 13:33:14.151000,1.06333,1.06329,1000000,1870000
2017-03-10 13:33:14.253000,1.06333,1.06332,1000000,1000000
2017-03-10 13:33:14.456000,1.06338,1.06333,1870000,14620000
2017-03-10 13:33:14.608000,1.06338,1.06334,2250000,1000000
2017-03-10 13:33:14.913000,1.06336,1.06332,1000000,10500000
2017-03-10 13:33:15.245000,1.06341,1.06337,3370000,1500000
2017-03-10 13:33:15.296000,1.06341,1.06339,3370000,4500000
2017-03-10 13:33:15.449000,1.06341,1.06337,4120000,1870000
2017-03-10 13:33:15.964000,1.0634,1.06337,1500000,1870000
2017-03-10 13:33:16.319000,1.06342,1.06339,1000000,1000000
2017-03-10 13:33:16.804000,1.06343,1.06341,5620000,1000000
2017-03-10 13:33:17.260000,1.06345,1.06341,4870000,2620000
2017-03-10 13:33:17.790000,1.06346,1.06341,7870000,1870000
2017-03-10 13:33:18.148000,1.06342,1.0634,1000000,2380000
2017-03-10 13:33:18.200000,1.06345,1.0634,1500000,1760000
2017-03-10 13:33:18.251000,1.06343,1.0634,1000000,2380000
2017-03-10 13:33:18.545000,1.06342,1.06337,3370000,3750000
2017-03-10 13:33:18.716000,1.0634,1.06336,1000000,3370000
2017-03-10 13:33:19.245000,1.0634,1.06335,1690000,7870000
2017-03-10 13:33:19.552000,1.06334,1.06333,3370000,1000000
2017-03-10 13:33:19.603000,1.06334,1.06332,1500000,1120000
2017-03-10 13:33:19.705000,1.06329,1.06327,1000000,3370000
2017-03-10 13:33:19.807000,1.06329,1.06326,3190000,4120000
2017-03-10 13:33:19.962000,1.06325,1.06323,3000000,9000000
2017-03-10 13:33:20.216000,1.06321,1.06318,1000000,1870000
2017-03-10 13:33:20.267000,1.06323,1.06321,3000000,1500000
2017-03-10 13:33:20.570000,1.06325,1.0632,1000000,1500000
2017-03-10 13:33:21.134000,1.06323,1.0632,1000000,3520000
2017-03-10 13:33:21.340000,1.06327,1.06321,4310000,3370000
2017-03-10 13:33:21.392000,1.06322,1.06321,1000000,1120000
2017-03-10 13:33:21.854000,1.06324,1.0632,1000000,1000000
2017-03-10 13:33:22.301000,1.06322,1.06317,1000000,1870000
2017-03-10 13:33:22.757000,1.06322,1.0632,2250000,2250000
2017-03-10 13:33:22.910000,1.06326,1.06319,13870000,1500000
2017-03-10 13:33:22.961000,1.06332,1.0633,1000000,17100000
2017-03-10 13:33:23.117000,1.06335,1.06331,1000000,1000000
2017-03-10 13:33:23.219000,1.06332,1.0633,1000000,1000000
2017-03-10 13:33:23.728000,1.06332,1.06329,1000000,3000000
2017-03-10 13:33:24.142000,1.06332,1.06329,1000000,2320000
2017-03-10 13:33:24.649000,1.06331,1.06328,1000000,1120000
2017-03-10 13:33:25.004000,1.06332,1.0633,5440000,1000000
2017-03-10 13:33:25.305000,1.0633,1.06326,1000000,3370000
2017-03-10 13:33:25.457000,1.06331,1.06329,1000000,1000000
2017-03-10 13:33:25.508000,1.06332,1.06328,1500000,1870000
2017-03-10 13:33:25.762000,1.06334,1.06328,1690000,2250000
2017-03-10 13:33:25.814000,1.06334,1.06329,1500000,2250000
2017-03-10 13:33:26.204000,1.06339,1.06334,3750000,1000000
2017-03-10 13:33:27.019000,1.06339,1.06334,4120000,1250000
2017-03-10 13:33:27.470000,1.06339,1.06336,1000000,1000000
2017-03-10 13:33:27.774000,1.06341,1.06339,4120000,1000000
2017-03-10 13:33:27.927000,1.06343,1.0634,1370000,1120000
2017-03-10 13:33:28.028000,1.06341,1.0634,1000000,1200000
2017-03-10 13:33:28.331000,1.06338,1.06336,1500000,5250000
2017-03-10 13:33:28.432000,1.06339,1.06334,1500000,1370000
2017-03-10 13:33:28.940000,1.0634,1.06335,1120000,1000000
2017-03-10 13:33:29.205000,1.06342,1.06336,1310000,1870000
2017-03-10 13:33:29.510000,1.06341,1.06338,1000000,1000000
2017-03-10 13:33:29.764000,1.06344,1.06338,4050000,4120000
2017-03-10 13:33:29.917000,1.06345,1.06341,3970000,1000000
2017-03-10 13:33:30.501000,1.06345,1.06342,2550000,1000000
2017-03-10 13:33:31.213000,1.06346,1.06342,5470000,1000000
2017-03-10 13:33:31.315000,1.06346,1.0634,4720000,1500000
2017-03-10 13:33:31.873000,1.06346,1.06341,2470000,1000000
2017-03-10 13:33:31.975000,1.06345,1.06338,1550000,3750000
2017-03-10 13:33:32.330000,1.06344,1.0634,1300000,1120000
2017-03-10 13:33:32.837000,1.06344,1.06339,2170000,3000000
2017-03-10 13:33:33.193000,1.06345,1.06341,3110000,1000000
2017-03-10 13:33:33.320000,1.06345,1.06339,3110000,3750000
2017-03-10 13:33:33.372000,1.06346,1.06342,2250000,1000000
2017-03-10 13:33:33.526000,1.06347,1.06341,5060000,2620000
2017-03-10 13:33:33.577000,1.06347,1.06343,4310000,1000000
2017-03-10 13:33:33.781000,1.06346,1.0634,1000000,4870000
2017-03-10 13:33:33.832000,1.06344,1.0634,1000000,6000000
2017-03-10 13:33:34.138000,1.06346,1.06342,1870000,1870000
2017-03-10 13:33:34.470000,1.06349,1.06343,4310000,4500000
2017-03-10 13:33:34.623000,1.06348,1.06345,1500000,1000000
2017-03-10 13:33:34.827000,1.06348,1.06341,1000000,5620000
2017-03-10 13:33:34.928000,1.06348,1.06344,4500000,1000000
2017-03-10 13:33:35.030000,1.06347,1.06342,1000000,1120000
2017-03-10 13:33:35.133000,1.06347,1.06344,1500000,1000000
2017-03-10 13:33:35.235000,1.06346,1.06341,1000000,6750000
2017-03-10 13:33:35.432000,1.06347,1.06343,1250000,1000000
2017-03-10 13:33:35.736000,1.06347,1.06341,1690000,1690000
2017-03-10 13:33:35.939000,1.06347,1.06344,1870000,1000000
2017-03-10 13:33:36.457000,1.06348,1.06344,1500000,1500000
2017-03-10 13:33:36.965000,1.06348,1.06343,1000000,1000000
2017-03-10 13:33:37.422000,1.06348,1.06344,1000000,1870000
2017-03-10 13:33:37.620000,1.06348,1.06343,1500000,2620000
2017-03-10 13:33:37.681000,1.06346,1.06343,1000000,2620000
2017-03-10 13:33:38.014000,1.06348,1.06343,1870000,1120000
2017-03-10 13:33:38.318000,1.06344,1.06343,1000000,1120000
2017-03-10 13:33:38.426000,1.06343,1.06341,1000000,1500000
2017-03-10 13:33:38.479000,1.06345,1.06341,1000000,1120000
2017-03-10 13:33:38.631000,1.06343,1.0634,2620000,1870000
2017-03-10 13:33:38.937000,1.06345,1.06339,5810000,2250000
2017-03-10 13:33:38.989000,1.06343,1.06341,1120000,1000000
2017-03-10 13:33:39.369000,1.06335,1.06333,1500000,6000000
2017-03-10 13:33:39.573000,1.06329,1.06327,1500000,1000000
2017-03-10 13:33:39.675000,1.06329,1.06325,4500000,1120000
2017-03-10 13:33:40.218000,1.0633,1.06324,1500000,5620000
2017-03-10 13:33:40.271000,1.06327,1.06326,1000000,1000000
2017-03-10 13:33:40.322000,1.06327,1.06323,1000000,2620000
2017-03-10 13:33:40.374000,1.06329,1.06323,1300000,3000000
2017-03-10 13:33:40.425000,1.06329,1.06325,1300000,1000000
2017-03-10 13:33:40.934000,1.0633,1.06325,2060000,1870000
2017-03-10 13:33:41.238000,1.06328,1.06324,1000000,1120000
2017-03-10 13:33:41.595000,1.06327,1.06322,1690000,1000000
2017-03-10 13:33:42.204000,1.06326,1.06321,1000000,2620000
2017-03-10 13:33:42.562000,1.06322,1.0632,1000000,1870000
2017-03-10 13:33:42.766000,1.06321,1.06317,1120000,1120000
2017-03-10 13:33:43.279000,1.06321,1.06318,1500000,1000000
2017-03-10 13:33:43.330000,1.06321,1.06316,1500000,2620000
2017-03-10 13:33:43.735000,1.06321,1.06319,1500000,1000000
2017-03-10 13:33:44.331000,1.06322,1.06319,1500000,1000000
2017-03-10 13:33:44.648000,1.0632,1.06319,1000000,1000000
2017-03-10 13:33:44.852000,1.06318,1.06315,4310000,1000000
2017-03-10 13:33:44.954000,1.06315,1.06313,1000000,1000000
2017-03-10 13:33:45.163000,1.06317,1.06313,1310000,4120000
2017-03-10 13:33:45.367000,1.06318,1.06316,1000000,1000000
2017-03-10 13:33:45.674000,1.06313,1.06311,1000000,5620000
2017-03-10 13:33:46.031000,1.06313,1.06309,3000000,1200000
2017-03-10 13:33:46.182000,1.06311,1.0631,1500000,1000000
2017-03-10 13:33:46.387000,1.06314,1.06312,1120000,1000000
2017-03-10 13:33:46.591000,1.06316,1.06313,2250000,1000000
2017-03-10 13:33:46.794000,1.06316,1.06315,1000000,1000000
2017-03-10 13:33:47.054000,1.06316,1.06313,1120000,1500000
2017-03-10 13:33:47.307000,1.06316,1.06315,1000000,1500000
2017-03-10 13:33:47.612000,1.06318,1.06316,3000000,4720000
2017-03-10 13:33:47.718000,1.06313,1.06311,1000000,4120000
2017-03-10 13:33:47.875000,1.06313,1.06311,2250000,2250000
2017-03-10 13:33:47.928000,1.06311,1.0631,1120000,1000000
2017-03-10 13:33:47.980000,1.06311,1.06309,1120000,1000000
2017-03-10 13:33:48.132000,1.0631,1.06308,1000000,1000000
2017-03-10 13:33:48.183000,1.06309,1.06307,1000000,2620000
2017-03-10 13:33:48.336000,1.06311,1.06308,2250000,1000000
2017-03-10 13:33:48.640000,1.06308,1.06306,1000000,4500000
2017-03-10 13:33:48.823000,1.06307,1.06304,1500000,1370000
2017-03-10 13:33:48.978000,1.06306,1.06303,1500000,1000000
2017-03-10 13:33:49.285000,1.06304,1.06301,1500000,4500000
2017-03-10 13:33:49.848000,1.06305,1.06302,1000000,1000000
2017-03-10 13:33:49.900000,1.06307,1.06302,1500000,1000000
2017-03-10 13:33:50.052000,1.06305,1.06302,1000000,1000000
2017-03-10 13:33:50.561000,1.06303,1.063,1000000,2250000
2017-03-10 13:33:51.073000,1.06301,1.06299,1500000,3370000
2017-03-10 13:33:51.631000,1.06301,1.063,2250000,1000000
2017-03-10 13:33:51.879000,1.06304,1.06301,3750000,1000000
2017-03-10 13:33:52.537000,1.06305,1.06301,1500000,1500000
2017-03-10 13:33:52.960000,1.06303,1.063,1000000,3000000
2017-03-10 13:33:53.618000,1.06302,1.06298,1000000,3450000
2017-03-10 13:33:54.015000,1.06299,1.06295,1000000,5620000
2017-03-10 13:33:54.477000,1.06302,1.06301,7500000,1500000
2017-03-10 13:33:54.579000,1.06302,1.06298,8620000,1500000
2017-03-10 13:33:54.630000,1.06302,1.063,1000000,7590000
2017-03-10 13:33:54.682000,1.06302,1.063,1000000,1370000
2017-03-10 13:33:54.733000,1.06302,1.06298,3000000,2250000
2017-03-10 13:33:55.237000,1.06299,1.06297,1000000,5250000
2017-03-10 13:33:55.441000,1.06297,1.06293,3750000,2250000
2017-03-10 13:33:55.593000,1.06296,1.06291,2620000,3750000
2017-03-10 13:33:55.645000,1.06296,1.06293,3370000,1000000
2017-03-10 13:33:56.020000,1.06298,1.06296,1000000,1500000
2017-03-10 13:33:56.071000,1.06301,1.06296,2440000,1000000
2017-03-10 13:33:56.274000,1.06299,1.06295,1500000,4120000
2017-03-10 13:33:56.578000,1.06299,1.06297,1000000,1000000
2017-03-10 13:33:56.629000,1.06301,1.06297,3190000,1000000
2017-03-10 13:33:56.781000,1.06301,1.06299,1500000,1000000
2017-03-10 13:33:56.988000,1.06305,1.06302,1000000,1120000
2017-03-10 13:33:57.343000,1.06304,1.063,1500000,6750000
2017-03-10 13:33:57.548000,1.06303,1.06298,1000000,2620000
2017-03-10 13:33:58.094000,1.06302,1.06298,1000000,1120000
2017-03-10 13:33:58.196000,1.063,1.06298,1000000,1250000
2017-03-10 13:33:58.247000,1.063,1.06297,1000000,1000000
2017-03-10 13:33:58.349000,1.063,1.06297,1000000,1120000
2017-03-10 13:33:58.856000,1.06301,1.063,3940000,1120000
2017-03-10 13:33:59.015000,1.06299,1.06295,1870000,6370000
2017-03-10 13:33:59.675000,1.063,1.06295,3000000,6500000
