time,ask,bid,ask_volume,bid_volume
2017-02-23 13:25:00.068000,1.05719,1.05717,3000000,1000000
2017-02-23 13:25:00.619000,1.05718,1.05717,1500000,1500000
2017-02-23 13:25:01.465000,1.05718,1.05717,1500000,1870000
2017-02-23 13:25:02.496000,1.05718,1.05716,2120000,6370000
2017-02-23 13:25:02.549000,1.05715,1.05714,3000000,6940000
2017-02-23 13:25:02.755000,1.05714,1.05713,1870000,1120000
2017-02-23 13:25:03.147000,1.05716,1.05714,3560000,1500000
2017-02-23 13:25:03.655000,1.05715,1.05714,1000000,1000000
2017-02-23 13:25:03.858000,1.05713,1.05712,1000000,5250000
2017-02-23 13:25:04.481000,1.05714,1.05712,5250000,1500000
2017-02-23 13:25:04.865000,1.05712,1.05711,1000000,1500000
2017-02-23 13:25:05.171000,1.0571,1.05709,1000000,6000000
2017-02-23 13:25:05.427000,1.0571,1.05708,1120000,2250000
2017-02-23 13:25:05.729000,1.05712,1.0571,3750000,4500000
2017-02-23 13:25:05.831000,1.05712,1.05711,3370000,1000000
2017-02-23 13:25:06.297000,1.05714,1.05713,1500000,13500000
2017-02-23 13:25:06.552000,1.05717,1.05715,2620000,1000000
2017-02-23 13:25:07.084000,1.05718,1.05716,2620000,1500000
2017-02-23 13:25:07.817000,1.05719,1.05718,2250000,6190000
2017-02-23 13:25:08.404000,1.05718,1.05717,1120000,1870000
2017-02-23 13:25:08.908000,1.05719,1.05717,6000000,1000000
2017-02-23 13:25:09.139000,1.05718,1.05716,4870000,1500000
2017-02-23 13:25:09.507000,1.05717,1.05714,8250000,1500000
2017-02-23 13:25:10.084000,1.05715,1.05713,1000000,3000000
2017-02-23 13:25:10.135000,1.05714,1.05712,1120000,3750000
2017-02-23 13:25:11.030000,1.05714,1.05711,4500000,2060000
2017-02-23 13:25:11.578000,1.05714,1.05712,5310000,1500000
2017-02-23 13:25:12.342000,1.05713,1.05711,2250000,1000000
2017-02-23 13:25:12.697000,1.05711,1.05709,5620000,1160000
2017-02-23 13:25:12.799000,1.0571,1.05707,4500000,3000000
2017-02-23 13:25:13.348000,1.0571,1.05708,5620000,1000000
2017-02-23 13:25:13.502000,1.05712,1.0571,6750000,3250000
2017-02-23 13:25:13.706000,1.05713,1.05711,5620000,1500000
2017-02-23 13:25:15.204000,1.05711,1.0571,1500000,9370000
2017-02-23 13:25:15.761000,1.05711,1.0571,3000000,1500000
2017-02-23 13:25:16.225000,1.05713,1.05711,3000000,1000000
2017-02-23 13:25:18.551000,1.05711,1.0571,2620000,1120000
2017-02-23 13:25:19.094000,1.0571,1.05709,1000000,1500000
2017-02-23 13:25:19.629000,1.0571,1.05709,1000000,1000000
2017-02-23 13:25:20.153000,1.05709,1.05707,2810000,2250000
2017-02-23 13:25:20.656000,1.0571,1.05708,2620000,1500000
2017-02-23 13:25:21.202000,1.0571,1.05707,4120000,5440000
2017-02-23 13:25:21.707000,1.05709,1.05707,1000000,3940000
2017-02-23 13:25:22.225000,1.05709,1.05708,1000000,1500000
2017-02-23 13:25:22.619000,1.05707,1.05706,2250000,5620000
2017-02-23 13:25:22.670000,1.05707,1.05706,2250000,4500000
2017-02-23 13:25:22.772000,1.05704,1.05703,1120000,8340000
2017-02-23 13:25:22.924000,1.05703,1.05701,1870000,1500000
2017-02-23 13:25:23.432000,1.05704,1.05702,5060000,1000000
2017-02-23 13:25:23.938000,1.05703,1.05701,2250000,1500000
2017-02-23 13:25:24.142000,1.05704,1.05702,8440000,7750000
2017-02-23 13:25:24.294000,1.05703,1.05701,1000000,5620000
2017-02-23 13:25:24.498000,1.05705,1.05703,3750000,3940000
2017-02-23 13:25:24.783000,1.05709,1.05708,1000000,2620000
2017-02-23 13:25:25.291000,1.05708,1.05707,1000000,1870000
2017-02-23 13:25:25.799000,1.05708,1.05706,1500000,4690000
2017-02-23 13:25:27.304000,1.05707,1.05706,1500000,3190000
2017-02-23 13:25:27.865000,1.05708,1.05706,5700000,6440000
2017-02-23 13:25:28.169000,1.0571,1.05709,2620000,1000000
2017-02-23 13:25:28.221000,1.05712,1.0571,1870000,1500000
2017-02-23 13:25:28.762000,1.05713,1.05711,1690000,1000000
2017-02-23 13:25:32.331000,1.05714,1.05713,4120000,1000000
2017-02-23 13:25:32.533000,1.05717,1.05715,4690000,1000000
2017-02-23 13:25:32.787000,1.05718,1.05716,1500000,2250000
2017-02-23 13:25:32.889000,1.05719,1.05718,6000000,1000000
2017-02-23 13:25:33.231000,1.0572,1.05719,1000000,3750000
2017-02-23 13:25:34.695000,1.05721,1.05719,1870000,5250000
2017-02-23 13:25:34.746000,1.05721,1.0572,1000000,2250000
2017-02-23 13:25:35.292000,1.05722,1.0572,3940000,1500000
2017-02-23 13:25:35.766000,1.05722,1.0572,4000000,16690001
2017-02-23 13:25:35.919000,1.05725,1.05724,1870000,1000000
2017-02-23 13:25:36.456000,1.05726,1.05724,1000000,2250000
2017-02-23 13:25:37.134000,1.05727,1.05725,4870000,1000000
2017-02-23 13:25:37.643000,1.05727,1.05726,3000000,1500000
2017-02-23 13:25:38.179000,1.05727,1.05725,3250000,2250000
2017-02-23 13:25:39.529000,1.05727,1.05725,3000000,4500000
2017-02-23 13:25:40.080000,1.05728,1.05726,2440000,1500000
2017-02-23 13:25:40.399000,1.05731,1.0573,1120000,2440000
2017-02-23 13:25:40.990000,1.05732,1.0573,1500000,3190000
2017-02-23 13:25:41.689000,1.05733,1.05731,1870000,1500000
2017-02-23 13:25:42.686000,1.05732,1.05731,1000000,3000000
2017-02-23 13:25:43.223000,1.05733,1.05731,1120000,4120000
2017-02-23 13:25:43.784000,1.05733,1.05732,1120000,1000000
2017-02-23 13:25:44.420000,1.05731,1.0573,1500000,4120000
2017-02-23 13:25:44.474000,1.05729,1.05728,1870000,1000000
2017-02-23 13:25:44.782000,1.05728,1.05726,1870000,1500000
2017-02-23 13:25:45.630000,1.05727,1.05726,1000000,1000000
2017-02-23 13:25:47.082000,1.05724,1.05722,1870000,15370000
2017-02-23 13:25:47.335000,1.05723,1.05721,2120000,6370000
2017-02-23 13:25:47.862000,1.05723,1.05722,2250000,1500000
2017-02-23 13:25:48.377000,1.05724,1.05722,6750000,4750000
2017-02-23 13:25:49.110000,1.05724,1.05723,1500000,10690000
2017-02-23 13:25:49.212000,1.05725,1.05724,3000000,2250000
2017-02-23 13:25:49.263000,1.05725,1.05724,2250000,1500000
2017-02-23 13:25:49.769000,1.05725,1.05723,5620000,1000000
2017-02-23 13:25:50.132000,1.05726,1.05724,1870000,3750000
2017-02-23 13:25:50.589000,1.05727,1.05726,4120000,1500000
2017-02-23 13:25:50.691000,1.05727,1.05726,2620000,1000000
2017-02-23 13:25:50.742000,1.05727,1.05724,4500000,3370000
2017-02-23 13:25:51.270000,1.05727,1.05726,1120000,1000000
2017-02-23 13:25:51.882000,1.05728,1.05727,2810000,1000000
2017-02-23 13:25:52.188000,1.05731,1.0573,1000000,1500000
2017-02-23 13:25:52.536000,1.05729,1.05728,1120000,1690000
2017-02-23 13:25:52.587000,1.05729,1.05727,1870000,1000000
2017-02-23 13:25:53.095000,1.05728,1.05727,1120000,1000000
2017-02-23 13:25:53.607000,1.05729,1.05727,1870000,1500000
2017-02-23 13:25:54.585000,1.0573,1.05728,6940000,1000000
2017-02-23 13:25:55.102000,1.05728,1.05727,1690000,3000000
2017-02-23 13:25:55.433000,1.05731,1.05729,6370000,5120000
2017-02-23 13:25:55.485000,1.05732,1.05731,2060000,1000000
2017-02-23 13:25:55.993000,1.05732,1.05731,1250000,1000000
2017-02-23 13:25:56.535000,1.05733,1.05731,8060000,4500000
2017-02-23 13:25:59.015000,1.05736,1.05734,15470000,1000000
2017-02-23 13:25:59.117000,1.05736,1.05735,6090000,5250000
2017-02-23 13:25:59.321000,1.05737,1.05736,1870000,2250000
2017-02-23 13:26:01.280000,1.05737,1.05736,1500000,9370000
2017-02-23 13:26:02.334000,1.05741,1.05739,5060000,1500000
2017-02-23 13:26:02.842000,1.0574,1.05739,2290000,2620000
2017-02-23 13:26:03.432000,1.05739,1.05738,1690000,5250000
2017-02-23 13:26:03.585000,1.05736,1.05735,1500000,6370000
2017-02-23 13:26:03.898000,1.05732,1.0573,7350000,6750000
2017-02-23 13:26:04.454000,1.05732,1.0573,8370000,5250000
2017-02-23 13:26:06.439000,1.05731,1.0573,3000000,2250000
2017-02-23 13:26:06.541000,1.05729,1.05728,3220000,3750000
2017-02-23 13:26:06.757000,1.05714,1.05706,17680000,4310000
2017-02-23 13:26:06.811000,1.05711,1.05709,3370000,6370000
2017-02-23 13:26:06.914000,1.05711,1.05708,4500000,7690000
2017-02-23 13:26:07.068000,1.05712,1.0571,4310000,4000000
2017-02-23 13:26:07.686000,1.05712,1.05711,1310000,1000000
2017-02-23 13:26:08.195000,1.05712,1.0571,2810000,2250000
2017-02-23 13:26:08.709000,1.05712,1.05711,2060000,1000000
2017-02-23 13:26:09.812000,1.05712,1.0571,1690000,2250000
2017-02-23 13:26:11.019000,1.05713,1.05711,4310000,1500000
2017-02-23 13:26:11.273000,1.05717,1.05715,3190000,1500000
2017-02-23 13:26:12.739000,1.05717,1.05714,2440000,2250000
2017-02-23 13:26:13.237000,1.05717,1.05716,1000000,1000000
2017-02-23 13:26:13.744000,1.05718,1.05715,2620000,4690000
2017-02-23 13:26:14.923000,1.05715,1.05714,4500000,4120000
2017-02-23 13:26:15.076000,1.05712,1.05711,1120000,3190000
2017-02-23 13:26:15.582000,1.05712,1.0571,1000000,3000000
2017-02-23 13:26:16.084000,1.0571,1.05709,1500000,6370000
2017-02-23 13:26:16.186000,1.0571,1.05708,4870000,1500000
2017-02-23 13:26:16.643000,1.05711,1.05709,6940000,4000000
2017-02-23 13:26:16.874000,1.05712,1.0571,2250000,2250000
2017-02-23 13:26:17.424000,1.05713,1.05711,6190000,1530000
2017-02-23 13:26:17.881000,1.05708,1.05707,2250000,13720000
2017-02-23 13:26:18.086000,1.05704,1.05702,1870000,3190000
2017-02-23 13:26:18.618000,1.05703,1.05701,3750000,1000000
2017-02-23 13:26:19.127000,1.05702,1.05701,1000000,1000000
2017-02-23 13:26:19.669000,1.05703,1.057,1870000,5440000
2017-02-23 13:26:20,1.05693,1.05692,3370000,5250000
2017-02-23 13:26:20.051000,1.05693,1.05691,1370000,7410000
2017-02-23 13:26:20.103000,1.05692,1.05691,3000000,5060000
2017-02-23 13:26:20.154000,1.05694,1.05693,10500000,1500000
2017-02-23 13:26:20.205000,1.05695,1.05694,8250000,2440000
2017-02-23 13:26:20.308000,1.05697,1.05695,2250000,5250000
2017-02-23 13:26:20.841000,1.05699,1.05697,2250000,1500000
2017-02-23 13:26:21.020000,1.057,1.05697,4870000,1500000
2017-02-23 13:26:21.224000,1.05701,1.05699,2620000,1000000
2017-02-23 13:26:21.528000,1.05703,1.05701,1500000,1250000
2017-02-23 13:26:22.169000,1.05704,1.05701,4870000,1690000
2017-02-23 13:26:22.769000,1.05703,1.05701,3000000,1690000
2017-02-23 13:26:23.275000,1.05702,1.05701,1000000,1250000
2017-02-23 13:26:23.829000,1.057,1.05698,4750000,7500000
2017-02-23 13:26:23.880000,1.05699,1.05697,1870000,3370000
2017-02-23 13:26:24.428000,1.05699,1.05696,3750000,2620000
2017-02-23 13:26:24.479000,1.05699,1.05698,2250000,2250000
2017-02-23 13:26:24.581000,1.05701,1.057,2620000,3750000
2017-02-23 13:26:25.088000,1.05703,1.05701,1000000,5440000
2017-02-23 13:26:25.618000,1.05703,1.05702,1000000,1160000
2017-02-23 13:26:25.872000,1.05705,1.05704,5250000,1000000
2017-02-23 13:26:26.227000,1.05707,1.05705,5620000,3250000
2017-02-23 13:26:26.380000,1.05708,1.05706,1310000,2250000
2017-02-23 13:26:27.124000,1.05703,1.05702,1500000,6370000
2017-02-23 13:26:27.379000,1.05699,1.05697,22350000,1000000
2017-02-23 13:26:27.481000,1.05695,1.05694,1000000,3190000
2017-02-23 13:26:27.584000,1.05698,1.05696,3750000,1000000
2017-02-23 13:26:28.281000,1.05697,1.05696,1000000,2650000
2017-02-23 13:26:29.421000,1.05698,1.05696,1760000,1690000
2017-02-23 13:26:29.574000,1.05699,1.05697,1870000,1250000
2017-02-23 13:26:29.880000,1.05699,1.05698,1000000,5250000
2017-02-23 13:26:30.135000,1.05702,1.057,1000000,13690000
2017-02-23 13:26:30.521000,1.05705,1.05702,12750000,2250000
2017-02-23 13:26:30.629000,1.05705,1.05704,9750000,1500000
2017-02-23 13:26:30.730000,1.0571,1.05708,7870000,1000000
2017-02-23 13:26:30.832000,1.05713,1.05712,1000000,1250000
2017-02-23 13:26:31.087000,1.05718,1.05717,3000000,2440000
2017-02-23 13:26:31.189000,1.05719,1.05718,1000000,2250000
2017-02-23 13:26:31.422000,1.05725,1.05724,30690001,1250000
2017-02-23 13:26:31.524000,1.05727,1.05726,3000000,1000000
2017-02-23 13:26:31.626000,1.05728,1.05727,5060000,1000000
2017-02-23 13:26:31.879000,1.0573,1.05729,4690000,1000000
2017-02-23 13:26:32.133000,1.05729,1.05727,4500000,4120000
2017-02-23 13:26:32.286000,1.05726,1.05724,5620000,12560000
2017-02-23 13:26:32.525000,1.05725,1.05723,7500000,9190000
2017-02-23 13:26:33.134000,1.0572,1.05719,3750000,18559999
2017-02-23 13:26:33.340000,1.05717,1.05715,5650000,4190000
2017-02-23 13:26:33.867000,1.05714,1.05713,1500000,2620000
2017-02-23 13:26:34.404000,1.05715,1.05714,3000000,1000000
2017-02-23 13:26:34.914000,1.05716,1.05714,4050000,1000000
2017-02-23 13:26:35.268000,1.05718,1.05716,2360000,1000000
2017-02-23 13:26:35.323000,1.05718,1.05716,1500000,3370000
2017-02-23 13:26:36.181000,1.0572,1.05719,4500000,1000000
2017-02-23 13:26:36.384000,1.05721,1.0572,1000000,1500000
2017-02-23 13:26:36.536000,1.05723,1.05721,3940000,1000000
2017-02-23 13:26:36.750000,1.05724,1.05722,6190000,4000000
2017-02-23 13:26:37.257000,1.05724,1.05723,1000000,4500000
2017-02-23 13:26:37.854000,1.05725,1.05724,3110000,1000000
2017-02-23 13:26:38.380000,1.05727,1.05726,2250000,1000000
2017-02-23 13:26:38.431000,1.05727,1.05726,2250000,1000000
2017-02-23 13:26:38.946000,1.05728,1.05726,2250000,2440000
2017-02-23 13:26:40.471000,1.05728,1.05727,1000000,1000000
2017-02-23 13:26:41.028000,1.05728,1.05726,1500000,8060000
2017-02-23 13:26:42.076000,1.05728,1.05727,1500000,1000000
2017-02-23 13:26:43.448000,1.05728,1.05726,1500000,5060000
2017-02-23 13:26:43.733000,1.05728,1.05727,1000000,5810000
2017-02-23 13:26:44.038000,1.05736,1.05734,13120000,3560000
2017-02-23 13:26:44.343000,1.05734,1.05732,2500000,6190000
2017-02-23 13:26:46.318000,1.05735,1.05734,1870000,1000000
2017-02-23 13:26:46.558000,1.05736,1.05735,3000000,1310000
2017-02-23 13:26:47.882000,1.05736,1.05734,3250000,8810000
2017-02-23 13:26:48.196000,1.05733,1.05731,1000000,19309999
2017-02-23 13:26:48.298000,1.05732,1.0573,1500000,14810000
2017-02-23 13:26:48.451000,1.0573,1.05729,3000000,1690000
2017-02-23 13:26:48.974000,1.0573,1.05728,4000000,8440000
2017-02-23 13:26:49.500000,1.05731,1.05729,4720000,2250000
2017-02-23 13:26:50.010000,1.05732,1.0573,3370000,5750000
2017-02-23 13:26:50.495000,1.05734,1.05732,3370000,4750000
2017-02-23 13:26:50.549000,1.05735,1.05733,4500000,2690000
2017-02-23 13:26:50.785000,1.05734,1.05733,1500000,4120000
2017-02-23 13:26:50.837000,1.05733,1.05732,3000000,3940000
2017-02-23 13:26:51.347000,1.05734,1.05732,4500000,2440000
2017-02-23 13:26:51.879000,1.05733,1.05731,2690000,4690000
2017-02-23 13:26:52.472000,1.05733,1.05731,1500000,2440000
2017-02-23 13:26:52.779000,1.05732,1.05731,1500000,1690000
2017-02-23 13:26:53.280000,1.05732,1.05731,1500000,4690000
2017-02-23 13:26:53.903000,1.05733,1.05732,1500000,1500000
2017-02-23 13:26:55.780000,1.05733,1.0573,2250000,8060000
2017-02-23 13:26:56.445000,1.05732,1.0573,1000000,6560000
2017-02-23 13:26:58.802000,1.05732,1.0573,2060000,3370000
2017-02-23 13:26:58.855000,1.05729,1.05728,5250000,2440000
2017-02-23 13:26:58.959000,1.05727,1.05726,1500000,2810000
2017-02-23 13:26:59.481000,1.05726,1.05725,1500000,4310000
2017-02-23 13:27:00.065000,1.05725,1.05723,1000000,13310000
2017-02-23 13:27:00.301000,1.05723,1.05722,2250000,4500000
2017-02-23 13:27:00.353000,1.05722,1.05721,1000000,2810000
2017-02-23 13:27:01.205000,1.05723,1.05721,3000000,2810000
2017-02-23 13:27:02.251000,1.05722,1.05721,1500000,2810000
2017-02-23 13:27:04.698000,1.05723,1.05721,3750000,4690000
2017-02-23 13:27:05.370000,1.05724,1.05723,3750000,2250000
2017-02-23 13:27:05.776000,1.05725,1.05724,3750000,1250000
2017-02-23 13:27:06.612000,1.05729,1.05727,9000000,2500000
2017-02-23 13:27:06.714000,1.05729,1.05728,1570000,4690000
2017-02-23 13:27:06.765000,1.05731,1.05729,6850000,2440000
2017-02-23 13:27:06.816000,1.05731,1.05729,3250000,6940000
2017-02-23 13:27:07.323000,1.05731,1.0573,1500000,5060000
2017-02-23 13:27:07.909000,1.05732,1.0573,3750000,5810000
2017-02-23 13:27:08.928000,1.05732,1.0573,3250000,6560000
2017-02-23 13:27:09.318000,1.05727,1.05726,1500000,1690000
2017-02-23 13:27:09.370000,1.05727,1.05726,2250000,2810000
2017-02-23 13:27:09.421000,1.05727,1.05725,3750000,5810000
2017-02-23 13:27:09.827000,1.05726,1.05724,3000000,2810000
2017-02-23 13:27:10.237000,1.05724,1.05722,1000000,20059999
2017-02-23 13:27:10.775000,1.05726,1.05724,12750000,5440000
2017-02-23 13:27:11.047000,1.05727,1.05725,3750000,4690000
2017-02-23 13:27:11.910000,1.05726,1.05725,2250000,4690000
2017-02-23 13:27:17.535000,1.05725,1.05724,2250000,6190000
2017-02-23 13:27:18.313000,1.05726,1.05724,3750000,6940000
2017-02-23 13:27:19.850000,1.05725,1.05724,3000000,5250000
2017-02-23 13:27:20.003000,1.05724,1.05722,3250000,4690000
2017-02-23 13:27:20.207000,1.05722,1.05721,1500000,2060000
2017-02-23 13:27:20.360000,1.05722,1.05721,3000000,1310000
2017-02-23 13:27:20.934000,1.05721,1.0572,2250000,8810000
2017-02-23 13:27:22.224000,1.05719,1.05717,1000000,10870000
2017-02-23 13:27:22.376000,1.05717,1.05716,1120000,4310000
2017-02-23 13:27:22.678000,1.05715,1.05713,1870000,5440000
2017-02-23 13:27:23.186000,1.05714,1.05713,1120000,2440000
2017-02-23 13:27:23.729000,1.05714,1.05712,3250000,9190000
2017-02-23 13:27:24.285000,1.05714,1.05713,2250000,2810000
2017-02-23 13:27:25.572000,1.05714,1.05712,3000000,3940000
2017-02-23 13:27:25.984000,1.05713,1.05711,3000000,6310000
2017-02-23 13:27:27.779000,1.0571,1.05708,1000000,16690001
2017-02-23 13:27:27.831000,1.05709,1.05708,2850000,1120000
2017-02-23 13:27:27.933000,1.05709,1.05707,8100000,1870000
2017-02-23 13:27:28.187000,1.05707,1.05705,1500000,6940000
2017-02-23 13:27:28.442000,1.05705,1.05703,2870000,6560000
2017-02-23 13:27:28.697000,1.05703,1.057,4500000,5060000
2017-02-23 13:27:33.256000,1.05703,1.05701,3000000,3190000
2017-02-23 13:27:33.960000,1.05705,1.05703,6750000,2440000
2017-02-23 13:27:34.011000,1.05705,1.05703,4120000,12190000
2017-02-23 13:27:34.063000,1.05707,1.05706,1500000,3190000
2017-02-23 13:27:34.165000,1.05709,1.05708,1500000,1000000
2017-02-23 13:27:34.390000,1.0571,1.05708,2620000,2250000
2017-02-23 13:27:34.695000,1.05709,1.05707,2500000,6560000
2017-02-23 13:27:35.001000,1.05705,1.05704,6110000,1120000
2017-02-23 13:27:35.154000,1.05705,1.05703,8360000,1690000
2017-02-23 13:27:36.131000,1.05705,1.05702,11360000,3190000
2017-02-23 13:27:36.827000,1.05704,1.05702,1500000,1690000
2017-02-23 13:27:37.369000,1.05703,1.05702,1000000,1690000
2017-02-23 13:27:40.440000,1.05704,1.05702,4510000,1690000
2017-02-23 13:27:43.540000,1.05702,1.05701,1230000,3000000
2017-02-23 13:27:44.047000,1.057,1.05699,1120000,1500000
2017-02-23 13:27:44.250000,1.057,1.05698,1120000,1500000
2017-02-23 13:27:45.062000,1.05699,1.05697,1500000,1500000
2017-02-23 13:27:45.114000,1.05699,1.05697,1920000,1000000
2017-02-23 13:27:45.622000,1.05697,1.05696,2460000,2250000
2017-02-23 13:27:47.764000,1.05698,1.05697,4520000,1500000
2017-02-23 13:27:48.270000,1.05698,1.05696,3580000,3190000
2017-02-23 13:27:49.425000,1.05698,1.05697,1870000,1500000
2017-02-23 13:27:51.456000,1.05698,1.05696,1000000,5440000
2017-02-23 13:27:51.964000,1.05698,1.05697,1280000,2250000
2017-02-23 13:27:55.389000,1.05698,1.05696,1120000,6940000
2017-02-23 13:27:56.068000,1.05698,1.05697,1120000,1500000
2017-02-23 13:27:56.778000,1.05699,1.05698,1500000,1000000
2017-02-23 13:27:56.829000,1.05702,1.057,1870000,2440000
2017-02-23 13:27:57.235000,1.05704,1.05703,1870000,3000000
2017-02-23 13:27:57.387000,1.05707,1.05706,3000000,1500000
2017-02-23 13:27:57.489000,1.05708,1.05706,3370000,1500000
2017-02-23 13:27:58.375000,1.05709,1.05707,6750000,1500000
2017-02-23 13:28:00.258000,1.05708,1.05706,1120000,2810000
2017-02-23 13:28:00.842000,1.05708,1.05707,1120000,1500000
2017-02-23 13:28:03.823000,1.0571,1.05708,4500000,3000000
2017-02-23 13:28:03.925000,1.05712,1.05709,3370000,2250000
2017-02-23 13:28:03.976000,1.05713,1.05711,6750000,1000000
2017-02-23 13:28:04.505000,1.05712,1.05711,1500000,1870000
2017-02-23 13:28:04.814000,1.0571,1.05708,4370000,10500000
2017-02-23 13:28:04.916000,1.05709,1.05708,5250000,1000000
2017-02-23 13:28:05.218000,1.05708,1.05706,4000000,3560000
2017-02-23 13:28:05.675000,1.05709,1.05708,2620000,6000000
2017-02-23 13:28:05.860000,1.05712,1.05711,4120000,1000000
2017-02-23 13:28:06.115000,1.05714,1.05713,1870000,1000000
2017-02-23 13:28:06.166000,1.05714,1.05712,1500000,3000000
2017-02-23 13:28:07.695000,1.05715,1.05713,1000000,2440000
2017-02-23 13:28:10.129000,1.05718,1.05716,6370000,2500000
2017-02-23 13:28:10.231000,1.05718,1.05717,2250000,2250000
2017-02-23 13:28:10.333000,1.0572,1.05718,5250000,3750000
2017-02-23 13:28:10.384000,1.05721,1.05719,4500000,1000000
2017-02-23 13:28:10.638000,1.05718,1.05717,1000000,2810000
2017-02-23 13:28:10.689000,1.05718,1.05717,1000000,1690000
2017-02-23 13:28:11.232000,1.05719,1.05717,1120000,1690000
2017-02-23 13:28:11.385000,1.05716,1.05714,7500000,7500000
2017-02-23 13:28:11.692000,1.05714,1.05713,1870000,1500000
2017-02-23 13:28:12.237000,1.05714,1.05712,2620000,1000000
2017-02-23 13:28:13.956000,1.05714,1.05713,1870000,1500000
2017-02-23 13:28:14.059000,1.05713,1.05711,1000000,3000000
2017-02-23 13:28:14.383000,1.05712,1.05708,11620000,6940000
2017-02-23 13:28:14.884000,1.05711,1.05708,1500000,5440000
2017-02-23 13:28:15.552000,1.05711,1.05709,1500000,1500000
2017-02-23 13:28:17.521000,1.05709,1.05707,2250000,4120000
2017-02-23 13:28:19.287000,1.05705,1.05703,7370000,11060000
2017-02-23 13:28:19.390000,1.05703,1.05701,12560000,1500000
2017-02-23 13:28:19.492000,1.05699,1.05698,1000000,2250000
2017-02-23 13:28:20.203000,1.05699,1.05697,4500000,1500000
2017-02-23 13:28:20.819000,1.05698,1.05697,1120000,1500000
2017-02-23 13:28:21.324000,1.05699,1.05697,6750000,1500000
2017-02-23 13:28:21.948000,1.05699,1.05696,6370000,1250000
2017-02-23 13:28:22.464000,1.05699,1.05696,6470000,1250000
2017-02-23 13:28:22.670000,1.05696,1.05694,1500000,10500000
2017-02-23 13:28:22.975000,1.05693,1.05691,1990000,1870000
2017-02-23 13:28:23.026000,1.05693,1.05691,3490000,1500000
2017-02-23 13:28:23.576000,1.05692,1.0569,4120000,2250000
2017-02-23 13:28:23.628000,1.05691,1.05688,3560000,3000000
2017-02-23 13:28:23.729000,1.0569,1.05688,3370000,1500000
2017-02-23 13:28:24.236000,1.05689,1.05687,1500000,1500000
2017-02-23 13:28:25.440000,1.05689,1.05687,4000000,3000000
2017-02-23 13:28:25.977000,1.0569,1.05689,5250000,1500000
2017-02-23 13:28:27.735000,1.05689,1.05688,1500000,1500000
2017-02-23 13:28:28.313000,1.05689,1.05687,1000000,4870000
2017-02-23 13:28:29.700000,1.05688,1.05687,1000000,4120000
2017-02-23 13:28:33.162000,1.05688,1.05686,1000000,6560000
2017-02-23 13:28:34.349000,1.05687,1.05686,1000000,6190000
2017-02-23 13:28:35.254000,1.05688,1.05687,2280000,1000000
2017-02-23 13:28:36.431000,1.05689,1.05687,3780000,1000000
2017-02-23 13:28:36.938000,1.05688,1.05687,1500000,1000000
2017-02-23 13:28:39.199000,1.05687,1.05686,1000000,10310000
2017-02-23 13:28:39.733000,1.05688,1.05687,2250000,1000000
2017-02-23 13:28:40.074000,1.05689,1.05688,3000000,2250000
2017-02-23 13:28:41.172000,1.05689,1.05687,3750000,1500000
2017-02-23 13:28:41.679000,1.05689,1.05688,3000000,3000000
2017-02-23 13:28:42.186000,1.0569,1.05688,3000000,3250000
2017-02-23 13:28:42.448000,1.05692,1.05691,2620000,1120000
2017-02-23 13:28:42.500000,1.05694,1.05693,3000000,4690000
2017-02-23 13:28:42.551000,1.05696,1.05693,6000000,8440000
2017-02-23 13:28:43.059000,1.05697,1.05696,1000000,1000000
2017-02-23 13:28:43.885000,1.05698,1.05697,2250000,1120000
2017-02-23 13:28:44.393000,1.05698,1.05697,1500000,6000000
2017-02-23 13:28:45.171000,1.057,1.05699,3000000,1500000
2017-02-23 13:28:45.376000,1.05698,1.05697,3750000,1870000
2017-02-23 13:28:45.530000,1.05695,1.05694,1000000,1870000
2017-02-23 13:28:45.581000,1.05695,1.05694,1000000,4120000
2017-02-23 13:28:45.887000,1.057,1.05698,5620000,2810000
2017-02-23 13:28:45.990000,1.05701,1.05699,2250000,4500000
2017-02-23 13:28:46.500000,1.057,1.05699,2250000,1000000
2017-02-23 13:28:46.855000,1.05698,1.05697,2250000,1870000
2017-02-23 13:28:46.958000,1.05698,1.05696,3750000,3940000
2017-02-23 13:28:47.973000,1.05697,1.05695,1000000,8810000
2017-02-23 13:28:48.318000,1.05696,1.05694,3750000,6940000
2017-02-23 13:28:48.471000,1.05696,1.05693,6000000,2440000
2017-02-23 13:28:48.777000,1.05693,1.05691,1500000,5810000
2017-02-23 13:28:48.879000,1.05693,1.05691,3750000,1000000
2017-02-23 13:28:48.930000,1.05692,1.05689,7870000,4500000
2017-02-23 13:28:49.020000,1.05691,1.05689,1500000,3370000
2017-02-23 13:28:49.837000,1.05691,1.05689,3000000,2120000
2017-02-23 13:28:50.193000,1.05692,1.0569,3000000,4120000
2017-02-23 13:28:50.742000,1.05694,1.05691,3750000,1000000
2017-02-23 13:28:51.754000,1.05698,1.05696,21370001,1500000
2017-02-23 13:28:51.806000,1.05698,1.05696,4120000,1120000
2017-02-23 13:28:51.908000,1.05698,1.05696,4120000,1500000
2017-02-23 13:28:53.490000,1.05698,1.05696,4120000,4750000
2017-02-23 13:28:53.542000,1.057,1.05699,4870000,3370000
2017-02-23 13:28:53.644000,1.05701,1.057,1000000,2060000
2017-02-23 13:28:53.746000,1.05705,1.05704,1120000,1120000
2017-02-23 13:28:53.797000,1.05706,1.05703,1500000,3560000
2017-02-23 13:28:53.899000,1.05705,1.05703,3250000,6560000
2017-02-23 13:28:54.001000,1.05706,1.05704,1870000,1690000
2017-02-23 13:28:54.515000,1.05707,1.05704,1000000,3520000
2017-02-23 13:28:54.668000,1.05708,1.05706,3560000,1000000
2017-02-23 13:28:54.872000,1.05711,1.05708,3370000,2440000
2017-02-23 13:28:55.209000,1.05712,1.05711,1120000,2250000
2017-02-23 13:28:55.516000,1.05722,1.0572,1500000,2620000
2017-02-23 13:28:55.619000,1.05724,1.05722,3190000,1000000
2017-02-23 13:28:55.874000,1.05725,1.05723,1870000,2620000
2017-02-23 13:28:56.275000,1.05725,1.05723,1000000,5250000
2017-02-23 13:28:56.327000,1.05725,1.05724,2250000,1000000
2017-02-23 13:28:56.431000,1.05725,1.05724,1500000,1000000
2017-02-23 13:28:56.534000,1.05722,1.05719,3000000,8060000
2017-02-23 13:28:56.841000,1.05724,1.05722,2620000,6940000
2017-02-23 13:28:57.391000,1.05724,1.05722,1000000,3940000
2017-02-23 13:28:57.958000,1.05723,1.05722,1870000,1500000
2017-02-23 13:28:58.508000,1.05726,1.05725,1120000,5440000
2017-02-23 13:28:58.559000,1.05726,1.05725,1120000,2440000
2017-02-23 13:28:58.610000,1.05726,1.05725,1000000,1250000
2017-02-23 13:28:59.117000,1.05725,1.05723,1870000,6560000
2017-02-23 13:28:59.372000,1.05729,1.05728,6000000,1500000
2017-02-23 13:28:59.605000,1.0573,1.05729,2250000,3940000
2017-02-23 13:28:59.657000,1.05733,1.05731,1000000,1120000
2017-02-23 13:29:00.319000,1.05733,1.0573,1500000,1250000
2017-02-23 13:29:00.421000,1.05729,1.05727,1000000,19309999
2017-02-23 13:29:00.472000,1.05729,1.05727,2870000,7500000
2017-02-23 13:29:00.664000,1.05727,1.05725,1000000,1310000
2017-02-23 13:29:01.260000,1.05728,1.05727,1500000,3940000
2017-02-23 13:29:01.311000,1.0573,1.05729,3750000,1690000
2017-02-23 13:29:01.413000,1.05731,1.0573,1000000,1000000
2017-02-23 13:29:01.769000,1.05724,1.05723,1500000,3000000
2017-02-23 13:29:02.126000,1.0573,1.05729,1000000,1500000
2017-02-23 13:29:02.635000,1.0573,1.05728,1000000,1000000
2017-02-23 13:29:03.472000,1.0573,1.05728,1000000,3750000
2017-02-23 13:29:03.574000,1.05732,1.05729,3000000,1310000
2017-02-23 13:29:05.284000,1.05731,1.05729,1120000,2810000
2017-02-23 13:29:07.313000,1.05732,1.0573,1000000,2810000
2017-02-23 13:29:07.670000,1.05733,1.05731,1500000,1250000
2017-02-23 13:29:07.721000,1.05734,1.05732,4720000,1250000
2017-02-23 13:29:08.140000,1.05735,1.05733,5100000,1250000
2017-02-23 13:29:08.292000,1.05737,1.05734,1120000,2440000
2017-02-23 13:29:08.800000,1.05736,1.05734,1000000,3940000
2017-02-23 13:29:10.118000,1.05738,1.05734,2890000,5810000
2017-02-23 13:29:11.103000,1.05739,1.05738,5550000,2250000
2017-02-23 13:29:11.637000,1.05738,1.05736,1000000,2060000
2017-02-23 13:29:11.842000,1.05741,1.05739,1000000,4310000
2017-02-23 13:29:11.995000,1.05743,1.05742,2620000,1500000
2017-02-23 13:29:12.301000,1.05745,1.05744,2620000,3000000
2017-02-23 13:29:12.420000,1.05747,1.05746,9370000,1000000
2017-02-23 13:29:12.672000,1.05744,1.05742,1120000,3940000
2017-02-23 13:29:13.048000,1.05743,1.05741,3000000,3190000
2017-02-23 13:29:13.251000,1.05741,1.05737,6000000,4310000
2017-02-23 13:29:13.353000,1.05742,1.05739,11100000,1190000
2017-02-23 13:29:13.455000,1.0574,1.05738,2100000,1250000
2017-02-23 13:29:13.697000,1.05738,1.05736,1000000,3000000
2017-02-23 13:29:14.030000,1.05736,1.05734,2620000,1500000
2017-02-23 13:29:14.537000,1.05733,1.05732,3600000,2620000
2017-02-23 13:29:14.690000,1.05721,1.0572,3370000,3750000
2017-02-23 13:29:14.741000,1.05721,1.05719,7160000,1500000
2017-02-23 13:29:14.844000,1.05718,1.05716,2120000,3370000
2017-02-23 13:29:14.989000,1.05717,1.05715,1500000,1690000
2017-02-23 13:29:15.179000,1.05715,1.05713,3060000,2250000
2017-02-23 13:29:15.433000,1.05714,1.05712,1000000,2320000
2017-02-23 13:29:15.535000,1.05713,1.05711,1000000,5290000
2017-02-23 13:29:15.636000,1.05714,1.05712,4690000,1200000
2017-02-23 13:29:15.839000,1.05714,1.0571,1500000,2060000
2017-02-23 13:29:16.284000,1.05713,1.05709,10540000,1870000
2017-02-23 13:29:16.625000,1.05709,1.05704,2810000,3560000
2017-02-23 13:29:17.032000,1.05707,1.05701,7690000,8440000
2017-02-23 13:29:17.563000,1.05706,1.05701,5810000,4310000
2017-02-23 13:29:18.531000,1.05704,1.057,3560000,1000000
2017-02-23 13:29:18.823000,1.057,1.05697,2620000,1000000
2017-02-23 13:29:18.875000,1.057,1.05695,11060000,2060000
2017-02-23 13:29:19.231000,1.05698,1.05694,3000000,2060000
2017-02-23 13:29:19.742000,1.05698,1.05695,3930000,1000000
2017-02-23 13:29:20.268000,1.05697,1.05694,2060000,1870000
2017-02-23 13:29:21.926000,1.05697,1.05694,1690000,4870000
2017-02-23 13:29:23.124000,1.05697,1.05695,1000000,1870000
2017-02-23 13:29:23.647000,1.05698,1.05695,1000000,3190000
2017-02-23 13:29:25.159000,1.05699,1.05695,1000000,3940000
2017-02-23 13:29:25.802000,1.05699,1.05695,3750000,3050000
2017-02-23 13:29:26.307000,1.05698,1.05695,1000000,2300000
2017-02-23 13:29:26.853000,1.05699,1.05695,1120000,2300000
2017-02-23 13:29:27.965000,1.05697,1.05695,1000000,2300000
2017-02-23 13:29:28.629000,1.05698,1.05695,3750000,1550000
2017-02-23 13:29:29.210000,1.05697,1.05695,1250000,1270000
2017-02-23 13:29:29.428000,1.05694,1.0569,1000000,5060000
2017-02-23 13:29:29.937000,1.05694,1.05691,1000000,2810000
2017-02-23 13:29:30.466000,1.05695,1.05692,1500000,1500000
2017-02-23 13:29:30.766000,1.05698,1.05694,8250000,3750000
2017-02-23 13:29:31.372000,1.05698,1.05695,2250000,1000000
2017-02-23 13:29:33.070000,1.05698,1.05697,1120000,1000000
2017-02-23 13:29:34.816000,1.057,1.05698,1000000,3000000
2017-02-23 13:29:35.185000,1.05698,1.05695,1000000,3370000
2017-02-23 13:29:35.693000,1.05697,1.05694,3370000,1870000
2017-02-23 13:29:36.267000,1.05696,1.05694,1500000,1120000
2017-02-23 13:29:36.809000,1.05696,1.05692,1870000,2620000
2017-02-23 13:29:37.865000,1.05695,1.05692,2620000,1500000
2017-02-23 13:29:38.321000,1.05693,1.05691,1000000,2250000
2017-02-23 13:29:38.676000,1.05692,1.0569,1000000,3370000
2017-02-23 13:29:39.081000,1.05691,1.05688,1120000,1500000
2017-02-23 13:29:39.271000,1.05688,1.05686,1500000,1500000
2017-02-23 13:29:39.677000,1.05685,1.05684,1000000,3000000
2017-02-23 13:29:39.729000,1.05686,1.05684,2620000,2250000
2017-02-23 13:29:40.188000,1.05688,1.05685,2250000,1500000
2017-02-23 13:29:42.802000,1.05693,1.05687,2710000,2700000
2017-02-23 13:29:42.904000,1.05693,1.05688,2960000,1000000
2017-02-23 13:29:43.770000,1.05693,1.05689,2880000,1000000
2017-02-23 13:29:44.209000,1.05691,1.05689,4500000,1500000
2017-02-23 13:29:44.311000,1.0569,1.05687,1870000,1000000
2017-02-23 13:29:44.413000,1.05689,1.05684,2170000,4500000
2017-02-23 13:29:44.922000,1.05689,1.05684,3550000,3370000
2017-02-23 13:29:45.510000,1.05687,1.05683,2170000,1500000
2017-02-23 13:29:46.045000,1.05687,1.05684,1000000,1160000
2017-02-23 13:29:46.554000,1.05684,1.0568,1500000,4870000
2017-02-23 13:29:46.902000,1.05686,1.05682,5250000,1000000
2017-02-23 13:29:47.118000,1.05684,1.05681,1000000,1000000
2017-02-23 13:29:47.625000,1.05681,1.05679,6090000,1500000
2017-02-23 13:29:47.930000,1.0568,1.05679,1000000,2250000
2017-02-23 13:29:48.321000,1.05704,1.05701,1000000,2250000
2017-02-23 13:29:48.372000,1.05707,1.05701,1800000,5250000
2017-02-23 13:29:48.889000,1.05707,1.05706,1120000,1000000
2017-02-23 13:29:48.940000,1.05709,1.05704,3000000,1500000
2017-02-23 13:29:49.042000,1.05709,1.05703,4120000,1870000
2017-02-23 13:29:49.144000,1.05707,1.05703,1120000,1870000
2017-02-23 13:29:49.378000,1.05707,1.05702,1370000,1870000
2017-02-23 13:29:50.286000,1.05706,1.05704,2620000,1000000
2017-02-23 13:29:50.621000,1.0571,1.05708,2620000,1000000
2017-02-23 13:29:50.859000,1.05718,1.05712,3750000,1870000
2017-02-23 13:29:51.319000,1.0572,1.05713,2250000,2250000
2017-02-23 13:29:51.421000,1.05717,1.05713,1000000,2250000
2017-02-23 13:29:51.836000,1.0572,1.05718,2620000,1120000
2017-02-23 13:29:51.940000,1.05721,1.05715,1000000,3370000
2017-02-23 13:29:52.144000,1.05719,1.05718,1000000,2250000
2017-02-23 13:29:52.348000,1.05721,1.0572,1000000,1870000
2017-02-23 13:29:53.104000,1.05724,1.05721,3750000,1120000
2017-02-23 13:29:53.163000,1.0573,1.05721,1000000,1000000
2017-02-23 13:29:53.417000,1.0573,1.05723,1870000,1000000
2017-02-23 13:29:54.156000,1.0573,1.05721,1120000,4120000
2017-02-23 13:29:54.697000,1.0573,1.05722,1120000,1000000
2017-02-23 13:29:55.133000,1.05727,1.05722,1500000,1000000
2017-02-23 13:29:55.337000,1.05726,1.05719,2250000,1000000
2017-02-23 13:29:55.592000,1.05726,1.05716,4050000,1000000
2017-02-23 13:29:55.694000,1.05719,1.05716,2250000,1000000
2017-02-23 13:29:55.847000,1.05717,1.05713,1120000,1000000
2017-02-23 13:29:55.950000,1.05717,1.05711,1120000,1000000
2017-02-23 13:29:56.052000,1.05717,1.05711,1370000,1000000
2017-02-23 13:29:56.103000,1.05718,1.05711,1870000,1000000
2017-02-23 13:29:56.643000,1.05718,1.05712,1870000,1000000
2017-02-23 13:29:57.118000,1.05716,1.05712,1000000,1000000
2017-02-23 13:29:57.424000,1.05713,1.0571,1120000,2250000
2017-02-23 13:29:57.987000,1.05713,1.0571,1120000,3670000
2017-02-23 13:29:58.360000,1.05717,1.05716,1000000,1500000
2017-02-23 13:29:58.516000,1.05718,1.05717,1500000,2170000
2017-02-23 13:29:58.569000,1.0572,1.05718,1000000,1670000
2017-02-23 13:29:58.672000,1.05725,1.0572,1370000,1590000
2017-02-23 13:29:58.724000,1.05725,1.05722,1370000,1670000
2017-02-23 13:29:59.095000,1.05722,1.0572,1370000,2170000
2017-02-23 13:29:59.147000,1.05722,1.05721,1120000,1000000
2017-02-23 13:29:59.352000,1.05717,1.05714,1000000,2250000
2017-02-23 13:29:59.456000,1.05711,1.0571,1120000,4500000
2017-02-23 13:29:59.507000,1.05715,1.05708,1370000,1000000
2017-02-23 13:29:59.559000,1.05718,1.05707,1000000,1120000
2017-02-23 13:29:59.611000,1.0572,1.05707,1000000,1420000
2017-02-23 13:29:59.841000,1.05711,1.05707,1000000,1420000
2017-02-23 13:29:59.893000,1.0572,1.05703,1000000,1050000
2017-02-23 13:30:00.199000,1.05719,1.05705,1000000,1500000
2017-02-23 13:30:00.431000,1.05718,1.05703,1000000,1000000
2017-02-23 13:30:00.533000,1.05716,1.05703,3000000,1000000
2017-02-23 13:30:00.838000,1.05708,1.05701,1120000,1000000
2017-02-23 13:30:01.536000,1.05708,1.05702,1120000,1000000
2017-02-23 13:30:01.588000,1.05711,1.05703,1370000,1000000
2017-02-23 13:30:01.849000,1.05711,1.05705,1370000,1000000
2017-02-23 13:30:02.001000,1.05711,1.05703,1370000,1500000
2017-02-23 13:30:02.153000,1.05708,1.05701,1120000,1000000
2017-02-23 13:30:02.664000,1.05712,1.05704,1000000,1500000
2017-02-23 13:30:03.071000,1.05704,1.05703,1000000,1000000
2017-02-23 13:30:03.122000,1.05703,1.057,2250000,1000000
2017-02-23 13:30:03.478000,1.05707,1.05699,1370000,1000000
2017-02-23 13:30:03.530000,1.05707,1.05701,1000000,1000000
2017-02-23 13:30:03.819000,1.05709,1.05701,1120000,1120000
2017-02-23 13:30:03.923000,1.05705,1.057,1000000,1870000
2017-02-23 13:30:04.130000,1.057,1.05694,1000000,1870000
2017-02-23 13:30:04.181000,1.057,1.05696,1000000,1120000
2017-02-23 13:30:04.385000,1.05705,1.05696,1120000,1370000
2017-02-23 13:30:04.886000,1.05705,1.05699,1000000,1870000
2017-02-23 13:30:05.396000,1.05705,1.057,1000000,1120000
2017-02-23 13:30:05.448000,1.05709,1.05702,2620000,1500000
2017-02-23 13:30:05.499000,1.05709,1.05704,1120000,1500000
2017-02-23 13:30:05.550000,1.05712,1.05704,1120000,2620000
2017-02-23 13:30:05.602000,1.05712,1.05705,1120000,1240000
2017-02-23 13:30:05.705000,1.05714,1.05706,2620000,1240000
2017-02-23 13:30:05.890000,1.05712,1.05705,1120000,4740000
2017-02-23 13:30:06.876000,1.05714,1.05706,2620000,4360000
2017-02-23 13:30:07.280000,1.05716,1.05709,1870000,1000000
2017-02-23 13:30:07.331000,1.05717,1.05713,1370000,1000000
2017-02-23 13:30:07.383000,1.05717,1.05713,1000000,1000000
2017-02-23 13:30:07.444000,1.05719,1.05713,1120000,1000000
2017-02-23 13:30:07.546000,1.05722,1.05714,3370000,1870000
2017-02-23 13:30:08.286000,1.05721,1.05714,1120000,1000000
2017-02-23 13:30:08.794000,1.05715,1.05713,1000000,1000000
2017-02-23 13:30:08.896000,1.05715,1.05711,1870000,1000000
2017-02-23 13:30:09.591000,1.05715,1.05712,1870000,1000000
2017-02-23 13:30:10.151000,1.05716,1.05715,1120000,8440000
2017-02-23 13:30:10.202000,1.05717,1.05715,1870000,5690000
2017-02-23 13:30:10.253000,1.05718,1.05715,1620000,2250000
2017-02-23 13:30:10.516000,1.05701,1.05699,4500000,2250000
2017-02-23 13:30:10.568000,1.05698,1.05697,6560000,2250000
2017-02-23 13:30:10.720000,1.05698,1.05693,7310000,2250000
2017-02-23 13:30:11.227000,1.05698,1.05694,6560000,1000000
2017-02-23 13:30:11.729000,1.05696,1.05694,1000000,1000000
2017-02-23 13:30:12.589000,1.05697,1.05694,2440000,1000000
2017-02-23 13:30:12.641000,1.05695,1.05693,2250000,1000000
2017-02-23 13:30:12.794000,1.05695,1.05692,3750000,1250000
2017-02-23 13:30:13.416000,1.05694,1.0569,1370000,3940000
2017-02-23 13:30:13.797000,1.05694,1.0569,1120000,1690000
2017-02-23 13:30:13.849000,1.05694,1.0569,1870000,1690000
2017-02-23 13:30:15.002000,1.05693,1.0569,2810000,1000000
2017-02-23 13:30:15.181000,1.05692,1.05688,1690000,1000000
2017-02-23 13:30:15.233000,1.0569,1.05688,2250000,1000000
2017-02-23 13:30:15.503000,1.05689,1.05685,1870000,1690000
2017-02-23 13:30:16.102000,1.05689,1.05685,1000000,4310000
2017-02-23 13:30:16.204000,1.05691,1.05686,1500000,1250000
2017-02-23 13:30:16.463000,1.0569,1.05685,2620000,3560000
2017-02-23 13:30:16.978000,1.05688,1.05686,1000000,1310000
2017-02-23 13:30:17.612000,1.0569,1.05686,6750000,1310000
2017-02-23 13:30:18.123000,1.05689,1.05686,1000000,1310000
2017-02-23 13:30:18.618000,1.0569,1.05688,1000000,1120000
2017-02-23 13:30:19.156000,1.05691,1.05688,3000000,1120000
2017-02-23 13:30:19.664000,1.0569,1.05688,1120000,1120000
2017-02-23 13:30:19.969000,1.05691,1.0569,1000000,1120000
2017-02-23 13:30:20.071000,1.05691,1.05688,1870000,1690000
2017-02-23 13:30:21.025000,1.05692,1.05687,1500000,3940000
2017-02-23 13:30:21.605000,1.05692,1.0569,1500000,1000000
2017-02-23 13:30:22.124000,1.05692,1.05689,1500000,1000000
2017-02-23 13:30:22.633000,1.05692,1.05687,1120000,5440000
2017-02-23 13:30:25.333000,1.05691,1.05688,2620000,1250000
2017-02-23 13:30:25.637000,1.05693,1.0569,1500000,2440000
2017-02-23 13:30:26.244000,1.05695,1.0569,4120000,4550000
2017-02-23 13:30:26.295000,1.05696,1.05691,4690000,2180000
2017-02-23 13:30:26.802000,1.05696,1.05693,2250000,1250000
2017-02-23 13:30:27.857000,1.05697,1.05694,2250000,3190000
2017-02-23 13:30:27.959000,1.05699,1.05694,6750000,9560000
2017-02-23 13:30:30.451000,1.05698,1.05696,1500000,1000000
2017-02-23 13:30:30.706000,1.05704,1.05702,1120000,1250000
2017-02-23 13:30:30.910000,1.05704,1.05703,1120000,1000000
2017-02-23 13:30:30.961000,1.05704,1.05698,1000000,10370000
2017-02-23 13:30:31.144000,1.05689,1.05688,1120000,1690000
2017-02-23 13:30:31.449000,1.05688,1.05685,1370000,4310000
2017-02-23 13:30:31.978000,1.05689,1.05687,1000000,5440000
2017-02-23 13:30:32.310000,1.05692,1.05689,1500000,3560000
2017-02-23 13:30:32.614000,1.05689,1.05688,1120000,1250000
2017-02-23 13:30:37.569000,1.05691,1.05689,4570000,1250000
2017-02-23 13:30:37.673000,1.05692,1.0569,1950000,1000000
2017-02-23 13:30:37.827000,1.05693,1.05692,1120000,1000000
2017-02-23 13:30:38.679000,1.05695,1.05693,1870000,4620000
2017-02-23 13:30:38.989000,1.05697,1.05696,2250000,1000000
2017-02-23 13:30:39.724000,1.05698,1.05697,2620000,2440000
2017-02-23 13:30:39.776000,1.05702,1.05699,9750000,3440000
2017-02-23 13:30:39.827000,1.05702,1.05701,1500000,1250000
2017-02-23 13:30:40.050000,1.05704,1.05702,1870000,2250000
2017-02-23 13:30:40.203000,1.05705,1.05703,1000000,2440000
2017-02-23 13:30:40.254000,1.05706,1.05704,3000000,1000000
2017-02-23 13:30:40.762000,1.05706,1.05704,1500000,1000000
2017-02-23 13:30:41.487000,1.05707,1.05704,4500000,2250000
2017-02-23 13:30:41.690000,1.0571,1.05709,4120000,2250000
2017-02-23 13:30:41.930000,1.05714,1.05712,1120000,1120000
2017-02-23 13:30:42.438000,1.05713,1.05711,1870000,1500000
2017-02-23 13:30:42.790000,1.05715,1.05714,1000000,3000000
2017-02-23 13:30:42.945000,1.05722,1.05719,1000000,3000000
2017-02-23 13:30:43.101000,1.05725,1.05722,7870000,4310000
2017-02-23 13:30:43.204000,1.05726,1.05725,3750000,1000000
2017-02-23 13:30:43.509000,1.05725,1.05722,6370000,1370000
2017-02-23 13:30:44.029000,1.05725,1.05722,8870000,1000000
2017-02-23 13:30:44.333000,1.05726,1.05723,2060000,2250000
2017-02-23 13:30:44.829000,1.05729,1.05728,2680000,1500000
2017-02-23 13:30:45.034000,1.05729,1.05726,8920000,1000000
2017-02-23 13:30:45.136000,1.0573,1.05728,6000000,4190000
2017-02-23 13:30:45.440000,1.0573,1.05727,1000000,2810000
2017-02-23 13:30:45.999000,1.05731,1.05729,2250000,1000000
2017-02-23 13:30:47.808000,1.05729,1.05728,1120000,3190000
2017-02-23 13:30:48.165000,1.05727,1.05726,1000000,1500000
2017-02-23 13:30:48.216000,1.05727,1.05725,1870000,5810000
2017-02-23 13:30:48.623000,1.0573,1.05728,6750000,3440000
2017-02-23 13:30:48.861000,1.05731,1.0573,1000000,1250000
2017-02-23 13:30:49.396000,1.05732,1.0573,1120000,1250000
2017-02-23 13:30:49.751000,1.05733,1.05731,2250000,1000000
2017-02-23 13:30:49.853000,1.05734,1.05731,3370000,2440000
2017-02-23 13:30:50.426000,1.05725,1.05724,1500000,22870001
2017-02-23 13:30:50.478000,1.05724,1.05723,1500000,1780000
2017-02-23 13:30:50.985000,1.05723,1.05722,1000000,3190000
2017-02-23 13:30:51.869000,1.05722,1.0572,1000000,1690000
2017-02-23 13:30:52.123000,1.0572,1.05719,1120000,1000000
2017-02-23 13:30:52.174000,1.0572,1.05718,1120000,1690000
2017-02-23 13:30:52.276000,1.05718,1.05716,1000000,2810000
2017-02-23 13:30:52.577000,1.05714,1.05713,1000000,8810000
2017-02-23 13:30:52.629000,1.05715,1.05713,1500000,6190000
2017-02-23 13:30:52.810000,1.05717,1.05714,1500000,1310000
2017-02-23 13:30:53.064000,1.05719,1.05717,3370000,1500000
2017-02-23 13:30:53.571000,1.05717,1.05716,1000000,1250000
2017-02-23 13:30:54.165000,1.05715,1.05713,5120000,8250000
2017-02-23 13:30:54.267000,1.05713,1.05711,1500000,3400000
2017-02-23 13:30:54.470000,1.05712,1.0571,1500000,4310000
2017-02-23 13:30:54.775000,1.05714,1.05712,1500000,3370000
2017-02-23 13:30:54.877000,1.05715,1.05714,1870000,1500000
2017-02-23 13:30:55.129000,1.05713,1.05711,1120000,3000000
2017-02-23 13:30:55.636000,1.05714,1.05712,2620000,1500000
2017-02-23 13:30:56.100000,1.05715,1.05714,2250000,1000000
2017-02-23 13:30:56.423000,1.05725,1.05724,27750000,1000000
2017-02-23 13:30:56.679000,1.05725,1.05724,2620000,1000000
2017-02-23 13:30:56.884000,1.05724,1.05722,1000000,9190000
2017-02-23 13:30:57.036000,1.05723,1.05721,1000000,1250000
2017-02-23 13:30:57.506000,1.05724,1.05722,1120000,2440000
2017-02-23 13:30:57.714000,1.05726,1.05724,1000000,3190000
2017-02-23 13:30:57.819000,1.0573,1.05728,16500000,1000000
2017-02-23 13:30:58.075000,1.05724,1.05721,1120000,3560000
2017-02-23 13:30:58.430000,1.05725,1.05723,6750000,1310000
2017-02-23 13:30:58.616000,1.05728,1.05725,6750000,1120000
2017-02-23 13:30:58.973000,1.05726,1.05724,2250000,1310000
2017-02-23 13:30:59.505000,1.05727,1.05724,1000000,2810000
2017-02-23 13:31:00.014000,1.05728,1.05725,1000000,1870000
2017-02-23 13:31:00.318000,1.05729,1.05727,1500000,1690000
2017-02-23 13:31:01.187000,1.05734,1.05732,18370001,1310000
2017-02-23 13:31:01.239000,1.05734,1.05732,1120000,2440000
2017-02-23 13:31:01.290000,1.05736,1.05733,10120000,1310000
2017-02-23 13:31:01.341000,1.0573,1.05729,7500000,3750000
2017-02-23 13:31:01.392000,1.05732,1.0573,15410000,2500000
2017-02-23 13:31:01.444000,1.05728,1.05726,16690001,1000000
2017-02-23 13:31:01.495000,1.05725,1.05724,2250000,1310000
2017-02-23 13:31:01.699000,1.0573,1.05729,3000000,1000000
2017-02-23 13:31:01.801000,1.05731,1.05729,3000000,1000000
2017-02-23 13:31:01.999000,1.05736,1.05735,1350000,1250000
2017-02-23 13:31:02.319000,1.05742,1.0574,2620000,1000000
2017-02-23 13:31:02.421000,1.05743,1.05742,2250000,1690000
2017-02-23 13:31:02.766000,1.05745,1.05744,3000000,2060000
2017-02-23 13:31:03.339000,1.05748,1.05745,2620000,2440000
2017-02-23 13:31:03.543000,1.05746,1.05744,1250000,1000000
2017-02-23 13:31:03.848000,1.05743,1.05741,1250000,1000000
2017-02-23 13:31:04.213000,1.05742,1.05741,1500000,3370000
2017-02-23 13:31:04.265000,1.05747,1.05744,2440000,1120000
2017-02-23 13:31:04.317000,1.05747,1.05744,2060000,1000000
2017-02-23 13:31:04.817000,1.05745,1.05743,1000000,1690000
2017-02-23 13:31:05.363000,1.05747,1.05745,1250000,1120000
2017-02-23 13:31:05.466000,1.05745,1.05743,1000000,10050000
2017-02-23 13:31:05.721000,1.05741,1.05739,1500000,1870000
2017-02-23 13:31:05.925000,1.05742,1.05741,2620000,1000000
2017-02-23 13:31:06.028000,1.05743,1.05741,1000000,1000000
2017-02-23 13:31:06.231000,1.05745,1.05742,4870000,5060000
2017-02-23 13:31:06.728000,1.05748,1.05746,3560000,2500000
2017-02-23 13:31:07.035000,1.05755,1.05754,2720000,6190000
2017-02-23 13:31:07.137000,1.05758,1.05757,1500000,6000000
2017-02-23 13:31:07.378000,1.05761,1.0576,1870000,1050000
2017-02-23 13:31:07.685000,1.05764,1.05763,4500000,1000000
2017-02-23 13:31:08.205000,1.05764,1.05763,3190000,1000000
2017-02-23 13:31:08.312000,1.05766,1.05763,4500000,1990000
2017-02-23 13:31:08.516000,1.05766,1.05765,1000000,1000000
2017-02-23 13:31:08.671000,1.05764,1.05763,1250000,1120000
2017-02-23 13:31:08.923000,1.05764,1.05761,1250000,2370000
2017-02-23 13:31:08.974000,1.05762,1.0576,3000000,1420000
2017-02-23 13:31:09.127000,1.05756,1.05755,2620000,3750000
2017-02-23 13:31:09.179000,1.05755,1.05754,4310000,4870000
2017-02-23 13:31:09.388000,1.05751,1.05749,2060000,3000000
2017-02-23 13:31:09.492000,1.05749,1.05748,1000000,4500000
2017-02-23 13:31:09.823000,1.05754,1.05752,3190000,1500000
2017-02-23 13:31:10.924000,1.05754,1.05751,4690000,1120000
2017-02-23 13:31:11.479000,1.05754,1.05752,11060000,1000000
2017-02-23 13:31:11.787000,1.0576,1.05758,7690000,1370000
2017-02-23 13:31:12.076000,1.05756,1.05755,1000000,1500000
2017-02-23 13:31:12.128000,1.05755,1.05753,3000000,1500000
2017-02-23 13:31:12.230000,1.05756,1.05752,5810000,3190000
2017-02-23 13:31:12.584000,1.05752,1.0575,1500000,4870000
2017-02-23 13:31:12.889000,1.05741,1.0574,1870000,1500000
2017-02-23 13:31:13.234000,1.05744,1.05743,2250000,1500000
2017-02-23 13:31:13.507000,1.05748,1.05745,3190000,3750000
2017-02-23 13:31:13.558000,1.05748,1.05747,1870000,1500000
2017-02-23 13:31:13.660000,1.0575,1.05749,2250000,1000000
2017-02-23 13:31:14.200000,1.05752,1.0575,2440000,1500000
2017-02-23 13:31:14.759000,1.05751,1.0575,1120000,3750000
2017-02-23 13:31:14.861000,1.05753,1.05752,2250000,1000000
2017-02-23 13:31:15.907000,1.05752,1.05751,1000000,3750000
2017-02-23 13:31:16.214000,1.0575,1.05748,5060000,2620000
2017-02-23 13:31:16.265000,1.05748,1.05747,1500000,1000000
2017-02-23 13:31:16.367000,1.05748,1.05747,1000000,1000000
2017-02-23 13:31:16.868000,1.05748,1.05746,1000000,1500000
2017-02-23 13:31:16.974000,1.05743,1.05741,1500000,9190000
2017-02-23 13:31:17.285000,1.05742,1.05739,21559999,2500000
2017-02-23 13:31:17.389000,1.05738,1.05737,1500000,1000000
2017-02-23 13:31:17.442000,1.05738,1.05737,1000000,1000000
2017-02-23 13:31:17.702000,1.05739,1.05738,1000000,4500000
2017-02-23 13:31:18.011000,1.05741,1.0574,1000000,1500000
2017-02-23 13:31:18.063000,1.05744,1.05742,4120000,2500000
2017-02-23 13:31:18.114000,1.05745,1.05743,1370000,1000000
2017-02-23 13:31:18.268000,1.05746,1.05744,2060000,1000000
2017-02-23 13:31:18.813000,1.05745,1.05744,2250000,1000000
2017-02-23 13:31:18.978000,1.05744,1.05742,1310000,6000000
2017-02-23 13:31:19.485000,1.05743,1.05742,1250000,1000000
2017-02-23 13:31:20.030000,1.05743,1.05741,1690000,1120000
2017-02-23 13:31:20.184000,1.05742,1.05739,2250000,4310000
2017-02-23 13:31:20.689000,1.05741,1.05739,1500000,3190000
2017-02-23 13:31:21.251000,1.05742,1.0574,1500000,1870000
2017-02-23 13:31:21.759000,1.05743,1.05741,1690000,1000000
2017-02-23 13:31:22.416000,1.05743,1.0574,1690000,1120000
2017-02-23 13:31:22.777000,1.05739,1.05737,1000000,16309999
2017-02-23 13:31:23.080000,1.05734,1.05732,3940000,1120000
2017-02-23 13:31:23.385000,1.05731,1.0573,2250000,1500000
2017-02-23 13:31:23.692000,1.05726,1.05724,5440000,1500000
2017-02-23 13:31:24.082000,1.05728,1.05727,1000000,3000000
2017-02-23 13:31:25.342000,1.05729,1.05728,1000000,3000000
2017-02-23 13:31:25.394000,1.05731,1.05728,1120000,3000000
2017-02-23 13:31:25.446000,1.0573,1.05729,4500000,1120000
2017-02-23 13:31:25.549000,1.05731,1.05728,3000000,1000000
2017-02-23 13:31:26.082000,1.05729,1.05726,1120000,2680000
2017-02-23 13:31:26.238000,1.05731,1.05729,1500000,1870000
2017-02-23 13:31:26.289000,1.05731,1.05729,1000000,4120000
2017-02-23 13:31:26.832000,1.05732,1.0573,1000000,1000000
2017-02-23 13:31:27.340000,1.05734,1.05731,1500000,3560000
2017-02-23 13:31:27.543000,1.05734,1.05731,1000000,1620000
2017-02-23 13:31:28.064000,1.05735,1.05732,2250000,1500000
2017-02-23 13:31:28.928000,1.05736,1.05733,5810000,1000000
2017-02-23 13:31:29.131000,1.05737,1.05734,1500000,1690000
2017-02-23 13:31:30.874000,1.05735,1.05734,1000000,2440000
2017-02-23 13:31:31.179000,1.05729,1.05725,5250000,3610000
2017-02-23 13:31:31.397000,1.05727,1.05725,1000000,1000000
2017-02-23 13:31:31.902000,1.05726,1.05723,1120000,5060000
2017-02-23 13:31:33.573000,1.05729,1.05728,10500000,4310000
2017-02-23 13:31:33.676000,1.05731,1.05728,3370000,11440000
2017-02-23 13:31:34.186000,1.05732,1.05729,1870000,2250000
2017-02-23 13:31:35.735000,1.05731,1.05729,1000000,1000000
2017-02-23 13:31:36.370000,1.05724,1.05721,1120000,41619999
2017-02-23 13:31:36.421000,1.0572,1.05719,10500000,2250000
2017-02-23 13:31:36.472000,1.05719,1.05718,1000000,1250000
2017-02-23 13:31:36.979000,1.05719,1.05717,2250000,1250000
2017-02-23 13:31:37.131000,1.05718,1.05716,1120000,1000000
2017-02-23 13:31:37.744000,1.05718,1.05715,1870000,3940000
2017-02-23 13:31:37.896000,1.05721,1.05719,4870000,1000000
2017-02-23 13:31:38.201000,1.0572,1.05719,1500000,1000000
2017-02-23 13:31:38.303000,1.05719,1.05717,1500000,2810000
2017-02-23 13:31:39.305000,1.0572,1.05718,8620000,1000000
2017-02-23 13:31:39.659000,1.05721,1.05719,4500000,1870000
2017-02-23 13:31:39.711000,1.05722,1.05721,2250000,1000000
2017-02-23 13:31:40.226000,1.05723,1.05722,1000000,1000000
2017-02-23 13:31:40.773000,1.05724,1.05723,1000000,1000000
2017-02-23 13:31:41.332000,1.05725,1.05723,9750000,1000000
2017-02-23 13:31:42.079000,1.05725,1.05724,6000000,1250000
2017-02-23 13:31:42.234000,1.05728,1.05725,2250000,2250000
2017-02-23 13:31:42.438000,1.05729,1.05726,1120000,3940000
2017-02-23 13:31:42.846000,1.05731,1.05729,6370000,1000000
2017-02-23 13:31:43.169000,1.05739,1.05737,3370000,1370000
2017-02-23 13:31:43.406000,1.05739,1.05737,1870000,1000000
2017-02-23 13:31:43.769000,1.05736,1.05735,5250000,3750000
2017-02-23 13:31:43.820000,1.05734,1.05732,1500000,3560000
2017-02-23 13:31:44.330000,1.05734,1.05732,1870000,2440000
2017-02-23 13:31:45.750000,1.05734,1.05732,1870000,1620000
2017-02-23 13:31:48.402000,1.05734,1.05732,1870000,1160000
2017-02-23 13:31:48.454000,1.05733,1.05731,3750000,2250000
2017-02-23 13:31:48.822000,1.0573,1.05729,4120000,6370000
2017-02-23 13:31:48.924000,1.0573,1.05728,6250000,4690000
2017-02-23 13:31:49.431000,1.05731,1.05729,15840000,1000000
2017-02-23 13:31:49.953000,1.05728,1.05727,1000000,5810000
2017-02-23 13:31:50.105000,1.05727,1.05726,1000000,6560000
2017-02-23 13:31:50.512000,1.05729,1.05727,1120000,1000000
2017-02-23 13:31:50.869000,1.0573,1.05729,5250000,1500000
2017-02-23 13:31:51.189000,1.05734,1.05732,1370000,1500000
2017-02-23 13:31:51.696000,1.05734,1.05732,5240000,1500000
2017-02-23 13:31:51.798000,1.05734,1.0573,5620000,6190000
2017-02-23 13:31:53.290000,1.05734,1.05732,1870000,1500000
2017-02-23 13:31:53.341000,1.05736,1.05734,5620000,3500000
2017-02-23 13:31:53.444000,1.05737,1.05736,1000000,1000000
2017-02-23 13:31:54.507000,1.05738,1.05737,1870000,1000000
2017-02-23 13:31:54.609000,1.05739,1.05737,1310000,1000000
2017-02-23 13:31:55.120000,1.05738,1.05737,1000000,1500000
2017-02-23 13:31:56.082000,1.05739,1.05738,1500000,2250000
2017-02-23 13:31:56.234000,1.0574,1.05737,6000000,5440000
2017-02-23 13:31:56.750000,1.05739,1.05737,1500000,3940000
2017-02-23 13:31:57.285000,1.05738,1.05737,1000000,4690000
2017-02-23 13:31:57.615000,1.0574,1.05737,10500000,4690000
2017-02-23 13:31:57.666000,1.0574,1.05739,3370000,1000000
2017-02-23 13:31:58.446000,1.05741,1.05739,5250000,4310000
2017-02-23 13:31:58.757000,1.05746,1.05744,12940000,1120000
2017-02-23 13:31:58.809000,1.05741,1.0574,1500000,2620000
2017-02-23 13:31:59.226000,1.0574,1.05738,4000000,4690000
2017-02-23 13:31:59.633000,1.05741,1.05739,2250000,3190000
2017-02-23 13:32:00.480000,1.05741,1.05739,3000000,5060000
2017-02-23 13:32:01.574000,1.05741,1.0574,1000000,3000000
2017-02-23 13:32:01.726000,1.05743,1.05742,1500000,1870000
2017-02-23 13:32:03.007000,1.05741,1.05739,1500000,10230000
2017-02-23 13:32:03.146000,1.05738,1.05737,1000000,2440000
2017-02-23 13:32:03.197000,1.05739,1.05737,1870000,1250000
2017-02-23 13:32:03.249000,1.05738,1.05736,2870000,5810000
2017-02-23 13:32:03.405000,1.05732,1.05731,1000000,3190000
2017-02-23 13:32:03.618000,1.0573,1.05728,3000000,3000000
2017-02-23 13:32:03.872000,1.05729,1.05727,1000000,5060000
2017-02-23 13:32:04.379000,1.05728,1.05727,1120000,2440000
2017-02-23 13:32:05.737000,1.05728,1.05726,3370000,3750000
2017-02-23 13:32:06.575000,1.05728,1.05727,3370000,1500000
2017-02-23 13:32:07.097000,1.05728,1.05727,2620000,1500000
2017-02-23 13:32:07.631000,1.05728,1.05726,4120000,3370000
2017-02-23 13:32:08.141000,1.05728,1.05726,1120000,3000000
2017-02-23 13:32:09.210000,1.05728,1.05726,1370000,3840000
2017-02-23 13:32:09.312000,1.05726,1.05725,3750000,4870000
2017-02-23 13:32:09.465000,1.05721,1.0572,1000000,4690000
2017-02-23 13:32:09.567000,1.05721,1.05719,4120000,4690000
2017-02-23 13:32:10.024000,1.05719,1.05718,1120000,2440000
2017-02-23 13:32:10.280000,1.0572,1.05719,1000000,1870000
2017-02-23 13:32:10.484000,1.05722,1.0572,8920000,1000000
2017-02-23 13:32:10.586000,1.0572,1.05719,1000000,1000000
2017-02-23 13:32:11.094000,1.05719,1.05718,1150000,2810000
2017-02-23 13:32:11.470000,1.05724,1.05722,8740000,2990000
2017-02-23 13:32:11.543000,1.05729,1.05727,1000000,3750000
2017-02-23 13:32:11.645000,1.0573,1.05728,5250000,2440000
2017-02-23 13:32:11.696000,1.0573,1.05729,3750000,1250000
2017-02-23 13:32:12.867000,1.05728,1.05726,3000000,2060000
2017-02-23 13:32:13.071000,1.05728,1.05726,3000000,2440000
2017-02-23 13:32:13.579000,1.05728,1.05726,1870000,6190000
2017-02-23 13:32:14.109000,1.05727,1.05726,1000000,6190000
2017-02-23 13:32:14.619000,1.05728,1.05726,1870000,6190000
2017-02-23 13:32:14.721000,1.05729,1.05728,3000000,5060000
2017-02-23 13:32:14.772000,1.0573,1.05729,1500000,1000000
2017-02-23 13:32:14.954000,1.05732,1.0573,7660000,5440000
2017-02-23 13:32:15.442000,1.05733,1.05731,1870000,1250000
2017-02-23 13:32:15.647000,1.05732,1.0573,1870000,6190000
2017-02-23 13:32:16.173000,1.05732,1.05731,1000000,1690000
2017-02-23 13:32:16.668000,1.0573,1.05729,3000000,2440000
2017-02-23 13:32:16.719000,1.0573,1.05728,5250000,6940000
2017-02-23 13:32:16.821000,1.05729,1.05727,6250000,4500000
2017-02-23 13:32:17.329000,1.05729,1.05727,5620000,1120000
2017-02-23 13:32:18.286000,1.05729,1.05728,3370000,1000000
2017-02-23 13:32:18.607000,1.0573,1.05729,3000000,3940000
2017-02-23 13:32:18.709000,1.05733,1.05731,1500000,2810000
2017-02-23 13:32:20.229000,1.05734,1.05731,2250000,4690000
2017-02-23 13:32:20.331000,1.05734,1.05732,2250000,2620000
2017-02-23 13:32:20.636000,1.05737,1.05736,3370000,1120000
2017-02-23 13:32:21.021000,1.05738,1.05735,4500000,7690000
2017-02-23 13:32:21.562000,1.05738,1.05735,3000000,8060000
2017-02-23 13:32:21.986000,1.0574,1.05738,12380000,3250000
2017-02-23 13:32:22.517000,1.0574,1.05739,2620000,1000000
2017-02-23 13:32:22.924000,1.05742,1.05741,1870000,2440000
2017-02-23 13:32:23.229000,1.0574,1.05739,1120000,4500000
2017-02-23 13:32:23.704000,1.05729,1.05728,1120000,5810000
2017-02-23 13:32:23.806000,1.05729,1.05728,1120000,1690000
2017-02-23 13:32:24.897000,1.05727,1.05726,1500000,6370000
2017-02-23 13:32:25.049000,1.05727,1.05725,1120000,1690000
2017-02-23 13:32:25.558000,1.05728,1.05726,3750000,1500000
2017-02-23 13:32:25.889000,1.05726,1.05725,1000000,1930000
2017-02-23 13:32:26.396000,1.05728,1.05726,7120000,1620000
2017-02-23 13:32:27.074000,1.05724,1.05723,2620000,8440000
2017-02-23 13:32:27.278000,1.05724,1.05723,3750000,2440000
2017-02-23 13:32:27.804000,1.05723,1.05721,1000000,3940000
2017-02-23 13:32:28.109000,1.05722,1.05721,1000000,2440000
2017-02-23 13:32:31.492000,1.05723,1.05721,5250000,1250000
2017-02-23 13:32:32.043000,1.05722,1.05721,1000000,1250000
2017-02-23 13:32:32.784000,1.05721,1.0572,3000000,4500000
2017-02-23 13:32:33.320000,1.05722,1.0572,1500000,4500000
2017-02-23 13:32:33.726000,1.05724,1.05721,1870000,3940000
2017-02-23 13:32:33.778000,1.05724,1.05723,1500000,7310000
2017-02-23 13:32:34.022000,1.05729,1.05726,2810000,4500000
2017-02-23 13:32:34.537000,1.05729,1.05727,2530000,1000000
2017-02-23 13:32:43.532000,1.05724,1.05722,3000000,6370000
2017-02-23 13:32:43.583000,1.05721,1.05719,5500000,3560000
2017-02-23 13:32:43.685000,1.05719,1.05717,12000000,1000000
2017-02-23 13:32:43.736000,1.05717,1.05716,1000000,8060000
2017-02-23 13:32:44.496000,1.05718,1.05716,1500000,1690000
2017-02-23 13:32:44.835000,1.05719,1.05718,1000000,2250000
2017-02-23 13:32:45.353000,1.0572,1.05718,1690000,1500000
2017-02-23 13:32:45.759000,1.05721,1.0572,4500000,1000000
2017-02-23 13:32:46.012000,1.05723,1.05721,1000000,4120000
2017-02-23 13:32:46.487000,1.05725,1.05724,4870000,1690000
2017-02-23 13:32:46.589000,1.05726,1.05724,4500000,1690000
2017-02-23 13:32:47.101000,1.05725,1.05724,6750000,1250000
2017-02-23 13:32:49.555000,1.05724,1.05723,3000000,1500000
2017-02-23 13:32:49.657000,1.05723,1.05721,1000000,6560000
2017-02-23 13:32:50.171000,1.05724,1.05721,5620000,6560000
2017-02-23 13:32:50.478000,1.05722,1.05721,1000000,6560000
2017-02-23 13:32:51.132000,1.05723,1.05721,1000000,6560000
2017-02-23 13:32:51.626000,1.05721,1.05719,9000000,5440000
2017-02-23 13:32:52.150000,1.0572,1.05719,10120000,1690000
2017-02-23 13:32:52.663000,1.05719,1.05718,1000000,1690000
2017-02-23 13:32:54.913000,1.05719,1.05717,4370000,4690000
2017-02-23 13:32:55.217000,1.05717,1.05716,1500000,4690000
2017-02-23 13:32:55.524000,1.05716,1.05715,1000000,1000000
2017-02-23 13:32:56.063000,1.05715,1.05714,5250000,1690000
2017-02-23 13:32:56.368000,1.05715,1.05712,7500000,5060000
2017-02-23 13:32:56.672000,1.05712,1.05711,1000000,3000000
2017-02-23 13:32:57.028000,1.0571,1.05709,2250000,1120000
2017-02-23 13:32:57.340000,1.05704,1.05703,1000000,3940000
2017-02-23 13:32:57.699000,1.05701,1.057,1500000,9000000
2017-02-23 13:32:57.801000,1.05701,1.05699,5250000,3190000
2017-02-23 13:32:58.071000,1.05699,1.05698,1500000,2250000
2017-02-23 13:32:58.611000,1.05698,1.05697,3000000,1250000
2017-02-23 13:32:59.357000,1.05699,1.05697,1500000,1690000
2017-02-23 13:32:59.688000,1.057,1.05698,12750000,1000000
2017-02-23 13:32:59.740000,1.05701,1.057,2250000,2250000
2017-02-23 13:32:59.845000,1.05705,1.05703,13050000,1000000
2017-02-23 13:32:59.948000,1.05705,1.05703,6300000,2250000
2017-02-23 13:33:00.050000,1.05706,1.05704,5620000,2810000
2017-02-23 13:33:00.204000,1.05708,1.05706,2250000,2440000
2017-02-23 13:33:00.738000,1.05706,1.05705,1100000,3190000
2017-02-23 13:33:01.145000,1.05708,1.05707,1000000,1000000
2017-02-23 13:33:01.676000,1.05709,1.05708,1200000,1500000
2017-02-23 13:33:01.994000,1.05711,1.0571,2250000,1500000
2017-02-23 13:33:02.575000,1.05711,1.05709,2570000,4120000
2017-02-23 13:33:03.109000,1.0571,1.05708,4370000,5060000
2017-02-23 13:33:03.610000,1.05709,1.05707,1570000,4690000
2017-02-23 13:33:05.901000,1.05707,1.05706,1000000,1500000
2017-02-23 13:33:06.446000,1.05708,1.05706,4120000,1000000
2017-02-23 13:33:06.962000,1.05708,1.05706,4950000,1000000
2017-02-23 13:33:08.998000,1.05707,1.05705,1140000,5250000
2017-02-23 13:33:09.537000,1.05707,1.05705,1100000,4570000
2017-02-23 13:33:09.744000,1.05709,1.05708,1000000,2620000
2017-02-23 13:33:09.898000,1.05711,1.0571,3640000,2250000
2017-02-23 13:33:10.906000,1.0571,1.05709,1250000,3750000
2017-02-23 13:33:11.465000,1.05711,1.0571,3560000,2250000
2017-02-23 13:33:11.973000,1.05711,1.0571,2440000,1570000
2017-02-23 13:33:12.569000,1.05711,1.05709,2440000,4200000
2017-02-23 13:33:13.325000,1.05711,1.05709,2440000,3450000
2017-02-23 13:33:13.378000,1.0571,1.05708,1000000,8700000
2017-02-23 13:33:13.637000,1.05708,1.05707,1250000,1500000
2017-02-23 13:33:14.620000,1.05711,1.0571,2810000,1500000
2017-02-23 13:33:15.909000,1.05711,1.05709,2440000,3370000
2017-02-23 13:33:16.422000,1.05711,1.0571,2440000,1000000
2017-02-23 13:33:16.875000,1.0571,1.05709,2250000,1120000
2017-02-23 13:33:16.979000,1.05709,1.05707,1000000,4120000
2017-02-23 13:33:17.496000,1.05709,1.05707,1120000,2250000
2017-02-23 13:33:18.452000,1.05709,1.05706,1120000,3000000
2017-02-23 13:33:18.885000,1.05707,1.05706,1000000,1500000
2017-02-23 13:33:19.394000,1.05708,1.05706,1120000,3000000
2017-02-23 13:33:19.939000,1.05709,1.05707,4310000,3750000
2017-02-23 13:33:20.690000,1.05709,1.05708,4120000,1500000
2017-02-23 13:33:20.844000,1.05713,1.05711,6190000,2120000
2017-02-23 13:33:21.352000,1.05714,1.05712,6560000,1000000
2017-02-23 13:33:21.860000,1.05713,1.05711,4690000,1500000
2017-02-23 13:33:22.673000,1.05714,1.05712,4690000,1500000
2017-02-23 13:33:22.775000,1.05714,1.05713,3750000,1500000
2017-02-23 13:33:23.075000,1.0572,1.05718,1250000,1500000
2017-02-23 13:33:23.536000,1.05722,1.05721,3940000,1000000
2017-02-23 13:33:23.641000,1.05723,1.05721,1120000,1690000
2017-02-23 13:33:24.038000,1.05725,1.05723,1120000,3000000
2017-02-23 13:33:24.387000,1.05729,1.05727,2060000,1000000
2017-02-23 13:33:24.900000,1.0573,1.05728,4310000,1500000
2017-02-23 13:33:29.129000,1.0573,1.05729,2250000,1500000
2017-02-23 13:33:29.231000,1.05731,1.0573,2250000,1000000
2017-02-23 13:33:29.464000,1.0573,1.05728,1690000,8250000
2017-02-23 13:33:29.517000,1.0573,1.05727,13690000,1620000
2017-02-23 13:33:30.252000,1.05731,1.05729,4870000,1000000
2017-02-23 13:33:30.404000,1.05732,1.05731,5620000,1000000
2017-02-23 13:33:30.721000,1.05734,1.05731,3940000,4500000
2017-02-23 13:33:31.416000,1.05734,1.05732,2440000,3370000
2017-02-23 13:33:31.467000,1.05736,1.05734,2060000,1870000
2017-02-23 13:33:31.619000,1.05737,1.05736,1120000,1000000
2017-02-23 13:33:32.132000,1.05738,1.05736,3190000,1500000
2017-02-23 13:33:33.338000,1.05739,1.05736,3190000,6000000
2017-02-23 13:33:40.992000,1.05741,1.05739,11940000,1000000
2017-02-23 13:33:41.145000,1.05742,1.05741,1000000,1000000
2017-02-23 13:33:41.695000,1.05742,1.0574,2250000,1500000
2017-02-23 13:33:42.045000,1.05743,1.05742,1000000,2250000
2017-02-23 13:33:42.554000,1.05745,1.05742,16870001,3000000
2017-02-23 13:33:43.061000,1.05745,1.05741,15090000,3940000
2017-02-23 13:33:43.598000,1.05745,1.05742,15340000,2250000
2017-02-23 13:33:45.899000,1.05744,1.05742,1000000,3120000
2017-02-23 13:33:46.488000,1.05744,1.05742,1000000,3120000
2017-02-23 13:33:46.996000,1.05744,1.05743,1000000,1000000
2017-02-23 13:33:47.331000,1.05738,1.05737,6750000,1120000
2017-02-23 13:33:47.433000,1.05735,1.05733,6000000,1870000
2017-02-23 13:33:47.890000,1.05733,1.05732,1250000,3000000
2017-02-23 13:33:48.215000,1.0573,1.05729,1000000,1000000
2017-02-23 13:33:48.368000,1.05732,1.0573,1120000,1610000
2017-02-23 13:33:48.471000,1.05734,1.05732,3940000,1000000
2017-02-23 13:33:48.822000,1.05735,1.05734,1000000,1250000
2017-02-23 13:33:48.974000,1.05737,1.05734,1500000,2440000
2017-02-23 13:33:49.076000,1.05738,1.05736,1690000,1000000
2017-02-23 13:33:50.679000,1.0574,1.05737,5810000,1000000
2017-02-23 13:33:51.014000,1.05742,1.0574,4310000,1000000
2017-02-23 13:33:51.318000,1.05738,1.05737,1500000,6150000
2017-02-23 13:33:51.521000,1.05734,1.05732,4310000,1870000
2017-02-23 13:33:51.623000,1.05733,1.05731,2060000,1120000
2017-02-23 13:33:52.157000,1.05733,1.05732,3190000,1000000
2017-02-23 13:33:52.309000,1.0573,1.05729,1120000,6040000
2017-02-23 13:33:52.613000,1.05729,1.05728,3190000,1620000
2017-02-23 13:33:52.868000,1.05731,1.05729,2250000,1870000
2017-02-23 13:33:53.211000,1.0573,1.05728,1000000,3120000
2017-02-23 13:33:53.754000,1.05729,1.05727,5440000,1250000
2017-02-23 13:33:55.246000,1.0573,1.05728,6940000,4120000
2017-02-23 13:33:55.603000,1.05725,1.05724,1000000,15530000
2017-02-23 13:33:55.991000,1.05721,1.0572,2620000,1000000
2017-02-23 13:33:56.049000,1.05721,1.0572,1000000,1000000
2017-02-23 13:33:56.563000,1.05722,1.0572,2440000,1500000
2017-02-23 13:33:57.089000,1.05722,1.05721,1250000,1000000
2017-02-23 13:33:57.441000,1.05724,1.05723,1120000,2250000
2017-02-23 13:33:57.492000,1.05727,1.05725,1620000,3000000
2017-02-23 13:33:57.544000,1.05728,1.05725,5810000,3750000
2017-02-23 13:33:58.086000,1.05728,1.05726,3940000,1870000
2017-02-23 13:33:58.537000,1.05729,1.05726,3190000,4120000
2017-02-23 13:33:59.146000,1.05729,1.05727,2810000,1000000
2017-02-23 13:33:59.653000,1.05728,1.05726,1500000,1870000
2017-02-23 13:34:00.165000,1.05729,1.05726,4310000,2620000
2017-02-23 13:34:00.697000,1.05729,1.05726,4310000,3370000
2017-02-23 13:34:01.149000,1.05734,1.05732,32439999,2120000
2017-02-23 13:34:01.251000,1.05735,1.05733,15560000,2870000
2017-02-23 13:34:01.353000,1.05734,1.05732,1000000,11060000
2017-02-23 13:34:01.454000,1.05737,1.05734,4690000,3000000
2017-02-23 13:34:02.196000,1.05738,1.05735,3000000,1120000
2017-02-23 13:34:02.536000,1.05739,1.05737,4120000,3250000
2017-02-23 13:34:02.828000,1.0574,1.05739,6190000,1500000
2017-02-23 13:34:03.566000,1.05741,1.05739,9190000,2500000
2017-02-23 13:34:03.769000,1.05743,1.05741,2060000,1000000
2017-02-23 13:34:03.973000,1.05745,1.05743,7690000,1000000
2017-02-23 13:34:04.075000,1.05746,1.05744,1370000,3000000
2017-02-23 13:34:04.264000,1.05747,1.05746,1690000,1120000
2017-02-23 13:34:04.772000,1.05748,1.05746,1190000,2620000
2017-02-23 13:34:05.284000,1.05748,1.05747,1250000,1500000
2017-02-23 13:34:05.826000,1.05745,1.05744,3190000,2620000
2017-02-23 13:34:05.979000,1.05739,1.05737,1000000,8620000
2017-02-23 13:34:06.183000,1.05737,1.05735,1500000,10120000
2017-02-23 13:34:06.234000,1.05736,1.05735,3000000,6370000
2017-02-23 13:34:06.285000,1.05736,1.05735,10310000,1000000
2017-02-23 13:34:06.488000,1.05734,1.05732,2620000,1120000
2017-02-23 13:34:06.945000,1.05732,1.0573,1000000,2810000
2017-02-23 13:34:07.148000,1.0573,1.05729,1500000,1120000
2017-02-23 13:34:07.658000,1.0573,1.05729,1120000,3750000
2017-02-23 13:34:08.032000,1.05733,1.05731,2810000,1000000
2017-02-23 13:34:08.236000,1.05734,1.05731,5060000,1000000
2017-02-23 13:34:08.439000,1.05735,1.05733,5060000,1000000
2017-02-23 13:34:08.976000,1.05734,1.05732,1250000,1500000
2017-02-23 13:34:09.484000,1.05735,1.05733,12190000,1000000
2017-02-23 13:34:10.061000,1.05735,1.05734,3190000,1000000
2017-02-23 13:34:10.569000,1.05735,1.05734,1000000,1000000
2017-02-23 13:34:11.174000,1.05736,1.05734,1870000,1000000
2017-02-23 13:34:15.995000,1.05737,1.05735,2440000,4750000
2017-02-23 13:34:16.198000,1.05738,1.05736,1120000,1500000
2017-02-23 13:34:16.300000,1.0574,1.05738,6940000,1000000
2017-02-23 13:34:17.775000,1.05739,1.05737,2810000,1000000
2017-02-23 13:34:18.071000,1.05736,1.05733,1000000,4220000
2017-02-23 13:34:18.579000,1.05737,1.05733,3560000,3090000
2017-02-23 13:34:19.155000,1.05737,1.05734,3560000,2720000
2017-02-23 13:34:19.662000,1.05737,1.05736,2440000,1000000
2017-02-23 13:34:20.469000,1.05735,1.05734,5060000,3000000
2017-02-23 13:34:20.773000,1.05734,1.05732,2060000,1500000
2017-02-23 13:34:22.034000,1.05731,1.0573,4500000,6000000
2017-02-23 13:34:22.481000,1.05734,1.05731,3370000,1000000
2017-02-23 13:34:23.275000,1.05732,1.05731,1310000,1000000
2017-02-23 13:34:23.326000,1.0573,1.05729,4310000,3000000
2017-02-23 13:34:23.524000,1.0573,1.05727,8060000,1120000
2017-02-23 13:34:24.037000,1.0573,1.05727,5440000,1120000
2017-02-23 13:34:25.461000,1.05727,1.05725,1000000,4950000
2017-02-23 13:34:25.514000,1.05726,1.05724,6560000,1500000
2017-02-23 13:34:25.827000,1.05728,1.05726,7310000,1000000
2017-02-23 13:34:25.980000,1.0573,1.05728,1250000,1500000
2017-02-23 13:34:26.730000,1.05731,1.0573,2620000,1000000
2017-02-23 13:34:26.883000,1.05733,1.0573,3940000,4500000
2017-02-23 13:34:27.395000,1.05733,1.05731,3190000,1000000
2017-02-23 13:34:28.089000,1.05733,1.05731,3940000,1000000
2017-02-23 13:34:28.192000,1.0573,1.05729,4690000,1870000
2017-02-23 13:34:28.294000,1.05729,1.05727,2250000,1000000
2017-02-23 13:34:28.395000,1.05728,1.05726,1120000,1870000
2017-02-23 13:34:28.548000,1.05727,1.05724,1500000,4390000
2017-02-23 13:34:29.092000,1.05727,1.05724,4690000,2320000
2017-02-23 13:34:29.612000,1.05727,1.05724,2810000,1570000
2017-02-23 13:34:30.180000,1.05727,1.05724,3190000,1570000
2017-02-23 13:34:30.548000,1.0573,1.05729,1690000,1120000
2017-02-23 13:34:30.701000,1.05729,1.05726,4120000,2060000
2017-02-23 13:34:31.310000,1.05729,1.05727,1120000,1000000
2017-02-23 13:34:31.462000,1.0573,1.05729,1250000,1000000
2017-02-23 13:34:31.651000,1.05734,1.0573,6190000,3750000
2017-02-23 13:34:33.835000,1.05734,1.05733,2250000,3750000
2017-02-23 13:34:33.937000,1.05736,1.05733,1000000,8440000
2017-02-23 13:34:34.091000,1.05737,1.05735,1690000,1000000
2017-02-23 13:34:35.695000,1.05737,1.05734,1690000,2250000
2017-02-23 13:34:37.091000,1.05738,1.05735,3940000,1500000
2017-02-23 13:34:37.398000,1.05742,1.05741,6750000,1000000
2017-02-23 13:34:37.941000,1.05743,1.05741,1500000,1000000
2017-02-23 13:34:38.484000,1.05743,1.05739,3000000,6560000
2017-02-23 13:34:38.992000,1.05739,1.05738,1000000,2250000
2017-02-23 13:34:39.094000,1.05738,1.05736,1120000,2060000
2017-02-23 13:34:39.605000,1.05739,1.05736,4500000,1310000
2017-02-23 13:34:40.106000,1.05739,1.05735,3750000,3560000
2017-02-23 13:34:40.308000,1.05736,1.05735,2440000,1000000
2017-02-23 13:34:40.359000,1.05735,1.05734,1000000,1000000
2017-02-23 13:34:40.903000,1.05735,1.05733,1000000,1000000
2017-02-23 13:34:41.511000,1.05735,1.05732,3750000,1870000
2017-02-23 13:34:41.815000,1.05733,1.05731,3500000,1870000
2017-02-23 13:34:41.997000,1.05728,1.05727,1250000,4500000
2017-02-23 13:34:42.306000,1.0573,1.05728,1250000,1000000
2017-02-23 13:34:42.921000,1.05731,1.05727,5810000,1500000
2017-02-23 13:34:45.031000,1.0573,1.05726,3940000,2060000
2017-02-23 13:34:45.563000,1.0573,1.05726,2440000,6560000
2017-02-23 13:34:45.765000,1.0573,1.05726,1250000,5930000
2017-02-23 13:34:47.177000,1.0573,1.05728,1120000,1810000
2017-02-23 13:34:48.326000,1.05731,1.05729,3000000,2180000
2017-02-23 13:34:48.574000,1.05736,1.05734,1690000,1870000
2017-02-23 13:34:49.201000,1.05736,1.05734,1310000,1870000
2017-02-23 13:34:50.160000,1.05735,1.05734,1000000,2620000
2017-02-23 13:34:50.211000,1.05735,1.05732,10500000,2060000
2017-02-23 13:34:50.516000,1.05733,1.05731,1000000,4310000
2017-02-23 13:34:51.034000,1.05734,1.05731,1870000,4310000
2017-02-23 13:34:51.632000,1.05736,1.05734,18559999,3000000
2017-02-23 13:34:51.736000,1.0574,1.05738,1310000,6750000
2017-02-23 13:34:51.788000,1.05741,1.05738,1870000,6190000
2017-02-23 13:34:52.300000,1.05741,1.05738,1120000,3190000
2017-02-23 13:34:52.708000,1.05745,1.05743,9660000,6940000
2017-02-23 13:34:52.900000,1.05745,1.05743,2870000,8440000
2017-02-23 13:34:53.002000,1.05745,1.05742,1120000,5250000
2017-02-23 13:34:54.047000,1.05743,1.05742,1000000,1120000
2017-02-23 13:34:54.354000,1.05739,1.05738,4120000,11060000
2017-02-23 13:34:54.456000,1.05738,1.05736,1000000,2440000
2017-02-23 13:34:54.558000,1.0574,1.05738,1310000,1000000
2017-02-23 13:34:55.639000,1.0574,1.05737,6190000,1000000
2017-02-23 13:34:56.145000,1.05739,1.05736,1000000,2060000
2017-02-23 13:34:57.434000,1.05736,1.05735,1000000,4870000
2017-02-23 13:34:57.689000,1.05736,1.05733,2440000,1120000
2017-02-23 13:34:58.367000,1.05735,1.05733,1000000,1120000
2017-02-23 13:34:58.886000,1.05734,1.05731,1500000,3560000
2017-02-23 13:34:58.937000,1.05735,1.05733,3000000,3750000
2017-02-23 13:34:59.039000,1.05737,1.05736,1000000,1120000
2017-02-23 13:34:59.404000,1.05738,1.05735,1000000,5620000
2017-02-23 13:34:59.708000,1.05739,1.05737,1760000,2620000
2017-02-23 13:35:00.013000,1.05744,1.05741,5890000,1000000
2017-02-23 13:35:00.637000,1.05744,1.0574,5060000,4690000
2017-02-23 13:35:01.186000,1.05744,1.05741,5060000,1000000
2017-02-23 13:35:02.179000,1.05744,1.05741,3280000,1000000
2017-02-23 13:35:02.797000,1.05744,1.05741,3280000,1000000
2017-02-23 13:35:03.699000,1.05744,1.05743,1500000,3000000
2017-02-23 13:35:03.903000,1.05746,1.05745,1000000,1000000
2017-02-23 13:35:04.005000,1.05748,1.05745,1870000,1000000
2017-02-23 13:35:04.522000,1.05747,1.05745,1000000,1000000
2017-02-23 13:35:04.799000,1.05748,1.05747,1500000,1870000
2017-02-23 13:35:05.072000,1.05752,1.05749,4870000,1690000
2017-02-23 13:35:05.182000,1.05752,1.0575,2620000,1100000
2017-02-23 13:35:05.892000,1.05754,1.05752,5250000,5620000
2017-02-23 13:35:06.086000,1.05756,1.05753,5440000,3560000
2017-02-23 13:35:06.390000,1.05755,1.05753,2060000,2360000
2017-02-23 13:35:06.749000,1.05753,1.05751,4250000,4800000
2017-02-23 13:35:06.851000,1.0575,1.05748,3190000,5170000
2017-02-23 13:35:07.004000,1.05748,1.05746,1000000,1690000
2017-02-23 13:35:07.551000,1.05748,1.05746,1000000,1310000
2017-02-23 13:35:08.086000,1.05747,1.05746,1500000,1310000
2017-02-23 13:35:08.638000,1.05748,1.05745,2250000,5440000
2017-02-23 13:35:09.393000,1.05746,1.05745,3000000,4310000
2017-02-23 13:35:09.697000,1.05742,1.05741,1000000,3190000
2017-02-23 13:35:10.040000,1.05746,1.05745,1500000,3000000
2017-02-23 13:35:10.547000,1.05745,1.05744,1500000,6190000
2017-02-23 13:35:10.801000,1.05743,1.05742,1000000,1500000
2017-02-23 13:35:11.039000,1.05741,1.0574,1500000,4150000
2017-02-23 13:35:11.242000,1.05738,1.05736,1500000,3370000
2017-02-23 13:35:11.750000,1.05741,1.05739,3370000,5620000
2017-02-23 13:35:11.801000,1.05741,1.0574,1000000,3000000
2017-02-23 13:35:11.903000,1.05742,1.0574,1310000,3750000
2017-02-23 13:35:12.484000,1.05742,1.05741,1250000,1000000
2017-02-23 13:35:13.458000,1.05743,1.05741,2620000,1000000
2017-02-23 13:35:13.560000,1.05741,1.0574,1000000,2250000
2017-02-23 13:35:13.865000,1.05744,1.05743,3750000,1250000
2017-02-23 13:35:14.062000,1.05747,1.05746,1120000,1000000
2017-02-23 13:35:14.572000,1.05748,1.05746,1870000,1500000
2017-02-23 13:35:15.100000,1.0575,1.05748,5440000,2500000
2017-02-23 13:35:15.609000,1.05749,1.05747,1120000,1690000
2017-02-23 13:35:16.235000,1.05748,1.05746,1000000,3750000
2017-02-23 13:35:16.516000,1.05744,1.05742,1500000,5440000
2017-02-23 13:35:16.875000,1.05744,1.05741,4870000,1690000
2017-02-23 13:35:17.324000,1.05745,1.05742,2620000,2440000
2017-02-23 13:35:17.439000,1.05746,1.05744,3370000,1690000
2017-02-23 13:35:17.877000,1.05747,1.05746,2620000,1000000
2017-02-23 13:35:18.400000,1.05746,1.05745,1000000,2440000
2017-02-23 13:35:18.502000,1.05745,1.05743,4750000,8250000
2017-02-23 13:35:18.604000,1.05744,1.05743,2250000,1500000
2017-02-23 13:35:19.008000,1.05747,1.05745,2620000,1690000
2017-02-23 13:35:19.844000,1.05749,1.05748,5620000,2250000
2017-02-23 13:35:20.350000,1.05748,1.05746,1000000,7310000
2017-02-23 13:35:20.858000,1.05749,1.05748,1000000,6000000
2017-02-23 13:35:20.959000,1.05751,1.05749,2620000,1250000
2017-02-23 13:35:21.112000,1.05754,1.05752,5250000,1000000
2017-02-23 13:35:21.360000,1.05755,1.05753,1500000,6000000
2017-02-23 13:35:22.425000,1.05754,1.05753,1000000,2440000
2017-02-23 13:35:22.906000,1.05752,1.05751,1500000,1000000
2017-02-23 13:35:23.060000,1.05752,1.0575,2250000,1210000
2017-02-23 13:35:23.582000,1.05752,1.0575,1000000,3460000
2017-02-23 13:35:24.119000,1.05751,1.05749,2250000,5810000
2017-02-23 13:35:24.325000,1.05754,1.05751,2250000,3190000
2017-02-23 13:35:24.429000,1.05754,1.05753,1500000,2250000
2017-02-23 13:35:24.533000,1.05756,1.05754,4120000,3440000
2017-02-23 13:35:24.584000,1.05757,1.05755,5250000,1000000
2017-02-23 13:35:25.040000,1.05756,1.05753,2710000,5810000
2017-02-23 13:35:25.448000,1.05754,1.05752,1000000,10310000
2017-02-23 13:35:25.549000,1.05755,1.05753,2340000,3000000
2017-02-23 13:35:26.093000,1.05755,1.05753,1210000,1620000
2017-02-23 13:35:27.724000,1.05755,1.05754,1120000,1160000
2017-02-23 13:35:28.252000,1.05756,1.05755,1120000,15940000
2017-02-23 13:35:28.405000,1.05758,1.05757,3370000,5250000
2017-02-23 13:35:28.507000,1.05756,1.05755,1870000,1500000
2017-02-23 13:35:29.017000,1.05755,1.05754,1500000,1060000
2017-02-23 13:35:29.731000,1.05754,1.05753,1870000,1500000
2017-02-23 13:35:29.791000,1.05754,1.05753,1000000,1000000
2017-02-23 13:35:30.299000,1.05755,1.05753,3370000,1500000
2017-02-23 13:35:31.107000,1.05756,1.05754,4870000,2250000
2017-02-23 13:35:31.615000,1.05756,1.05755,1500000,1500000
2017-02-23 13:35:32.158000,1.05755,1.05754,1870000,1000000
2017-02-23 13:35:32.755000,1.05754,1.05753,1500000,1690000
2017-02-23 13:35:33.668000,1.05755,1.05753,1870000,1250000
2017-02-23 13:35:34.901000,1.05755,1.05754,1000000,1500000
2017-02-23 13:35:35.053000,1.05757,1.05755,3370000,7870000
2017-02-23 13:35:35.206000,1.05759,1.05757,3190000,6840000
2017-02-23 13:35:35.310000,1.05758,1.05756,6940000,1500000
2017-02-23 13:35:35.362000,1.05756,1.05754,2500000,5440000
2017-02-23 13:35:35.911000,1.05755,1.05754,1000000,2440000
2017-02-23 13:35:36.270000,1.05758,1.05757,5250000,1500000
2017-02-23 13:35:36.375000,1.05758,1.05757,1500000,1500000
2017-02-23 13:35:36.426000,1.05758,1.05757,1500000,3000000
2017-02-23 13:35:36.895000,1.05762,1.05761,3000000,2250000
2017-02-23 13:35:36.946000,1.05762,1.05761,1000000,3750000
2017-02-23 13:35:37.049000,1.05765,1.05763,5620000,2690000
2017-02-23 13:35:37.150000,1.05765,1.05763,4120000,2690000
2017-02-23 13:35:37.589000,1.05769,1.05768,3750000,1000000
2017-02-23 13:35:37.744000,1.05769,1.05768,1000000,3750000
2017-02-23 13:35:38.253000,1.0577,1.05769,1500000,1000000
2017-02-23 13:35:38.414000,1.05772,1.0577,4500000,1190000
2017-02-23 13:35:38.466000,1.05773,1.05772,1870000,1500000
2017-02-23 13:35:38.622000,1.05775,1.05773,5910000,1000000
2017-02-23 13:35:39.157000,1.05775,1.05774,2250000,3190000
2017-02-23 13:35:39.363000,1.05774,1.05773,1500000,1500000
2017-02-23 13:35:39.465000,1.05775,1.05772,5250000,1500000
2017-02-23 13:35:39.669000,1.05776,1.05774,4120000,1250000
2017-02-23 13:35:40.176000,1.05777,1.05775,2250000,1500000
2017-02-23 13:35:40.482000,1.05775,1.05773,7000000,3560000
2017-02-23 13:35:40.885000,1.0578,1.05778,31690001,1000000
2017-02-23 13:35:40.936000,1.05778,1.05777,1000000,5440000
2017-02-23 13:35:41.139000,1.05777,1.05776,1000000,1250000
2017-02-23 13:35:41.938000,1.05777,1.05775,4500000,3560000
2017-02-23 13:35:42.651000,1.05777,1.05774,1500000,3560000
2017-02-23 13:35:43.193000,1.05778,1.05774,2250000,11060000
2017-02-23 13:35:43.813000,1.05778,1.05776,1000000,1000000
2017-02-23 13:35:43.967000,1.05779,1.05778,1870000,2620000
2017-02-23 13:35:44.328000,1.0578,1.05778,1500000,7120000
2017-02-23 13:35:44.654000,1.0578,1.05777,2250000,3220000
2017-02-23 13:35:44.960000,1.05776,1.05775,1500000,13530000
2017-02-23 13:35:45.216000,1.05774,1.05771,2440000,3000000
2017-02-23 13:35:45.736000,1.05774,1.05772,2810000,1500000
2017-02-23 13:35:45.840000,1.05773,1.05771,1000000,1000000
2017-02-23 13:35:46.095000,1.05774,1.05773,2060000,1500000
2017-02-23 13:35:46.281000,1.05776,1.05774,5620000,1000000
2017-02-23 13:35:46.384000,1.05776,1.05773,4870000,1250000
2017-02-23 13:35:46.487000,1.05776,1.05775,3370000,1000000
2017-02-23 13:35:46.797000,1.05777,1.05775,1000000,3190000
2017-02-23 13:35:47,1.05775,1.05774,3750000,4120000
2017-02-23 13:35:47.103000,1.05775,1.05772,3750000,6310000
2017-02-23 13:35:47.259000,1.05777,1.05775,14060000,1870000
2017-02-23 13:35:47.489000,1.05777,1.05776,3000000,1000000
2017-02-23 13:35:47.996000,1.05777,1.05775,1120000,4690000
2017-02-23 13:35:48.354000,1.05775,1.05773,7420000,4690000
2017-02-23 13:35:48.459000,1.0577,1.05769,1000000,2810000
2017-02-23 13:35:48.511000,1.0577,1.05769,1500000,1690000
2017-02-23 13:35:48.621000,1.05769,1.05767,1000000,3750000
2017-02-23 13:35:48.824000,1.05768,1.05766,1090000,2440000
2017-02-23 13:35:48.876000,1.05769,1.05766,5170000,3190000
2017-02-23 13:35:48.977000,1.05769,1.05767,4420000,2440000
2017-02-23 13:35:49.290000,1.05769,1.05766,2250000,4690000
2017-02-23 13:35:50.052000,1.05769,1.05768,2250000,1000000
2017-02-23 13:35:50.596000,1.0577,1.05769,1000000,1870000
2017-02-23 13:35:50.748000,1.05768,1.05766,1500000,6560000
2017-02-23 13:35:51.493000,1.05768,1.05767,1120000,1310000
2017-02-23 13:35:52.185000,1.05769,1.05768,2250000,3370000
2017-02-23 13:35:52.287000,1.0577,1.05768,1500000,3370000
2017-02-23 13:35:52.830000,1.05768,1.05767,1000000,1310000
2017-02-23 13:35:54.534000,1.0577,1.05768,8290000,4000000
2017-02-23 13:35:54.687000,1.0577,1.05769,1000000,4310000
2017-02-23 13:35:56.672000,1.05769,1.05768,1870000,2620000
2017-02-23 13:35:56.848000,1.05767,1.05765,1000000,8060000
2017-02-23 13:35:57.004000,1.05769,1.05767,1870000,1000000
2017-02-23 13:35:57.512000,1.05769,1.05767,1870000,1500000
2017-02-23 13:35:58.313000,1.05769,1.05768,1500000,2250000
2017-02-23 13:35:58.836000,1.0577,1.05769,1120000,3940000
2017-02-23 13:36:01.351000,1.05771,1.0577,4870000,1000000
2017-02-23 13:36:01.797000,1.05773,1.05771,4500000,1250000
2017-02-23 13:36:02.305000,1.05773,1.05772,1000000,1000000
2017-02-23 13:36:02.458000,1.05775,1.05774,1500000,2250000
2017-02-23 13:36:02.984000,1.05775,1.05773,1000000,2810000
2017-02-23 13:36:03.459000,1.05773,1.05772,3370000,3000000
2017-02-23 13:36:03.512000,1.05771,1.05769,4870000,1690000
2017-02-23 13:36:04.046000,1.05772,1.0577,1500000,3000000
2017-02-23 13:36:04.557000,1.05771,1.0577,1500000,1000000
2017-02-23 13:36:05.064000,1.05771,1.05768,5620000,3190000
2017-02-23 13:36:05.633000,1.05772,1.0577,1870000,2250000
2017-02-23 13:36:06.140000,1.05772,1.05771,1000000,2250000
2017-02-23 13:36:06.394000,1.05774,1.05771,3370000,4500000
2017-02-23 13:36:06.597000,1.05775,1.05773,5620000,3440000
2017-02-23 13:36:06.837000,1.05776,1.05774,1500000,3000000
2017-02-23 13:36:07.147000,1.05774,1.05773,1000000,1500000
2017-02-23 13:36:07.249000,1.05774,1.05772,1120000,2620000
2017-02-23 13:36:08.237000,1.05773,1.05772,1500000,1870000
2017-02-23 13:36:09.239000,1.05775,1.05774,6940000,1870000
2017-02-23 13:36:09.624000,1.05773,1.05771,1250000,4870000
2017-02-23 13:36:10.781000,1.05773,1.05772,1250000,1000000
2017-02-23 13:36:11.730000,1.05776,1.05774,8810000,2250000
2017-02-23 13:36:11.781000,1.05777,1.05776,7870000,1500000
2017-02-23 13:36:11.832000,1.05777,1.05775,3370000,4500000
2017-02-23 13:36:11.884000,1.05777,1.05775,2620000,5060000
2017-02-23 13:36:12.036000,1.05777,1.05775,3190000,6940000
2017-02-23 13:36:12.088000,1.05777,1.05775,6560000,1000000
2017-02-23 13:36:12.240000,1.05777,1.05773,9560000,2400000
2017-02-23 13:36:12.798000,1.05777,1.05774,6560000,2250000
2017-02-23 13:36:12.850000,1.05775,1.05772,2250000,5960000
2017-02-23 13:36:13.356000,1.05775,1.05771,13680000,1870000
2017-02-23 13:36:13.906000,1.05774,1.05771,6190000,1870000
2017-02-23 13:36:14.414000,1.05773,1.0577,1500000,3490000
2017-02-23 13:36:15.207000,1.05772,1.05771,2250000,1250000
2017-02-23 13:36:16.575000,1.05773,1.05771,3750000,1250000
2017-02-23 13:36:16.913000,1.05769,1.05768,4120000,2250000
2017-02-23 13:36:16.964000,1.05768,1.05767,1000000,1000000
2017-02-23 13:36:17.324000,1.0577,1.05769,1000000,1250000
2017-02-23 13:36:17.376000,1.05771,1.05769,6000000,1250000
2017-02-23 13:36:17.429000,1.05769,1.05768,2250000,1250000
2017-02-23 13:36:17.480000,1.05769,1.05767,3000000,1120000
2017-02-23 13:36:17.632000,1.05767,1.05765,1000000,5620000
2017-02-23 13:36:18.039000,1.05769,1.05768,3000000,1000000
2017-02-23 13:36:18.478000,1.05767,1.05765,3750000,1000000
2017-02-23 13:36:18.681000,1.05766,1.05763,1870000,4120000
2017-02-23 13:36:18.884000,1.05765,1.05763,10310000,1500000
2017-02-23 13:36:19.190000,1.05763,1.05761,9750000,2120000
2017-02-23 13:36:19.394000,1.0576,1.05759,3370000,1120000
2017-02-23 13:36:19.496000,1.05759,1.05757,1500000,1000000
2017-02-23 13:36:20.011000,1.05758,1.05756,1500000,2740000
2017-02-23 13:36:20.165000,1.05759,1.05757,3750000,1250000
2017-02-23 13:36:21.896000,1.05757,1.05756,1000000,1690000
2017-02-23 13:36:22.401000,1.05759,1.05757,2720000,1250000
2017-02-23 13:36:23.591000,1.05761,1.05759,4500000,2620000
2017-02-23 13:36:23.747000,1.05763,1.05762,1000000,1250000
2017-02-23 13:36:23.900000,1.05764,1.05763,1120000,4310000
2017-02-23 13:36:23.952000,1.05765,1.05764,2250000,1250000
2017-02-23 13:36:26.932000,1.05764,1.05763,1000000,1250000
2017-02-23 13:36:27.135000,1.05767,1.05766,5250000,1690000
2017-02-23 13:36:27.187000,1.05767,1.05766,1000000,4310000
2017-02-23 13:36:27.289000,1.05769,1.05766,3000000,2810000
2017-02-23 13:36:29.143000,1.05769,1.05767,2250000,3000000
2017-02-23 13:36:29.296000,1.0577,1.05769,1000000,1690000
2017-02-23 13:36:30.069000,1.05768,1.05767,1000000,2060000
2017-02-23 13:36:30.121000,1.05768,1.05766,1000000,2810000
2017-02-23 13:36:30.223000,1.05767,1.05765,1000000,2440000
2017-02-23 13:36:30.528000,1.0577,1.05768,3000000,2810000
2017-02-23 13:36:31.111000,1.0577,1.05769,1000000,1250000
2017-02-23 13:36:33.606000,1.0577,1.05768,1000000,2060000
2017-02-23 13:36:34.192000,1.0577,1.05769,1000000,1250000
2017-02-23 13:36:34.720000,1.05771,1.05769,1870000,1250000
2017-02-23 13:36:35.227000,1.05772,1.05769,1000000,8060000
2017-02-23 13:36:35.531000,1.05773,1.05771,1120000,2060000
2017-02-23 13:36:35.853000,1.05774,1.05773,1870000,1250000
2017-02-23 13:36:35.905000,1.05776,1.05773,4870000,5060000
2017-02-23 13:36:36.454000,1.05775,1.05774,1000000,1000000
2017-02-23 13:36:36.811000,1.05772,1.0577,2870000,16010000
2017-02-23 13:36:36.913000,1.05773,1.05771,3000000,1000000
2017-02-23 13:36:37.494000,1.05774,1.05771,2810000,3750000
2017-02-23 13:36:38.001000,1.05774,1.0577,3810000,7390000
2017-02-23 13:36:38.553000,1.05774,1.05771,7190000,1000000
2017-02-23 13:36:39.070000,1.05774,1.05771,8440000,1000000
2017-02-23 13:36:40.121000,1.05773,1.05771,4870000,1000000
2017-02-23 13:36:40.325000,1.05771,1.05768,2250000,6660000
2017-02-23 13:36:40.677000,1.05769,1.05767,2250000,1250000
2017-02-23 13:36:43.633000,1.0577,1.05768,8250000,1250000
2017-02-23 13:36:45.042000,1.0577,1.05769,1500000,1000000
2017-02-23 13:36:45.572000,1.05771,1.05769,3750000,1500000
2017-02-23 13:36:46.520000,1.05771,1.0577,1500000,1250000
2017-02-23 13:36:46.674000,1.05774,1.05771,3750000,2810000
2017-02-23 13:36:46.725000,1.05774,1.05773,1870000,1000000
2017-02-23 13:36:46.827000,1.05776,1.05774,6370000,1190000
2017-02-23 13:36:47.366000,1.05776,1.05774,2620000,1190000
2017-02-23 13:36:47.673000,1.05778,1.05777,1000000,1690000
2017-02-23 13:36:48.180000,1.05779,1.05776,1500000,3190000
2017-02-23 13:36:48.503000,1.05774,1.05773,1000000,1250000
2017-02-23 13:36:49.011000,1.05775,1.05773,1000000,1690000
2017-02-23 13:36:49.316000,1.05777,1.05774,3000000,1190000
2017-02-23 13:36:50.527000,1.05776,1.05774,1000000,2440000
2017-02-23 13:36:52.380000,1.05775,1.05774,2250000,3190000
2017-02-23 13:36:52.691000,1.05771,1.0577,10870000,1000000
2017-02-23 13:36:52.843000,1.05772,1.0577,1870000,2810000
2017-02-23 13:36:53.387000,1.05772,1.0577,1870000,2440000
2017-02-23 13:36:53.914000,1.05772,1.0577,2250000,3000000
2017-02-23 13:36:54.156000,1.05772,1.0577,1500000,4120000
2017-02-23 13:36:54.563000,1.05775,1.05773,12000000,1000000
2017-02-23 13:36:54.867000,1.05776,1.05775,1500000,1500000
2017-02-23 13:36:55.413000,1.05776,1.05775,1000000,1500000
2017-02-23 13:36:55.820000,1.05775,1.05773,1000000,5060000
2017-02-23 13:36:56.024000,1.05777,1.05775,5500000,3750000
2017-02-23 13:36:56.960000,1.05777,1.05776,3750000,1120000
2017-02-23 13:36:57.467000,1.05776,1.05775,1000000,2620000
2017-02-23 13:36:57.996000,1.05777,1.05776,1000000,1310000
2017-02-23 13:36:58.508000,1.05777,1.05775,4000000,4690000
2017-02-23 13:36:59.453000,1.05778,1.05777,1500000,1000000
2017-02-23 13:37:00.233000,1.05779,1.05777,2250000,3370000
2017-02-23 13:37:00.722000,1.05777,1.05776,1000000,1250000
2017-02-23 13:37:01.829000,1.05778,1.05776,1500000,2060000
2017-02-23 13:37:02.977000,1.05778,1.05777,1500000,3000000
2017-02-23 13:37:03.483000,1.05779,1.05777,1000000,2620000
2017-02-23 13:37:05.034000,1.0578,1.05778,1500000,4310000
2017-02-23 13:37:05.617000,1.0578,1.05779,1300000,2620000
2017-02-23 13:37:06.133000,1.05781,1.0578,5470000,1500000
2017-02-23 13:37:06.979000,1.0578,1.05779,1300000,1120000
2017-02-23 13:37:08.318000,1.0578,1.05779,1000000,5250000
2017-02-23 13:37:08.522000,1.05782,1.05781,1000000,2250000
2017-02-23 13:37:08.934000,1.05785,1.05784,3000000,3750000
2017-02-23 13:37:09.316000,1.05784,1.05782,1120000,3370000
2017-02-23 13:37:09.620000,1.05786,1.05783,3000000,2810000
2017-02-23 13:37:10.206000,1.05787,1.05785,3220000,1250000
2017-02-23 13:37:10.740000,1.05787,1.05785,1000000,2440000
2017-02-23 13:37:11.476000,1.05786,1.05785,4500000,1000000
2017-02-23 13:37:11.780000,1.05783,1.05782,1000000,3000000
2017-02-23 13:37:12.139000,1.05783,1.05781,1000000,3190000
2017-02-23 13:37:12.191000,1.05785,1.05784,5250000,1000000
2017-02-23 13:37:12.699000,1.05784,1.05783,1500000,1690000
2017-02-23 13:37:13.067000,1.05786,1.05784,1500000,1500000
2017-02-23 13:37:13.739000,1.05786,1.05785,1000000,1310000
2017-02-23 13:37:14.241000,1.05787,1.05785,1500000,1310000
2017-02-23 13:37:14.973000,1.05788,1.05785,3000000,2060000
2017-02-23 13:37:15.196000,1.05786,1.05785,2250000,1120000
2017-02-23 13:37:15.298000,1.05784,1.05783,2250000,1310000
2017-02-23 13:37:15.551000,1.05784,1.05781,3000000,2060000
2017-02-23 13:37:16.101000,1.05784,1.05781,6750000,2060000
2017-02-23 13:37:16.868000,1.05782,1.05779,5250000,3940000
2017-02-23 13:37:17.746000,1.05783,1.05781,8060000,1000000
2017-02-23 13:37:17.899000,1.05784,1.05783,1000000,3560000
2017-02-23 13:37:18.051000,1.05784,1.0578,4690000,6560000
2017-02-23 13:37:18.559000,1.05782,1.0578,11810000,1000000
2017-02-23 13:37:18.711000,1.05779,1.05776,5620000,1500000
2017-02-23 13:37:19.219000,1.05778,1.05775,1000000,2440000
2017-02-23 13:37:19.372000,1.05779,1.05778,1120000,1000000
2017-02-23 13:37:19.617000,1.05779,1.05774,7500000,15410000
2017-02-23 13:37:19.904000,1.05775,1.05773,2500000,8140000
2017-02-23 13:37:20.056000,1.05773,1.05771,1690000,2250000
2017-02-23 13:37:20.158000,1.05773,1.0577,4310000,2250000
2017-02-23 13:37:20.667000,1.05773,1.05769,1690000,6260000
2017-02-23 13:37:21.981000,1.05773,1.0577,1250000,2700000
2017-02-23 13:37:22.521000,1.05773,1.05772,1250000,1000000
2017-02-23 13:37:23.198000,1.05774,1.05771,1690000,3450000
2017-02-23 13:37:25.225000,1.05773,1.0577,1310000,4570000
2017-02-23 13:37:26.796000,1.05772,1.0577,1000000,3450000
2017-02-23 13:37:27.755000,1.05772,1.05769,1500000,3190000
2017-02-23 13:37:29.103000,1.05773,1.05769,3560000,4760000
2017-02-23 13:37:30.049000,1.05773,1.05769,5060000,3000000
2017-02-23 13:37:30.100000,1.0577,1.05767,15750000,1870000
2017-02-23 13:37:30.507000,1.05772,1.05768,6940000,4120000
2017-02-23 13:37:31.019000,1.05772,1.0577,2810000,1000000
2017-02-23 13:37:31.988000,1.05771,1.0577,1000000,1000000
2017-02-23 13:37:32.141000,1.05771,1.05768,1000000,2250000
2017-02-23 13:37:32.819000,1.0577,1.05768,1690000,2250000
2017-02-23 13:37:33.382000,1.0577,1.05768,3190000,2250000
2017-02-23 13:37:33.923000,1.0577,1.05768,3190000,2250000
2017-02-23 13:37:35.234000,1.0577,1.05768,3190000,1590000
2017-02-23 13:37:35.772000,1.0577,1.05767,3190000,5700000
2017-02-23 13:37:35.958000,1.05769,1.05767,1000000,1570000
2017-02-23 13:37:36.256000,1.05766,1.05765,1000000,3000000
2017-02-23 13:37:36.778000,1.05766,1.05763,1000000,20440001
2017-02-23 13:37:37.300000,1.05767,1.05764,1500000,3560000
2017-02-23 13:37:38.046000,1.05766,1.05764,1000000,3640000
2017-02-23 13:37:39.463000,1.05767,1.05764,1500000,3640000
2017-02-23 13:37:39.972000,1.05767,1.05765,1500000,2250000
2017-02-23 13:37:40.024000,1.05769,1.05767,5440000,3250000
2017-02-23 13:37:40.228000,1.05771,1.0577,2250000,1500000
2017-02-23 13:37:40.330000,1.05772,1.05771,2440000,1500000
2017-02-23 13:37:40.533000,1.05771,1.05769,1000000,10120000
2017-02-23 13:37:42.042000,1.05771,1.05769,1000000,4910000
2017-02-23 13:37:42.669000,1.05771,1.05769,1120000,3750000
2017-02-23 13:37:43.126000,1.05769,1.05767,1000000,5620000
2017-02-23 13:37:43.431000,1.05764,1.05763,6190000,3190000
2017-02-23 13:37:43.482000,1.05764,1.05762,7690000,3190000
2017-02-23 13:37:43.533000,1.05763,1.0576,1690000,4500000
2017-02-23 13:37:44.174000,1.05762,1.05759,1000000,5060000
2017-02-23 13:37:44.225000,1.05763,1.05759,2440000,6560000
2017-02-23 13:37:44.378000,1.05764,1.05762,9940000,4750000
2017-02-23 13:37:44.480000,1.05765,1.05763,1000000,3750000
2017-02-23 13:37:45.119000,1.05766,1.05765,3940000,1120000
2017-02-23 13:37:45.661000,1.05766,1.05765,3940000,1240000
2017-02-23 13:37:51.978000,1.05769,1.05768,4500000,7030000
2017-02-23 13:37:52.080000,1.05771,1.05769,4500000,2500000
2017-02-23 13:37:52.183000,1.05772,1.0577,2810000,1000000
2017-02-23 13:37:52.820000,1.05771,1.05769,1000000,1120000
2017-02-23 13:37:53.042000,1.05768,1.05766,3180000,17850000
2017-02-23 13:37:53.220000,1.05766,1.05765,1000000,1620000
2017-02-23 13:37:53.985000,1.05767,1.05765,4500000,1000000
2017-02-23 13:37:54.560000,1.05767,1.05765,4500000,1620000
2017-02-23 13:37:56.348000,1.05766,1.05765,1000000,1240000
2017-02-23 13:37:57.034000,1.05765,1.05764,4690000,1240000
2017-02-23 13:37:57.085000,1.05762,1.0576,1250000,10500000
2017-02-23 13:37:57.237000,1.0576,1.05758,3620000,12190000
2017-02-23 13:37:57.339000,1.05757,1.05756,1000000,2250000
2017-02-23 13:37:57.390000,1.05757,1.05756,1500000,1870000
2017-02-23 13:37:57.441000,1.05757,1.05755,1000000,1870000
2017-02-23 13:37:57.543000,1.05756,1.05754,1000000,3190000
2017-02-23 13:37:57.695000,1.05757,1.05756,2250000,1000000
2017-02-23 13:37:57.847000,1.05758,1.05756,2440000,3370000
2017-02-23 13:37:57.898000,1.05759,1.05757,9190000,1000000
2017-02-23 13:37:58.079000,1.05757,1.05755,1500000,7120000
2017-02-23 13:37:58.333000,1.05757,1.05754,3000000,1690000
2017-02-23 13:37:58.620000,1.05755,1.05754,1000000,1310000
2017-02-23 13:37:59.526000,1.05755,1.05753,2620000,5910000
2017-02-23 13:37:59.680000,1.05751,1.0575,2440000,3870000
2017-02-23 13:37:59.985000,1.05751,1.05749,3940000,1990000
2017-02-23 13:38:00.520000,1.05751,1.0575,5440000,1150000
2017-02-23 13:38:02.008000,1.05749,1.05748,3190000,4010000
2017-02-23 13:38:02.631000,1.05749,1.05748,1000000,3190000
2017-02-23 13:38:03.037000,1.05747,1.05745,2060000,3750000
2017-02-23 13:38:03.240000,1.05746,1.05744,1250000,3750000
2017-02-23 13:38:04.101000,1.05745,1.05744,1500000,1000000
2017-02-23 13:38:05.040000,1.05744,1.05743,1500000,6110000
2017-02-23 13:38:05.222000,1.05742,1.05741,1690000,3190000
2017-02-23 13:38:05.273000,1.05742,1.05741,1690000,1000000
2017-02-23 13:38:06.839000,1.05739,1.05738,1000000,9960000
2017-02-23 13:38:06.941000,1.05737,1.05736,1000000,3300000
2017-02-23 13:38:07.144000,1.05736,1.05734,1500000,3000000
2017-02-23 13:38:08.034000,1.05737,1.05734,3000000,1000000
2017-02-23 13:38:08.187000,1.05733,1.05732,2440000,7520000
2017-02-23 13:38:08.289000,1.05731,1.05729,1000000,4500000
2017-02-23 13:38:08.392000,1.05731,1.0573,1000000,3190000
2017-02-23 13:38:08.444000,1.05731,1.0573,1500000,1690000
2017-02-23 13:38:08.650000,1.05733,1.0573,6000000,1310000
2017-02-23 13:38:08.904000,1.05734,1.05732,5810000,4500000
2017-02-23 13:38:09.292000,1.05736,1.05735,5810000,1000000
2017-02-23 13:38:10.183000,1.05736,1.05735,4310000,1000000
2017-02-23 13:38:10.573000,1.05736,1.05733,4310000,8630000
2017-02-23 13:38:10.862000,1.05736,1.05734,4310000,1000000
2017-02-23 13:38:10.969000,1.05736,1.05733,4310000,9000000
2017-02-23 13:38:11.476000,1.05736,1.05734,3190000,2250000
2017-02-23 13:38:12.092000,1.05737,1.05735,5620000,1000000
2017-02-23 13:38:12.297000,1.05739,1.05738,1000000,9560000
2017-02-23 13:38:12.800000,1.0574,1.05739,2440000,1120000
2017-02-23 13:38:13.027000,1.05739,1.05738,4120000,1500000
2017-02-23 13:38:13.206000,1.05737,1.05736,3000000,1000000
2017-02-23 13:38:13.655000,1.05736,1.05734,1000000,3560000
2017-02-23 13:38:13.960000,1.05735,1.05733,1000000,5630000
2017-02-23 13:38:14.162000,1.05733,1.0573,2250000,3560000
2017-02-23 13:38:14.968000,1.05732,1.0573,1500000,1120000
2017-02-23 13:38:15.424000,1.0573,1.05728,4310000,5920000
2017-02-23 13:38:15.679000,1.05726,1.05725,1500000,10870000
2017-02-23 13:38:16.130000,1.05727,1.05724,3370000,3670000
2017-02-23 13:38:16.181000,1.05725,1.05724,2250000,2920000
2017-02-23 13:38:16.386000,1.05723,1.05722,1000000,1310000
2017-02-23 13:38:17.974000,1.05722,1.0572,2250000,1870000
2017-02-23 13:38:18.411000,1.05717,1.05716,1000000,1000000
2017-02-23 13:38:18.513000,1.05717,1.05715,1000000,4610000
2017-02-23 13:38:18.766000,1.05718,1.05717,4500000,2440000
2017-02-23 13:38:18.868000,1.0572,1.05719,2440000,1870000
2017-02-23 13:38:19.121000,1.05722,1.0572,1500000,3190000
2017-02-23 13:38:19.610000,1.0572,1.05719,1500000,2620000
2017-02-23 13:38:19.915000,1.05716,1.05715,2250000,2250000
2017-02-23 13:38:19.968000,1.05715,1.05714,1120000,2250000
2017-02-23 13:38:20.070000,1.05714,1.05713,1120000,6470000
2017-02-23 13:38:20.223000,1.05713,1.05712,2250000,1000000
2017-02-23 13:38:20.505000,1.05711,1.0571,1000000,3750000
2017-02-23 13:38:21.014000,1.0571,1.05709,1000000,1000000
2017-02-23 13:38:21.969000,1.0571,1.05708,1000000,8620000
2017-02-23 13:38:22.478000,1.05711,1.05708,1870000,8620000
2017-02-23 13:38:22.815000,1.05711,1.0571,1870000,1500000
2017-02-23 13:38:23.360000,1.05711,1.05709,2620000,1000000
2017-02-23 13:38:23.666000,1.05714,1.05712,4500000,5250000
2017-02-23 13:38:23.768000,1.05714,1.05713,1000000,4220000
2017-02-23 13:38:24.408000,1.05713,1.05711,2620000,1690000
2017-02-23 13:38:24.460000,1.05711,1.0571,1500000,1120000
2017-02-23 13:38:24.970000,1.05712,1.05709,4500000,1690000
2017-02-23 13:38:27.596000,1.05711,1.0571,1120000,1000000
2017-02-23 13:38:28.533000,1.0571,1.05708,1000000,4240000
2017-02-23 13:38:29.054000,1.05711,1.05708,3370000,4920000
2017-02-23 13:38:30.104000,1.0571,1.05709,1000000,1160000
2017-02-23 13:38:30.794000,1.05711,1.05708,1870000,4170000
2017-02-23 13:38:31.479000,1.05709,1.05708,4120000,4240000
2017-02-23 13:38:31.632000,1.05705,1.05703,7120000,6720000
2017-02-23 13:38:31.835000,1.05704,1.05702,4120000,3000000
2017-02-23 13:38:31.887000,1.05706,1.05704,7540000,4000000
2017-02-23 13:38:32.091000,1.05707,1.05706,1500000,8170000
2017-02-23 13:38:32.142000,1.05709,1.05706,2850000,7420000
2017-02-23 13:38:32.442000,1.0571,1.05708,3560000,2360000
2017-02-23 13:38:32.951000,1.0571,1.05709,2440000,1000000
2017-02-23 13:38:33.198000,1.0571,1.05707,3940000,4870000
2017-02-23 13:38:33.452000,1.05706,1.05705,1000000,4870000
2017-02-23 13:38:33.675000,1.05706,1.05704,2620000,1000000
2017-02-23 13:38:34.030000,1.05704,1.05703,1000000,1000000
2017-02-23 13:38:34.538000,1.05705,1.05703,3560000,3000000
2017-02-23 13:38:34.860000,1.05702,1.05701,1250000,6370000
2017-02-23 13:38:35.087000,1.05702,1.057,1690000,6370000
2017-02-23 13:38:35.595000,1.05703,1.05701,4310000,1000000
2017-02-23 13:38:36.247000,1.05702,1.057,3190000,2250000
2017-02-23 13:38:36.298000,1.05703,1.05702,3190000,1000000
2017-02-23 13:38:36.602000,1.05703,1.05702,2440000,1500000
2017-02-23 13:38:36.907000,1.05702,1.057,1690000,3000000
2017-02-23 13:38:37.059000,1.05701,1.05699,2500000,4870000
2017-02-23 13:38:37.580000,1.057,1.05699,1000000,1000000
2017-02-23 13:38:38.088000,1.05701,1.05699,1500000,4500000
2017-02-23 13:38:38.842000,1.05702,1.05701,3190000,1000000
2017-02-23 13:38:39.046000,1.05704,1.05703,1000000,3280000
2017-02-23 13:38:39.556000,1.05705,1.05703,3440000,6090000
2017-02-23 13:38:40.136000,1.05705,1.05704,1250000,1500000
2017-02-23 13:38:40.383000,1.05707,1.05705,3560000,2120000
2017-02-23 13:38:40.761000,1.05705,1.05704,1500000,1000000
