time,ask,bid,ask_volume,bid_volume
2019-05-15 14:25:00.039000,1.12154,1.12151,8810000,3000000
2019-05-15 14:25:00.143000,1.12155,1.12152,7160000,1000000
2019-05-15 14:25:00.727000,1.12155,1.12152,2810000,1500000
2019-05-15 14:25:01.642000,1.12154,1.12152,1000000,1000000
2019-05-15 14:25:01.967000,1.12155,1.12152,4010000,2250000
2019-05-15 14:25:02.069000,1.12155,1.12151,3260000,3000000
2019-05-15 14:25:02.216000,1.12154,1.12151,1120000,5810000
2019-05-15 14:25:02.318000,1.12155,1.12153,1500000,1000000
2019-05-15 14:25:02.579000,1.12156,1.12152,7010000,1120000
2019-05-15 14:25:02.834000,1.12155,1.12152,1000000,1500000
2019-05-15 14:25:03.501000,1.12156,1.12152,5890000,1000000
2019-05-15 14:25:03.975000,1.12156,1.12153,4350000,1000000
2019-05-15 14:25:04.415000,1.12155,1.12154,1000000,1000000
2019-05-15 14:25:04.518000,1.12156,1.12153,1760000,5790000
2019-05-15 14:25:04.620000,1.12156,1.12153,3260000,1870000
2019-05-15 14:25:04.738000,1.12156,1.12153,2140000,2000000
2019-05-15 14:25:04.856000,1.12156,1.12153,2200000,2000000
2019-05-15 14:25:05.110000,1.12156,1.12153,2570000,1000000
2019-05-15 14:25:05.657000,1.12156,1.12153,1500000,1870000
2019-05-15 14:25:07.180000,1.12157,1.12156,6370000,1500000
2019-05-15 14:25:07.294000,1.12157,1.12156,1120000,1000000
2019-05-15 14:25:07.499000,1.12159,1.12156,4310000,1120000
2019-05-15 14:25:07.710000,1.12158,1.12156,1000000,1870000
2019-05-15 14:25:08.042000,1.12159,1.12156,3260000,1620000
2019-05-15 14:25:08.679000,1.12159,1.12156,6700000,1310000
2019-05-15 14:25:09.709000,1.1216,1.12157,5660000,1000000
2019-05-15 14:25:09.812000,1.1216,1.12157,3620000,1000000
2019-05-15 14:25:10.016000,1.12159,1.12156,2810000,2250000
2019-05-15 14:25:10.138000,1.12159,1.12156,5950000,3190000
2019-05-15 14:25:10.241000,1.12158,1.12155,1950000,1610000
2019-05-15 14:25:10.344000,1.12157,1.12155,1000000,1500000
2019-05-15 14:25:10.673000,1.12156,1.12154,1000000,1500000
2019-05-15 14:25:10.776000,1.12157,1.12153,7160000,1250000
2019-05-15 14:25:10.927000,1.12157,1.12153,5890000,1310000
2019-05-15 14:25:11.245000,1.12157,1.12155,4760000,3560000
2019-05-15 14:25:11.440000,1.12158,1.12156,1690000,3190000
2019-05-15 14:25:11.593000,1.12158,1.12154,1000000,5060000
2019-05-15 14:25:11.715000,1.12157,1.12154,1500000,2060000
2019-05-15 14:25:11.819000,1.12156,1.12154,1870000,1120000
2019-05-15 14:25:11.921000,1.12157,1.12154,9260000,1870000
2019-05-15 14:25:12.024000,1.12158,1.12156,4820000,1500000
2019-05-15 14:25:12.143000,1.12159,1.12156,2440000,1870000
2019-05-15 14:25:12.194000,1.12159,1.12157,2810000,1000000
2019-05-15 14:25:12.347000,1.12159,1.12157,2060000,1000000
2019-05-15 14:25:12.619000,1.12159,1.12157,1370000,1000000
2019-05-15 14:25:12.773000,1.12159,1.12157,1120000,1000000
2019-05-15 14:25:13.570000,1.1216,1.12156,4120000,3370000
2019-05-15 14:25:13.672000,1.1216,1.12157,2620000,1000000
2019-05-15 14:25:13.916000,1.1216,1.12156,2620000,3370000
2019-05-15 14:25:14.098000,1.1216,1.12157,7870000,1000000
2019-05-15 14:25:14.310000,1.1216,1.12156,5620000,3370000
2019-05-15 14:25:14.768000,1.12159,1.12157,1250000,1000000
2019-05-15 14:25:14.921000,1.12159,1.12156,1250000,4500000
2019-05-15 14:25:15.178000,1.12159,1.12157,2100000,1000000
2019-05-15 14:25:15.399000,1.12161,1.12159,3870000,1000000
2019-05-15 14:25:15.501000,1.12162,1.12159,4130000,1000000
2019-05-15 14:25:15.622000,1.12162,1.12159,3500000,1000000
2019-05-15 14:25:15.725000,1.12162,1.12159,1500000,1000000
2019-05-15 14:25:15.827000,1.12162,1.12157,3640000,6560000
2019-05-15 14:25:15.951000,1.12161,1.12158,2320000,1000000
2019-05-15 14:25:16.341000,1.12161,1.12157,1570000,6560000
2019-05-15 14:25:16.443000,1.12162,1.12158,8910000,1500000
2019-05-15 14:25:16.545000,1.12162,1.12158,8140000,1000000
2019-05-15 14:25:16.659000,1.12161,1.12158,1570000,1000000
2019-05-15 14:25:16.761000,1.12161,1.12157,1500000,5810000
2019-05-15 14:25:17.177000,1.12161,1.12158,1000000,1000000
2019-05-15 14:25:17.500000,1.12161,1.12157,1870000,5810000
2019-05-15 14:25:17.843000,1.12161,1.12158,1500000,2810000
2019-05-15 14:25:17.894000,1.12163,1.12161,4130000,1000000
2019-05-15 14:25:17.996000,1.12163,1.12161,2250000,1000000
2019-05-15 14:25:18.167000,1.12163,1.12161,2620000,1120000
2019-05-15 14:25:18.269000,1.12163,1.1216,1120000,3110000
2019-05-15 14:25:18.584000,1.12163,1.12159,5500000,2120000
2019-05-15 14:25:18.687000,1.12159,1.12158,4870000,2620000
2019-05-15 14:25:18.738000,1.12159,1.12156,5750000,3370000
2019-05-15 14:25:18.896000,1.12157,1.12155,1000000,1250000
2019-05-15 14:25:19.637000,1.12157,1.12152,3190000,14250000
2019-05-15 14:25:20.248000,1.12157,1.12153,1250000,3260000
2019-05-15 14:25:20.383000,1.12157,1.12154,1000000,1250000
2019-05-15 14:25:22.919000,1.12157,1.12156,3000000,1000000
2019-05-15 14:25:22.971000,1.12159,1.12156,4310000,1120000
2019-05-15 14:25:23.124000,1.12158,1.12156,1000000,1500000
2019-05-15 14:25:24.195000,1.12158,1.12154,1310000,4690000
2019-05-15 14:25:24.348000,1.12158,1.12157,1310000,1000000
2019-05-15 14:25:24.459000,1.12162,1.1216,4310000,1000000
2019-05-15 14:25:24.562000,1.12162,1.12161,1000000,1500000
2019-05-15 14:25:24.664000,1.12163,1.12162,1000000,1000000
2019-05-15 14:25:24.796000,1.12163,1.12161,1000000,2250000
2019-05-15 14:25:24.898000,1.12163,1.12161,1000000,2370000
2019-05-15 14:25:25.006000,1.12163,1.12161,1000000,4120000
2019-05-15 14:25:25.729000,1.12164,1.12161,1310000,4120000
2019-05-15 14:25:26.419000,1.12163,1.12161,1120000,2620000
2019-05-15 14:25:26.679000,1.12164,1.12162,2940000,1000000
2019-05-15 14:25:26.793000,1.12165,1.12161,4370000,3750000
2019-05-15 14:25:26.895000,1.12165,1.12161,3370000,5440000
2019-05-15 14:25:26.997000,1.12165,1.12162,2620000,1000000
2019-05-15 14:25:27.099000,1.12165,1.12161,2620000,6940000
2019-05-15 14:25:27.473000,1.12165,1.12162,3000000,1120000
2019-05-15 14:25:28.056000,1.12165,1.12161,1120000,6940000
2019-05-15 14:25:28.321000,1.12165,1.12162,4870000,1000000
2019-05-15 14:25:28.423000,1.12165,1.12161,2620000,9940000
2019-05-15 14:25:28.800000,1.12165,1.12162,3750000,1500000
2019-05-15 14:25:30.527000,1.12162,1.1216,4350000,4870000
2019-05-15 14:25:30.579000,1.1216,1.12158,1690000,1200000
2019-05-15 14:25:30.630000,1.12159,1.12156,1000000,3750000
2019-05-15 14:25:30.682000,1.1216,1.12158,1500000,1000000
2019-05-15 14:25:30.792000,1.12161,1.12158,3750000,1000000
2019-05-15 14:25:30.894000,1.1216,1.12158,1000000,1000000
2019-05-15 14:25:30.996000,1.12161,1.12158,5100000,1000000
2019-05-15 14:25:31.204000,1.12161,1.12159,4720000,1000000
2019-05-15 14:25:31.409000,1.12161,1.12158,3410000,1120000
2019-05-15 14:25:32.333000,1.12161,1.12159,9790000,1000000
2019-05-15 14:25:32.490000,1.12161,1.12158,3790000,1000000
2019-05-15 14:25:32.853000,1.12161,1.12159,4350000,1000000
2019-05-15 14:25:33.057000,1.12162,1.1216,3750000,1000000
2019-05-15 14:25:33.274000,1.12163,1.1216,2250000,4310000
2019-05-15 14:25:33.376000,1.12163,1.1216,4750000,4800000
2019-05-15 14:25:33.976000,1.12161,1.12159,1000000,1690000
2019-05-15 14:25:34.078000,1.12162,1.12158,2810000,3370000
2019-05-15 14:25:34.341000,1.1216,1.12159,1250000,1000000
2019-05-15 14:25:34.443000,1.1216,1.12157,1310000,1870000
2019-05-15 14:25:34.584000,1.12159,1.12157,1120000,2620000
2019-05-15 14:25:34.686000,1.1216,1.12158,3190000,1000000
2019-05-15 14:25:35.371000,1.1216,1.12157,2810000,1870000
2019-05-15 14:25:35.518000,1.12159,1.12157,1120000,1000000
2019-05-15 14:25:35.620000,1.1216,1.12157,3000000,1250000
2019-05-15 14:25:35.913000,1.12158,1.12156,1000000,2620000
2019-05-15 14:25:36.016000,1.12159,1.12156,4310000,1870000
2019-05-15 14:25:37.048000,1.12157,1.12156,1000000,1120000
2019-05-15 14:25:37.150000,1.12156,1.12154,1000000,5750000
2019-05-15 14:25:37.311000,1.12158,1.12154,4500000,2560000
2019-05-15 14:25:37.413000,1.12157,1.12154,1250000,3370000
2019-05-15 14:25:37.516000,1.12158,1.12154,3750000,2560000
2019-05-15 14:25:38.097000,1.12159,1.12156,1000000,1310000
2019-05-15 14:25:38.588000,1.1216,1.12156,5850000,3560000
2019-05-15 14:25:38.710000,1.1216,1.12158,3000000,1000000
2019-05-15 14:25:38.812000,1.1216,1.12157,1120000,1000000
2019-05-15 14:25:39.222000,1.12161,1.1216,3750000,1870000
2019-05-15 14:25:39.324000,1.12164,1.12162,1250000,1870000
2019-05-15 14:25:39.988000,1.12163,1.12161,1750000,1250000
2019-05-15 14:25:40.101000,1.12163,1.1216,3250000,2810000
2019-05-15 14:25:40.576000,1.1216,1.12158,3310000,4870000
2019-05-15 14:25:40.628000,1.12159,1.12157,1120000,1000000
2019-05-15 14:25:40.732000,1.1216,1.12159,1000000,1690000
2019-05-15 14:25:40.834000,1.12161,1.12158,1310000,2620000
2019-05-15 14:25:41.348000,1.1216,1.12159,1000000,1000000
2019-05-15 14:25:41.454000,1.1216,1.12157,2440000,11620000
2019-05-15 14:25:41.506000,1.12162,1.12159,3450000,1870000
2019-05-15 14:25:41.609000,1.12161,1.12159,1000000,1120000
2019-05-15 14:25:41.712000,1.12162,1.12159,6000000,3940000
2019-05-15 14:25:41.871000,1.12162,1.12161,1000000,1000000
2019-05-15 14:25:41.974000,1.12163,1.12161,1120000,2250000
2019-05-15 14:25:42.078000,1.12165,1.12161,2810000,5810000
2019-05-15 14:25:42.279000,1.12165,1.12162,5810000,1000000
2019-05-15 14:25:42.462000,1.12165,1.12161,2810000,5060000
2019-05-15 14:25:42.666000,1.12165,1.12162,4310000,1000000
2019-05-15 14:25:42.992000,1.12166,1.12161,7570000,6560000
2019-05-15 14:25:43.230000,1.12165,1.12163,1310000,1000000
2019-05-15 14:25:43.541000,1.12166,1.12162,13500000,1000000
2019-05-15 14:25:43.693000,1.12165,1.12161,2810000,12940000
2019-05-15 14:25:43.847000,1.12163,1.1216,1690000,12000000
2019-05-15 14:25:44.233000,1.12164,1.12163,2440000,1000000
2019-05-15 14:25:45.105000,1.12164,1.12161,2620000,2060000
2019-05-15 14:25:45.482000,1.12164,1.12162,1000000,1000000
2019-05-15 14:25:45.534000,1.12166,1.12164,1690000,1750000
2019-05-15 14:25:45.636000,1.12167,1.12164,9190000,1750000
2019-05-15 14:25:45.738000,1.12167,1.12164,5440000,1000000
2019-05-15 14:25:45.950000,1.12167,1.12163,9040000,2440000
2019-05-15 14:25:46.052000,1.12166,1.12163,1500000,1120000
2019-05-15 14:25:46.215000,1.12165,1.12163,5440000,1000000
2019-05-15 14:25:46.369000,1.12166,1.12163,3000000,1000000
2019-05-15 14:25:48.291000,1.12166,1.12164,2250000,1000000
2019-05-15 14:25:48.662000,1.12166,1.12163,1000000,1000000
2019-05-15 14:25:50.096000,1.12167,1.12163,8440000,1120000
2019-05-15 14:25:50.328000,1.12166,1.12163,1870000,1120000
2019-05-15 14:25:50.531000,1.12166,1.12164,1000000,1000000
2019-05-15 14:25:50.633000,1.12166,1.12163,1000000,2620000
2019-05-15 14:25:50.789000,1.12167,1.12163,6940000,1120000
2019-05-15 14:25:50.892000,1.12167,1.12163,10060000,1500000
2019-05-15 14:25:51.398000,1.12165,1.12162,1690000,6990000
2019-05-15 14:25:51.501000,1.12166,1.12163,1000000,3750000
2019-05-15 14:25:51.620000,1.12167,1.12165,1000000,1690000
2019-05-15 14:25:51.723000,1.12169,1.12166,2060000,5440000
2019-05-15 14:25:51.825000,1.1217,1.12167,1870000,2250000
2019-05-15 14:25:51.936000,1.1217,1.12167,4250000,2250000
2019-05-15 14:25:52.243000,1.1217,1.12168,3500000,1000000
2019-05-15 14:25:52.345000,1.1217,1.12167,1120000,3750000
2019-05-15 14:25:52.447000,1.1217,1.12166,1000000,5810000
2019-05-15 14:25:52.549000,1.1217,1.12167,1500000,1000000
2019-05-15 14:25:52.753000,1.1217,1.12168,3750000,1000000
2019-05-15 14:25:52.889000,1.12171,1.12166,11560000,8940000
2019-05-15 14:25:53.422000,1.1217,1.12167,4310000,1750000
2019-05-15 14:25:53.524000,1.1217,1.12167,1870000,1250000
2019-05-15 14:25:53.843000,1.1217,1.12168,2620000,1000000
2019-05-15 14:25:53.996000,1.1217,1.12167,1000000,2810000
2019-05-15 14:25:54.193000,1.12171,1.1217,1500000,1000000
2019-05-15 14:25:54.397000,1.12171,1.12168,1120000,5870000
2019-05-15 14:25:54.612000,1.12171,1.1217,1000000,1000000
2019-05-15 14:25:54.846000,1.12171,1.12169,1000000,2440000
2019-05-15 14:25:55.216000,1.12169,1.12168,1120000,3370000
2019-05-15 14:25:55.400000,1.12166,1.12163,5940000,1120000
2019-05-15 14:25:55.548000,1.12166,1.12163,3000000,1000000
2019-05-15 14:25:55.701000,1.12167,1.12163,9560000,1000000
2019-05-15 14:25:55.803000,1.12166,1.12163,1500000,1000000
2019-05-15 14:25:56.114000,1.12167,1.12163,8810000,3000000
2019-05-15 14:25:56.216000,1.12166,1.12163,1500000,3750000
2019-05-15 14:25:56.537000,1.12167,1.12166,2250000,1500000
2019-05-15 14:25:56.639000,1.12169,1.12167,3370000,5620000
2019-05-15 14:25:56.741000,1.12171,1.12168,7690000,3750000
2019-05-15 14:25:56.918000,1.1217,1.12167,3000000,1120000
2019-05-15 14:25:57.123000,1.12169,1.12167,1000000,1870000
2019-05-15 14:25:57.253000,1.1217,1.12167,1250000,3000000
2019-05-15 14:25:57.356000,1.12171,1.12169,1120000,1120000
2019-05-15 14:25:57.458000,1.12173,1.12169,2250000,5500000
2019-05-15 14:25:57.616000,1.12173,1.1217,2620000,5610000
2019-05-15 14:25:57.772000,1.12174,1.12172,5250000,1000000
2019-05-15 14:25:57.875000,1.12175,1.12173,2620000,1500000
2019-05-15 14:25:58.047000,1.12175,1.12171,7060000,4420000
2019-05-15 14:25:58.151000,1.12175,1.12172,1870000,2120000
2019-05-15 14:25:58.253000,1.12175,1.12172,1000000,2060000
2019-05-15 14:25:58.480000,1.12176,1.12174,1500000,2060000
2019-05-15 14:25:58.582000,1.12178,1.12175,10970000,1000000
2019-05-15 14:25:58.696000,1.12179,1.12176,1870000,1500000
2019-05-15 14:25:58.798000,1.12179,1.12176,2810000,4500000
2019-05-15 14:25:59.059000,1.12181,1.12177,5440000,1250000
2019-05-15 14:25:59.214000,1.12181,1.12178,6190000,3000000
2019-05-15 14:25:59.420000,1.12181,1.12177,3190000,3940000
2019-05-15 14:25:59.605000,1.12181,1.12178,7690000,1000000
2019-05-15 14:26:00.056000,1.1218,1.12178,3750000,1000000
2019-05-15 14:26:00.160000,1.1218,1.12179,5470000,1000000
2019-05-15 14:26:00.262000,1.12181,1.12178,5290000,1000000
2019-05-15 14:26:01.231000,1.12182,1.1218,1810000,1250000
2019-05-15 14:26:01.335000,1.12182,1.1218,1120000,3560000
2019-05-15 14:26:01.438000,1.12186,1.12183,3640000,1500000
2019-05-15 14:26:01.544000,1.12186,1.12184,1690000,1000000
2019-05-15 14:26:01.647000,1.12186,1.12183,1000000,2440000
2019-05-15 14:26:01.965000,1.12186,1.12184,1500000,1500000
2019-05-15 14:26:03.460000,1.12185,1.12183,1250000,4810000
2019-05-15 14:26:03.563000,1.12185,1.12183,6220000,1500000
2019-05-15 14:26:04.347000,1.12186,1.12183,2620000,1690000
2019-05-15 14:26:04.449000,1.12187,1.12183,5810000,1310000
2019-05-15 14:26:04.601000,1.12186,1.12183,1000000,3190000
2019-05-15 14:26:04.806000,1.12187,1.12183,1120000,4370000
2019-05-15 14:26:06.211000,1.12186,1.12184,1000000,1250000
2019-05-15 14:26:06.313000,1.12187,1.12185,1120000,1750000
2019-05-15 14:26:06.418000,1.1219,1.12187,4120000,1250000
2019-05-15 14:26:06.521000,1.12189,1.12187,1000000,4690000
2019-05-15 14:26:06.573000,1.1219,1.12188,1000000,2120000
2019-05-15 14:26:06.676000,1.12191,1.12188,2810000,2620000
2019-05-15 14:26:07.150000,1.1219,1.12187,6190000,1500000
2019-05-15 14:26:07.202000,1.12189,1.12186,1000000,1310000
2019-05-15 14:26:07.306000,1.12189,1.12187,1500000,2060000
2019-05-15 14:26:07.359000,1.12191,1.12188,5440000,1000000
2019-05-15 14:26:07.443000,1.12191,1.12189,1000000,2500000
2019-05-15 14:26:07.494000,1.12193,1.1219,1000000,2190000
2019-05-15 14:26:07.648000,1.12192,1.1219,1000000,1000000
2019-05-15 14:26:07.699000,1.12192,1.12189,4500000,1000000
2019-05-15 14:26:07.812000,1.12191,1.12187,1000000,2560000
2019-05-15 14:26:08.015000,1.12192,1.12187,6940000,5560000
2019-05-15 14:26:08.228000,1.12188,1.12186,1000000,4370000
2019-05-15 14:26:08.283000,1.1219,1.12187,4120000,3000000
2019-05-15 14:26:08.385000,1.12189,1.12186,1000000,2250000
2019-05-15 14:26:08.681000,1.12189,1.12187,1500000,1000000
2019-05-15 14:26:08.834000,1.1219,1.12187,3000000,1690000
2019-05-15 14:26:08.936000,1.1219,1.12188,2250000,1250000
2019-05-15 14:26:09.097000,1.12191,1.12188,1500000,1250000
2019-05-15 14:26:09.444000,1.12192,1.12189,3000000,1500000
2019-05-15 14:26:10.169000,1.12193,1.12191,2750000,3190000
2019-05-15 14:26:10.249000,1.12195,1.12191,8440000,4010000
2019-05-15 14:26:10.301000,1.12196,1.12193,4120000,1690000
2019-05-15 14:26:10.403000,1.12196,1.12194,3000000,1500000
2019-05-15 14:26:10.607000,1.12197,1.12194,7660000,1000000
2019-05-15 14:26:10.718000,1.12196,1.12194,1000000,1500000
2019-05-15 14:26:10.821000,1.12197,1.12194,3530000,1690000
2019-05-15 14:26:11.261000,1.12197,1.12194,2790000,2190000
2019-05-15 14:26:11.465000,1.12198,1.12195,3000000,2810000
2019-05-15 14:26:11.587000,1.122,1.12197,5630000,3190000
2019-05-15 14:26:11.998000,1.122,1.12197,1000000,3620000
2019-05-15 14:26:12.100000,1.122,1.12197,1000000,4310000
2019-05-15 14:26:12.253000,1.12201,1.12198,3190000,1000000
2019-05-15 14:26:12.381000,1.12201,1.12197,2250000,4310000
2019-05-15 14:26:13.091000,1.122,1.12198,2060000,1000000
2019-05-15 14:26:13.194000,1.12199,1.12196,1000000,4010000
2019-05-15 14:26:13.347000,1.12198,1.12196,1000000,4310000
2019-05-15 14:26:13.464000,1.12199,1.12196,1120000,4370000
2019-05-15 14:26:13.590000,1.122,1.12198,2060000,1000000
2019-05-15 14:26:14.365000,1.12199,1.12198,1000000,1250000
2019-05-15 14:26:14.490000,1.122,1.12198,1870000,1250000
2019-05-15 14:26:14.872000,1.12199,1.12198,1000000,1000000
2019-05-15 14:26:14.974000,1.122,1.12198,1120000,1000000
2019-05-15 14:26:15.179000,1.122,1.12197,6370000,1500000
2019-05-15 14:26:15.907000,1.12201,1.12198,8190000,1000000
2019-05-15 14:26:16.009000,1.12201,1.12197,4060000,2440000
2019-05-15 14:26:16.169000,1.12199,1.12197,1000000,2440000
2019-05-15 14:26:16.271000,1.12198,1.12197,1000000,1000000
2019-05-15 14:26:16.374000,1.122,1.12197,7310000,1000000
2019-05-15 14:26:17.050000,1.12199,1.12197,1500000,2250000
2019-05-15 14:26:17.710000,1.12198,1.12197,1000000,1000000
2019-05-15 14:26:18.113000,1.12199,1.12197,3000000,1000000
2019-05-15 14:26:18.216000,1.12198,1.12197,1000000,1000000
2019-05-15 14:26:18.371000,1.12199,1.12197,1500000,1000000
2019-05-15 14:26:18.944000,1.122,1.12196,2810000,13290000
2019-05-15 14:26:19.737000,1.12199,1.12198,1000000,1000000
2019-05-15 14:26:19.944000,1.122,1.12197,2810000,3000000
2019-05-15 14:26:20.046000,1.122,1.12198,3560000,1000000
2019-05-15 14:26:20.285000,1.12199,1.12198,1000000,1000000
2019-05-15 14:26:20.336000,1.12201,1.12198,7690000,1000000
2019-05-15 14:26:20.495000,1.12202,1.12201,3370000,2250000
2019-05-15 14:26:20.551000,1.12203,1.12201,1000000,3000000
2019-05-15 14:26:20.655000,1.12203,1.122,3000000,3940000
2019-05-15 14:26:20.797000,1.12202,1.122,1500000,1690000
2019-05-15 14:26:20.849000,1.12201,1.12198,1250000,2250000
2019-05-15 14:26:20.951000,1.12202,1.12199,8440000,1000000
2019-05-15 14:26:21.002000,1.122,1.12199,1250000,1000000
2019-05-15 14:26:21.104000,1.122,1.12198,1250000,3190000
2019-05-15 14:26:22.971000,1.12198,1.12197,1000000,1120000
2019-05-15 14:26:23.073000,1.12197,1.12196,1250000,1000000
2019-05-15 14:26:23.175000,1.12198,1.12194,7750000,4620000
2019-05-15 14:26:24.469000,1.12198,1.12194,5810000,3870000
2019-05-15 14:26:24.684000,1.12199,1.12198,3000000,2100000
2019-05-15 14:26:24.839000,1.12201,1.12198,1000000,3940000
2019-05-15 14:26:24.890000,1.122,1.12198,2120000,1000000
2019-05-15 14:26:25.041000,1.12199,1.12197,1690000,1250000
2019-05-15 14:26:25.194000,1.122,1.12196,6940000,2250000
2019-05-15 14:26:25.297000,1.12198,1.12196,1500000,1000000
2019-05-15 14:26:25.412000,1.12199,1.12197,1500000,1000000
2019-05-15 14:26:25.702000,1.12198,1.12197,1000000,1000000
2019-05-15 14:26:25.804000,1.122,1.12197,7310000,1000000
2019-05-15 14:26:25.906000,1.12199,1.12197,1000000,2250000
2019-05-15 14:26:26.008000,1.122,1.12198,7120000,1000000
2019-05-15 14:26:26.124000,1.12199,1.12197,1000000,4690000
2019-05-15 14:26:26.226000,1.122,1.12197,6000000,3190000
2019-05-15 14:26:26.553000,1.12199,1.12197,1000000,1690000
2019-05-15 14:26:26.655000,1.122,1.12197,5620000,1250000
2019-05-15 14:26:26.968000,1.12198,1.12197,1000000,1690000
2019-05-15 14:26:27.717000,1.12199,1.12197,1120000,2440000
2019-05-15 14:26:27.821000,1.122,1.12197,1500000,2440000
2019-05-15 14:26:28.232000,1.12199,1.12197,1120000,4690000
2019-05-15 14:26:28.813000,1.122,1.12197,1870000,9620000
2019-05-15 14:26:28.915000,1.122,1.12197,1120000,2810000
2019-05-15 14:26:29.017000,1.12199,1.12197,1120000,6940000
2019-05-15 14:26:29.470000,1.12199,1.12197,1120000,3250000
2019-05-15 14:26:29.572000,1.122,1.12197,1870000,3250000
2019-05-15 14:26:29.674000,1.122,1.12198,1870000,1250000
2019-05-15 14:26:29.824000,1.12199,1.12197,1120000,4750000
2019-05-15 14:26:30.028000,1.12199,1.12197,1120000,3940000
2019-05-15 14:26:30.130000,1.122,1.12198,1120000,1250000
2019-05-15 14:26:30.232000,1.122,1.12197,1120000,3620000
2019-05-15 14:26:30.738000,1.12201,1.12197,3750000,3750000
2019-05-15 14:26:30.893000,1.122,1.12197,1000000,5190000
2019-05-15 14:26:31.773000,1.122,1.12197,1870000,4690000
2019-05-15 14:26:32.246000,1.122,1.12197,1000000,5120000
2019-05-15 14:26:32.820000,1.12201,1.12198,4870000,2060000
2019-05-15 14:26:32.941000,1.122,1.12198,2250000,2620000
2019-05-15 14:26:33.047000,1.12202,1.12201,4500000,1690000
2019-05-15 14:26:33.259000,1.122,1.12198,1870000,1500000
2019-05-15 14:26:33.310000,1.122,1.12197,1120000,5440000
2019-05-15 14:26:33.413000,1.12201,1.12198,4250000,2440000
2019-05-15 14:26:33.650000,1.12199,1.12198,1000000,1500000
2019-05-15 14:26:33.753000,1.12198,1.12197,1000000,3190000
2019-05-15 14:26:33.901000,1.12197,1.12195,1000000,3750000
2019-05-15 14:26:34.005000,1.12198,1.12195,2620000,1000000
2019-05-15 14:26:34.362000,1.12198,1.12196,2250000,1000000
2019-05-15 14:26:34.464000,1.12198,1.12197,1120000,1120000
2019-05-15 14:26:34.516000,1.122,1.12196,6750000,4690000
2019-05-15 14:26:34.627000,1.122,1.12197,6000000,1000000
2019-05-15 14:26:34.729000,1.122,1.12197,4120000,1370000
2019-05-15 14:26:34.831000,1.122,1.12196,1870000,7810000
2019-05-15 14:26:35.496000,1.122,1.12198,4120000,1000000
2019-05-15 14:26:35.642000,1.122,1.12197,6000000,1120000
2019-05-15 14:26:35.744000,1.122,1.12197,8870000,1000000
2019-05-15 14:26:35.897000,1.12198,1.12195,2250000,5270000
2019-05-15 14:26:36.017000,1.12197,1.12194,5620000,3310000
2019-05-15 14:26:36.068000,1.12198,1.12197,3750000,1500000
2019-05-15 14:26:36.170000,1.122,1.12197,4120000,2250000
2019-05-15 14:26:36.273000,1.122,1.12197,6810000,3940000
2019-05-15 14:26:36.656000,1.122,1.12197,3370000,3940000
2019-05-15 14:26:36.809000,1.122,1.12197,9560000,1000000
2019-05-15 14:26:36.923000,1.122,1.12196,11810000,3560000
2019-05-15 14:26:36.974000,1.12198,1.12195,1690000,2810000
2019-05-15 14:26:37.347000,1.12197,1.12195,2250000,1310000
2019-05-15 14:26:38.432000,1.12197,1.12194,5310000,2440000
2019-05-15 14:26:39.082000,1.12196,1.12195,1500000,1690000
2019-05-15 14:26:39.882000,1.12197,1.12196,3370000,1250000
2019-05-15 14:26:39.986000,1.12199,1.12196,4500000,6940000
2019-05-15 14:26:40.088000,1.12198,1.12196,1000000,8250000
2019-05-15 14:26:40.140000,1.12199,1.12197,5810000,1250000
2019-05-15 14:26:40.242000,1.12197,1.12195,1000000,12960000
2019-05-15 14:26:40.360000,1.12197,1.12195,1000000,7160000
2019-05-15 14:26:40.513000,1.12199,1.12196,4120000,3560000
2019-05-15 14:26:40.788000,1.12198,1.12196,2620000,3560000
2019-05-15 14:26:41.134000,1.12199,1.12196,3370000,2060000
2019-05-15 14:26:41.285000,1.12198,1.12196,1000000,2060000
2019-05-15 14:26:42.571000,1.12196,1.12195,1000000,3190000
2019-05-15 14:26:42.825000,1.12195,1.12194,1500000,1000000
2019-05-15 14:26:42.929000,1.12194,1.12192,1000000,9000000
2019-05-15 14:26:43.557000,1.12195,1.12193,3000000,1310000
2019-05-15 14:26:43.660000,1.12196,1.12193,3370000,4310000
2019-05-15 14:26:44.185000,1.12195,1.12193,1000000,5060000
2019-05-15 14:26:44.288000,1.12195,1.12193,1000000,1500000
2019-05-15 14:26:44.390000,1.12194,1.12192,1000000,2190000
2019-05-15 14:26:44.514000,1.12191,1.1219,1000000,1120000
2019-05-15 14:26:44.616000,1.12191,1.12189,1000000,1810000
2019-05-15 14:26:44.718000,1.12189,1.12187,1000000,4540000
2019-05-15 14:26:45.079000,1.1219,1.12189,1690000,1000000
2019-05-15 14:26:45.416000,1.12191,1.12188,1000000,1810000
2019-05-15 14:26:45.828000,1.12192,1.12188,9370000,1810000
2019-05-15 14:26:46.732000,1.12191,1.12189,1120000,1120000
2019-05-15 14:26:46.835000,1.12191,1.1219,1120000,1250000
2019-05-15 14:26:46.938000,1.12192,1.1219,6370000,1250000
2019-05-15 14:26:47.061000,1.12191,1.1219,1000000,1250000
2019-05-15 14:26:47.231000,1.12192,1.12191,1500000,1000000
2019-05-15 14:26:47.334000,1.12194,1.12193,10120000,1690000
2019-05-15 14:26:47.469000,1.12196,1.12193,1500000,3190000
2019-05-15 14:26:47.571000,1.12197,1.12193,11440000,3940000
2019-05-15 14:26:47.923000,1.12196,1.12194,1500000,1000000
2019-05-15 14:26:48.561000,1.12197,1.12193,8810000,2440000
2019-05-15 14:26:49.121000,1.12196,1.12193,1500000,3940000
2019-05-15 14:26:49.401000,1.12194,1.12193,1690000,1000000
2019-05-15 14:26:49.506000,1.12194,1.12191,1250000,5950000
2019-05-15 14:26:50.346000,1.12195,1.12193,5620000,1000000
2019-05-15 14:26:50.448000,1.12196,1.12193,2620000,2440000
2019-05-15 14:26:50.871000,1.12196,1.12194,1500000,1690000
2019-05-15 14:26:50.978000,1.12196,1.12195,1500000,1000000
2019-05-15 14:26:51.080000,1.12197,1.12195,3750000,1000000
2019-05-15 14:26:53.813000,1.12198,1.12197,1500000,1250000
2019-05-15 14:26:53.915000,1.122,1.12197,1500000,3310000
2019-05-15 14:26:54.017000,1.12201,1.12197,8660000,8440000
2019-05-15 14:26:54.068000,1.122,1.12199,1000000,1250000
2019-05-15 14:26:54.207000,1.12201,1.12198,3940000,2250000
2019-05-15 14:26:54.310000,1.12201,1.12199,1310000,1000000
2019-05-15 14:26:54.563000,1.12199,1.12197,1750000,3000000
2019-05-15 14:26:54.667000,1.12197,1.12195,1000000,3000000
2019-05-15 14:26:54.769000,1.12198,1.12195,5810000,1500000
2019-05-15 14:26:54.957000,1.12197,1.12195,1500000,1500000
2019-05-15 14:26:55.110000,1.12198,1.12195,3560000,1000000
2019-05-15 14:26:55.318000,1.12197,1.12195,1500000,1000000
2019-05-15 14:26:55.472000,1.12198,1.12195,8060000,1000000
2019-05-15 14:26:55.574000,1.12197,1.12195,1000000,1000000
2019-05-15 14:26:55.738000,1.12197,1.12194,1000000,3560000
2019-05-15 14:26:56.378000,1.12197,1.12194,1750000,3560000
2019-05-15 14:26:58.141000,1.12197,1.12196,1250000,1000000
2019-05-15 14:26:58.192000,1.12198,1.12197,5220000,1000000
2019-05-15 14:26:58.295000,1.122,1.12197,1690000,4120000
2019-05-15 14:26:58.961000,1.12199,1.12196,1000000,11560000
2019-05-15 14:26:59.221000,1.122,1.12197,4690000,1500000
2019-05-15 14:26:59.325000,1.12199,1.12197,1000000,1000000
2019-05-15 14:26:59.427000,1.122,1.12196,1690000,9560000
2019-05-15 14:26:59.529000,1.122,1.12197,2440000,2250000
2019-05-15 14:26:59.784000,1.12199,1.12197,1000000,1500000
2019-05-15 14:26:59.887000,1.122,1.12197,1690000,4120000
2019-05-15 14:27:00.345000,1.12198,1.12197,1250000,1500000
2019-05-15 14:27:00.396000,1.12197,1.12194,1250000,3690000
2019-05-15 14:27:00.499000,1.12196,1.12195,1690000,2250000
2019-05-15 14:27:00.602000,1.12196,1.12195,2440000,1500000
2019-05-15 14:27:00.734000,1.12196,1.12194,3190000,2250000
2019-05-15 14:27:00.937000,1.12195,1.12194,1000000,1500000
2019-05-15 14:27:01.039000,1.12196,1.12194,2440000,1500000
2019-05-15 14:27:01.148000,1.12195,1.12194,1000000,1500000
2019-05-15 14:27:03.109000,1.12196,1.12194,1500000,1000000
2019-05-15 14:27:03.465000,1.12197,1.12194,4690000,2250000
2019-05-15 14:27:04.858000,1.12197,1.12193,3190000,1500000
2019-05-15 14:27:05.011000,1.12196,1.12193,1000000,4500000
2019-05-15 14:27:05.272000,1.12197,1.12193,2440000,1500000
2019-05-15 14:27:05.570000,1.12197,1.12193,8870000,1000000
2019-05-15 14:27:07.795000,1.12197,1.12192,5060000,8560000
2019-05-15 14:27:08.024000,1.12196,1.12193,1000000,3370000
2019-05-15 14:27:10.084000,1.12194,1.12192,2500000,8250000
2019-05-15 14:27:10.187000,1.12193,1.12191,1000000,1870000
2019-05-15 14:27:10.343000,1.12191,1.12189,2440000,1500000
2019-05-15 14:27:10.766000,1.1219,1.12188,1000000,2620000
2019-05-15 14:27:11.075000,1.12189,1.12186,2250000,4690000
2019-05-15 14:27:11.179000,1.12188,1.12186,2440000,2060000
2019-05-15 14:27:11.283000,1.12189,1.12187,1370000,1000000
2019-05-15 14:27:11.479000,1.12189,1.12186,1250000,2060000
2019-05-15 14:27:11.893000,1.12189,1.12187,3250000,1000000
2019-05-15 14:27:12.279000,1.12189,1.12186,1250000,2060000
2019-05-15 14:27:12.960000,1.12189,1.12187,1250000,1000000
2019-05-15 14:27:13.063000,1.1219,1.12188,1000000,1000000
2019-05-15 14:27:13.167000,1.12191,1.12189,2250000,1000000
2019-05-15 14:27:13.416000,1.12192,1.12189,4690000,6000000
2019-05-15 14:27:13.732000,1.12192,1.1219,3190000,1000000
2019-05-15 14:27:14.452000,1.12191,1.1219,1000000,1000000
2019-05-15 14:27:14.591000,1.12192,1.1219,2440000,1000000
2019-05-15 14:27:14.693000,1.12192,1.12189,2440000,3370000
2019-05-15 14:27:14.746000,1.12189,1.12188,3190000,1000000
2019-05-15 14:27:14.948000,1.12188,1.12186,1500000,1500000
2019-05-15 14:27:15.051000,1.1219,1.12187,1250000,3000000
2019-05-15 14:27:15.153000,1.12189,1.12187,1000000,1500000
2019-05-15 14:27:15.291000,1.1219,1.12186,3920000,3370000
2019-05-15 14:27:16.194000,1.1219,1.12187,6940000,1000000
2019-05-15 14:27:16.297000,1.1219,1.12187,2870000,1690000
2019-05-15 14:27:16.399000,1.1219,1.12188,6250000,1000000
2019-05-15 14:27:16.532000,1.12189,1.12187,1250000,2810000
2019-05-15 14:27:16.635000,1.1219,1.12189,2440000,1000000
2019-05-15 14:27:16.737000,1.12191,1.12188,2870000,1250000
2019-05-15 14:27:16.839000,1.1219,1.12189,1690000,1000000
2019-05-15 14:27:17.183000,1.1219,1.12188,1690000,1250000
2019-05-15 14:27:17.706000,1.1219,1.12187,1310000,4870000
2019-05-15 14:27:17.808000,1.12189,1.12188,1000000,1000000
2019-05-15 14:27:17.911000,1.1219,1.12188,1310000,1500000
2019-05-15 14:27:18.222000,1.1219,1.12186,2060000,3940000
2019-05-15 14:27:19.723000,1.1219,1.12188,1690000,1000000
2019-05-15 14:27:19.859000,1.12191,1.12187,4000000,6000000
2019-05-15 14:27:19.962000,1.12191,1.12188,1310000,1000000
2019-05-15 14:27:20.421000,1.12191,1.12189,1690000,1500000
2019-05-15 14:27:20.930000,1.12192,1.12189,4120000,1870000
2019-05-15 14:27:22.627000,1.12192,1.1219,1310000,1000000
2019-05-15 14:27:22.764000,1.12193,1.12191,5140000,1000000
2019-05-15 14:27:22.867000,1.12191,1.12189,1000000,6810000
2019-05-15 14:27:23.230000,1.12193,1.1219,3940000,1250000
2019-05-15 14:27:23.638000,1.12193,1.1219,7440000,1250000
2019-05-15 14:27:23.916000,1.12192,1.12189,1620000,7370000
2019-05-15 14:27:24.528000,1.12192,1.1219,1500000,1000000
2019-05-15 14:27:24.895000,1.12192,1.12189,1500000,5440000
2019-05-15 14:27:24.997000,1.12194,1.12192,4370000,1000000
2019-05-15 14:27:25.448000,1.12194,1.12191,7310000,3000000
2019-05-15 14:27:25.551000,1.12193,1.12191,1000000,1000000
2019-05-15 14:27:25.654000,1.12194,1.1219,6560000,8060000
2019-05-15 14:27:25.763000,1.12194,1.12193,1000000,1000000
2019-05-15 14:27:25.865000,1.12195,1.12192,2810000,1000000
2019-05-15 14:27:26.223000,1.12194,1.12192,1000000,2250000
2019-05-15 14:27:26.325000,1.12195,1.12193,1250000,1000000
2019-05-15 14:27:26.478000,1.12196,1.12192,6250000,5620000
2019-05-15 14:27:26.630000,1.12195,1.12192,1750000,2250000
2019-05-15 14:27:26.733000,1.12195,1.12191,4310000,4910000
2019-05-15 14:27:26.988000,1.12195,1.12192,3940000,1000000
2019-05-15 14:27:27.110000,1.12193,1.12191,2370000,2140000
2019-05-15 14:27:27.213000,1.12191,1.12189,2000000,1500000
2019-05-15 14:27:27.315000,1.12191,1.12189,2780000,1000000
2019-05-15 14:27:27.786000,1.12191,1.12188,1500000,1690000
2019-05-15 14:27:29.079000,1.12191,1.12189,1000000,1000000
2019-05-15 14:27:29.288000,1.12192,1.12189,1690000,1000000
2019-05-15 14:27:29.443000,1.12192,1.1219,1250000,1000000
2019-05-15 14:27:29.546000,1.12194,1.12192,1500000,1500000
2019-05-15 14:27:29.597000,1.12195,1.12193,3560000,1000000
2019-05-15 14:27:30.010000,1.12196,1.12193,2440000,2440000
2019-05-15 14:27:30.117000,1.12195,1.12193,1250000,1500000
2019-05-15 14:27:30.431000,1.12196,1.12193,3500000,1000000
2019-05-15 14:27:30.865000,1.12196,1.12193,2060000,2250000
2019-05-15 14:27:31.508000,1.12196,1.12194,1250000,2250000
2019-05-15 14:27:31.612000,1.122,1.12197,3940000,1500000
2019-05-15 14:27:32.361000,1.122,1.12196,3190000,7720000
2019-05-15 14:27:32.490000,1.122,1.12196,8870000,4350000
2019-05-15 14:27:32.594000,1.12197,1.12195,1250000,1500000
2019-05-15 14:27:32.698000,1.12197,1.12196,2440000,1000000
2019-05-15 14:27:32.853000,1.12197,1.12194,6240000,1100000
2019-05-15 14:27:32.942000,1.12195,1.12193,2500000,1500000
2019-05-15 14:27:33.044000,1.12195,1.12191,8120000,1120000
2019-05-15 14:27:33.147000,1.12194,1.1219,3410000,6000000
2019-05-15 14:27:33.249000,1.12194,1.1219,2790000,2250000
2019-05-15 14:27:33.515000,1.12194,1.12191,5040000,1000000
2019-05-15 14:27:33.770000,1.12194,1.1219,2790000,2250000
2019-05-15 14:27:34.581000,1.12191,1.1219,1250000,1000000
2019-05-15 14:27:34.632000,1.12191,1.12188,2060000,1000000
2019-05-15 14:27:34.736000,1.12192,1.12188,4500000,1690000
2019-05-15 14:27:34.788000,1.12191,1.12188,4750000,3520000
2019-05-15 14:27:34.924000,1.12191,1.12187,7000000,3750000
2019-05-15 14:27:37.384000,1.12191,1.12187,4690000,3000000
2019-05-15 14:27:38.861000,1.12191,1.12187,3690000,5620000
2019-05-15 14:27:39.821000,1.12189,1.12187,5290000,1120000
2019-05-15 14:27:39.945000,1.12188,1.12186,3750000,1000000
2019-05-15 14:27:40.048000,1.12188,1.12185,2440000,4310000
2019-05-15 14:27:40.219000,1.12188,1.12186,2440000,1500000
2019-05-15 14:27:40.326000,1.12187,1.12185,1000000,6560000
2019-05-15 14:27:40.727000,1.12187,1.12186,1000000,1500000
2019-05-15 14:27:40.842000,1.12187,1.12185,1000000,6560000
2019-05-15 14:27:42.063000,1.12188,1.12186,3190000,1500000
2019-05-15 14:27:42.165000,1.12186,1.12185,1000000,1000000
2019-05-15 14:27:42.267000,1.12185,1.12183,1250000,1500000
2019-05-15 14:27:42.381000,1.12183,1.12181,2190000,1120000
2019-05-15 14:27:42.434000,1.12184,1.12181,7310000,3000000
2019-05-15 14:27:42.485000,1.12184,1.12183,3000000,1000000
2019-05-15 14:27:42.588000,1.12186,1.12182,6750000,2250000
2019-05-15 14:27:43.392000,1.12186,1.12183,10000000,1000000
2019-05-15 14:27:43.494000,1.12186,1.12182,7750000,3000000
2019-05-15 14:27:43.647000,1.12185,1.12182,1250000,2250000
2019-05-15 14:27:43.909000,1.12186,1.12182,6250000,3000000
2019-05-15 14:27:44.361000,1.12186,1.12183,10370000,1000000
2019-05-15 14:27:44.463000,1.12185,1.12182,2440000,3750000
2019-05-15 14:27:44.835000,1.12185,1.12183,1250000,1000000
2019-05-15 14:27:45,1.12186,1.12182,4750000,3000000
2019-05-15 14:27:45.103000,1.12185,1.12182,2250000,3000000
2019-05-15 14:27:46.356000,1.12185,1.12181,2120000,6750000
2019-05-15 14:27:46.469000,1.12185,1.12182,4000000,1500000
2019-05-15 14:27:46.571000,1.12185,1.12181,2120000,6000000
2019-05-15 14:27:46.945000,1.12185,1.12183,3470000,3000000
2019-05-15 14:27:47.048000,1.12184,1.12182,1120000,1500000
2019-05-15 14:27:47.152000,1.12185,1.12182,4690000,4500000
2019-05-15 14:27:47.266000,1.12186,1.12184,7120000,1000000
2019-05-15 14:27:47.368000,1.12186,1.12185,2250000,1000000
2019-05-15 14:27:47.523000,1.12186,1.12184,1000000,1000000
2019-05-15 14:27:47.734000,1.12186,1.12183,1000000,3000000
2019-05-15 14:27:47.859000,1.12187,1.12184,6560000,3750000
2019-05-15 14:27:47.961000,1.12187,1.12185,6560000,3000000
2019-05-15 14:27:48.128000,1.12187,1.12184,4690000,3750000
2019-05-15 14:27:49.149000,1.12187,1.12186,1500000,1500000
2019-05-15 14:27:49.254000,1.1219,1.12188,1790000,1000000
2019-05-15 14:27:49.306000,1.12191,1.12189,2060000,1000000
2019-05-15 14:27:49.522000,1.12191,1.12188,1690000,1500000
2019-05-15 14:27:49.875000,1.12192,1.12188,4310000,1500000
2019-05-15 14:27:49.978000,1.12193,1.12191,3000000,1500000
2019-05-15 14:27:50.081000,1.12195,1.12192,2620000,4500000
2019-05-15 14:27:50.206000,1.12195,1.12193,3370000,1000000
2019-05-15 14:27:50.310000,1.12196,1.12192,1310000,3000000
2019-05-15 14:27:50.412000,1.12196,1.12193,2810000,1500000
2019-05-15 14:27:50.831000,1.12196,1.12194,4310000,1000000
2019-05-15 14:27:50.934000,1.12196,1.12193,2810000,1500000
2019-05-15 14:27:51.178000,1.12196,1.12192,4310000,5250000
2019-05-15 14:27:51.526000,1.12196,1.12193,4690000,3750000
2019-05-15 14:27:51.729000,1.12195,1.12193,1000000,3750000
2019-05-15 14:27:51.832000,1.12196,1.12193,4690000,9370000
2019-05-15 14:27:53.414000,1.12195,1.12194,1000000,2250000
2019-05-15 14:27:54.826000,1.12193,1.12192,1310000,3000000
2019-05-15 14:27:54.929000,1.12192,1.1219,1250000,2320000
2019-05-15 14:27:54.980000,1.12192,1.12189,1250000,6940000
2019-05-15 14:27:55.091000,1.12192,1.1219,1750000,3000000
2019-05-15 14:27:55.193000,1.12193,1.12191,7250000,2250000
2019-05-15 14:27:55.244000,1.12193,1.12189,3370000,6560000
2019-05-15 14:27:55.345000,1.12193,1.1219,6250000,3000000
2019-05-15 14:27:55.527000,1.12193,1.12189,3370000,5810000
2019-05-15 14:27:55.881000,1.12193,1.12191,5620000,1000000
2019-05-15 14:27:56.034000,1.12195,1.12192,8500000,1310000
2019-05-15 14:27:56.186000,1.12194,1.12192,1250000,1870000
2019-05-15 14:27:56.880000,1.12194,1.12191,1250000,3560000
2019-05-15 14:27:57.035000,1.12194,1.12192,1370000,1120000
2019-05-15 14:27:57.137000,1.12193,1.12191,1250000,6560000
2019-05-15 14:27:57.916000,1.12194,1.12192,2870000,2250000
2019-05-15 14:27:58.170000,1.12194,1.12191,1750000,1250000
2019-05-15 14:27:59.438000,1.12194,1.12192,1250000,1500000
2019-05-15 14:27:59.540000,1.12194,1.12191,1250000,6190000
2019-05-15 14:27:59.779000,1.12194,1.12192,1250000,1500000
2019-05-15 14:28:00.035000,1.12194,1.12191,2500000,6560000
2019-05-15 14:28:00.174000,1.1219,1.12189,3190000,2250000
2019-05-15 14:28:00.276000,1.12188,1.12186,3940000,1120000
2019-05-15 14:28:00.410000,1.12188,1.12187,1870000,1000000
2019-05-15 14:28:00.514000,1.1219,1.12187,4060000,6000000
2019-05-15 14:28:00.813000,1.1219,1.12187,1250000,6000000
2019-05-15 14:28:00.917000,1.12191,1.12188,3620000,1000000
2019-05-15 14:28:01.022000,1.12191,1.12189,5120000,1000000
2019-05-15 14:28:01.167000,1.12191,1.12189,6190000,1000000
2019-05-15 14:28:01.218000,1.12191,1.12188,2870000,1500000
2019-05-15 14:28:01.595000,1.12191,1.12189,1310000,1000000
2019-05-15 14:28:01.698000,1.12192,1.12189,7250000,7120000
2019-05-15 14:28:02.717000,1.12192,1.12189,4870000,1500000
2019-05-15 14:28:03.135000,1.12193,1.12192,2620000,1500000
2019-05-15 14:28:03.309000,1.12195,1.12194,1500000,1000000
2019-05-15 14:28:03.361000,1.12196,1.12193,1000000,1500000
2019-05-15 14:28:04.350000,1.12195,1.12193,3190000,1500000
2019-05-15 14:28:04.401000,1.12193,1.12192,2250000,1500000
2019-05-15 14:28:04.566000,1.12191,1.12189,1690000,3000000
2019-05-15 14:28:04.832000,1.12192,1.12191,1000000,5250000
2019-05-15 14:28:04.884000,1.12195,1.12192,3390000,1000000
2019-05-15 14:28:04.986000,1.12196,1.12193,5220000,1000000
2019-05-15 14:28:06.180000,1.1219,1.12189,1250000,6820000
2019-05-15 14:28:06.307000,1.12191,1.12188,5120000,1000000
2019-05-15 14:28:06.746000,1.12191,1.12189,3250000,1000000
2019-05-15 14:28:07.657000,1.12191,1.12189,1690000,1000000
2019-05-15 14:28:07.760000,1.1219,1.12187,5500000,4310000
2019-05-15 14:28:08.100000,1.12188,1.12187,1000000,1250000
2019-05-15 14:28:08.304000,1.1219,1.12186,7750000,5120000
2019-05-15 14:28:08.407000,1.1219,1.12188,3190000,1000000
2019-05-15 14:28:08.929000,1.12191,1.12189,4690000,1000000
2019-05-15 14:28:09.585000,1.1219,1.12189,1000000,1000000
2019-05-15 14:28:09.687000,1.1219,1.12187,1000000,3560000
2019-05-15 14:28:09.790000,1.12191,1.12187,3560000,3560000
2019-05-15 14:28:10.282000,1.12192,1.12189,7500000,1000000
2019-05-15 14:28:10.432000,1.12191,1.12189,1250000,1000000
2019-05-15 14:28:11.070000,1.12191,1.12189,1870000,1000000
2019-05-15 14:28:11.527000,1.12192,1.12189,3000000,1000000
2019-05-15 14:28:11.765000,1.12192,1.12187,3750000,8060000
2019-05-15 14:28:12.022000,1.12192,1.12188,6000000,1000000
2019-05-15 14:28:12.176000,1.12189,1.12187,1250000,5250000
2019-05-15 14:28:12.278000,1.12189,1.12186,1310000,4310000
2019-05-15 14:28:12.513000,1.12189,1.12187,2060000,1000000
2019-05-15 14:28:12.666000,1.12189,1.12186,1310000,3560000
2019-05-15 14:28:12.768000,1.12189,1.12187,1310000,1000000
2019-05-15 14:28:12.871000,1.12189,1.12186,1310000,5060000
2019-05-15 14:28:13.412000,1.1219,1.12187,5190000,1000000
2019-05-15 14:28:13.825000,1.1219,1.12186,4810000,6560000
2019-05-15 14:28:15.174000,1.1219,1.12187,4440000,1000000
2019-05-15 14:28:15.385000,1.1219,1.12186,2190000,5810000
2019-05-15 14:28:15.746000,1.1219,1.12187,2560000,2250000
2019-05-15 14:28:16.196000,1.1219,1.12187,3560000,2250000
2019-05-15 14:28:16.298000,1.1219,1.12187,4060000,1870000
2019-05-15 14:28:17.466000,1.1219,1.12186,1310000,7310000
2019-05-15 14:28:17.569000,1.12189,1.12187,1000000,1000000
2019-05-15 14:28:19.515000,1.1219,1.12186,2060000,4120000
2019-05-15 14:28:19.617000,1.1219,1.12186,3310000,4120000
2019-05-15 14:28:19.719000,1.1219,1.12187,2560000,1000000
2019-05-15 14:28:20.433000,1.1219,1.12186,4810000,3370000
2019-05-15 14:28:20.536000,1.12189,1.12187,1120000,1000000
2019-05-15 14:28:20.639000,1.1219,1.12186,8940000,1500000
2019-05-15 14:28:21.154000,1.12189,1.12187,1120000,1000000
2019-05-15 14:28:21.263000,1.12189,1.12186,1120000,4500000
2019-05-15 14:28:21.851000,1.12189,1.12187,1000000,1000000
2019-05-15 14:28:22.027000,1.12189,1.12186,1000000,4500000
2019-05-15 14:28:22.320000,1.12187,1.12186,1250000,2250000
2019-05-15 14:28:22.462000,1.12185,1.12183,3100000,5320000
2019-05-15 14:28:22.514000,1.12185,1.12182,2870000,4200000
2019-05-15 14:28:22.566000,1.12186,1.12184,1000000,1000000
2019-05-15 14:28:22.720000,1.12186,1.12183,4750000,1120000
2019-05-15 14:28:22.871000,1.12186,1.12182,1500000,2750000
2019-05-15 14:28:23.263000,1.12186,1.12182,1500000,1500000
2019-05-15 14:28:26.507000,1.12186,1.12183,5250000,1000000
2019-05-15 14:28:26.656000,1.12185,1.12182,1000000,3000000
2019-05-15 14:28:26.810000,1.12186,1.12182,3000000,2250000
2019-05-15 14:28:26.912000,1.12186,1.12183,5250000,1000000
2019-05-15 14:28:27.181000,1.12186,1.12182,3000000,2250000
2019-05-15 14:28:28.901000,1.12186,1.12182,3870000,2620000
2019-05-15 14:28:29.218000,1.12186,1.12183,3120000,1690000
2019-05-15 14:28:29.320000,1.12187,1.12185,1500000,3940000
2019-05-15 14:28:29.422000,1.12189,1.12187,4620000,1500000
2019-05-15 14:28:29.575000,1.12189,1.12186,1500000,3560000
2019-05-15 14:28:29.678000,1.12189,1.12187,1500000,1000000
2019-05-15 14:28:30.662000,1.12189,1.12186,1120000,5660000
2019-05-15 14:28:30.763000,1.12189,1.12187,1120000,1000000
2019-05-15 14:28:31.011000,1.12188,1.12186,1500000,4910000
2019-05-15 14:28:31.114000,1.12188,1.12186,1500000,1000000
2019-05-15 14:28:31.217000,1.12188,1.12185,1750000,2250000
2019-05-15 14:28:32.952000,1.12188,1.12186,1500000,1690000
2019-05-15 14:28:33.054000,1.12189,1.12186,2620000,3560000
2019-05-15 14:28:33.156000,1.12189,1.12187,2620000,1000000
2019-05-15 14:28:33.455000,1.12189,1.12186,2810000,3370000
2019-05-15 14:28:34.238000,1.12189,1.12186,5940000,3750000
2019-05-15 14:28:34.340000,1.12187,1.12185,2440000,1120000
2019-05-15 14:28:34.451000,1.12187,1.12184,1250000,1500000
2019-05-15 14:28:34.709000,1.12186,1.12184,2250000,1120000
2019-05-15 14:28:34.934000,1.12185,1.12182,1000000,3870000
2019-05-15 14:28:35.082000,1.12185,1.12182,1000000,3370000
2019-05-15 14:28:35.184000,1.12186,1.12182,4540000,2620000
2019-05-15 14:28:35.286000,1.12186,1.12183,4540000,1000000
2019-05-15 14:28:35.396000,1.12185,1.12183,1000000,3750000
2019-05-15 14:28:35.560000,1.12186,1.12183,6790000,1000000
2019-05-15 14:28:35.662000,1.12185,1.12183,1000000,1000000
2019-05-15 14:28:35.896000,1.12186,1.12183,6790000,1000000
2019-05-15 14:28:35.998000,1.12185,1.12183,1000000,1000000
2019-05-15 14:28:36.107000,1.12186,1.12183,4350000,1000000
2019-05-15 14:28:40.037000,1.12186,1.12184,1870000,1500000
2019-05-15 14:28:40.140000,1.12186,1.12183,3750000,6370000
2019-05-15 14:28:40.650000,1.12186,1.12182,4120000,9750000
2019-05-15 14:28:40.897000,1.12186,1.12184,4500000,1000000
2019-05-15 14:28:41.218000,1.12186,1.12183,1000000,1500000
2019-05-15 14:28:41.473000,1.12185,1.12183,1690000,1000000
2019-05-15 14:28:41.575000,1.12186,1.12182,5120000,1000000
2019-05-15 14:28:41.678000,1.12186,1.12183,3370000,1000000
2019-05-15 14:28:41.833000,1.12188,1.12186,7610000,1000000
2019-05-15 14:28:41.976000,1.12189,1.12188,1500000,1000000
2019-05-15 14:28:42.027000,1.12191,1.12188,8250000,1690000
2019-05-15 14:28:42.181000,1.1219,1.12188,1750000,1500000
2019-05-15 14:28:42.283000,1.12191,1.12188,1500000,3940000
2019-05-15 14:28:42.428000,1.12191,1.12189,1000000,3000000
2019-05-15 14:28:44.188000,1.12192,1.1219,4870000,2120000
2019-05-15 14:28:44.240000,1.12193,1.12192,3000000,1000000
2019-05-15 14:28:44.397000,1.12194,1.12192,4690000,3750000
2019-05-15 14:28:44.806000,1.12195,1.12193,3750000,1000000
2019-05-15 14:28:44.912000,1.12196,1.12192,7720000,7500000
2019-05-15 14:28:45.169000,1.12196,1.12193,3500000,1500000
2019-05-15 14:28:45.441000,1.12196,1.12192,5750000,3190000
2019-05-15 14:28:46.265000,1.12195,1.12193,1120000,1500000
2019-05-15 14:28:47.540000,1.12196,1.12194,2750000,1500000
2019-05-15 14:28:47.643000,1.12196,1.12192,1500000,10060000
2019-05-15 14:28:47.979000,1.12195,1.12192,1310000,6000000
2019-05-15 14:28:48.083000,1.12195,1.12192,2870000,2250000
2019-05-15 14:28:48.711000,1.12187,1.12185,1500000,6940000
2019-05-15 14:28:48.814000,1.12187,1.12185,2250000,1000000
2019-05-15 14:28:48.916000,1.12187,1.12184,2250000,3940000
2019-05-15 14:28:49.494000,1.12186,1.12183,1310000,1310000
2019-05-15 14:28:49.596000,1.12184,1.12183,1000000,1000000
2019-05-15 14:28:49.705000,1.12185,1.12183,1000000,1000000
2019-05-15 14:28:49.807000,1.12186,1.12182,6640000,1870000
2019-05-15 14:28:50.126000,1.12185,1.12182,2250000,1120000
2019-05-15 14:28:50.228000,1.12186,1.12181,6560000,9690000
2019-05-15 14:28:50.330000,1.12185,1.12182,2250000,1120000
2019-05-15 14:28:50.699000,1.12186,1.12182,4690000,1120000
2019-05-15 14:28:50.903000,1.12185,1.12182,2250000,1120000
2019-05-15 14:28:51.193000,1.12186,1.12182,4690000,1120000
2019-05-15 14:28:51.832000,1.12185,1.12181,1750000,5250000
2019-05-15 14:28:52.028000,1.12185,1.12181,1500000,6690000
2019-05-15 14:28:52.130000,1.12184,1.12182,1000000,1870000
2019-05-15 14:28:52.290000,1.12185,1.12181,1500000,4810000
2019-05-15 14:28:52.392000,1.12185,1.12183,1500000,1000000
2019-05-15 14:28:52.494000,1.12186,1.12183,4350000,1000000
2019-05-15 14:28:53.037000,1.12185,1.12183,1000000,1000000
2019-05-15 14:28:53.190000,1.12186,1.12183,4350000,1000000
2019-05-15 14:28:53.446000,1.12185,1.12183,1000000,1000000
2019-05-15 14:28:53.854000,1.12186,1.12183,5850000,1000000
2019-05-15 14:28:54.268000,1.12186,1.12182,5250000,3370000
2019-05-15 14:28:54.923000,1.12186,1.12184,4870000,1370000
2019-05-15 14:28:55.026000,1.12188,1.12186,2060000,1000000
2019-05-15 14:28:55.129000,1.12189,1.12187,2000000,1000000
2019-05-15 14:28:55.237000,1.12189,1.12186,1500000,6370000
2019-05-15 14:28:55.288000,1.1219,1.12187,3190000,1870000
2019-05-15 14:28:56.437000,1.1219,1.12188,2440000,1000000
2019-05-15 14:28:56.938000,1.1219,1.12187,1690000,1120000
2019-05-15 14:28:57.040000,1.1219,1.12189,1690000,1000000
2019-05-15 14:28:57.166000,1.12195,1.12192,7870000,1000000
2019-05-15 14:28:57.319000,1.12195,1.12191,1810000,7310000
2019-05-15 14:28:57.422000,1.12195,1.12192,2940000,2620000
2019-05-15 14:28:57.555000,1.12195,1.12193,3000000,1000000
2019-05-15 14:28:57.658000,1.12194,1.12192,1690000,1500000
2019-05-15 14:28:58.620000,1.12194,1.12192,3190000,1000000
2019-05-15 14:28:58.671000,1.12195,1.12191,9620000,2250000
2019-05-15 14:28:58.722000,1.12193,1.12191,1250000,1870000
2019-05-15 14:28:59.505000,1.12193,1.12192,1250000,1000000
2019-05-15 14:28:59.730000,1.12193,1.12191,1250000,1870000
2019-05-15 14:28:59.948000,1.12193,1.12192,1250000,1000000
2019-05-15 14:29:00.050000,1.12193,1.12191,1250000,2250000
2019-05-15 14:29:00.101000,1.12195,1.12191,13750000,2250000
2019-05-15 14:29:00.245000,1.12195,1.12192,8870000,1000000
2019-05-15 14:29:00.348000,1.12195,1.12191,9620000,10500000
2019-05-15 14:29:00.502000,1.12194,1.12192,4690000,1000000
2019-05-15 14:29:00.613000,1.12193,1.12191,1250000,6750000
2019-05-15 14:29:00.766000,1.12194,1.12191,1690000,3750000
2019-05-15 14:29:00.869000,1.12194,1.12193,1250000,1000000
2019-05-15 14:29:00.990000,1.12197,1.12196,2250000,8440000
2019-05-15 14:29:01.041000,1.12199,1.12196,4500000,10690000
2019-05-15 14:29:01.143000,1.12199,1.12197,2500000,3000000
2019-05-15 14:29:01.310000,1.122,1.12197,3750000,1000000
2019-05-15 14:29:02.212000,1.122,1.12197,2750000,1000000
2019-05-15 14:29:03.265000,1.12199,1.12196,3560000,8250000
2019-05-15 14:29:04.333000,1.122,1.12197,11250000,1000000
2019-05-15 14:29:05.013000,1.12198,1.12197,2440000,1000000
2019-05-15 14:29:05.065000,1.12197,1.12196,3560000,1500000
2019-05-15 14:29:05.168000,1.12197,1.12195,2190000,2250000
2019-05-15 14:29:05.648000,1.12198,1.12196,1250000,1000000
2019-05-15 14:29:05.990000,1.12197,1.12195,1000000,5620000
2019-05-15 14:29:06.093000,1.12197,1.12196,1250000,1000000
2019-05-15 14:29:06.713000,1.12198,1.12196,2440000,1000000
2019-05-15 14:29:06.815000,1.12198,1.12195,3190000,4120000
2019-05-15 14:29:07.210000,1.12197,1.12195,1120000,7120000
2019-05-15 14:29:08.847000,1.12198,1.12197,1250000,1000000
2019-05-15 14:29:09,1.12197,1.12195,1250000,1000000
2019-05-15 14:29:09.118000,1.12196,1.12194,1000000,1120000
2019-05-15 14:29:09.321000,1.12197,1.12194,5440000,1870000
2019-05-15 14:29:09.913000,1.12197,1.12195,1500000,1000000
2019-05-15 14:29:09.965000,1.12198,1.12196,2500000,1000000
2019-05-15 14:29:10.067000,1.12198,1.12196,1690000,1000000
2019-05-15 14:29:10.169000,1.12199,1.12197,3000000,2620000
2019-05-15 14:29:10.904000,1.12198,1.12196,1690000,1000000
2019-05-15 14:29:11.028000,1.12197,1.12194,1250000,6870000
2019-05-15 14:29:11.236000,1.12196,1.12194,1500000,1120000
2019-05-15 14:29:11.497000,1.12196,1.12195,1500000,2250000
2019-05-15 14:29:11.616000,1.12197,1.12196,1500000,4800000
2019-05-15 14:29:11.667000,1.12199,1.12196,2440000,1050000
2019-05-15 14:29:11.769000,1.12196,1.12195,1000000,5250000
2019-05-15 14:29:11.872000,1.12195,1.12194,1000000,2620000
2019-05-15 14:29:12.030000,1.12196,1.12193,2440000,4810000
2019-05-15 14:29:12.235000,1.12194,1.12193,3000000,3000000
2019-05-15 14:29:12.344000,1.12191,1.12189,1250000,1120000
2019-05-15 14:29:13.092000,1.1219,1.12187,1250000,6310000
2019-05-15 14:29:13.360000,1.12191,1.1219,1500000,2250000
2019-05-15 14:29:13.472000,1.12193,1.12192,1000000,1120000
2019-05-15 14:29:13.523000,1.12195,1.12191,2440000,5370000
2019-05-15 14:29:13.625000,1.12195,1.12193,1000000,3370000
2019-05-15 14:29:13.832000,1.12196,1.12193,3940000,3370000
2019-05-15 14:29:13.892000,1.12197,1.12195,1000000,2810000
2019-05-15 14:29:13.943000,1.12199,1.12196,1250000,3000000
2019-05-15 14:29:14.089000,1.122,1.12197,6620000,1000000
2019-05-15 14:29:14.193000,1.122,1.12196,5120000,6750000
2019-05-15 14:29:15.089000,1.12199,1.12197,3190000,1000000
2019-05-15 14:29:15.198000,1.12199,1.12196,1690000,1870000
2019-05-15 14:29:15.664000,1.12199,1.12197,2440000,1000000
2019-05-15 14:29:16.012000,1.12198,1.12195,1500000,5620000
2019-05-15 14:29:16.345000,1.12199,1.12196,3250000,1000000
2019-05-15 14:29:16.447000,1.12199,1.12197,2250000,1000000
2019-05-15 14:29:18.507000,1.12199,1.12196,1690000,3000000
2019-05-15 14:29:18.558000,1.12198,1.12196,1750000,1500000
2019-05-15 14:29:18.753000,1.12197,1.12194,1250000,4640000
2019-05-15 14:29:19.009000,1.12198,1.12195,2440000,1000000
2019-05-15 14:29:19.546000,1.12199,1.12197,1120000,1000000
2019-05-15 14:29:19.820000,1.12199,1.12195,1750000,9560000
2019-05-15 14:29:20.163000,1.12198,1.12195,1750000,1800000
2019-05-15 14:29:21.069000,1.12198,1.12195,1250000,2270000
2019-05-15 14:29:21.273000,1.12199,1.12196,1690000,7500000
2019-05-15 14:29:21.483000,1.12198,1.12195,1000000,5000000
2019-05-15 14:29:21.618000,1.12199,1.12195,4310000,4250000
2019-05-15 14:29:21.979000,1.12198,1.12195,1000000,2000000
2019-05-15 14:29:22.341000,1.12197,1.12195,1000000,2620000
2019-05-15 14:29:22.444000,1.12197,1.12195,1000000,2250000
2019-05-15 14:29:22.546000,1.12196,1.12195,1000000,1000000
2019-05-15 14:29:22.678000,1.12196,1.12194,2440000,1000000
2019-05-15 14:29:22.831000,1.12196,1.12193,3520000,3000000
2019-05-15 14:29:22.984000,1.12195,1.12193,2250000,2250000
2019-05-15 14:29:23.105000,1.12193,1.12191,1310000,1000000
2019-05-15 14:29:23.309000,1.12195,1.12192,7690000,1000000
2019-05-15 14:29:23.459000,1.12195,1.12192,2440000,1620000
2019-05-15 14:29:24.389000,1.12195,1.12192,1250000,2620000
2019-05-15 14:29:25.050000,1.12193,1.12192,1000000,1000000
2019-05-15 14:29:25.152000,1.12194,1.12191,3940000,1000000
2019-05-15 14:29:25.464000,1.12194,1.12191,1750000,1120000
2019-05-15 14:29:25.617000,1.12195,1.12191,7670000,1870000
2019-05-15 14:29:25.898000,1.12194,1.12191,4370000,2250000
2019-05-15 14:29:26.001000,1.12193,1.1219,1690000,1500000
2019-05-15 14:29:26.307000,1.12193,1.12192,1250000,2250000
2019-05-15 14:29:26.425000,1.12194,1.12192,1250000,2810000
2019-05-15 14:29:26.766000,1.12193,1.1219,1000000,13310000
2019-05-15 14:29:27.882000,1.12192,1.1219,2250000,1500000
2019-05-15 14:29:27.984000,1.12193,1.12189,2620000,3690000
2019-05-15 14:29:28.212000,1.12192,1.1219,1000000,2620000
2019-05-15 14:29:28.478000,1.12193,1.12191,1500000,1000000
2019-05-15 14:29:28.580000,1.12195,1.12191,7690000,3940000
2019-05-15 14:29:28.716000,1.12195,1.12192,1250000,4870000
2019-05-15 14:29:28.818000,1.12195,1.12193,1250000,1500000
2019-05-15 14:29:28.920000,1.12195,1.12192,1250000,5620000
2019-05-15 14:29:29.083000,1.12196,1.12193,7370000,1000000
2019-05-15 14:29:29.135000,1.12197,1.12195,7390000,1000000
2019-05-15 14:29:29.238000,1.12199,1.12196,3410000,2620000
2019-05-15 14:29:29.289000,1.122,1.12196,7750000,4120000
2019-05-15 14:29:29.410000,1.122,1.12197,7000000,1500000
2019-05-15 14:29:29.730000,1.122,1.12197,2250000,1500000
2019-05-15 14:29:30.997000,1.122,1.12197,5790000,1500000
2019-05-15 14:29:31.099000,1.12199,1.12196,1120000,2250000
2019-05-15 14:29:31.406000,1.12199,1.12197,3750000,1000000
2019-05-15 14:29:31.508000,1.12199,1.12196,5250000,3000000
2019-05-15 14:29:32.432000,1.12199,1.12197,3370000,1000000
2019-05-15 14:29:32.632000,1.122,1.12197,6410000,3370000
2019-05-15 14:29:32.999000,1.12201,1.122,7870000,2620000
2019-05-15 14:29:33.103000,1.12207,1.12206,4500000,1120000
2019-05-15 14:29:33.246000,1.12211,1.1221,3940000,1870000
2019-05-15 14:29:33.348000,1.12209,1.12207,2440000,2370000
2019-05-15 14:29:33.465000,1.12208,1.12206,1000000,2250000
2019-05-15 14:29:33.517000,1.12209,1.12206,5060000,1500000
2019-05-15 14:29:33.619000,1.12206,1.12204,1250000,8620000
2019-05-15 14:29:33.779000,1.12206,1.12204,4310000,3750000
2019-05-15 14:29:33.830000,1.12205,1.12203,1250000,1500000
2019-05-15 14:29:33.932000,1.12206,1.12205,2440000,1870000
2019-05-15 14:29:34.034000,1.12207,1.12206,1000000,1000000
2019-05-15 14:29:34.152000,1.12209,1.12207,1000000,1120000
2019-05-15 14:29:34.254000,1.12211,1.12208,7850000,1000000
2019-05-15 14:29:34.679000,1.12211,1.12209,6970000,1000000
2019-05-15 14:29:34.805000,1.12211,1.1221,1500000,1000000
2019-05-15 14:29:34.908000,1.12213,1.12211,2440000,1000000
2019-05-15 14:29:35.010000,1.12213,1.12211,2120000,1000000
2019-05-15 14:29:35.227000,1.12213,1.1221,4000000,1120000
2019-05-15 14:29:35.330000,1.12213,1.12211,3250000,1120000
2019-05-15 14:29:35.881000,1.12209,1.12208,1000000,3750000
2019-05-15 14:29:35.983000,1.12207,1.12205,1750000,3970000
2019-05-15 14:29:36.086000,1.12208,1.12205,3250000,2510000
2019-05-15 14:29:36.190000,1.1221,1.12207,4070000,1250000
2019-05-15 14:29:36.292000,1.1221,1.12208,2500000,1000000
2019-05-15 14:29:36.446000,1.12212,1.12209,1690000,1870000
2019-05-15 14:29:36.549000,1.12213,1.1221,3000000,2370000
2019-05-15 14:29:36.710000,1.12212,1.12209,1250000,5060000
2019-05-15 14:29:36.813000,1.12212,1.1221,1250000,3000000
2019-05-15 14:29:37.241000,1.12214,1.12211,1750000,1120000
2019-05-15 14:29:37.395000,1.12211,1.1221,1690000,5250000
2019-05-15 14:29:37.513000,1.12211,1.12208,3950000,1120000
2019-05-15 14:29:37.615000,1.1221,1.12209,1540000,1000000
2019-05-15 14:29:37.717000,1.1221,1.12208,1240000,1500000
2019-05-15 14:29:37.836000,1.12209,1.12207,1000000,1870000
2019-05-15 14:29:38.677000,1.1221,1.12207,1750000,4060000
2019-05-15 14:29:39.188000,1.12209,1.12207,1250000,1500000
2019-05-15 14:29:39.316000,1.12208,1.12206,1690000,1000000
2019-05-15 14:29:39.418000,1.1221,1.12207,2350000,5380000
2019-05-15 14:29:39.520000,1.1221,1.12207,1250000,4810000
2019-05-15 14:29:39.573000,1.12211,1.12208,6460000,1120000
2019-05-15 14:29:39.681000,1.12209,1.12208,1000000,1120000
2019-05-15 14:29:39.733000,1.12211,1.12208,4540000,1120000
2019-05-15 14:29:39.835000,1.1221,1.12208,1120000,1870000
2019-05-15 14:29:40.154000,1.1221,1.12207,2250000,1000000
2019-05-15 14:29:40.256000,1.12209,1.12207,1000000,5000000
2019-05-15 14:29:40.358000,1.1221,1.12207,2250000,2750000
2019-05-15 14:29:40.485000,1.12211,1.12207,2810000,3690000
2019-05-15 14:29:40.589000,1.12211,1.12207,1250000,4440000
2019-05-15 14:29:40.742000,1.12213,1.12211,4690000,2000000
2019-05-15 14:29:40.869000,1.12218,1.12217,1000000,2440000
2019-05-15 14:29:40.920000,1.1222,1.12218,1500000,2810000
2019-05-15 14:29:41.023000,1.12221,1.12219,1500000,1500000
2019-05-15 14:29:41.140000,1.12222,1.12219,5440000,1500000
2019-05-15 14:29:41.192000,1.12219,1.12218,1500000,3000000
2019-05-15 14:29:41.243000,1.12218,1.12216,3000000,1000000
2019-05-15 14:29:41.345000,1.12219,1.12216,1690000,1000000
2019-05-15 14:29:41.492000,1.1222,1.12217,1690000,1120000
2019-05-15 14:29:41.645000,1.12221,1.12218,2250000,1000000
2019-05-15 14:29:41.748000,1.12221,1.12219,1500000,2000000
2019-05-15 14:29:42.502000,1.12221,1.12218,3190000,5000000
2019-05-15 14:29:42.655000,1.12222,1.1222,2440000,1000000
2019-05-15 14:29:42.759000,1.12224,1.1222,3560000,3190000
2019-05-15 14:29:42.862000,1.12224,1.12221,1000000,5560000
2019-05-15 14:29:42.964000,1.12225,1.12222,1250000,2620000
2019-05-15 14:29:43.110000,1.12224,1.12223,1500000,2250000
2019-05-15 14:29:43.213000,1.12222,1.12221,1000000,1000000
2019-05-15 14:29:43.343000,1.12222,1.1222,1500000,1870000
2019-05-15 14:29:44.527000,1.12218,1.12216,2500000,2980000
2019-05-15 14:29:44.631000,1.12216,1.12214,1690000,1000000
2019-05-15 14:29:44.734000,1.12217,1.12213,6000000,1690000
2019-05-15 14:29:44.867000,1.12217,1.12214,3750000,1000000
2019-05-15 14:29:44.969000,1.12217,1.12213,2250000,4690000
2019-05-15 14:29:45.102000,1.12217,1.12214,4500000,1500000
2019-05-15 14:29:45.162000,1.12218,1.12215,5810000,2370000
2019-05-15 14:29:45.477000,1.1222,1.12216,8720000,1120000
2019-05-15 14:29:45.581000,1.12219,1.12217,1250000,2250000
2019-05-15 14:29:45.684000,1.1222,1.12217,5060000,3250000
2019-05-15 14:29:45.818000,1.1222,1.12217,1370000,3870000
2019-05-15 14:29:45.921000,1.12222,1.1222,1310000,1500000
2019-05-15 14:29:46.023000,1.12222,1.12218,1690000,12930000
2019-05-15 14:29:46.147000,1.12222,1.1222,3250000,1000000
2019-05-15 14:29:46.254000,1.12222,1.12219,1250000,1000000
2019-05-15 14:29:46.462000,1.12223,1.12219,1870000,5440000
2019-05-15 14:29:46.565000,1.12223,1.1222,1870000,1000000
2019-05-15 14:29:47.789000,1.12224,1.12222,1250000,1000000
2019-05-15 14:29:47.894000,1.12223,1.1222,2250000,4620000
2019-05-15 14:29:48.057000,1.12224,1.12219,7370000,8370000
2019-05-15 14:29:48.164000,1.1222,1.12219,2620000,1870000
2019-05-15 14:29:48.266000,1.1222,1.12217,1870000,1120000
2019-05-15 14:29:48.878000,1.12221,1.12219,5190000,1000000
2019-05-15 14:29:48.981000,1.12221,1.1222,2250000,1000000
2019-05-15 14:29:49.087000,1.12222,1.12221,1000000,2810000
2019-05-15 14:29:49.140000,1.12226,1.12224,1870000,1000000
2019-05-15 14:29:49.243000,1.12228,1.12226,4750000,1000000
2019-05-15 14:29:49.346000,1.12231,1.12229,4840000,1500000
2019-05-15 14:29:49.443000,1.12233,1.12231,2250000,1000000
2019-05-15 14:29:49.546000,1.12235,1.12233,3250000,1500000
2019-05-15 14:29:49.648000,1.12236,1.12234,2500000,1000000
2019-05-15 14:29:49.699000,1.12237,1.12235,4690000,1250000
2019-05-15 14:29:49.854000,1.12239,1.12237,2810000,1000000
2019-05-15 14:29:50.264000,1.12239,1.12237,1250000,1500000
2019-05-15 14:29:50.367000,1.12235,1.12234,2060000,3750000
2019-05-15 14:29:50.418000,1.12234,1.12233,1000000,1250000
2019-05-15 14:29:50.561000,1.12236,1.12233,1750000,1310000
2019-05-15 14:29:50.926000,1.12237,1.12233,6190000,1750000
2019-05-15 14:29:51.292000,1.12235,1.12233,1500000,1120000
2019-05-15 14:29:51.395000,1.12234,1.12232,1000000,1000000
2019-05-15 14:29:51.497000,1.12234,1.12231,1000000,4810000
2019-05-15 14:29:51.658000,1.12233,1.12231,3190000,1120000
2019-05-15 14:29:51.712000,1.12232,1.12228,1250000,7060000
2019-05-15 14:29:51.976000,1.1223,1.12227,1690000,1250000
2019-05-15 14:29:52.088000,1.1223,1.12226,3190000,1750000
2019-05-15 14:29:52.190000,1.12231,1.12227,3560000,1250000
2019-05-15 14:29:52.323000,1.1223,1.12226,1000000,9750000
2019-05-15 14:29:52.425000,1.12229,1.12225,4750000,6750000
2019-05-15 14:29:52.528000,1.12226,1.12224,1000000,3940000
2019-05-15 14:29:52.630000,1.12227,1.12223,6560000,7910000
2019-05-15 14:29:52.704000,1.12226,1.12223,1250000,2620000
2019-05-15 14:29:52.908000,1.12226,1.12224,3510000,1000000
2019-05-15 14:29:53.316000,1.12226,1.12223,1000000,1120000
2019-05-15 14:29:53.630000,1.12227,1.12222,4690000,4810000
2019-05-15 14:29:53.846000,1.12228,1.12224,3640000,3400000
2019-05-15 14:29:53.950000,1.12226,1.12224,1000000,8440000
2019-05-15 14:29:54.113000,1.12225,1.12222,1690000,2320000
2019-05-15 14:29:54.318000,1.12225,1.12222,3940000,1500000
2019-05-15 14:29:54.928000,1.12225,1.12221,1250000,6560000
2019-05-15 14:29:55.240000,1.12225,1.12222,1690000,1000000
2019-05-15 14:29:55.343000,1.12225,1.12221,1250000,4310000
2019-05-15 14:29:55.609000,1.12225,1.12222,1690000,1000000
2019-05-15 14:29:55.712000,1.12225,1.12221,1250000,5430000
2019-05-15 14:29:55.889000,1.12226,1.12221,3250000,7810000
2019-05-15 14:29:56.164000,1.12225,1.12221,1690000,5060000
2019-05-15 14:29:56.720000,1.12225,1.12222,2010000,1000000
2019-05-15 14:29:56.822000,1.12225,1.12221,1250000,4310000
2019-05-15 14:29:56.873000,1.12226,1.12224,4120000,3690000
2019-05-15 14:29:56.960000,1.12228,1.12226,4690000,3560000
2019-05-15 14:29:57.062000,1.12229,1.12226,1000000,2620000
2019-05-15 14:29:57.216000,1.12228,1.12225,2250000,4500000
2019-05-15 14:29:57.319000,1.12228,1.12224,7500000,1120000
2019-05-15 14:29:57.425000,1.12227,1.12224,1870000,1000000
2019-05-15 14:29:57.527000,1.12228,1.12224,1500000,1120000
2019-05-15 14:29:57.629000,1.12228,1.12225,2370000,3940000
2019-05-15 14:29:57.694000,1.12228,1.12227,1000000,1000000
2019-05-15 14:29:57.746000,1.12229,1.12225,2810000,5440000
2019-05-15 14:29:57.797000,1.12228,1.12225,6500000,3000000
2019-05-15 14:29:58.207000,1.12227,1.12223,1870000,6000000
2019-05-15 14:29:58.309000,1.12226,1.12224,1000000,1310000
2019-05-15 14:29:58.411000,1.12228,1.12225,2750000,2620000
2019-05-15 14:29:58.569000,1.12229,1.12226,1500000,2620000
2019-05-15 14:29:58.671000,1.12229,1.12227,2250000,1250000
2019-05-15 14:29:58.774000,1.12231,1.12226,6040000,4810000
2019-05-15 14:29:58.825000,1.12229,1.12226,1120000,3190000
2019-05-15 14:29:58.979000,1.12228,1.12225,1000000,3300000
2019-05-15 14:29:59.082000,1.12228,1.12224,4500000,1120000
2019-05-15 14:29:59.378000,1.12229,1.12226,3000000,1870000
2019-05-15 14:29:59.482000,1.1223,1.12226,5250000,4120000
2019-05-15 14:29:59.584000,1.12229,1.12226,1000000,1120000
2019-05-15 14:29:59.686000,1.1223,1.12226,6750000,2060000
2019-05-15 14:29:59.796000,1.12229,1.12226,1000000,2060000
2019-05-15 14:29:59.898000,1.1223,1.12226,3000000,2810000
2019-05-15 14:30:00.101000,1.1223,1.12228,1120000,1000000
2019-05-15 14:30:00.241000,1.12234,1.12233,5700000,1000000
2019-05-15 14:30:00.714000,1.12237,1.12234,2620000,1120000
2019-05-15 14:30:00.932000,1.12232,1.12231,1500000,4690000
2019-05-15 14:30:01.076000,1.12231,1.12229,1250000,1000000
2019-05-15 14:30:01.128000,1.12233,1.12231,4870000,2500000
2019-05-15 14:30:01.235000,1.12234,1.12232,1500000,1500000
2019-05-15 14:30:01.338000,1.12235,1.12232,1500000,1870000
2019-05-15 14:30:01.767000,1.12235,1.12231,2810000,3000000
2019-05-15 14:30:01.888000,1.12234,1.1223,2620000,9680000
2019-05-15 14:30:01.991000,1.12234,1.12231,1500000,3300000
2019-05-15 14:30:02.094000,1.12234,1.12231,1750000,2610000
2019-05-15 14:30:02.232000,1.12235,1.12231,1310000,1870000
2019-05-15 14:30:02.334000,1.12234,1.12231,1000000,1870000
2019-05-15 14:30:02.436000,1.12235,1.12231,3260000,1120000
2019-05-15 14:30:02.608000,1.12234,1.12231,1000000,5620000
2019-05-15 14:30:02.675000,1.12235,1.12233,4630000,1000000
2019-05-15 14:30:02.777000,1.12239,1.12236,4410000,1120000
2019-05-15 14:30:02.865000,1.12239,1.12236,2440000,3750000
2019-05-15 14:30:03.120000,1.1224,1.12236,4350000,7690000
2019-05-15 14:30:03.242000,1.1224,1.12236,3370000,3120000
2019-05-15 14:30:03.446000,1.12241,1.12239,2590000,1000000
2019-05-15 14:30:03.560000,1.12239,1.12237,3620000,1500000
2019-05-15 14:30:03.612000,1.12237,1.12235,1500000,6000000
2019-05-15 14:30:03.664000,1.12237,1.12232,8120000,4310000
2019-05-15 14:30:03.767000,1.12236,1.12232,3620000,1120000
2019-05-15 14:30:03.977000,1.12238,1.12234,5510000,3500000
2019-05-15 14:30:04.079000,1.12235,1.12233,1250000,5020000
2019-05-15 14:30:04.182000,1.12234,1.12231,3310000,1310000
2019-05-15 14:30:04.295000,1.12234,1.12232,1250000,1000000
2019-05-15 14:30:05.491000,1.12234,1.12233,1250000,1000000
2019-05-15 14:30:05.593000,1.12236,1.12234,1250000,9370000
2019-05-15 14:30:05.776000,1.12237,1.12233,3000000,5060000
2019-05-15 14:30:05.878000,1.12236,1.12234,1250000,1000000
2019-05-15 14:30:06.159000,1.12238,1.12236,2250000,1870000
2019-05-15 14:30:06.261000,1.1224,1.12236,3250000,6000000
2019-05-15 14:30:06.415000,1.1224,1.12236,3190000,1870000
2019-05-15 14:30:06.522000,1.12239,1.12237,1000000,1000000
2019-05-15 14:30:06.626000,1.12239,1.12235,2750000,11060000
2019-05-15 14:30:06.728000,1.1224,1.12236,5060000,2620000
2019-05-15 14:30:06.875000,1.1224,1.12237,3560000,1500000
2019-05-15 14:30:07.029000,1.12237,1.12236,1000000,1120000
2019-05-15 14:30:07.132000,1.12236,1.12235,1250000,6750000
2019-05-15 14:30:07.261000,1.12236,1.12234,1250000,1120000
2019-05-15 14:30:07.596000,1.12237,1.12236,4500000,2250000
2019-05-15 14:30:07.648000,1.12239,1.12237,1250000,1000000
2019-05-15 14:30:07.852000,1.1224,1.12237,4690000,2440000
2019-05-15 14:30:08.107000,1.12239,1.12237,1120000,2250000
2019-05-15 14:30:08.268000,1.12238,1.12235,1120000,8890000
2019-05-15 14:30:08.371000,1.12238,1.12235,2120000,1500000
2019-05-15 14:30:08.527000,1.12238,1.12236,2250000,1000000
2019-05-15 14:30:08.578000,1.12236,1.12234,1250000,3120000
2019-05-15 14:30:08.681000,1.12236,1.12234,1500000,1500000
2019-05-15 14:30:08.834000,1.12235,1.12233,2250000,3000000
2019-05-15 14:30:08.947000,1.12234,1.12232,1500000,1000000
2019-05-15 14:30:09.049000,1.12235,1.12231,5810000,1500000
2019-05-15 14:30:09.192000,1.12234,1.12231,1250000,6190000
2019-05-15 14:30:09.294000,1.12234,1.12231,2440000,4810000
2019-05-15 14:30:09.608000,1.12234,1.12233,1000000,1500000
2019-05-15 14:30:09.762000,1.12235,1.12233,5810000,1500000
2019-05-15 14:30:09.877000,1.12234,1.12232,1250000,1250000
2019-05-15 14:30:10.189000,1.12232,1.12231,1250000,1000000
2019-05-15 14:30:10.293000,1.1223,1.12229,4120000,2250000
2019-05-15 14:30:10.403000,1.12229,1.12227,1250000,1120000
2019-05-15 14:30:10.506000,1.1223,1.12227,9470000,2690000
2019-05-15 14:30:10.692000,1.1223,1.12227,4310000,1940000
2019-05-15 14:30:11.666000,1.1223,1.12228,2500000,1000000
2019-05-15 14:30:11.787000,1.1223,1.12228,3560000,1120000
2019-05-15 14:30:12.175000,1.12228,1.12227,1000000,1500000
2019-05-15 14:30:12.226000,1.12227,1.12225,2250000,11620000
2019-05-15 14:30:12.329000,1.12226,1.12225,1000000,1000000
2019-05-15 14:30:12.431000,1.12227,1.12224,5810000,1120000
2019-05-15 14:30:12.533000,1.12226,1.12224,1000000,2620000
2019-05-15 14:30:12.635000,1.12227,1.12224,5060000,1120000
2019-05-15 14:30:12.767000,1.12226,1.12224,1500000,1000000
2019-05-15 14:30:12.869000,1.12224,1.12223,1000000,1500000
2019-05-15 14:30:12.971000,1.1221,1.12208,1000000,6190000
2019-05-15 14:30:13.111000,1.12211,1.1221,1500000,3560000
2019-05-15 14:30:13.213000,1.12212,1.1221,3750000,3750000
2019-05-15 14:30:13.316000,1.12213,1.12211,1990000,1000000
2019-05-15 14:30:13.489000,1.12213,1.12212,1500000,1000000
2019-05-15 14:30:13.591000,1.12213,1.12212,1000000,1000000
2019-05-15 14:30:13.769000,1.12213,1.12211,1000000,8890000
2019-05-15 14:30:14.025000,1.12213,1.12212,1000000,1500000
2019-05-15 14:30:14.468000,1.12216,1.12215,2250000,3750000
2019-05-15 14:30:14.595000,1.12218,1.12216,1000000,4500000
2019-05-15 14:30:15.112000,1.12215,1.12214,1500000,1130000
2019-05-15 14:30:15.236000,1.12214,1.12213,1120000,1000000
2019-05-15 14:30:15.338000,1.12214,1.12211,1500000,5940000
2019-05-15 14:30:15.441000,1.12212,1.12211,1000000,1000000
2019-05-15 14:30:15.751000,1.12211,1.12209,1500000,12370000
2019-05-15 14:30:16.195000,1.12213,1.12212,1000000,1000000
2019-05-15 14:30:16.324000,1.12215,1.12213,1990000,1000000
2019-05-15 14:30:16.703000,1.12214,1.12212,1120000,2250000
2019-05-15 14:30:16.958000,1.12214,1.12213,1870000,1000000
2019-05-15 14:30:17.225000,1.12215,1.12212,1500000,1120000
2019-05-15 14:30:17.329000,1.12215,1.12213,4620000,1000000
2019-05-15 14:30:17.637000,1.12215,1.12212,2000000,1000000
2019-05-15 14:30:17.759000,1.12215,1.12213,2750000,1000000
2019-05-15 14:30:17.811000,1.12212,1.1221,1000000,6000000
2019-05-15 14:30:18.068000,1.12212,1.1221,1000000,6370000
2019-05-15 14:30:18.120000,1.12216,1.12212,3690000,5000000
2019-05-15 14:30:18.224000,1.12215,1.12211,2940000,8750000
2019-05-15 14:30:18.588000,1.12214,1.12211,1250000,3560000
2019-05-15 14:30:18.692000,1.12214,1.12212,1250000,1000000
2019-05-15 14:30:18.848000,1.12216,1.12215,2620000,1000000
2019-05-15 14:30:18.900000,1.12217,1.12215,1000000,2060000
2019-05-15 14:30:19.053000,1.12217,1.12216,1000000,2250000
2019-05-15 14:30:19.155000,1.12216,1.12214,2250000,4870000
2019-05-15 14:30:19.697000,1.12216,1.12213,1120000,4120000
2019-05-15 14:30:20.123000,1.12216,1.12214,1500000,1000000
2019-05-15 14:30:20.225000,1.12216,1.12213,2440000,3750000
2019-05-15 14:30:20.426000,1.12209,1.12208,1870000,5850000
2019-05-15 14:30:20.528000,1.12203,1.12202,2250000,1000000
2019-05-15 14:30:20.692000,1.12203,1.12201,13120000,3250000
2019-05-15 14:30:20.899000,1.12203,1.12202,3750000,1250000
2019-05-15 14:30:21.027000,1.12205,1.12203,13690000,1000000
2019-05-15 14:30:21.079000,1.12203,1.12201,1000000,1250000
2019-05-15 14:30:21.181000,1.12202,1.122,3000000,3190000
2019-05-15 14:30:21.283000,1.12202,1.12198,2250000,3370000
2019-05-15 14:30:21.394000,1.12203,1.12201,1000000,3620000
2019-05-15 14:30:21.445000,1.12206,1.12202,1500000,6940000
2019-05-15 14:30:21.547000,1.12207,1.12205,1000000,1000000
2019-05-15 14:30:21.919000,1.1221,1.12208,9560000,3000000
2019-05-15 14:30:21.970000,1.12213,1.1221,2370000,5440000
2019-05-15 14:30:22.074000,1.12215,1.12213,1310000,1000000
2019-05-15 14:30:22.178000,1.12217,1.12215,1000000,15530000
2019-05-15 14:30:22.280000,1.12218,1.12216,1870000,3000000
2019-05-15 14:30:22.556000,1.12217,1.12215,1690000,6560000
2019-05-15 14:30:22.659000,1.1222,1.12216,1120000,8190000
2019-05-15 14:30:22.812000,1.1222,1.12218,1000000,1000000
2019-05-15 14:30:22.934000,1.12221,1.12217,4750000,2810000
2019-05-15 14:30:23.287000,1.12221,1.12217,2440000,1310000
2019-05-15 14:30:23.390000,1.12221,1.1222,1120000,2250000
2019-05-15 14:30:23.493000,1.12225,1.12222,6940000,1000000
2019-05-15 14:30:23.597000,1.12225,1.12221,4310000,3190000
2019-05-15 14:30:23.701000,1.12224,1.12222,1000000,1120000
2019-05-15 14:30:23.908000,1.12223,1.12221,1120000,3120000
2019-05-15 14:30:23.960000,1.12221,1.12219,4620000,6750000
2019-05-15 14:30:24.108000,1.12216,1.12212,2060000,4440000
2019-05-15 14:30:24.210000,1.12217,1.12214,8250000,1000000
2019-05-15 14:30:24.312000,1.12218,1.12215,3370000,7650000
2019-05-15 14:30:24.415000,1.12219,1.12216,1500000,1250000
2019-05-15 14:30:24.519000,1.12219,1.12217,1500000,1000000
2019-05-15 14:30:24.672000,1.12219,1.12216,3000000,1310000
2019-05-15 14:30:24.777000,1.12218,1.12215,1000000,4500000
2019-05-15 14:30:24.893000,1.12217,1.12215,3000000,1120000
2019-05-15 14:30:24.944000,1.12216,1.12212,5500000,1870000
2019-05-15 14:30:25.198000,1.12214,1.12212,1000000,1870000
2019-05-15 14:30:25.377000,1.12211,1.1221,1000000,1120000
2019-05-15 14:30:25.428000,1.1221,1.12209,1000000,4870000
2019-05-15 14:30:25.530000,1.1221,1.12206,2500000,1870000
2019-05-15 14:30:25.582000,1.1221,1.12207,3560000,2500000
2019-05-15 14:30:26.498000,1.12211,1.12208,1120000,1250000
2019-05-15 14:30:26.601000,1.1221,1.12207,2250000,1500000
2019-05-15 14:30:26.785000,1.12209,1.12207,1000000,1690000
2019-05-15 14:30:27.255000,1.1221,1.12207,1870000,1000000
2019-05-15 14:30:27.408000,1.12211,1.12207,3560000,4310000
2019-05-15 14:30:27.511000,1.1221,1.12208,1250000,1310000
2019-05-15 14:30:27.732000,1.1221,1.12207,1500000,3000000
2019-05-15 14:30:27.989000,1.12209,1.12207,1000000,1310000
2019-05-15 14:30:28.091000,1.1221,1.12208,3750000,1000000
2019-05-15 14:30:28.194000,1.12208,1.12206,1250000,1870000
2019-05-15 14:30:28.301000,1.12209,1.12207,3370000,1000000
2019-05-15 14:30:28.403000,1.12211,1.12208,1690000,1000000
2019-05-15 14:30:28.455000,1.12212,1.12211,3000000,1500000
2019-05-15 14:30:28.557000,1.12214,1.12211,1500000,10310000
2019-05-15 14:30:29.209000,1.12215,1.12211,3560000,6190000
2019-05-15 14:30:29.311000,1.12214,1.12211,1000000,8060000
2019-05-15 14:30:29.515000,1.12213,1.12211,2440000,1120000
2019-05-15 14:30:29.627000,1.12214,1.1221,5620000,2060000
2019-05-15 14:30:29.882000,1.12214,1.12212,1500000,1500000
2019-05-15 14:30:30.026000,1.12215,1.12211,7310000,3370000
2019-05-15 14:30:30.230000,1.12214,1.12211,1000000,3750000
2019-05-15 14:30:30.485000,1.12211,1.12209,1000000,7120000
2019-05-15 14:30:30.536000,1.12211,1.12208,4500000,2250000
2019-05-15 14:30:30.587000,1.12212,1.1221,8150000,1500000
2019-05-15 14:30:30.753000,1.12212,1.12211,2250000,3370000
2019-05-15 14:30:30.855000,1.12213,1.12211,1000000,1250000
2019-05-15 14:30:30.957000,1.12214,1.12211,3370000,1250000
2019-05-15 14:30:31.059000,1.12213,1.12211,3000000,1000000
2019-05-15 14:30:31.221000,1.12214,1.12211,4010000,3000000
2019-05-15 14:30:31.323000,1.12214,1.12212,1000000,1500000
2019-05-15 14:30:31.425000,1.12214,1.12211,1000000,2440000
2019-05-15 14:30:31.870000,1.12214,1.12211,1120000,11560000
2019-05-15 14:30:32.161000,1.12215,1.12214,1310000,1000000
2019-05-15 14:30:32.263000,1.12216,1.12215,1000000,5250000
2019-05-15 14:30:32.339000,1.12218,1.12215,2250000,10750000
2019-05-15 14:30:32.442000,1.12219,1.12216,1120000,2060000
2019-05-15 14:30:32.493000,1.1222,1.12219,2620000,4690000
2019-05-15 14:30:32.600000,1.12223,1.1222,1500000,4120000
2019-05-15 14:30:32.707000,1.12223,1.12221,3000000,1500000
2019-05-15 14:30:32.809000,1.12224,1.12221,3940000,1000000
2019-05-15 14:30:32.912000,1.12224,1.1222,2440000,3370000
2019-05-15 14:30:33.014000,1.12222,1.1222,1000000,1870000
2019-05-15 14:30:33.130000,1.12221,1.1222,1000000,1000000
2019-05-15 14:30:33.233000,1.1222,1.12217,1870000,1120000
2019-05-15 14:30:33.335000,1.12217,1.12215,1000000,1000000
2019-05-15 14:30:33.512000,1.12215,1.12213,1000000,1500000
2019-05-15 14:30:33.614000,1.12216,1.12213,1500000,1000000
2019-05-15 14:30:34.149000,1.12214,1.12212,1870000,1500000
2019-05-15 14:30:34.499000,1.12215,1.12212,2250000,1500000
2019-05-15 14:30:34.812000,1.12216,1.12215,1870000,1000000
2019-05-15 14:30:34.863000,1.12219,1.12216,3190000,4370000
2019-05-15 14:30:34.969000,1.12218,1.12216,1000000,5620000
2019-05-15 14:30:35.021000,1.1222,1.12218,1690000,1000000
2019-05-15 14:30:35.130000,1.1222,1.12217,1250000,6190000
2019-05-15 14:30:35.183000,1.1222,1.12218,1000000,3250000
2019-05-15 14:30:35.286000,1.12224,1.12222,3370000,1500000
2019-05-15 14:30:35.547000,1.12225,1.12221,1310000,4440000
2019-05-15 14:30:35.649000,1.12225,1.12221,2060000,6560000
2019-05-15 14:30:36.470000,1.12225,1.12221,2560000,4810000
2019-05-15 14:30:37.550000,1.12225,1.12221,2810000,6310000
2019-05-15 14:30:37.883000,1.12226,1.12222,1690000,6370000
2019-05-15 14:30:37.936000,1.12226,1.12224,2440000,1000000
2019-05-15 14:30:38.089000,1.12225,1.12223,1000000,1500000
2019-05-15 14:30:38.326000,1.12225,1.12224,1000000,1000000
2019-05-15 14:30:38.428000,1.12225,1.12223,1000000,2250000
2019-05-15 14:30:38.533000,1.1222,1.12219,2440000,6000000
2019-05-15 14:30:38.587000,1.1222,1.12218,3190000,1310000
2019-05-15 14:30:38.692000,1.1222,1.12217,5440000,2620000
2019-05-15 14:30:38.744000,1.12217,1.12216,1000000,4120000
2019-05-15 14:30:38.847000,1.12217,1.12215,2620000,1250000
2019-05-15 14:30:39.014000,1.12215,1.12213,2250000,4500000
2019-05-15 14:30:39.119000,1.12216,1.12214,1000000,5440000
2019-05-15 14:30:39.171000,1.12218,1.12216,1000000,1370000
2019-05-15 14:30:39.424000,1.12218,1.12216,1000000,1870000
2019-05-15 14:30:39.479000,1.12219,1.12218,1250000,1000000
2019-05-15 14:30:39.805000,1.12219,1.12216,1000000,4690000
2019-05-15 14:30:39.907000,1.12218,1.12216,1000000,6190000
2019-05-15 14:30:40.024000,1.12211,1.12209,1120000,2890000
2019-05-15 14:30:40.126000,1.1221,1.12209,1000000,2620000
2019-05-15 14:30:40.228000,1.12209,1.12208,1000000,1500000
2019-05-15 14:30:40.365000,1.12208,1.12206,1000000,5190000
2019-05-15 14:30:40.467000,1.12209,1.12206,1500000,2940000
2019-05-15 14:30:40.621000,1.12207,1.12206,1000000,4120000
2019-05-15 14:30:40.731000,1.12207,1.12204,1000000,5430000
2019-05-15 14:30:40.782000,1.12208,1.12206,2060000,1120000
2019-05-15 14:30:41.537000,1.12208,1.12206,1500000,2940000
2019-05-15 14:30:41.690000,1.1221,1.12208,1500000,3940000
2019-05-15 14:30:41.792000,1.1221,1.12209,1000000,1000000
2019-05-15 14:30:41.904000,1.12211,1.12208,4690000,1000000
2019-05-15 14:30:42.006000,1.1221,1.12208,1000000,1500000
2019-05-15 14:30:42.108000,1.12211,1.12208,3940000,3370000
2019-05-15 14:30:42.210000,1.1221,1.12208,1000000,3370000
2019-05-15 14:30:42.843000,1.12207,1.12206,1500000,2620000
2019-05-15 14:30:42.948000,1.12203,1.12201,1120000,1310000
2019-05-15 14:30:43.053000,1.12204,1.12201,1120000,4310000
2019-05-15 14:30:43.165000,1.12203,1.12202,1500000,2440000
2019-05-15 14:30:43.420000,1.12203,1.12201,1000000,4690000
2019-05-15 14:30:43.552000,1.12205,1.12204,1500000,1000000
2019-05-15 14:30:43.655000,1.12207,1.12205,1000000,1750000
2019-05-15 14:30:43.757000,1.12204,1.12203,1500000,1000000
2019-05-15 14:30:43.967000,1.12204,1.12202,1000000,5290000
2019-05-15 14:30:44.069000,1.12204,1.12202,1500000,3560000
2019-05-15 14:30:44.171000,1.12204,1.12201,1500000,9690000
2019-05-15 14:30:44.412000,1.12202,1.122,1870000,6620000
2019-05-15 14:30:44.565000,1.12202,1.122,1870000,1690000
2019-05-15 14:30:44.667000,1.12201,1.122,1000000,1690000
2019-05-15 14:30:44.788000,1.12202,1.122,1870000,1690000
2019-05-15 14:30:44.890000,1.12201,1.122,1000000,1690000
2019-05-15 14:30:44.992000,1.12202,1.122,1870000,1690000
2019-05-15 14:30:45.306000,1.12199,1.12197,1500000,3240000
2019-05-15 14:30:45.357000,1.12199,1.12197,1500000,2250000
2019-05-15 14:30:45.459000,1.12199,1.12197,1500000,2560000
2019-05-15 14:30:45.561000,1.12199,1.12197,1000000,1500000
2019-05-15 14:30:45.709000,1.12199,1.12198,1000000,1000000
2019-05-15 14:30:46.441000,1.12198,1.12196,1000000,4690000
2019-05-15 14:30:46.577000,1.12196,1.12194,1000000,8060000
2019-05-15 14:30:46.679000,1.12195,1.12193,1000000,3870000
2019-05-15 14:30:47.033000,1.12197,1.12194,2370000,1870000
2019-05-15 14:30:47.601000,1.12198,1.12197,3750000,1000000
2019-05-15 14:30:47.704000,1.122,1.12198,1000000,1000000
2019-05-15 14:30:47.838000,1.122,1.12197,1000000,1250000
2019-05-15 14:30:48.043000,1.12199,1.12197,1000000,1870000
2019-05-15 14:30:48.173000,1.122,1.12197,1500000,1310000
2019-05-15 14:30:48.326000,1.122,1.12197,2060000,3250000
2019-05-15 14:30:48.685000,1.12199,1.12197,6000000,1250000
2019-05-15 14:30:48.787000,1.12198,1.12196,1500000,1250000
2019-05-15 14:30:48.988000,1.12199,1.12196,7870000,1250000
2019-05-15 14:30:49.090000,1.122,1.12196,3000000,4370000
2019-05-15 14:30:49.192000,1.12199,1.12195,1500000,9620000
2019-05-15 14:30:49.407000,1.122,1.12196,2250000,5120000
2019-05-15 14:30:49.509000,1.12199,1.12196,2620000,2810000
2019-05-15 14:30:49.687000,1.12199,1.12196,2750000,1870000
2019-05-15 14:30:49.790000,1.12198,1.12197,1870000,1120000
2019-05-15 14:30:49.842000,1.122,1.12198,2700000,1250000
2019-05-15 14:30:49.893000,1.12201,1.12198,1000000,3620000
2019-05-15 14:30:50.103000,1.12203,1.12202,3750000,1000000
2019-05-15 14:30:50.154000,1.12205,1.12202,3250000,1870000
2019-05-15 14:30:50.256000,1.12203,1.12201,1500000,1690000
2019-05-15 14:30:50.551000,1.12204,1.12201,5440000,2120000
2019-05-15 14:30:50.602000,1.12202,1.122,3000000,2620000
2019-05-15 14:30:51.089000,1.12203,1.12201,2250000,1000000
2019-05-15 14:30:51.192000,1.12203,1.12201,1500000,1500000
2019-05-15 14:30:51.324000,1.12204,1.12201,1000000,4870000
2019-05-15 14:30:51.426000,1.12205,1.12202,1870000,2560000
2019-05-15 14:30:52.287000,1.12205,1.12202,3750000,1120000
2019-05-15 14:30:52.593000,1.12206,1.12204,2000000,1000000
2019-05-15 14:30:52.716000,1.12206,1.12203,2750000,1000000
2019-05-15 14:30:52.869000,1.12206,1.12202,3870000,4690000
2019-05-15 14:30:53.270000,1.12206,1.12203,5250000,1000000
2019-05-15 14:30:53.372000,1.12206,1.12202,3000000,2810000
2019-05-15 14:30:54.026000,1.12206,1.12203,2000000,1500000
2019-05-15 14:30:54.166000,1.12206,1.12204,2750000,1000000
2019-05-15 14:30:54.217000,1.12206,1.12202,3000000,4310000
2019-05-15 14:30:54.619000,1.12206,1.12204,3000000,1000000
2019-05-15 14:30:54.721000,1.12206,1.12203,4650000,1000000
2019-05-15 14:30:55.802000,1.12206,1.12204,1620000,1650000
2019-05-15 14:30:55.904000,1.12207,1.12205,1500000,1870000
2019-05-15 14:30:56.006000,1.12209,1.12205,8320000,3940000
2019-05-15 14:30:56.211000,1.12209,1.12206,12000000,1000000
2019-05-15 14:30:56.313000,1.12207,1.12205,2250000,1050000
2019-05-15 14:30:56.415000,1.12207,1.12204,4120000,1000000
2019-05-15 14:30:56.559000,1.12206,1.12204,1000000,1000000
2019-05-15 14:30:56.712000,1.12207,1.12203,4750000,5060000
2019-05-15 14:30:56.916000,1.12206,1.12203,4370000,1000000
2019-05-15 14:30:57.033000,1.12206,1.12202,3250000,5060000
2019-05-15 14:30:57.237000,1.12206,1.12202,1000000,4690000
2019-05-15 14:30:57.338000,1.12206,1.12203,1000000,1000000
2019-05-15 14:30:57.715000,1.12205,1.12202,1000000,1310000
2019-05-15 14:30:57.832000,1.12205,1.12202,2810000,1500000
2019-05-15 14:30:57.884000,1.12205,1.12201,8060000,2250000
2019-05-15 14:30:57.942000,1.12202,1.12201,1000000,3000000
2019-05-15 14:30:58.044000,1.12202,1.122,1000000,2060000
2019-05-15 14:30:58.160000,1.12202,1.12201,1500000,1000000
2019-05-15 14:30:58.364000,1.12203,1.12202,1000000,1000000
2019-05-15 14:30:58.415000,1.12205,1.12203,7870000,1000000
2019-05-15 14:30:58.554000,1.12206,1.12205,4120000,1250000
2019-05-15 14:30:58.606000,1.12207,1.12206,1000000,1000000
2019-05-15 14:30:58.660000,1.12209,1.12207,1500000,1000000
2019-05-15 14:30:58.762000,1.12209,1.12206,1500000,5440000
2019-05-15 14:30:58.910000,1.12212,1.12211,6190000,1000000
2019-05-15 14:30:59.015000,1.12218,1.12216,4060000,3380000
2019-05-15 14:30:59.118000,1.12219,1.12216,2000000,1460000
2019-05-15 14:30:59.206000,1.12219,1.12216,1000000,3940000
2019-05-15 14:30:59.359000,1.12219,1.12215,3940000,6940000
2019-05-15 14:30:59.410000,1.12217,1.12215,1500000,5440000
2019-05-15 14:30:59.522000,1.12216,1.12215,3750000,5440000
2019-05-15 14:30:59.574000,1.12201,1.122,1500000,1500000
2019-05-15 14:30:59.677000,1.12201,1.12197,1500000,5900000
2019-05-15 14:30:59.779000,1.12201,1.12198,1500000,1310000
2019-05-15 14:30:59.839000,1.12201,1.12197,3000000,5020000
2019-05-15 14:30:59.890000,1.12198,1.12196,1500000,4090000
2019-05-15 14:30:59.992000,1.12197,1.12194,3940000,1000000
2019-05-15 14:31:00.043000,1.12196,1.12194,1620000,1000000
2019-05-15 14:31:00.262000,1.12196,1.12193,5370000,1500000
2019-05-15 14:31:00.416000,1.12197,1.12195,3750000,1250000
2019-05-15 14:31:00.566000,1.12195,1.12193,1000000,4690000
2019-05-15 14:31:00.617000,1.12199,1.12196,2010000,2440000
2019-05-15 14:31:00.720000,1.12199,1.12196,1000000,3940000
2019-05-15 14:31:00.771000,1.12199,1.12197,1000000,1750000
2019-05-15 14:31:00.873000,1.12199,1.12197,1000000,1250000
2019-05-15 14:31:01.029000,1.12199,1.12196,1000000,6560000
2019-05-15 14:31:01.131000,1.12199,1.12196,1000000,3620000
2019-05-15 14:31:01.437000,1.12199,1.12198,1000000,1500000
2019-05-15 14:31:01.641000,1.122,1.12198,1870000,1500000
2019-05-15 14:31:02.299000,1.12198,1.12197,1500000,2250000
2019-05-15 14:31:02.405000,1.12196,1.12194,2500000,4690000
2019-05-15 14:31:02.569000,1.12196,1.12194,1500000,4000000
2019-05-15 14:31:02.680000,1.12196,1.12193,3000000,3190000
2019-05-15 14:31:02.782000,1.12196,1.12193,3000000,3250000
2019-05-15 14:31:02.904000,1.12198,1.12196,3000000,1000000
2019-05-15 14:31:02.956000,1.12199,1.12196,1500000,3690000
2019-05-15 14:31:03.261000,1.12198,1.12196,1000000,10810000
2019-05-15 14:31:03.365000,1.12199,1.12197,3750000,1000000
2019-05-15 14:31:03.951000,1.12199,1.12196,3000000,3560000
2019-05-15 14:31:04.059000,1.12199,1.12197,3000000,1000000
2019-05-15 14:31:04.162000,1.12199,1.12196,3000000,5060000
2019-05-15 14:31:04.263000,1.12199,1.12197,3000000,1000000
2019-05-15 14:31:05.399000,1.12199,1.12196,2250000,4870000
2019-05-15 14:31:05.502000,1.12196,1.12194,1500000,6190000
2019-05-15 14:31:05.683000,1.12197,1.12196,1000000,3190000
2019-05-15 14:31:05.786000,1.12199,1.12196,2750000,4120000
2019-05-15 14:31:05.939000,1.12197,1.12195,1500000,8060000
2019-05-15 14:31:06.042000,1.12198,1.12196,2000000,3560000
2019-05-15 14:31:06.709000,1.12198,1.12196,1120000,2560000
2019-05-15 14:31:07.803000,1.12199,1.12197,1000000,1310000
2019-05-15 14:31:07.905000,1.12199,1.12198,1000000,1000000
2019-05-15 14:31:08.056000,1.12199,1.12197,1000000,2440000
2019-05-15 14:31:08.310000,1.12199,1.12198,1000000,1000000
2019-05-15 14:31:08.515000,1.122,1.12198,1500000,1000000
2019-05-15 14:31:08.739000,1.12199,1.12198,1000000,1000000
2019-05-15 14:31:08.841000,1.122,1.12199,1500000,1000000
2019-05-15 14:31:08.944000,1.12199,1.12198,1000000,1000000
2019-05-15 14:31:09.518000,1.12197,1.12196,1500000,1120000
2019-05-15 14:31:09.621000,1.12196,1.12195,1000000,6750000
2019-05-15 14:31:09.724000,1.12196,1.12194,1000000,2740000
2019-05-15 14:31:09.826000,1.12196,1.12195,1500000,1200000
2019-05-15 14:31:09.945000,1.12197,1.12196,1000000,1120000
2019-05-15 14:31:10.047000,1.12197,1.12195,2250000,5510000
2019-05-15 14:31:10.150000,1.12196,1.12195,1500000,1000000
2019-05-15 14:31:10.318000,1.12197,1.12195,3190000,2450000
2019-05-15 14:31:10.421000,1.12196,1.12194,1500000,1120000
2019-05-15 14:31:10.590000,1.12196,1.12193,2250000,1870000
2019-05-15 14:31:10.642000,1.12196,1.12194,2250000,1000000
2019-05-15 14:31:10.693000,1.12196,1.12193,2250000,1120000
2019-05-15 14:31:10.795000,1.12194,1.12193,1120000,1000000
2019-05-15 14:31:10.900000,1.12192,1.12191,2250000,3000000
2019-05-15 14:31:11.002000,1.12189,1.12188,1500000,1120000
2019-05-15 14:31:11.054000,1.12188,1.12187,2250000,1000000
2019-05-15 14:31:11.219000,1.12186,1.12185,1000000,5250000
2019-05-15 14:31:11.321000,1.12184,1.12181,1000000,4440000
2019-05-15 14:31:11.737000,1.1218,1.12178,1500000,5120000
2019-05-15 14:31:11.949000,1.1218,1.12177,1690000,9000000
2019-05-15 14:31:12.052000,1.12181,1.12178,3370000,1870000
2019-05-15 14:31:12.155000,1.1218,1.12177,1000000,6870000
2019-05-15 14:31:12.768000,1.1218,1.12179,1000000,1250000
2019-05-15 14:31:12.819000,1.12182,1.1218,1500000,9190000
2019-05-15 14:31:12.870000,1.12183,1.12182,2250000,1120000
2019-05-15 14:31:12.974000,1.12183,1.1218,1500000,3500000
2019-05-15 14:31:13.124000,1.12182,1.12181,1000000,1000000
2019-05-15 14:31:13.227000,1.12184,1.12181,2810000,1120000
2019-05-15 14:31:13.329000,1.12184,1.12181,1690000,3250000
2019-05-15 14:31:13.381000,1.12181,1.1218,1000000,2250000
2019-05-15 14:31:13.485000,1.12182,1.12179,1000000,2940000
2019-05-15 14:31:13.612000,1.12184,1.12181,1250000,1000000
2019-05-15 14:31:13.715000,1.12184,1.1218,1000000,7510000
2019-05-15 14:31:13.873000,1.12181,1.12178,1120000,3750000
2019-05-15 14:31:13.978000,1.12182,1.12178,2190000,5210000
2019-05-15 14:31:14.369000,1.1218,1.12176,2440000,3120000
2019-05-15 14:31:14.625000,1.12181,1.1218,1500000,1690000
2019-05-15 14:31:14.732000,1.12183,1.12182,8250000,1000000
2019-05-15 14:31:14.784000,1.12186,1.12185,3000000,1690000
2019-05-15 14:31:14.886000,1.12188,1.12186,1500000,1870000
2019-05-15 14:31:14.938000,1.1219,1.12186,9560000,1870000
2019-05-15 14:31:15.115000,1.1219,1.12188,1310000,1000000
2019-05-15 14:31:15.217000,1.1219,1.12187,1690000,1500000
2019-05-15 14:31:15.480000,1.1219,1.12186,6620000,3750000
2019-05-15 14:31:15.687000,1.12189,1.12186,2190000,2620000
2019-05-15 14:31:16.328000,1.12189,1.12186,2190000,1370000
2019-05-15 14:31:16.430000,1.12189,1.12186,1000000,1690000
2019-05-15 14:31:16.814000,1.12188,1.12185,1500000,3690000
2019-05-15 14:31:16.974000,1.12188,1.12184,1870000,3940000
2019-05-15 14:31:17.354000,1.12188,1.12184,1870000,4000000
2019-05-15 14:31:17.463000,1.12188,1.12184,1870000,4690000
2019-05-15 14:31:17.616000,1.1219,1.12186,8140000,4500000
2019-05-15 14:31:17.667000,1.1219,1.12187,2620000,1870000
2019-05-15 14:31:17.770000,1.12191,1.12188,5000000,1000000
2019-05-15 14:31:17.890000,1.12191,1.12187,5000000,1870000
2019-05-15 14:31:18.043000,1.12188,1.12186,1500000,2750000
2019-05-15 14:31:18.146000,1.12188,1.12184,1500000,3620000
2019-05-15 14:31:18.289000,1.12187,1.12184,1000000,3940000
2019-05-15 14:31:18.596000,1.12187,1.12185,1120000,3560000
2019-05-15 14:31:18.668000,1.12188,1.12186,1870000,1000000
2019-05-15 14:31:18.719000,1.12193,1.1219,1120000,1990000
2019-05-15 14:31:18.821000,1.12193,1.12191,3000000,1000000
2019-05-15 14:31:19.014000,1.12192,1.1219,1000000,1920000
2019-05-15 14:31:19.066000,1.1219,1.12186,6500000,3690000
2019-05-15 14:31:19.168000,1.1219,1.12186,6870000,4060000
2019-05-15 14:31:19.526000,1.12189,1.12186,1500000,1870000
2019-05-15 14:31:19.789000,1.12191,1.12187,6820000,3190000
2019-05-15 14:31:19.892000,1.1219,1.12186,1690000,2620000
2019-05-15 14:31:20.096000,1.1219,1.12187,1690000,1000000
2019-05-15 14:31:20.210000,1.1219,1.12188,2250000,1000000
2019-05-15 14:31:20.312000,1.1219,1.12187,1000000,1310000
2019-05-15 14:31:21.130000,1.12189,1.12187,1000000,1000000
2019-05-15 14:31:21.557000,1.12189,1.12186,2250000,2380000
2019-05-15 14:31:23.222000,1.1219,1.12186,4310000,1120000
2019-05-15 14:31:23.375000,1.12189,1.12186,1000000,3750000
2019-05-15 14:31:23.580000,1.1219,1.12186,5810000,2620000
2019-05-15 14:31:23.682000,1.12189,1.12187,1000000,1120000
2019-05-15 14:31:23.734000,1.12191,1.12189,3510000,1000000
2019-05-15 14:31:23.849000,1.12194,1.12191,1120000,4620000
2019-05-15 14:31:24.640000,1.12193,1.1219,2250000,6870000
2019-05-15 14:31:24.799000,1.12191,1.1219,1000000,3000000
2019-05-15 14:31:25.108000,1.12193,1.1219,4500000,2250000
2019-05-15 14:31:25.409000,1.12191,1.12189,1250000,4870000
2019-05-15 14:31:25.513000,1.1219,1.12189,1250000,1500000
2019-05-15 14:31:25.616000,1.1219,1.12187,1310000,1000000
2019-05-15 14:31:25.914000,1.12187,1.12185,1000000,1120000
2019-05-15 14:31:26.069000,1.12185,1.12184,1870000,1120000
2019-05-15 14:31:26.121000,1.12183,1.12181,1000000,9190000
2019-05-15 14:31:26.282000,1.12183,1.1218,2440000,1120000
2019-05-15 14:31:26.384000,1.12182,1.12181,1000000,1250000
2019-05-15 14:31:26.486000,1.12183,1.12181,1250000,1250000
2019-05-15 14:31:26.846000,1.12183,1.12181,1250000,4810000
2019-05-15 14:31:27.388000,1.12186,1.12182,6620000,1120000
2019-05-15 14:31:27.441000,1.12187,1.12184,5070000,3940000
2019-05-15 14:31:27.545000,1.12188,1.12186,1120000,1000000
2019-05-15 14:31:27.650000,1.12189,1.12186,4060000,2370000
2019-05-15 14:31:27.753000,1.12187,1.12185,6190000,2170000
2019-05-15 14:31:27.804000,1.12186,1.12182,1000000,5190000
2019-05-15 14:31:27.906000,1.12186,1.12182,2250000,2060000
2019-05-15 14:31:28.008000,1.12185,1.12183,1000000,1000000
2019-05-15 14:31:28.268000,1.12186,1.12182,1000000,1870000
2019-05-15 14:31:28.371000,1.12187,1.12183,6190000,1000000
2019-05-15 14:31:28.576000,1.12187,1.12185,1000000,1000000
2019-05-15 14:31:28.679000,1.12189,1.12186,2810000,4500000
2019-05-15 14:31:28.991000,1.12186,1.12184,1000000,4620000
2019-05-15 14:31:29.094000,1.12187,1.12183,1690000,4620000
2019-05-15 14:31:29.467000,1.12187,1.12183,3190000,1500000
2019-05-15 14:31:29.777000,1.12186,1.12183,1250000,3370000
2019-05-15 14:31:30.113000,1.12185,1.12182,1690000,3120000
2019-05-15 14:31:30.215000,1.12184,1.12182,1000000,3870000
2019-05-15 14:31:30.349000,1.12184,1.12182,1000000,3000000
2019-05-15 14:31:30.451000,1.12186,1.12183,1250000,2440000
2019-05-15 14:31:30.605000,1.12185,1.12183,3250000,1000000
2019-05-15 14:31:30.709000,1.12184,1.12181,1690000,2500000
2019-05-15 14:31:30.947000,1.12184,1.12181,2500000,2440000
2019-05-15 14:31:31.417000,1.12182,1.1218,3750000,2100000
2019-05-15 14:31:31.520000,1.12182,1.12179,1000000,3690000
2019-05-15 14:31:31.623000,1.12183,1.12179,2810000,4440000
2019-05-15 14:31:31.734000,1.12182,1.12179,1250000,2000000
2019-05-15 14:31:31.785000,1.12181,1.12178,2440000,4320000
2019-05-15 14:31:32.040000,1.12181,1.12179,1000000,1500000
2019-05-15 14:31:32.150000,1.12182,1.12179,4870000,1500000
2019-05-15 14:31:32.253000,1.12181,1.12179,1500000,1000000
2019-05-15 14:31:32.358000,1.1218,1.12179,1000000,1000000
2019-05-15 14:31:32.517000,1.12182,1.12178,1120000,5190000
2019-05-15 14:31:32.723000,1.12183,1.1218,2440000,1000000
2019-05-15 14:31:32.825000,1.12182,1.12179,1000000,1500000
2019-05-15 14:31:32.988000,1.1218,1.12178,1250000,2250000
2019-05-15 14:31:33.091000,1.1218,1.12177,3190000,3750000
2019-05-15 14:31:33.244000,1.12179,1.12177,1250000,2250000
2019-05-15 14:31:33.713000,1.1218,1.12177,1250000,1000000
2019-05-15 14:31:33.895000,1.12181,1.12177,2250000,5250000
2019-05-15 14:31:33.998000,1.12183,1.12182,6000000,3190000
2019-05-15 14:31:34.100000,1.12186,1.12184,2250000,1120000
2019-05-15 14:31:34.261000,1.12187,1.12185,3190000,1000000
2019-05-15 14:31:34.618000,1.12188,1.12185,5440000,1500000
2019-05-15 14:31:34.784000,1.12187,1.12185,1000000,1000000
2019-05-15 14:31:35.140000,1.12186,1.12185,1500000,1000000
2019-05-15 14:31:35.250000,1.12185,1.12182,1250000,1120000
2019-05-15 14:31:35.966000,1.12182,1.1218,1250000,12450000
2019-05-15 14:31:36.073000,1.12182,1.12179,5250000,1690000
2019-05-15 14:31:36.131000,1.12181,1.12179,1750000,1500000
2019-05-15 14:31:36.336000,1.12181,1.12177,4370000,1500000
2019-05-15 14:31:37.071000,1.1218,1.12178,1000000,1120000
2019-05-15 14:31:37.225000,1.12182,1.12181,3000000,1000000
2019-05-15 14:31:37.376000,1.12183,1.12181,1000000,1500000
2019-05-15 14:31:37.478000,1.12184,1.12182,1250000,2370000
2019-05-15 14:31:37.732000,1.12186,1.12184,1000000,4690000
2019-05-15 14:31:37.785000,1.12189,1.12186,7500000,1000000
2019-05-15 14:31:38.276000,1.12187,1.12186,1690000,1000000
2019-05-15 14:31:38.379000,1.12187,1.12185,1690000,1500000
2019-05-15 14:31:38.792000,1.12186,1.12184,4000000,3370000
2019-05-15 14:31:38.924000,1.12184,1.12182,1500000,2250000
2019-05-15 14:31:39.027000,1.12184,1.12182,1750000,1870000
2019-05-15 14:31:39.129000,1.12183,1.12181,3000000,1000000
2019-05-15 14:31:39.180000,1.12181,1.1218,1000000,1500000
2019-05-15 14:31:39.315000,1.12185,1.12183,1000000,1120000
2019-05-15 14:31:39.418000,1.12186,1.12183,6940000,2620000
2019-05-15 14:31:41.068000,1.12186,1.12184,4690000,1000000
2019-05-15 14:31:41.170000,1.12186,1.12183,3940000,2250000
2019-05-15 14:31:41.415000,1.12186,1.12184,4690000,1000000
2019-05-15 14:31:41.518000,1.12186,1.12183,3940000,1500000
2019-05-15 14:31:42.538000,1.12185,1.12183,1000000,1500000
2019-05-15 14:31:42.691000,1.12185,1.12184,1500000,1000000
2019-05-15 14:31:42.794000,1.12185,1.12183,1000000,1000000
2019-05-15 14:31:42.993000,1.12186,1.12183,5810000,1000000
2019-05-15 14:31:44.125000,1.12185,1.12183,1000000,1000000
2019-05-15 14:31:44.177000,1.12183,1.12182,1690000,2250000
2019-05-15 14:31:44.297000,1.12182,1.1218,1000000,1620000
2019-05-15 14:31:44.694000,1.1218,1.12178,1500000,3370000
2019-05-15 14:31:45.239000,1.12179,1.12177,1000000,3310000
2019-05-15 14:31:45.393000,1.1218,1.12177,1690000,1810000
2019-05-15 14:31:45.792000,1.12182,1.12181,2250000,1000000
2019-05-15 14:31:45.902000,1.12186,1.12185,3260000,3000000
2019-05-15 14:31:46.005000,1.12187,1.12185,1000000,1120000
2019-05-15 14:31:46.182000,1.12189,1.12187,1690000,1000000
2019-05-15 14:31:46.317000,1.12189,1.12185,1690000,9560000
2019-05-15 14:31:46.523000,1.12189,1.12186,1250000,1120000
2019-05-15 14:31:46.652000,1.1219,1.12185,10370000,5810000
2019-05-15 14:31:46.754000,1.12187,1.12185,1500000,5180000
2019-05-15 14:31:46.856000,1.12187,1.12185,1500000,1870000
2019-05-15 14:31:46.958000,1.12188,1.12185,1690000,1000000
2019-05-15 14:31:47.069000,1.12189,1.12186,2060000,2250000
2019-05-15 14:31:47.328000,1.12189,1.12186,4370000,2250000
2019-05-15 14:31:47.693000,1.12188,1.12187,1500000,1000000
2019-05-15 14:31:47.840000,1.12189,1.12187,5440000,1000000
2019-05-15 14:31:47.942000,1.12188,1.12186,1250000,1250000
2019-05-15 14:31:49.011000,1.12187,1.12186,1000000,1690000
2019-05-15 14:31:49.197000,1.12186,1.12185,2250000,3750000
2019-05-15 14:31:49.299000,1.12183,1.12181,1690000,1000000
2019-05-15 14:31:49.350000,1.12183,1.1218,1690000,4690000
2019-05-15 14:31:49.739000,1.12182,1.12181,1000000,1000000
2019-05-15 14:31:49.890000,1.12183,1.1218,3160000,1500000
2019-05-15 14:31:49.992000,1.12183,1.1218,1120000,2470000
2019-05-15 14:31:50.043000,1.12182,1.1218,3250000,1590000
2019-05-15 14:31:50.185000,1.12182,1.12179,6250000,1120000
2019-05-15 14:31:50.294000,1.12179,1.12177,1000000,9820000
2019-05-15 14:31:50.345000,1.1218,1.12178,1000000,1000000
2019-05-15 14:31:50.447000,1.12182,1.12178,12000000,1000000
2019-05-15 14:31:51.202000,1.1218,1.12178,2500000,1000000
2019-05-15 14:31:51.304000,1.12179,1.12177,1250000,2810000
2019-05-15 14:31:51.557000,1.12179,1.12176,1620000,2320000
2019-05-15 14:31:51.792000,1.12179,1.12176,3000000,3820000
2019-05-15 14:31:52.271000,1.12178,1.12175,2500000,6570000
2019-05-15 14:31:52.373000,1.12176,1.12174,1250000,1500000
2019-05-15 14:31:52.921000,1.12177,1.12175,3250000,1000000
2019-05-15 14:31:53.191000,1.12176,1.12174,1250000,2250000
2019-05-15 14:31:53.294000,1.12177,1.12175,3250000,1870000
2019-05-15 14:31:53.906000,1.12176,1.12174,1000000,1000000
2019-05-15 14:31:54.009000,1.12176,1.12174,4750000,1000000
2019-05-15 14:31:54.162000,1.12175,1.12172,4690000,4620000
2019-05-15 14:31:54.294000,1.12174,1.12171,1690000,1000000
2019-05-15 14:31:54.396000,1.12173,1.12171,1250000,1870000
2019-05-15 14:31:54.683000,1.12172,1.1217,1250000,4250000
2019-05-15 14:31:55.361000,1.12174,1.12171,3750000,1500000
2019-05-15 14:31:55.805000,1.12174,1.12171,6230000,3000000
2019-05-15 14:31:55.926000,1.12175,1.12171,4160000,3750000
2019-05-15 14:31:56.044000,1.12175,1.12172,1000000,1120000
2019-05-15 14:31:56.146000,1.12176,1.12172,1310000,3560000
2019-05-15 14:31:56.497000,1.12177,1.12175,3000000,1000000
2019-05-15 14:31:56.604000,1.12181,1.1218,1500000,1120000
2019-05-15 14:31:56.656000,1.12182,1.1218,1000000,2060000
2019-05-15 14:31:56.758000,1.12183,1.12179,3000000,5250000
2019-05-15 14:31:56.888000,1.12182,1.12179,1000000,1310000
2019-05-15 14:31:57.426000,1.12182,1.1218,1000000,1750000
2019-05-15 14:31:57.529000,1.12184,1.12181,1500000,2060000
2019-05-15 14:31:57.763000,1.12184,1.12183,1000000,1000000
2019-05-15 14:31:57.865000,1.12188,1.12186,2620000,3190000
2019-05-15 14:31:57.917000,1.12189,1.12187,2620000,3120000
2019-05-15 14:31:57.968000,1.1219,1.12187,3370000,2370000
2019-05-15 14:31:58.429000,1.12192,1.12191,1000000,1000000
2019-05-15 14:31:58.534000,1.12194,1.12192,2250000,1000000
2019-05-15 14:31:58.638000,1.12194,1.12191,1000000,1690000
2019-05-15 14:31:58.740000,1.12195,1.12192,1500000,1000000
2019-05-15 14:31:58.866000,1.12196,1.12194,7690000,1350000
2019-05-15 14:31:58.922000,1.12196,1.12192,6190000,1270000
2019-05-15 14:31:59.264000,1.12196,1.12192,5500000,1870000
2019-05-15 14:31:59.367000,1.12196,1.12192,2500000,3870000
2019-05-15 14:31:59.522000,1.12196,1.12193,1120000,1000000
