time,ask,bid,ask_volume,bid_volume
2020-12-31 13:25:00.204000,1.22786,1.22781,1760000,1500000
2020-12-31 13:25:00.356000,1.22785,1.22781,3000000,1500000
2020-12-31 13:25:01.406000,1.22785,1.2278,3070000,1120000
2020-12-31 13:25:01.507000,1.22782,1.22779,750000,8080000
2020-12-31 13:25:01.609000,1.22783,1.22779,1690000,1500000
2020-12-31 13:25:01.711000,1.22783,1.22782,940000,750000
2020-12-31 13:25:01.813000,1.22784,1.22782,100000,750000
2020-12-31 13:25:02.207000,1.22785,1.2278,100000,1120000
2020-12-31 13:25:02.556000,1.22784,1.22779,3820000,8460000
2020-12-31 13:25:02.658000,1.22783,1.22779,100000,750000
2020-12-31 13:25:02.812000,1.22784,1.22781,7670000,750000
2020-12-31 13:25:02.913000,1.22785,1.22781,260000,1500000
2020-12-31 13:25:03.015000,1.22785,1.22782,260000,750000
2020-12-31 13:25:03.660000,1.22785,1.2278,100000,820000
2020-12-31 13:25:03.932000,1.22784,1.22779,3260000,1950000
2020-12-31 13:25:04.034000,1.22783,1.22779,820000,750000
2020-12-31 13:25:05.345000,1.22783,1.22778,1570000,750000
2020-12-31 13:25:05.446000,1.22782,1.22777,1760000,750000
2020-12-31 13:25:05.790000,1.2278,1.22778,750000,750000
2020-12-31 13:25:05.841000,1.2278,1.22775,4760000,750000
2020-12-31 13:25:05.942000,1.2278,1.22776,820000,750000
2020-12-31 13:25:06.771000,1.22779,1.22775,3260000,750000
2020-12-31 13:25:06.872000,1.22778,1.22775,820000,750000
2020-12-31 13:25:07.797000,1.22779,1.22775,4010000,750000
2020-12-31 13:25:08.460000,1.2278,1.22777,10670000,750000
2020-12-31 13:25:08.562000,1.22781,1.22777,1570000,750000
2020-12-31 13:25:11.446000,1.22779,1.22777,2250000,750000
2020-12-31 13:25:11.549000,1.2278,1.22777,750000,750000
2020-12-31 13:25:11.758000,1.22779,1.22775,4010000,750000
2020-12-31 13:25:11.860000,1.22778,1.22775,750000,750000
2020-12-31 13:25:12.424000,1.22778,1.22774,750000,750000
2020-12-31 13:25:12.669000,1.22779,1.22774,13180000,750000
2020-12-31 13:25:14.652000,1.22778,1.22774,820000,750000
2020-12-31 13:25:14.755000,1.22777,1.22774,820000,1500000
2020-12-31 13:25:14.960000,1.22777,1.22773,7670000,1500000
2020-12-31 13:25:15.062000,1.22776,1.22772,100000,750000
2020-12-31 13:25:15.366000,1.22774,1.22771,100000,750000
2020-12-31 13:25:15.468000,1.22772,1.22768,4010000,750000
2020-12-31 13:25:15.570000,1.22771,1.22766,9430000,750000
2020-12-31 13:25:16.808000,1.2277,1.22766,1570000,750000
2020-12-31 13:25:16.909000,1.22771,1.22766,8680000,750000
2020-12-31 13:25:21.230000,1.2277,1.22766,100000,750000
2020-12-31 13:25:21.331000,1.22768,1.22765,7670000,750000
2020-12-31 13:25:21.433000,1.22768,1.22764,100000,750000
2020-12-31 13:25:21.660000,1.22768,1.22765,13550000,750000
2020-12-31 13:25:23.360000,1.2277,1.22765,11420000,1570000
2020-12-31 13:25:23.462000,1.22771,1.22766,3000000,2320000
2020-12-31 13:25:23.563000,1.22772,1.22766,6260000,3070000
2020-12-31 13:25:23.825000,1.22772,1.22767,13180000,750000
2020-12-31 13:25:23.927000,1.22773,1.22769,10670000,2890000
2020-12-31 13:25:24.029000,1.22774,1.22771,7670000,1500000
2020-12-31 13:25:24.079000,1.22776,1.22771,820000,1500000
2020-12-31 13:25:24.131000,1.22777,1.22773,15920000,1500000
2020-12-31 13:25:24.232000,1.22777,1.22775,5320000,750000
2020-12-31 13:25:24.385000,1.22779,1.22774,13740000,750000
2020-12-31 13:25:30.294000,1.22777,1.22773,5510000,750000
2020-12-31 13:25:30.396000,1.22776,1.22771,4010000,750000
2020-12-31 13:25:38.655000,1.22774,1.22771,1950000,3000000
2020-12-31 13:25:38.756000,1.22773,1.22768,3070000,750000
2020-12-31 13:25:38.858000,1.22772,1.22767,1500000,6640000
2020-12-31 13:25:41.717000,1.22771,1.22766,820000,3750000
2020-12-31 13:25:43.575000,1.2277,1.22765,1200000,4500000
2020-12-31 13:25:43.677000,1.22769,1.22764,5700000,750000
2020-12-31 13:25:45.911000,1.22767,1.22763,1500000,750000
2020-12-31 13:25:46.013000,1.22765,1.2276,750000,14720000
2020-12-31 13:25:46.165000,1.22766,1.2276,5320000,5890000
2020-12-31 13:25:46.781000,1.22765,1.22762,4500000,100000
2020-12-31 13:25:48.150000,1.22767,1.22761,12240000,6640000
2020-12-31 13:25:48.201000,1.22768,1.22764,7670000,4500000
2020-12-31 13:25:48.353000,1.2277,1.22765,5320000,750000
2020-12-31 13:25:48.556000,1.22771,1.22766,9800000,3000000
2020-12-31 13:25:48.708000,1.22772,1.22767,13670000,1570000
2020-12-31 13:25:49.288000,1.22773,1.22769,11790000,1570000
2020-12-31 13:25:49.390000,1.22775,1.2277,940000,5510000
2020-12-31 13:25:49.491000,1.22776,1.22772,4500000,750000
2020-12-31 13:25:50.510000,1.22776,1.22771,3750000,2510000
2020-12-31 13:25:51.700000,1.22773,1.2277,940000,13710000
2020-12-31 13:25:51.801000,1.22769,1.22767,750000,7500000
2020-12-31 13:25:51.953000,1.22769,1.22764,5250000,750000
2020-12-31 13:25:52.056000,1.22769,1.22763,13670000,6190000
2020-12-31 13:25:53.055000,1.22769,1.22764,11420000,3940000
2020-12-31 13:25:53.157000,1.2277,1.22765,4120000,1690000
2020-12-31 13:25:53.638000,1.22769,1.22765,750000,3750000
2020-12-31 13:25:53.740000,1.22769,1.22764,750000,6190000
2020-12-31 13:25:54.057000,1.2277,1.22765,12920000,750000
2020-12-31 13:25:54.549000,1.22768,1.22766,1570000,750000
2020-12-31 13:25:54.651000,1.22769,1.22764,12990000,750000
2020-12-31 13:25:54.755000,1.22767,1.22763,3070000,3000000
2020-12-31 13:25:54.857000,1.22767,1.22762,11490000,3750000
2020-12-31 13:25:57.345000,1.22767,1.22763,3070000,6000000
2020-12-31 13:25:59.746000,1.22767,1.22762,3750000,9750000
2020-12-31 13:25:59.979000,1.22768,1.22763,750000,2320000
2020-12-31 13:26:00.081000,1.22768,1.22764,3000000,2250000
2020-12-31 13:26:00.183000,1.22769,1.22765,7670000,2250000
2020-12-31 13:26:00.284000,1.22771,1.22766,12170000,2320000
2020-12-31 13:26:00.669000,1.22771,1.22767,4500000,3750000
2020-12-31 13:26:01.256000,1.22772,1.22768,11420000,750000
2020-12-31 13:26:01.359000,1.22773,1.22768,11420000,1760000
2020-12-31 13:26:01.674000,1.22773,1.2277,3750000,750000
2020-12-31 13:26:07.789000,1.22773,1.22768,12800000,370000
2020-12-31 13:26:08.618000,1.22772,1.22768,750000,1120000
2020-12-31 13:26:08.748000,1.22772,1.22769,750000,750000
2020-12-31 13:26:09.070000,1.22775,1.2277,9240000,3820000
2020-12-31 13:26:09.172000,1.22777,1.22774,8120000,1500000
2020-12-31 13:26:09.275000,1.22779,1.22775,11250000,750000
2020-12-31 13:26:09.326000,1.22779,1.22777,750000,3750000
2020-12-31 13:26:09.427000,1.2278,1.22777,4500000,3750000
2020-12-31 13:26:10.199000,1.2278,1.22776,3750000,6000000
2020-12-31 13:26:10.762000,1.2278,1.22777,750000,750000
2020-12-31 13:26:11.111000,1.22781,1.22777,750000,750000
2020-12-31 13:26:11.313000,1.22783,1.22778,12990000,2250000
2020-12-31 13:26:11.775000,1.22783,1.22779,2320000,3750000
2020-12-31 13:26:13.752000,1.22783,1.2278,2250000,3750000
2020-12-31 13:26:16.797000,1.22783,1.22779,750000,1500000
2020-12-31 13:26:17.032000,1.22783,1.22779,750000,1550000
2020-12-31 13:26:17.358000,1.22783,1.22779,750000,1500000
2020-12-31 13:26:18.621000,1.22785,1.2278,12430000,2250000
2020-12-31 13:26:18.773000,1.22785,1.22781,190000,4500000
2020-12-31 13:26:19.026000,1.22787,1.22785,7670000,1690000
2020-12-31 13:26:19.128000,1.2279,1.22785,4690000,2890000
2020-12-31 13:26:19.230000,1.2279,1.22786,940000,100000
2020-12-31 13:26:19.612000,1.22787,1.22784,3750000,7330000
2020-12-31 13:26:19.713000,1.22788,1.22783,5440000,750000
2020-12-31 13:26:19.815000,1.22787,1.22783,750000,750000
2020-12-31 13:26:19.916000,1.22787,1.22782,1500000,1570000
2020-12-31 13:26:20.018000,1.22785,1.22782,750000,2510000
2020-12-31 13:26:20.119000,1.22785,1.22781,940000,820000
2020-12-31 13:26:20.170000,1.22781,1.22779,750000,820000
2020-12-31 13:26:20.221000,1.22781,1.22777,1870000,15660000
2020-12-31 13:26:20.626000,1.22781,1.22776,1870000,820000
2020-12-31 13:26:20.727000,1.2278,1.22776,750000,100000
2020-12-31 13:26:21.787000,1.2278,1.22775,1500000,4760000
2020-12-31 13:26:22.784000,1.2278,1.22776,1500000,3750000
2020-12-31 13:26:23.747000,1.2278,1.22777,750000,2250000
2020-12-31 13:26:26.264000,1.22781,1.22777,750000,3820000
2020-12-31 13:26:26.624000,1.22783,1.2278,370000,820000
2020-12-31 13:26:26.725000,1.22785,1.22782,9170000,6000000
2020-12-31 13:26:27.128000,1.22784,1.22782,750000,6000000
2020-12-31 13:26:27.580000,1.22784,1.22781,750000,6000000
2020-12-31 13:26:28.468000,1.22783,1.2278,6600000,6000000
2020-12-31 13:26:28.519000,1.22782,1.22778,1500000,7570000
2020-12-31 13:26:29.528000,1.22782,1.22777,1500000,2320000
2020-12-31 13:26:30.491000,1.22782,1.22778,1500000,750000
2020-12-31 13:26:32.520000,1.22782,1.22779,1500000,2250000
2020-12-31 13:26:33.362000,1.22784,1.22779,1500000,4760000
2020-12-31 13:26:33.464000,1.22784,1.2278,1500000,100000
2020-12-31 13:26:34.320000,1.22784,1.22781,750000,100000
2020-12-31 13:26:35.267000,1.22783,1.22781,750000,3820000
2020-12-31 13:26:35.520000,1.22784,1.22781,750000,2320000
2020-12-31 13:26:36.163000,1.22784,1.22782,1500000,3070000
2020-12-31 13:26:36.495000,1.22785,1.22782,1500000,750000
2020-12-31 13:26:38.997000,1.22785,1.22781,750000,3820000
2020-12-31 13:26:39.098000,1.22786,1.22782,2250000,100000
2020-12-31 13:26:40.088000,1.22786,1.22781,2250000,10410000
2020-12-31 13:26:41.898000,1.22788,1.22786,750000,750000
2020-12-31 13:26:42,1.22789,1.22786,750000,1500000
2020-12-31 13:26:42.854000,1.22789,1.22787,750000,3750000
2020-12-31 13:26:44.659000,1.2279,1.22788,750000,820000
2020-12-31 13:26:44.710000,1.22793,1.2279,820000,820000
2020-12-31 13:26:44.812000,1.22794,1.22792,8420000,3750000
2020-12-31 13:26:45.216000,1.22795,1.22792,750000,3750000
2020-12-31 13:26:45.706000,1.22795,1.22793,750000,3750000
2020-12-31 13:26:46.790000,1.22796,1.22793,1120000,3750000
2020-12-31 13:26:46.841000,1.228,1.22795,2320000,3260000
2020-12-31 13:26:46.891000,1.22798,1.22793,1690000,12100000
2020-12-31 13:26:46.993000,1.22798,1.22794,2250000,190000
2020-12-31 13:26:47.246000,1.22798,1.22793,4570000,750000
2020-12-31 13:26:47.347000,1.22795,1.22793,750000,370000
2020-12-31 13:26:47.746000,1.22796,1.22791,750000,3260000
2020-12-31 13:26:48.081000,1.22796,1.22792,750000,100000
2020-12-31 13:26:48.385000,1.22797,1.22795,1120000,3750000
2020-12-31 13:26:48.486000,1.22798,1.22795,750000,3750000
2020-12-31 13:26:49.090000,1.22797,1.22795,750000,3750000
2020-12-31 13:26:50.214000,1.22797,1.22796,750000,2250000
2020-12-31 13:26:50.316000,1.22799,1.22795,750000,3000000
2020-12-31 13:26:50.417000,1.22799,1.22796,750000,370000
2020-12-31 13:26:51.423000,1.22799,1.22795,750000,4570000
2020-12-31 13:26:52.390000,1.22799,1.22796,750000,750000
2020-12-31 13:26:52.492000,1.22798,1.22796,940000,750000
2020-12-31 13:26:52.646000,1.22799,1.22796,4500000,750000
2020-12-31 13:26:52.748000,1.22798,1.22796,750000,750000
2020-12-31 13:26:52.851000,1.22798,1.22797,1500000,750000
2020-12-31 13:26:53.421000,1.22799,1.22795,4500000,100000
2020-12-31 13:26:53.734000,1.22799,1.22794,4500000,12280000
2020-12-31 13:26:53.835000,1.22798,1.22794,750000,11160000
2020-12-31 13:26:54.109000,1.22799,1.22794,4500000,3820000
2020-12-31 13:26:54.397000,1.22799,1.22796,4500000,2250000
2020-12-31 13:26:54.735000,1.22797,1.22796,750000,3750000
2020-12-31 13:26:54.988000,1.22797,1.22793,750000,750000
2020-12-31 13:26:55.089000,1.22796,1.22793,750000,750000
2020-12-31 13:26:56.537000,1.22796,1.22792,1500000,3000000
2020-12-31 13:26:56.638000,1.22796,1.22791,1500000,4500000
2020-12-31 13:26:56.740000,1.22795,1.22791,940000,3750000
2020-12-31 13:26:58.979000,1.22794,1.22789,5440000,1500000
2020-12-31 13:26:59.484000,1.22794,1.2279,4500000,100000
2020-12-31 13:26:59.599000,1.22794,1.22789,4500000,2510000
2020-12-31 13:27:01.920000,1.22795,1.2279,3750000,820000
2020-12-31 13:27:04.299000,1.22795,1.22791,750000,100000
2020-12-31 13:27:05.072000,1.22795,1.22792,750000,2250000
2020-12-31 13:27:05.204000,1.22796,1.22792,750000,2250000
2020-12-31 13:27:05.406000,1.22796,1.22793,4120000,3260000
2020-12-31 13:27:05.508000,1.22798,1.22793,8420000,820000
2020-12-31 13:27:06.062000,1.22798,1.22794,750000,3750000
2020-12-31 13:27:07.575000,1.22797,1.22794,820000,750000
2020-12-31 13:27:07.626000,1.22797,1.22792,1760000,4950000
2020-12-31 13:27:07.998000,1.22796,1.22792,100000,3000000
2020-12-31 13:27:08.149000,1.22796,1.22791,100000,4950000
2020-12-31 13:27:11.007000,1.22797,1.22793,4500000,750000
2020-12-31 13:27:11.110000,1.22797,1.22792,3750000,1200000
2020-12-31 13:27:24.056000,1.22798,1.22796,1500000,370000
2020-12-31 13:27:24.107000,1.22801,1.22799,3190000,220000
2020-12-31 13:27:24.158000,1.22799,1.22797,750000,370000
2020-12-31 13:27:24.715000,1.22798,1.22794,940000,3750000
2020-12-31 13:27:24.816000,1.22797,1.22794,1690000,1500000
2020-12-31 13:27:25.379000,1.22797,1.22793,750000,1120000
2020-12-31 13:27:30.546000,1.22797,1.22792,1500000,1870000
2020-12-31 13:27:33.666000,1.22799,1.22794,4950000,2320000
2020-12-31 13:27:34.161000,1.22799,1.22795,750000,750000
2020-12-31 13:27:34.630000,1.22799,1.22796,750000,750000
2020-12-31 13:27:35.666000,1.22799,1.22797,750000,370000
2020-12-31 13:27:36.381000,1.228,1.22797,190000,1120000
2020-12-31 13:27:36.634000,1.22801,1.22798,6710000,750000
2020-12-31 13:27:38.994000,1.22804,1.22801,1390000,1010000
2020-12-31 13:27:39.096000,1.22805,1.22801,750000,1010000
2020-12-31 13:27:39.495000,1.22806,1.22801,3070000,940000
2020-12-31 13:27:40.201000,1.22805,1.22801,750000,940000
2020-12-31 13:27:40.252000,1.22803,1.22798,3640000,3820000
2020-12-31 13:27:40.353000,1.22802,1.22798,1570000,750000
2020-12-31 13:27:44.386000,1.22801,1.22798,100000,750000
2020-12-31 13:27:44.489000,1.22798,1.22795,750000,2250000
2020-12-31 13:27:44.797000,1.22797,1.22795,1870000,1690000
2020-12-31 13:27:45.576000,1.22797,1.22793,370000,3750000
2020-12-31 13:27:47.014000,1.22797,1.22792,1200000,5440000
2020-12-31 13:27:47.115000,1.22795,1.22793,370000,5440000
2020-12-31 13:27:47.463000,1.22794,1.22792,6000000,750000
2020-12-31 13:27:47.514000,1.22793,1.22789,3750000,8230000
2020-12-31 13:27:47.616000,1.22793,1.22788,6370000,9000000
2020-12-31 13:27:48.446000,1.22792,1.22788,370000,750000
2020-12-31 13:27:54.071000,1.22793,1.22789,3750000,940000
2020-12-31 13:27:54.173000,1.22794,1.22789,1500000,1010000
2020-12-31 13:27:54.849000,1.22794,1.2279,750000,940000
2020-12-31 13:27:56.327000,1.22796,1.2279,2320000,3260000
2020-12-31 13:27:56.428000,1.22796,1.22791,2250000,100000
2020-12-31 13:27:56.765000,1.22794,1.2279,3000000,3000000
2020-12-31 13:27:56.816000,1.22793,1.22788,3070000,3070000
2020-12-31 13:27:57.120000,1.22792,1.22787,750000,2510000
2020-12-31 13:28:00.062000,1.22791,1.22787,370000,750000
2020-12-31 13:28:00.164000,1.22789,1.22787,1500000,750000
2020-12-31 13:28:00.572000,1.22791,1.22786,750000,2510000
2020-12-31 13:28:01.322000,1.2279,1.22786,750000,1390000
2020-12-31 13:28:01.960000,1.22789,1.22786,750000,940000
2020-12-31 13:28:02.264000,1.22789,1.22785,750000,4500000
2020-12-31 13:28:02.315000,1.22787,1.22784,750000,940000
2020-12-31 13:28:02.417000,1.22787,1.22785,750000,1760000
2020-12-31 13:28:02.622000,1.22787,1.22785,750000,940000
2020-12-31 13:28:02.775000,1.22788,1.22785,1120000,940000
2020-12-31 13:28:02.928000,1.22788,1.22784,1120000,1010000
2020-12-31 13:28:03.757000,1.22784,1.22783,750000,1010000
2020-12-31 13:28:07.961000,1.22784,1.22782,750000,940000
2020-12-31 13:28:09.049000,1.22786,1.22781,1200000,190000
2020-12-31 13:28:09.100000,1.22784,1.22781,750000,190000
2020-12-31 13:28:13.370000,1.22784,1.22782,750000,940000
2020-12-31 13:28:15.785000,1.22785,1.22783,370000,190000
2020-12-31 13:28:15.836000,1.22788,1.22785,9240000,940000
2020-12-31 13:28:15.938000,1.22788,1.22786,1120000,940000
2020-12-31 13:28:16.588000,1.22788,1.22785,1870000,1690000
2020-12-31 13:28:16.817000,1.22787,1.22784,750000,1690000
2020-12-31 13:28:16.919000,1.22785,1.22784,750000,940000
2020-12-31 13:28:17.756000,1.22785,1.22782,750000,1690000
2020-12-31 13:28:18.705000,1.22785,1.22781,750000,3190000
2020-12-31 13:28:20.793000,1.22785,1.22782,750000,940000
2020-12-31 13:28:24.080000,1.22786,1.22782,750000,940000
2020-12-31 13:28:24.132000,1.22788,1.22785,750000,940000
2020-12-31 13:28:24.618000,1.22788,1.22784,2250000,1690000
2020-12-31 13:28:24.720000,1.22786,1.22783,1500000,3750000
2020-12-31 13:28:24.822000,1.22785,1.22781,750000,2440000
2020-12-31 13:28:26.936000,1.22785,1.22782,750000,750000
2020-12-31 13:28:27.926000,1.22785,1.22781,750000,1690000
2020-12-31 13:28:34.310000,1.22785,1.22782,750000,940000
2020-12-31 13:28:39.042000,1.22788,1.22784,12170000,940000
2020-12-31 13:28:39.194000,1.22788,1.22783,2250000,1690000
2020-12-31 13:28:39.245000,1.22788,1.22785,750000,940000
2020-12-31 13:28:39.346000,1.22789,1.22785,5250000,940000
2020-12-31 13:28:40.056000,1.2279,1.22786,1120000,940000
2020-12-31 13:28:40.157000,1.2279,1.22787,750000,940000
2020-12-31 13:28:40.309000,1.22791,1.22788,750000,1690000
2020-12-31 13:28:40.410000,1.2279,1.22786,750000,1690000
2020-12-31 13:28:41.089000,1.22791,1.22787,1120000,1310000
2020-12-31 13:28:44.351000,1.22785,1.22783,750000,9940000
2020-12-31 13:28:44.452000,1.22786,1.22783,2250000,7500000
2020-12-31 13:28:44.605000,1.22786,1.22782,2250000,750000
2020-12-31 13:28:44.706000,1.22786,1.22781,2250000,940000
2020-12-31 13:28:54.049000,1.22787,1.22784,750000,940000
2020-12-31 13:28:54.100000,1.22789,1.22785,1570000,940000
2020-12-31 13:28:54.201000,1.22789,1.22786,750000,940000
2020-12-31 13:28:55.273000,1.22789,1.22785,750000,940000
2020-12-31 13:28:57.285000,1.2279,1.22785,1500000,1690000
2020-12-31 13:29:00.114000,1.22789,1.22784,1500000,11270000
2020-12-31 13:29:01.112000,1.22789,1.22785,750000,940000
2020-12-31 13:29:01.811000,1.2279,1.22786,2320000,940000
2020-12-31 13:29:02.892000,1.22791,1.22786,750000,1690000
2020-12-31 13:29:03.887000,1.22792,1.22788,2250000,940000
2020-12-31 13:29:04.244000,1.22793,1.22788,2320000,940000
2020-12-31 13:29:05.768000,1.22794,1.22791,1500000,190000
2020-12-31 13:29:05.870000,1.22794,1.2279,1500000,190000
2020-12-31 13:29:06.073000,1.22794,1.22791,1500000,3000000
2020-12-31 13:29:06.643000,1.22794,1.2279,750000,190000
2020-12-31 13:29:09.032000,1.22794,1.22791,750000,940000
2020-12-31 13:29:09.135000,1.22795,1.22791,750000,1010000
2020-12-31 13:29:09.389000,1.22795,1.2279,820000,260000
2020-12-31 13:29:09.491000,1.22793,1.22789,820000,190000
2020-12-31 13:29:10.723000,1.22794,1.22791,750000,1310000
2020-12-31 13:29:10.825000,1.22795,1.22792,1500000,940000
2020-12-31 13:29:16.673000,1.22793,1.22789,2700000,7780000
2020-12-31 13:29:16.724000,1.22791,1.22789,750000,7780000
2020-12-31 13:29:16.825000,1.22791,1.22786,750000,9190000
2020-12-31 13:29:17.564000,1.2279,1.22786,750000,1690000
2020-12-31 13:29:20.197000,1.22793,1.22789,6070000,1310000
2020-12-31 13:29:20.299000,1.22794,1.22789,1120000,2890000
2020-12-31 13:29:20.400000,1.22794,1.2279,750000,9020000
2020-12-31 13:29:20.552000,1.22795,1.2279,1950000,9020000
2020-12-31 13:29:22.596000,1.22794,1.2279,370000,1310000
2020-12-31 13:29:22.698000,1.22792,1.22789,370000,3190000
2020-12-31 13:29:22.799000,1.22791,1.22787,1120000,3750000
2020-12-31 13:29:22.952000,1.22792,1.22788,750000,1690000
2020-12-31 13:29:23.053000,1.22792,1.22787,1500000,2440000
2020-12-31 13:29:23.155000,1.22791,1.22786,2250000,9020000
2020-12-31 13:29:23.813000,1.22791,1.22785,2620000,5440000
2020-12-31 13:29:23.914000,1.22791,1.22786,2620000,190000
2020-12-31 13:29:24.016000,1.2279,1.22786,370000,190000
2020-12-31 13:29:24.281000,1.22789,1.22786,370000,5440000
2020-12-31 13:29:24.382000,1.22791,1.22786,2620000,940000
2020-12-31 13:29:25.989000,1.2279,1.22786,750000,190000
2020-12-31 13:29:26.040000,1.22787,1.22784,750000,940000
2020-12-31 13:29:26.091000,1.22789,1.22784,1500000,1310000
2020-12-31 13:29:26.193000,1.22789,1.22783,3370000,7010000
2020-12-31 13:29:26.294000,1.22788,1.22783,2620000,5440000
2020-12-31 13:29:26.598000,1.22787,1.22783,750000,940000
2020-12-31 13:29:31.491000,1.22786,1.22782,370000,2440000
2020-12-31 13:29:32.072000,1.22785,1.22782,370000,1690000
2020-12-31 13:29:34.061000,1.22785,1.22781,1870000,940000
2020-12-31 13:29:34.163000,1.22785,1.2278,1870000,2060000
2020-12-31 13:29:34.273000,1.22785,1.22781,1870000,940000
2020-12-31 13:29:36.048000,1.22783,1.22779,1120000,2060000
2020-12-31 13:29:36.149000,1.22781,1.22778,370000,2250000
2020-12-31 13:29:36.673000,1.22781,1.22777,370000,940000
2020-12-31 13:29:37.523000,1.22782,1.22777,1870000,940000
2020-12-31 13:29:37.627000,1.22782,1.22778,1500000,940000
2020-12-31 13:29:38.305000,1.22781,1.22778,750000,940000
2020-12-31 13:29:38.465000,1.22782,1.22778,1500000,1690000
2020-12-31 13:29:39.065000,1.22782,1.22777,1500000,1690000
2020-12-31 13:29:43.108000,1.22782,1.22778,1500000,940000
2020-12-31 13:29:48.869000,1.22782,1.22777,1500000,940000
2020-12-31 13:29:49.546000,1.22781,1.22777,750000,940000
2020-12-31 13:29:50.155000,1.22781,1.22776,1500000,190000
2020-12-31 13:29:52.064000,1.22781,1.22777,1500000,190000
2020-12-31 13:29:52.581000,1.22781,1.22776,1500000,190000
2020-12-31 13:29:55.088000,1.22777,1.22772,1500000,750000
2020-12-31 13:29:55.190000,1.22777,1.22773,750000,190000
2020-12-31 13:29:55.515000,1.22777,1.22774,750000,190000
2020-12-31 13:29:55.886000,1.22778,1.22771,750000,940000
2020-12-31 13:29:56.295000,1.22779,1.22774,1500000,190000
2020-12-31 13:29:56.396000,1.2278,1.22774,750000,190000
2020-12-31 13:29:58.162000,1.2278,1.22776,750000,190000
2020-12-31 13:29:58.264000,1.2278,1.22775,750000,190000
2020-12-31 13:29:59.271000,1.2278,1.22778,750000,370000
2020-12-31 13:29:59.322000,1.22785,1.22782,7500000,1120000
2020-12-31 13:29:59.373000,1.2279,1.22784,1500000,190000
2020-12-31 13:29:59.475000,1.2279,1.22788,1500000,190000
2020-12-31 13:29:59.526000,1.22789,1.22787,750000,750000
2020-12-31 13:29:59.628000,1.2279,1.22783,750000,8650000
2020-12-31 13:29:59.679000,1.22788,1.22783,750000,190000
2020-12-31 13:29:59.781000,1.22786,1.22782,750000,7500000
2020-12-31 13:29:59.882000,1.22789,1.22781,1500000,190000
2020-12-31 13:30:00.154000,1.22787,1.22781,750000,190000
2020-12-31 13:30:00.744000,1.22787,1.2278,750000,1500000
2020-12-31 13:30:01.066000,1.22787,1.22779,1500000,4690000
2020-12-31 13:30:01.168000,1.22787,1.2278,1500000,3000000
2020-12-31 13:30:01.370000,1.22787,1.22779,1500000,1690000
2020-12-31 13:30:02.303000,1.22787,1.2278,1500000,3000000
2020-12-31 13:30:02.526000,1.22787,1.22781,1500000,3000000
2020-12-31 13:30:02.627000,1.22786,1.22781,750000,3000000
2020-12-31 13:30:02.729000,1.22786,1.22779,750000,2140000
2020-12-31 13:30:05.094000,1.22786,1.2278,750000,3000000
2020-12-31 13:30:05.392000,1.22786,1.22779,750000,1760000
2020-12-31 13:30:05.631000,1.22786,1.2278,750000,750000
2020-12-31 13:30:05.799000,1.22786,1.22779,750000,1760000
2020-12-31 13:30:08.139000,1.22783,1.22778,370000,3000000
2020-12-31 13:30:08.241000,1.22779,1.22777,750000,7500000
2020-12-31 13:30:08.343000,1.22779,1.22774,750000,190000
2020-12-31 13:30:09.433000,1.2278,1.22775,750000,940000
2020-12-31 13:30:09.535000,1.2278,1.22776,750000,190000
2020-12-31 13:30:09.737000,1.22782,1.22779,750000,3190000
2020-12-31 13:30:09.839000,1.22783,1.22778,750000,940000
2020-12-31 13:30:09.890000,1.22783,1.22776,750000,5440000
2020-12-31 13:30:10.092000,1.22784,1.22776,750000,2060000
2020-12-31 13:30:12.103000,1.22784,1.22777,750000,3000000
2020-12-31 13:30:15.879000,1.22783,1.22779,750000,370000
2020-12-31 13:30:15.930000,1.22785,1.22779,1500000,1120000
2020-12-31 13:30:16.032000,1.22782,1.22779,1500000,370000
2020-12-31 13:30:16.526000,1.22782,1.22777,750000,8270000
2020-12-31 13:30:17.130000,1.22783,1.22777,1500000,9770000
2020-12-31 13:30:19.830000,1.22783,1.22778,1500000,7330000
2020-12-31 13:30:20.407000,1.22783,1.22777,1500000,9020000
2020-12-31 13:30:21.089000,1.22781,1.22777,1500000,10780000
2020-12-31 13:30:21.190000,1.22781,1.22776,1500000,750000
2020-12-31 13:30:21.561000,1.22781,1.22775,1500000,13520000
2020-12-31 13:30:23.158000,1.2278,1.22775,1500000,10330000
2020-12-31 13:30:24.116000,1.2278,1.22774,1500000,6940000
2020-12-31 13:30:24.400000,1.22779,1.22774,1500000,3000000
2020-12-31 13:30:24.503000,1.22779,1.22773,1500000,940000
2020-12-31 13:30:25.335000,1.22776,1.22772,750000,7780000
2020-12-31 13:30:25.437000,1.22775,1.22772,750000,11250000
2020-12-31 13:30:25.747000,1.22776,1.2277,1500000,3940000
2020-12-31 13:30:27.172000,1.22776,1.22771,1500000,7330000
2020-12-31 13:30:27.953000,1.22775,1.22773,1500000,7330000
2020-12-31 13:30:28.054000,1.22776,1.22771,1500000,8080000
2020-12-31 13:30:32.600000,1.22775,1.22771,750000,1010000
2020-12-31 13:30:37.582000,1.22776,1.22771,2320000,260000
2020-12-31 13:30:40.097000,1.22778,1.22775,8420000,100000
2020-12-31 13:30:40.199000,1.2278,1.22776,1500000,820000
2020-12-31 13:30:40.301000,1.22781,1.22776,1570000,260000
2020-12-31 13:30:40.453000,1.2278,1.22778,1500000,820000
2020-12-31 13:30:43.234000,1.22781,1.22778,750000,100000
2020-12-31 13:30:44.713000,1.22782,1.22778,1500000,100000
2020-12-31 13:30:46.802000,1.22784,1.22781,2700000,820000
2020-12-31 13:30:46.955000,1.22785,1.22781,1500000,100000
2020-12-31 13:30:47.057000,1.22785,1.2278,2320000,10330000
2020-12-31 13:30:47.158000,1.22786,1.22781,3000000,100000
2020-12-31 13:30:47.361000,1.22786,1.22782,750000,7330000
2020-12-31 13:30:47.694000,1.22786,1.22783,750000,7330000
2020-12-31 13:30:47.819000,1.22786,1.22782,750000,7710000
2020-12-31 13:30:47.920000,1.22786,1.22783,750000,7330000
2020-12-31 13:30:48.129000,1.22786,1.22782,1500000,7710000
2020-12-31 13:30:48.555000,1.22785,1.22782,750000,9470000
2020-12-31 13:30:48.878000,1.22785,1.22783,750000,7330000
2020-12-31 13:30:49.342000,1.22786,1.22783,750000,7330000
2020-12-31 13:30:49.721000,1.22785,1.22783,750000,7330000
2020-12-31 13:30:50.031000,1.22785,1.22782,190000,7330000
2020-12-31 13:30:50.133000,1.22786,1.22781,2620000,8350000
2020-12-31 13:30:51.295000,1.22786,1.22782,1870000,7330000
2020-12-31 13:30:51.430000,1.22784,1.22782,1500000,7330000
2020-12-31 13:30:51.532000,1.22784,1.22781,2250000,3070000
2020-12-31 13:30:53.514000,1.22782,1.22779,750000,1310000
2020-12-31 13:30:53.616000,1.22781,1.22779,100000,370000
2020-12-31 13:30:53.717000,1.22782,1.22779,2320000,370000
2020-12-31 13:30:53.819000,1.22782,1.22777,2320000,3820000
2020-12-31 13:30:54.403000,1.22781,1.22777,750000,10410000
2020-12-31 13:30:57.140000,1.22779,1.22775,750000,13780000
2020-12-31 13:30:57.242000,1.22775,1.22774,1500000,1500000
2020-12-31 13:30:57.344000,1.22776,1.22773,1570000,7330000
2020-12-31 13:30:57.395000,1.22776,1.22771,1570000,8350000
2020-12-31 13:30:57.497000,1.22775,1.22771,750000,7600000
2020-12-31 13:30:57.598000,1.22774,1.2277,750000,7410000
2020-12-31 13:31:01.688000,1.22772,1.22768,750000,8160000
2020-12-31 13:31:01.790000,1.22773,1.22769,750000,100000
2020-12-31 13:31:01.892000,1.22774,1.2277,1500000,260000
2020-12-31 13:31:04.507000,1.22774,1.22769,1570000,10600000
2020-12-31 13:31:04.609000,1.22775,1.22771,1500000,100000
2020-12-31 13:31:11.584000,1.22776,1.22771,1950000,260000
2020-12-31 13:31:19.109000,1.22773,1.2277,1500000,100000
2020-12-31 13:31:19.210000,1.22772,1.22769,820000,7330000
2020-12-31 13:31:19.312000,1.22772,1.22768,820000,9400000
2020-12-31 13:31:19.414000,1.22773,1.22769,750000,1010000
2020-12-31 13:31:21.017000,1.22772,1.22769,1570000,10410000
2020-12-31 13:31:21.119000,1.22772,1.22767,820000,12100000
2020-12-31 13:31:21.220000,1.22772,1.22768,750000,100000
2020-12-31 13:31:21.371000,1.22772,1.22767,820000,12100000
2020-12-31 13:31:21.473000,1.22772,1.22768,820000,7330000
2020-12-31 13:31:21.675000,1.22772,1.22767,1570000,11350000
2020-12-31 13:31:21.777000,1.22772,1.22768,750000,8350000
2020-12-31 13:31:21.878000,1.22772,1.22769,750000,100000
2020-12-31 13:31:23.804000,1.22773,1.22769,1120000,100000
2020-12-31 13:31:23.956000,1.22774,1.2277,1500000,7410000
2020-12-31 13:31:24.505000,1.22774,1.22769,1570000,260000
2020-12-31 13:31:24.735000,1.22774,1.2277,1500000,100000
2020-12-31 13:31:26.457000,1.22774,1.22769,2320000,100000
2020-12-31 13:31:28.997000,1.22774,1.22771,2320000,370000
2020-12-31 13:31:30.987000,1.22773,1.22771,1570000,6000000
2020-12-31 13:31:31.267000,1.22772,1.2277,750000,6000000
2020-12-31 13:31:31.981000,1.22773,1.2277,5770000,6000000
2020-12-31 13:31:33.398000,1.22774,1.22771,370000,3750000
2020-12-31 13:31:33.500000,1.22775,1.22771,820000,3750000
2020-12-31 13:31:33.602000,1.22776,1.22771,1570000,5510000
2020-12-31 13:31:33.949000,1.22776,1.22772,1570000,6000000
2020-12-31 13:31:34.969000,1.22776,1.22771,1570000,7760000
2020-12-31 13:31:37.085000,1.22776,1.22772,750000,820000
2020-12-31 13:31:37.187000,1.22776,1.22773,750000,820000
2020-12-31 13:31:37.951000,1.22776,1.22774,750000,3750000
2020-12-31 13:31:39.439000,1.22777,1.22774,1120000,3750000
2020-12-31 13:31:40.952000,1.22777,1.22775,1950000,6000000
2020-12-31 13:31:42.986000,1.22777,1.22774,750000,4500000
2020-12-31 13:31:51.023000,1.22777,1.22776,750000,750000
2020-12-31 13:31:51.124000,1.2278,1.22776,1870000,750000
2020-12-31 13:31:51.590000,1.22781,1.22776,1500000,2510000
2020-12-31 13:31:51.691000,1.22781,1.22777,1500000,750000
2020-12-31 13:31:51.864000,1.22781,1.22778,1500000,3750000
2020-12-31 13:32:10.298000,1.22778,1.22775,750000,7330000
2020-12-31 13:32:10.400000,1.22777,1.22772,750000,17230000
2020-12-31 13:32:10.856000,1.22776,1.22772,750000,9100000
2020-12-31 13:32:10.957000,1.22775,1.22774,750000,7330000
2020-12-31 13:32:12.199000,1.22776,1.22774,750000,3750000
2020-12-31 13:32:13.962000,1.22777,1.22775,6070000,3750000
2020-12-31 13:32:14.065000,1.22778,1.22776,750000,750000
2020-12-31 13:32:14.167000,1.22779,1.22776,750000,1500000
2020-12-31 13:32:15.385000,1.22782,1.22778,750000,6260000
2020-12-31 13:32:15.436000,1.22782,1.2278,750000,750000
2020-12-31 13:32:15.538000,1.22784,1.22781,750000,750000
2020-12-31 13:32:15.639000,1.22786,1.22783,750000,750000
2020-12-31 13:32:15.842000,1.22786,1.22782,750000,2320000
2020-12-31 13:32:16.217000,1.22786,1.22783,750000,3750000
2020-12-31 13:32:23.536000,1.22786,1.22784,750000,750000
2020-12-31 13:32:24.551000,1.22786,1.22782,750000,4500000
2020-12-31 13:32:26.965000,1.22786,1.22783,750000,750000
2020-12-31 13:32:27.067000,1.22787,1.22784,750000,750000
2020-12-31 13:32:28.658000,1.22788,1.22784,1120000,6750000
2020-12-31 13:32:28.760000,1.2279,1.22786,2320000,750000
2020-12-31 13:32:29.676000,1.2279,1.22787,750000,750000
2020-12-31 13:32:30.012000,1.22791,1.22787,1950000,750000
2020-12-31 13:32:35.530000,1.2279,1.22786,1570000,9000000
2020-12-31 13:32:36.510000,1.2279,1.22787,1500000,750000
2020-12-31 13:32:36.612000,1.22791,1.22787,820000,750000
2020-12-31 13:32:37.435000,1.22791,1.22788,820000,3750000
2020-12-31 13:32:48.726000,1.22791,1.22787,100000,6750000
2020-12-31 13:32:50.703000,1.22791,1.22788,100000,750000
2020-12-31 13:32:52.830000,1.22791,1.22789,4570000,2250000
2020-12-31 13:32:53.080000,1.22793,1.22789,450000,2250000
2020-12-31 13:32:53.182000,1.22794,1.22789,4570000,2250000
2020-12-31 13:32:53.283000,1.22795,1.22792,3000000,2250000
2020-12-31 13:32:53.385000,1.22796,1.22792,750000,2250000
2020-12-31 13:32:53.537000,1.22796,1.22791,3750000,2320000
2020-12-31 13:32:53.740000,1.22796,1.22793,3820000,750000
2020-12-31 13:32:54.074000,1.22797,1.22793,4010000,750000
2020-12-31 13:32:59.578000,1.22795,1.22793,750000,3750000
2020-12-31 13:32:59.680000,1.22795,1.22794,450000,3750000
2020-12-31 13:32:59.781000,1.22798,1.22793,4200000,1570000
2020-12-31 13:33:00.708000,1.22798,1.22794,100000,3750000
2020-12-31 13:33:01.747000,1.22798,1.22793,3450000,1570000
2020-12-31 13:33:01.849000,1.22797,1.22792,820000,5320000
2020-12-31 13:33:02.743000,1.22797,1.22793,820000,3750000
2020-12-31 13:33:03.727000,1.22798,1.22795,1570000,6000000
2020-12-31 13:33:03.829000,1.22799,1.22795,2320000,6750000
2020-12-31 13:33:03.930000,1.22798,1.22795,820000,6000000
2020-12-31 13:33:04.082000,1.22797,1.22795,100000,6000000
2020-12-31 13:33:04.716000,1.22796,1.22793,100000,3750000
2020-12-31 13:33:04.985000,1.22797,1.22793,1570000,3750000
2020-12-31 13:33:06.035000,1.22796,1.22793,100000,3750000
2020-12-31 13:33:06.297000,1.22798,1.22794,4200000,1500000
2020-12-31 13:33:06.399000,1.22799,1.22795,1500000,750000
2020-12-31 13:33:06.501000,1.22801,1.22796,1570000,2250000
2020-12-31 13:33:06.602000,1.22801,1.22797,750000,2250000
2020-12-31 13:33:06.754000,1.22801,1.22798,750000,3750000
2020-12-31 13:33:08.280000,1.22802,1.22798,750000,11080000
2020-12-31 13:33:10.244000,1.22803,1.22799,4500000,750000
2020-12-31 13:33:10.397000,1.22804,1.22799,5320000,3000000
2020-12-31 13:33:10.970000,1.22804,1.228,1570000,750000
2020-12-31 13:33:13.248000,1.22803,1.228,3070000,7500000
2020-12-31 13:33:13.637000,1.22804,1.22801,2400000,750000
2020-12-31 13:33:18.867000,1.22804,1.22802,100000,750000
2020-12-31 13:33:18.918000,1.22806,1.22803,3150000,750000
2020-12-31 13:33:19.019000,1.22807,1.22804,100000,750000
2020-12-31 13:33:28.424000,1.22806,1.22804,100000,750000
2020-12-31 13:33:29.811000,1.22803,1.22801,750000,750000
2020-12-31 13:33:29.941000,1.22802,1.228,820000,750000
2020-12-31 13:33:34.472000,1.22803,1.228,820000,750000
2020-12-31 13:33:38.469000,1.22802,1.228,100000,750000
2020-12-31 13:33:38.572000,1.22803,1.228,820000,750000
2020-12-31 13:33:41.658000,1.22802,1.228,750000,1500000
2020-12-31 13:33:46.781000,1.22802,1.22799,820000,1120000
2020-12-31 13:33:53.083000,1.22802,1.22801,370000,1120000
2020-12-31 13:33:53.184000,1.22804,1.228,2320000,2060000
2020-12-31 13:33:53.286000,1.22804,1.22801,1570000,750000
2020-12-31 13:33:55.391000,1.22802,1.22801,2320000,6750000
2020-12-31 13:33:55.492000,1.22802,1.228,100000,6750000
2020-12-31 13:34:01.061000,1.22803,1.228,4270000,1500000
2020-12-31 13:34:06.309000,1.22803,1.22801,370000,750000
2020-12-31 13:34:06.412000,1.22805,1.22802,1310000,750000
2020-12-31 13:34:10.282000,1.22806,1.22802,1390000,1500000
2020-12-31 13:34:16.970000,1.22806,1.22804,190000,750000
2020-12-31 13:34:17.071000,1.22806,1.22803,190000,750000
2020-12-31 13:34:17.173000,1.22807,1.22803,2060000,750000
2020-12-31 13:34:23.078000,1.22808,1.22805,370000,750000
2020-12-31 13:34:23.281000,1.22807,1.22805,750000,750000
2020-12-31 13:34:23.393000,1.22807,1.22804,750000,370000
2020-12-31 13:34:23.500000,1.22807,1.22803,750000,1500000
2020-12-31 13:34:24.036000,1.22807,1.22802,1500000,4870000
2020-12-31 13:34:24.138000,1.22805,1.22802,750000,3750000
2020-12-31 13:34:24.340000,1.22807,1.22802,2810000,4500000
2020-12-31 13:34:24.645000,1.22807,1.22803,2060000,750000
2020-12-31 13:34:27.615000,1.22807,1.22804,4390000,1500000
2020-12-31 13:34:28.723000,1.22807,1.22803,7670000,1500000
2020-12-31 13:34:28.851000,1.22808,1.22803,12800000,1500000
2020-12-31 13:34:32.278000,1.22807,1.22805,1870000,750000
2020-12-31 13:34:36.543000,1.22808,1.22805,370000,750000
2020-12-31 13:34:36.644000,1.22809,1.22805,2060000,1500000
2020-12-31 13:34:37.365000,1.22808,1.22805,750000,1500000
2020-12-31 13:34:37.824000,1.22809,1.22805,2620000,750000
2020-12-31 13:34:39.972000,1.22808,1.22805,1870000,750000
2020-12-31 13:34:41.411000,1.22809,1.22805,1120000,2440000
2020-12-31 13:34:41.512000,1.22811,1.22806,1690000,1500000
2020-12-31 13:34:41.715000,1.2281,1.22806,750000,4500000
2020-12-31 13:34:41.817000,1.22808,1.22805,190000,750000
2020-12-31 13:34:42.388000,1.22808,1.22804,940000,7500000
2020-12-31 13:34:43.189000,1.22806,1.22805,750000,1500000
2020-12-31 13:34:44.181000,1.22808,1.22804,3190000,1500000
2020-12-31 13:34:44.904000,1.22807,1.22803,2440000,11080000
2020-12-31 13:34:46.847000,1.22807,1.22802,3190000,5620000
2020-12-31 13:34:47.928000,1.22807,1.22803,750000,750000
2020-12-31 13:34:48.031000,1.22808,1.22803,9540000,1690000
2020-12-31 13:34:48.354000,1.22808,1.22804,1120000,750000
2020-12-31 13:34:52.482000,1.22809,1.22804,4390000,750000
2020-12-31 13:34:53.545000,1.22808,1.22806,750000,7330000
2020-12-31 13:34:53.646000,1.22809,1.22804,750000,4760000
2020-12-31 13:34:54.057000,1.2281,1.22805,4690000,4500000
2020-12-31 13:34:54.310000,1.22809,1.22805,750000,3750000
2020-12-31 13:34:54.412000,1.22808,1.22805,2440000,3750000
2020-12-31 13:34:54.917000,1.22807,1.22805,750000,3750000
2020-12-31 13:34:55.069000,1.22807,1.22803,750000,3370000
2020-12-31 13:34:55.170000,1.22808,1.22803,2440000,4120000
2020-12-31 13:34:57.457000,1.22807,1.22803,750000,1120000
2020-12-31 13:34:57.559000,1.22805,1.22802,1690000,2250000
2020-12-31 13:34:57.660000,1.22804,1.22802,1120000,2250000
2020-12-31 13:34:57.711000,1.22806,1.22802,2140000,2250000
2020-12-31 13:34:57.974000,1.22805,1.22802,750000,2250000
2020-12-31 13:35:01.543000,1.22803,1.22799,1690000,8080000
2020-12-31 13:35:02.083000,1.22799,1.22796,750000,7710000
2020-12-31 13:35:02.185000,1.22799,1.22795,750000,9770000
2020-12-31 13:35:02.339000,1.228,1.22795,2320000,1690000
2020-12-31 13:35:02.696000,1.228,1.22796,1500000,750000
2020-12-31 13:35:03.064000,1.22801,1.22797,2890000,7330000
2020-12-31 13:35:04.109000,1.22802,1.22797,1200000,5250000
2020-12-31 13:35:04.210000,1.22802,1.22798,1120000,750000
2020-12-31 13:35:06.910000,1.22803,1.22798,4010000,3750000
2020-12-31 13:35:07.012000,1.22804,1.22802,100000,750000
2020-12-31 13:35:07.063000,1.22806,1.22802,7670000,750000
2020-12-31 13:35:07.164000,1.22807,1.22802,10310000,750000
2020-12-31 13:35:07.500000,1.22807,1.22803,2810000,750000
2020-12-31 13:35:10.320000,1.22808,1.22806,370000,750000
2020-12-31 13:35:10.422000,1.2281,1.22807,190000,750000
2020-12-31 13:35:10.789000,1.22811,1.22808,370000,1500000
2020-12-31 13:35:10.891000,1.22812,1.22808,1870000,1500000
2020-12-31 13:35:14.930000,1.22813,1.22809,3370000,750000
2020-12-31 13:35:19.326000,1.22814,1.22812,8680000,750000
2020-12-31 13:35:23.962000,1.22813,1.2281,1310000,4500000
2020-12-31 13:35:24.064000,1.22812,1.2281,190000,750000
2020-12-31 13:35:24.166000,1.22813,1.2281,3260000,750000
2020-12-31 13:35:24.552000,1.22813,1.22811,940000,750000
2020-12-31 13:35:24.653000,1.22814,1.22812,750000,750000
2020-12-31 13:35:31.955000,1.22814,1.22811,1690000,1120000
2020-12-31 13:35:33.771000,1.22816,1.22813,750000,750000
2020-12-31 13:35:33.873000,1.22817,1.22813,1690000,750000
2020-12-31 13:35:35.040000,1.22817,1.22814,370000,750000
2020-12-31 13:35:35.155000,1.22818,1.22814,4390000,750000
2020-12-31 13:35:37.369000,1.22819,1.22815,4010000,750000
2020-12-31 13:35:37.470000,1.22818,1.22815,2810000,750000
2020-12-31 13:35:38.105000,1.22818,1.22814,5590000,370000
2020-12-31 13:35:38.207000,1.22818,1.22813,5590000,750000
2020-12-31 13:35:38.574000,1.22816,1.22814,940000,750000
2020-12-31 13:35:40.884000,1.22814,1.22812,750000,750000
2020-12-31 13:35:40.986000,1.22813,1.22811,2890000,370000
2020-12-31 13:35:41.632000,1.22813,1.22808,3640000,4120000
2020-12-31 13:35:46.200000,1.22814,1.2281,1570000,750000
2020-12-31 13:35:46.301000,1.22815,1.22811,1690000,750000
2020-12-31 13:35:46.909000,1.22815,1.22812,190000,750000
2020-12-31 13:35:47.011000,1.22816,1.22812,100000,3750000
2020-12-31 13:35:47.213000,1.22816,1.22813,100000,750000
2020-12-31 13:35:47.365000,1.22817,1.22813,2890000,750000
2020-12-31 13:35:48.196000,1.22817,1.22814,940000,750000
2020-12-31 13:35:48.297000,1.22818,1.22814,4010000,750000
2020-12-31 13:35:49.290000,1.22819,1.22817,940000,750000
2020-12-31 13:35:49.392000,1.2282,1.22817,560000,750000
2020-12-31 13:35:51.854000,1.22821,1.22817,190000,6750000
2020-12-31 13:35:52.353000,1.22822,1.22817,1310000,4690000
2020-12-31 13:35:53.066000,1.22822,1.22819,560000,750000
2020-12-31 13:35:53.409000,1.22822,1.22818,1310000,370000
2020-12-31 13:35:53.510000,1.22822,1.22817,1310000,16520000
2020-12-31 13:35:54.109000,1.22821,1.22817,190000,15580000
2020-12-31 13:35:56.977000,1.22819,1.22817,750000,6750000
2020-12-31 13:35:57.078000,1.2282,1.22816,560000,5250000
2020-12-31 13:35:58.060000,1.22819,1.22818,190000,3750000
2020-12-31 13:36:03.110000,1.22822,1.22818,5320000,3000000
2020-12-31 13:36:03.211000,1.2282,1.22817,190000,4500000
2020-12-31 13:36:03.330000,1.22821,1.22819,4570000,3000000
2020-12-31 13:36:04.585000,1.22819,1.22817,750000,3750000
2020-12-31 13:36:04.686000,1.2282,1.22817,560000,3750000
2020-12-31 13:36:08.635000,1.2282,1.22816,190000,2250000
2020-12-31 13:36:20.314000,1.22819,1.22818,190000,3000000
2020-12-31 13:36:21.767000,1.22819,1.22817,190000,12280000
2020-12-31 13:36:22.319000,1.2282,1.22817,190000,750000
2020-12-31 13:36:22.427000,1.2282,1.22816,190000,13030000
2020-12-31 13:36:22.861000,1.2282,1.22817,190000,750000
2020-12-31 13:36:24.072000,1.22818,1.22815,940000,12960000
2020-12-31 13:36:24.174000,1.22816,1.22814,190000,8080000
2020-12-31 13:36:24.276000,1.22815,1.22812,1310000,7330000
2020-12-31 13:36:24.377000,1.22815,1.22811,940000,10330000
2020-12-31 13:36:24.479000,1.22815,1.22812,190000,3000000
2020-12-31 13:36:25.393000,1.22815,1.22811,190000,8830000
2020-12-31 13:36:26.195000,1.22814,1.2281,940000,6750000
2020-12-31 13:36:28.878000,1.22813,1.2281,3940000,11080000
2020-12-31 13:36:29.825000,1.22814,1.2281,190000,750000
2020-12-31 13:36:29.927000,1.22814,1.22811,5440000,8080000
2020-12-31 13:36:32.599000,1.22815,1.22811,2060000,7330000
2020-12-31 13:36:32.700000,1.22815,1.2281,2060000,750000
2020-12-31 13:36:34.577000,1.22815,1.22811,750000,750000
2020-12-31 13:36:34.679000,1.22816,1.22811,750000,8910000
2020-12-31 13:36:34.780000,1.22817,1.22811,4870000,8910000
2020-12-31 13:36:35.089000,1.22817,1.22812,1870000,750000
2020-12-31 13:36:35.191000,1.22816,1.22815,750000,750000
2020-12-31 13:36:35.242000,1.22819,1.22814,1120000,750000
2020-12-31 13:36:35.293000,1.22819,1.22816,750000,2250000
2020-12-31 13:36:36.116000,1.2282,1.22816,3940000,3000000
2020-12-31 13:36:36.320000,1.22822,1.22818,3190000,750000
2020-12-31 13:36:36.423000,1.22823,1.22819,1500000,190000
2020-12-31 13:36:36.525000,1.22823,1.22822,370000,750000
2020-12-31 13:36:36.627000,1.22825,1.22821,940000,750000
2020-12-31 13:36:37.188000,1.22828,1.22824,9620000,6190000
2020-12-31 13:36:37.289000,1.22829,1.22825,2320000,3000000
2020-12-31 13:36:41.090000,1.22828,1.22824,2250000,9580000
2020-12-31 13:36:41.417000,1.22828,1.22823,1500000,11830000
2020-12-31 13:36:43.195000,1.22826,1.22823,750000,3070000
2020-12-31 13:36:48.143000,1.22827,1.22821,2700000,12210000
2020-12-31 13:36:48.639000,1.22826,1.22823,4200000,7330000
2020-12-31 13:36:48.834000,1.22825,1.22822,190000,7330000
2020-12-31 13:36:48.935000,1.22825,1.22821,190000,4500000
2020-12-31 13:36:49.410000,1.22823,1.22821,1870000,3000000
2020-12-31 13:36:49.512000,1.22821,1.22817,940000,19330000
2020-12-31 13:36:49.563000,1.22819,1.22817,750000,14830000
2020-12-31 13:36:49.665000,1.22819,1.22816,750000,1500000
2020-12-31 13:36:49.766000,1.2282,1.22815,6000000,1690000
2020-12-31 13:36:50.389000,1.22818,1.22814,3190000,3000000
2020-12-31 13:36:50.490000,1.22817,1.22813,750000,2250000
2020-12-31 13:36:50.592000,1.22814,1.2281,4500000,2250000
2020-12-31 13:36:50.974000,1.22814,1.22809,750000,4690000
2020-12-31 13:36:52.976000,1.22814,1.2281,1500000,3750000
2020-12-31 13:36:55.532000,1.22813,1.2281,1690000,6000000
2020-12-31 13:36:55.786000,1.22813,1.22809,1690000,3000000
2020-12-31 13:36:57.186000,1.22813,1.22812,750000,2250000
2020-12-31 13:36:57.237000,1.22815,1.22811,370000,5250000
2020-12-31 13:36:57.364000,1.22816,1.22811,3940000,2250000
2020-12-31 13:36:57.800000,1.22817,1.22812,2890000,1120000
2020-12-31 13:36:57.902000,1.22817,1.22813,1690000,3750000
2020-12-31 13:37:00.274000,1.22817,1.22812,1690000,3000000
2020-12-31 13:37:00.477000,1.22814,1.22812,940000,2250000
2020-12-31 13:37:00.528000,1.22813,1.2281,940000,7330000
2020-12-31 13:37:00.629000,1.22813,1.22809,940000,3750000
2020-12-31 13:37:01.361000,1.22813,1.22808,2810000,750000
2020-12-31 13:37:01.836000,1.22813,1.22807,2810000,3640000
2020-12-31 13:37:02.091000,1.22812,1.22809,750000,3070000
2020-12-31 13:37:02.193000,1.22814,1.22809,1500000,750000
2020-12-31 13:37:02.296000,1.22814,1.22811,1500000,3000000
2020-12-31 13:37:02.566000,1.22814,1.22809,1500000,750000
2020-12-31 13:37:03.073000,1.22815,1.2281,10930000,1500000
2020-12-31 13:37:05.889000,1.22815,1.22811,2510000,750000
2020-12-31 13:37:10.396000,1.22815,1.22812,2510000,750000
2020-12-31 13:37:10.498000,1.22814,1.2281,750000,750000
2020-12-31 13:37:10.599000,1.22814,1.22811,3260000,3000000
2020-12-31 13:37:10.650000,1.22813,1.22809,370000,3000000
2020-12-31 13:37:11.786000,1.22813,1.22811,1500000,6000000
2020-12-31 13:37:11.887000,1.22814,1.22811,750000,2250000
2020-12-31 13:37:12.757000,1.22814,1.22809,750000,1500000
2020-12-31 13:37:13.197000,1.22815,1.2281,2440000,8830000
2020-12-31 13:37:20.518000,1.22814,1.22809,5060000,3750000
2020-12-31 13:37:21.253000,1.22814,1.2281,4500000,750000
2020-12-31 13:37:22.607000,1.22816,1.22812,1310000,750000
2020-12-31 13:37:23.114000,1.22817,1.22813,940000,750000
2020-12-31 13:37:23.268000,1.22818,1.22814,1120000,750000
2020-12-31 13:37:23.371000,1.2282,1.22815,2140000,1500000
2020-12-31 13:37:23.574000,1.2282,1.22816,1120000,750000
2020-12-31 13:37:23.777000,1.22819,1.22815,1120000,1500000
2020-12-31 13:37:23.930000,1.22819,1.22816,750000,750000
2020-12-31 13:37:24.094000,1.2282,1.22816,370000,750000
2020-12-31 13:37:25.145000,1.22821,1.22816,5890000,3000000
2020-12-31 13:37:25.667000,1.2282,1.22816,940000,1500000
2020-12-31 13:37:25.870000,1.22819,1.22816,190000,750000
2020-12-31 13:37:25.971000,1.22817,1.22816,750000,4500000
2020-12-31 13:37:26.072000,1.22819,1.22816,2890000,750000
2020-12-31 13:37:26.503000,1.22819,1.22814,2890000,750000
2020-12-31 13:37:28.828000,1.22815,1.22813,940000,1120000
2020-12-31 13:37:28.879000,1.22813,1.22811,2510000,8080000
2020-12-31 13:37:28.981000,1.22813,1.22809,2510000,8080000
2020-12-31 13:37:33.634000,1.22814,1.22809,750000,2320000
2020-12-31 13:37:37.927000,1.22813,1.22809,1010000,3750000
2020-12-31 13:37:38.881000,1.22812,1.22809,190000,750000
2020-12-31 13:37:40.598000,1.22812,1.2281,370000,1500000
2020-12-31 13:37:40.701000,1.22814,1.2281,1390000,3000000
2020-12-31 13:37:41.091000,1.22813,1.22809,260000,3750000
2020-12-31 13:37:41.979000,1.22812,1.22809,190000,750000
2020-12-31 13:37:42.080000,1.22812,1.22808,190000,750000
2020-12-31 13:37:53.147000,1.22813,1.22809,560000,750000
2020-12-31 13:37:53.248000,1.22813,1.22808,190000,9660000
2020-12-31 13:37:57.823000,1.22813,1.22809,1390000,3000000
2020-12-31 13:37:59.145000,1.22812,1.22809,1390000,1500000
2020-12-31 13:38:00.925000,1.22813,1.22809,2140000,3000000
2020-12-31 13:38:00.976000,1.22811,1.22808,190000,11080000
2020-12-31 13:38:01.077000,1.22812,1.22808,190000,750000
2020-12-31 13:38:01.178000,1.22813,1.22809,190000,1500000
2020-12-31 13:38:01.280000,1.22813,1.22811,750000,750000
2020-12-31 13:38:01.382000,1.22812,1.22809,940000,8080000
2020-12-31 13:38:03.334000,1.22812,1.22807,940000,1570000
2020-12-31 13:38:03.778000,1.22812,1.22809,940000,3000000
2020-12-31 13:38:05.087000,1.22812,1.22807,940000,9660000
2020-12-31 13:38:09.738000,1.22811,1.22807,750000,9660000
2020-12-31 13:38:10.153000,1.22812,1.22807,1310000,9660000
2020-12-31 13:38:11.819000,1.2281,1.22808,750000,8910000
2020-12-31 13:38:15.527000,1.22809,1.22806,750000,11910000
2020-12-31 13:38:15.630000,1.22807,1.22805,6410000,8080000
2020-12-31 13:38:15.681000,1.22806,1.22803,940000,7500000
2020-12-31 13:38:15.784000,1.22806,1.22802,940000,8160000
2020-12-31 13:38:15.886000,1.22805,1.22802,750000,8160000
2020-12-31 13:38:19.283000,1.22806,1.22802,1120000,1570000
2020-12-31 13:38:21.471000,1.22809,1.22807,1120000,940000
2020-12-31 13:38:21.522000,1.22811,1.2281,17040001,7310000
2020-12-31 13:38:21.573000,1.22814,1.2281,1120000,1870000
2020-12-31 13:38:21.675000,1.22815,1.22811,750000,820000
2020-12-31 13:38:22.670000,1.22815,1.22812,750000,750000
2020-12-31 13:38:24.936000,1.22816,1.22813,5100000,3000000
2020-12-31 13:38:25.059000,1.22815,1.22812,750000,750000
2020-12-31 13:38:26.719000,1.22815,1.22811,750000,1570000
2020-12-31 13:38:26.821000,1.22813,1.2281,750000,12580000
2020-12-31 13:38:27.699000,1.22813,1.22809,750000,1500000
2020-12-31 13:38:28.443000,1.22811,1.22809,750000,1500000
2020-12-31 13:38:29.640000,1.2281,1.22807,1120000,1650000
2020-12-31 13:38:30.345000,1.22812,1.22808,100000,3000000
2020-12-31 13:38:30.887000,1.2281,1.22807,5770000,4500000
2020-12-31 13:38:30.988000,1.22812,1.22808,100000,3000000
2020-12-31 13:38:32.157000,1.22808,1.22806,750000,8460000
2020-12-31 13:38:32.259000,1.22805,1.22803,750000,1500000
2020-12-31 13:38:32.411000,1.22805,1.22802,5320000,3820000
2020-12-31 13:38:32.614000,1.22804,1.22802,750000,750000
2020-12-31 13:38:35.837000,1.22804,1.22803,5320000,11270000
2020-12-31 13:38:36.222000,1.22804,1.22802,750000,8270000
2020-12-31 13:38:37.387000,1.22807,1.22804,100000,3000000
2020-12-31 13:38:39.368000,1.22804,1.22802,750000,8270000
2020-12-31 13:38:42.938000,1.22808,1.22806,750000,750000
2020-12-31 13:38:44.240000,1.22809,1.22807,6520000,7330000
2020-12-31 13:38:44.362000,1.22809,1.22806,6520000,12850000
2020-12-31 13:38:45.542000,1.22808,1.22806,750000,9100000
2020-12-31 13:38:46.900000,1.22809,1.22806,370000,9100000
2020-12-31 13:38:47.001000,1.2281,1.22806,1120000,1760000
2020-12-31 13:38:50.383000,1.2281,1.22807,1120000,750000
2020-12-31 13:38:51.854000,1.22809,1.22807,750000,750000
2020-12-31 13:38:52.107000,1.22811,1.22808,750000,4570000
2020-12-31 13:38:52.208000,1.22811,1.22809,750000,7330000
2020-12-31 13:38:52.653000,1.22811,1.22808,750000,1570000
2020-12-31 13:38:53.060000,1.22811,1.22809,750000,750000
2020-12-31 13:38:53.111000,1.22813,1.2281,750000,2250000
2020-12-31 13:38:53.213000,1.22813,1.22811,750000,1690000
2020-12-31 13:38:53.314000,1.22814,1.22812,7270000,8080000
2020-12-31 13:38:54.122000,1.22815,1.22813,1120000,750000
2020-12-31 13:38:54.274000,1.22816,1.22814,6750000,750000
2020-12-31 13:38:57.297000,1.22815,1.22813,750000,9580000
2020-12-31 13:39:00.326000,1.22819,1.22814,11440000,3000000
2020-12-31 13:39:00.491000,1.22815,1.22814,750000,3000000
2020-12-31 13:39:00.936000,1.22815,1.22813,750000,2320000
2020-12-31 13:39:01.645000,1.22817,1.22814,750000,3000000
2020-12-31 13:39:02.483000,1.2282,1.22817,4120000,750000
2020-12-31 13:39:02.534000,1.22822,1.2282,750000,750000
2020-12-31 13:39:02.636000,1.22823,1.22821,12670000,750000
2020-12-31 13:39:02.788000,1.22823,1.2282,750000,11910000
2020-12-31 13:39:02.890000,1.2282,1.22818,750000,100000
2020-12-31 13:39:02.991000,1.22819,1.22818,750000,3750000
2020-12-31 13:39:05.961000,1.2282,1.22816,750000,9770000
2020-12-31 13:39:06.810000,1.2282,1.22817,750000,3000000
2020-12-31 13:39:07.747000,1.22821,1.22817,6450000,3000000
2020-12-31 13:39:08.048000,1.2282,1.22817,6450000,3000000
2020-12-31 13:39:08.516000,1.22823,1.2282,750000,1760000
2020-12-31 13:39:08.617000,1.22824,1.22821,750000,8910000
2020-12-31 13:39:08.775000,1.22824,1.22822,750000,750000
2020-12-31 13:39:15.728000,1.22825,1.22822,750000,9850000
2020-12-31 13:39:19.161000,1.22828,1.22825,750000,1500000
2020-12-31 13:39:19.313000,1.22828,1.22826,750000,750000
2020-12-31 13:39:19.687000,1.22828,1.22825,3000000,3000000
2020-12-31 13:39:19.738000,1.22827,1.22823,1500000,9770000
2020-12-31 13:39:19.853000,1.22827,1.22824,1500000,3000000
2020-12-31 13:39:20.005000,1.22827,1.22825,750000,940000
2020-12-31 13:39:20.107000,1.22828,1.22826,750000,1690000
2020-12-31 13:39:20.260000,1.2283,1.22828,750000,940000
2020-12-31 13:39:20.362000,1.22831,1.22828,1120000,2440000
2020-12-31 13:39:20.819000,1.22831,1.22829,1120000,7330000
2020-12-31 13:39:21.201000,1.22831,1.22828,1120000,8270000
2020-12-31 13:39:22.382000,1.2283,1.22827,1500000,7330000
2020-12-31 13:39:24.654000,1.2283,1.22828,750000,1690000
2020-12-31 13:39:24.755000,1.22831,1.22829,750000,750000
2020-12-31 13:39:25.745000,1.22831,1.22828,750000,9770000
2020-12-31 13:39:30.075000,1.22829,1.22828,750000,9470000
2020-12-31 13:39:31.450000,1.22829,1.22826,1120000,1690000
2020-12-31 13:39:33.084000,1.22828,1.22825,750000,3000000
2020-12-31 13:39:33.388000,1.22827,1.22824,750000,750000
2020-12-31 13:39:33.986000,1.22827,1.22823,1500000,6190000
2020-12-31 13:39:34.139000,1.22827,1.22824,750000,750000
2020-12-31 13:39:34.391000,1.22827,1.22823,750000,12850000
2020-12-31 13:39:36.898000,1.22828,1.22823,750000,13220000
2020-12-31 13:39:37.289000,1.22827,1.22823,1500000,750000
2020-12-31 13:39:37.391000,1.22826,1.22822,750000,2510000
2020-12-31 13:39:46.891000,1.22827,1.22822,1200000,2440000
2020-12-31 13:39:51.711000,1.22825,1.22823,370000,2440000
2020-12-31 13:39:52.129000,1.22827,1.22822,3820000,2440000
2020-12-31 13:39:53.128000,1.22827,1.22823,750000,750000
2020-12-31 13:39:57.443000,1.22827,1.22824,750000,940000
2020-12-31 13:39:57.544000,1.2283,1.22827,750000,370000
2020-12-31 13:39:57.646000,1.22831,1.22827,1500000,560000
2020-12-31 13:40:00.091000,1.22829,1.22827,1200000,750000
2020-12-31 13:40:00.194000,1.22829,1.22826,750000,1500000
2020-12-31 13:40:00.297000,1.22831,1.22827,4570000,750000
2020-12-31 13:40:17.226000,1.22829,1.22825,1690000,10780000
2020-12-31 13:40:17.682000,1.2283,1.22826,1120000,190000
2020-12-31 13:40:18.072000,1.2283,1.22827,750000,190000
2020-12-31 13:40:20.124000,1.2283,1.22826,750000,940000
2020-12-31 13:40:20.443000,1.2283,1.22827,750000,190000
2020-12-31 13:40:22.125000,1.22831,1.22828,750000,190000
2020-12-31 13:40:27.011000,1.22832,1.22829,3370000,1760000
2020-12-31 13:40:27.063000,1.22831,1.22827,750000,4010000
2020-12-31 13:40:30.790000,1.22831,1.22826,2320000,1760000
2020-12-31 13:40:31.198000,1.22827,1.22825,190000,8160000
2020-12-31 13:40:31.300000,1.22826,1.22822,750000,1760000
2020-12-31 13:40:31.554000,1.22826,1.22823,750000,100000
2020-12-31 13:40:31.656000,1.22827,1.22823,1120000,2890000
2020-12-31 13:40:32.121000,1.22828,1.22826,1950000,750000
2020-12-31 13:40:32.223000,1.22829,1.22826,2320000,750000
2020-12-31 13:40:32.325000,1.22828,1.22823,820000,820000
2020-12-31 13:40:32.484000,1.22827,1.22823,750000,820000
2020-12-31 13:40:34.457000,1.22825,1.22823,750000,7330000
2020-12-31 13:40:34.559000,1.22824,1.22822,1500000,2060000
2020-12-31 13:40:37.108000,1.22825,1.22822,1870000,1690000
2020-12-31 13:40:39.555000,1.22825,1.22821,1500000,1760000
2020-12-31 13:40:39.658000,1.22821,1.22819,1690000,8080000
2020-12-31 13:40:39.710000,1.2282,1.22817,750000,7500000
2020-12-31 13:40:39.812000,1.2282,1.22816,750000,1760000
2020-12-31 13:40:40.300000,1.22818,1.22815,750000,1120000
2020-12-31 13:40:40.402000,1.22816,1.22813,750000,2510000
2020-12-31 13:40:40.554000,1.22814,1.22812,750000,750000
2020-12-31 13:40:40.656000,1.22812,1.22809,1500000,100000
2020-12-31 13:40:40.707000,1.2281,1.22808,750000,7500000
2020-12-31 13:40:40.809000,1.2281,1.22806,750000,1760000
2020-12-31 13:40:40.910000,1.2281,1.22807,750000,940000
2020-12-31 13:40:41.916000,1.22809,1.22806,750000,750000
2020-12-31 13:40:42.462000,1.22808,1.22806,750000,750000
2020-12-31 13:40:42.614000,1.22807,1.22803,750000,10110000
2020-12-31 13:40:42.665000,1.22808,1.22805,750000,750000
2020-12-31 13:40:42.767000,1.22808,1.22806,750000,750000
2020-12-31 13:40:42.868000,1.22809,1.22806,4870000,750000
2020-12-31 13:40:42.970000,1.22808,1.22806,750000,750000
2020-12-31 13:40:44.087000,1.22809,1.22806,750000,2510000
2020-12-31 13:40:44.239000,1.22811,1.22809,750000,1500000
2020-12-31 13:40:44.341000,1.22812,1.2281,750000,750000
2020-12-31 13:40:44.594000,1.22813,1.2281,1120000,750000
2020-12-31 13:40:44.697000,1.22811,1.22809,750000,750000
2020-12-31 13:40:45.191000,1.2281,1.22807,750000,750000
2020-12-31 13:40:45.784000,1.2281,1.22808,750000,750000
2020-12-31 13:40:48.075000,1.22811,1.22809,750000,1570000
2020-12-31 13:40:48.177000,1.22812,1.22809,1120000,750000
2020-12-31 13:40:48.493000,1.22811,1.22809,6450000,750000
2020-12-31 13:40:48.676000,1.2281,1.22808,1120000,750000
2020-12-31 13:40:48.778000,1.22809,1.22807,750000,1500000
2020-12-31 13:40:49.670000,1.22809,1.22807,1120000,5510000
2020-12-31 13:40:49.771000,1.22809,1.22807,750000,100000
2020-12-31 13:40:53.037000,1.22813,1.2281,7670000,750000
2020-12-31 13:40:53.612000,1.22813,1.22811,750000,1500000
2020-12-31 13:40:55.206000,1.22812,1.2281,5250000,7330000
2020-12-31 13:40:55.308000,1.22811,1.22809,6900000,750000
2020-12-31 13:40:55.410000,1.22812,1.22809,750000,750000
2020-12-31 13:40:55.513000,1.22812,1.2281,750000,820000
2020-12-31 13:40:55.616000,1.22813,1.22811,750000,820000
2020-12-31 13:40:58.952000,1.22817,1.22815,750000,1570000
2020-12-31 13:40:59.054000,1.22818,1.22815,750000,1570000
2020-12-31 13:40:59.156000,1.22818,1.22816,750000,750000
2020-12-31 13:41:01.248000,1.2282,1.22817,7270000,1500000
2020-12-31 13:41:01.300000,1.22822,1.2282,750000,3750000
2020-12-31 13:41:01.402000,1.22824,1.22821,8420000,820000
2020-12-31 13:41:03.343000,1.22824,1.22822,750000,7330000
2020-12-31 13:41:03.644000,1.22823,1.22822,750000,7600000
2020-12-31 13:41:04.113000,1.22824,1.22822,750000,7330000
2020-12-31 13:41:04.337000,1.22824,1.22821,750000,8080000
2020-12-31 13:41:05.051000,1.22824,1.22823,1120000,750000
2020-12-31 13:41:05.548000,1.22825,1.22823,750000,1500000
2020-12-31 13:41:05.701000,1.22825,1.22822,750000,7410000
2020-12-31 13:41:05.802000,1.22824,1.22821,750000,1010000
2020-12-31 13:41:09.553000,1.22825,1.22821,750000,1010000
2020-12-31 13:41:12.079000,1.22824,1.22821,750000,100000
2020-12-31 13:41:12.180000,1.22823,1.2282,750000,7780000
2020-12-31 13:41:12.282000,1.22822,1.22819,2250000,370000
2020-12-31 13:41:12.333000,1.2282,1.22817,750000,7330000
2020-12-31 13:41:12.435000,1.2282,1.22816,750000,7410000
2020-12-31 13:41:13.079000,1.22819,1.22818,750000,7330000
2020-12-31 13:41:13.433000,1.2282,1.22816,750000,8160000
2020-12-31 13:41:14.567000,1.22819,1.22818,750000,7330000
2020-12-31 13:41:15.278000,1.2282,1.22816,750000,8160000
2020-12-31 13:41:16.095000,1.22818,1.22816,750000,7330000
2020-12-31 13:41:16.197000,1.22819,1.22816,750000,1760000
2020-12-31 13:41:16.298000,1.22819,1.22817,750000,100000
2020-12-31 13:41:16.602000,1.22819,1.22816,750000,2320000
2020-12-31 13:41:18.872000,1.22823,1.2282,370000,2250000
2020-12-31 13:41:18.973000,1.22824,1.2282,750000,3070000
2020-12-31 13:41:19.426000,1.22824,1.22821,750000,260000
2020-12-31 13:41:19.528000,1.22825,1.22821,750000,1010000
2020-12-31 13:41:19.694000,1.22828,1.22825,370000,1200000
2020-12-31 13:41:19.796000,1.2283,1.22826,1500000,260000
2020-12-31 13:41:19.898000,1.2283,1.22827,750000,100000
2020-12-31 13:41:20.515000,1.22831,1.22827,1500000,8350000
2020-12-31 13:41:21.028000,1.22833,1.2283,820000,560000
2020-12-31 13:41:21.129000,1.22832,1.2283,750000,370000
2020-12-31 13:41:21.180000,1.22832,1.22828,750000,100000
2020-12-31 13:41:22.031000,1.22831,1.22826,750000,9100000
2020-12-31 13:41:22.544000,1.22831,1.22827,1500000,190000
2020-12-31 13:41:22.730000,1.2283,1.22827,1500000,10600000
2020-12-31 13:41:29.886000,1.22831,1.22827,1870000,7330000
2020-12-31 13:41:30.084000,1.2283,1.22827,1870000,7600000
2020-12-31 13:41:32.103000,1.2283,1.22826,750000,7410000
2020-12-31 13:41:32.154000,1.22828,1.22826,2250000,7330000
2020-12-31 13:41:32.206000,1.22827,1.22824,3190000,450000
2020-12-31 13:41:32.307000,1.22826,1.22821,750000,12550000
2020-12-31 13:41:33.127000,1.22827,1.22824,750000,750000
2020-12-31 13:41:33.617000,1.22827,1.22823,750000,1010000
2020-12-31 13:41:33.870000,1.22827,1.22822,750000,10600000
2020-12-31 13:41:38.442000,1.22827,1.22823,2320000,7330000
2020-12-31 13:41:39,1.22827,1.22822,2320000,3190000
2020-12-31 13:41:42.656000,1.22828,1.22825,370000,1760000
2020-12-31 13:41:42.707000,1.2283,1.22826,1870000,190000
2020-12-31 13:41:42.808000,1.2283,1.22827,1500000,190000
2020-12-31 13:41:43.339000,1.2283,1.22828,1500000,7330000
2020-12-31 13:41:43.697000,1.2283,1.22827,1500000,7600000
2020-12-31 13:41:44.495000,1.2283,1.22826,750000,260000
2020-12-31 13:41:44.951000,1.2283,1.22827,750000,7330000
2020-12-31 13:41:45.153000,1.2283,1.22826,750000,7600000
2020-12-31 13:41:45.388000,1.2283,1.22827,750000,3000000
2020-12-31 13:41:52.134000,1.2283,1.22828,750000,4760000
2020-12-31 13:41:52.768000,1.22831,1.22828,750000,370000
2020-12-31 13:41:52.869000,1.22832,1.22828,750000,1390000
2020-12-31 13:41:53.021000,1.22832,1.22829,750000,1570000
2020-12-31 13:41:53.174000,1.22831,1.22829,750000,7330000
2020-12-31 13:41:53.276000,1.22831,1.22827,1500000,3000000
2020-12-31 13:41:53.377000,1.22831,1.22826,1500000,10600000
2020-12-31 13:41:53.570000,1.22831,1.22827,1500000,7330000
2020-12-31 13:41:53.722000,1.22831,1.22826,1500000,10600000
2020-12-31 13:41:54.583000,1.2283,1.22828,1500000,7330000
2020-12-31 13:41:54.685000,1.2283,1.22827,1500000,10600000
2020-12-31 13:41:55.362000,1.22831,1.22827,1500000,3000000
2020-12-31 13:41:56.400000,1.22831,1.22826,1500000,2510000
2020-12-31 13:41:57.173000,1.2283,1.22826,750000,2510000
2020-12-31 13:42:06.127000,1.22829,1.22826,2620000,10330000
2020-12-31 13:42:06.229000,1.22829,1.22825,750000,1760000
2020-12-31 13:42:06.331000,1.2283,1.22825,750000,11350000
2020-12-31 13:42:06.659000,1.22829,1.22827,750000,190000
2020-12-31 13:42:06.761000,1.22833,1.22829,1120000,750000
2020-12-31 13:42:07.045000,1.22833,1.22828,750000,10600000
2020-12-31 13:42:07.146000,1.22832,1.2283,750000,9100000
2020-12-31 13:42:08.578000,1.22832,1.22829,820000,8270000
2020-12-31 13:42:10.364000,1.22832,1.22828,750000,11160000
2020-12-31 13:42:16.179000,1.22833,1.22829,1120000,1500000
2020-12-31 13:42:16.942000,1.22832,1.22829,750000,1500000
2020-12-31 13:42:17.043000,1.22832,1.2283,750000,1500000
2020-12-31 13:42:17.195000,1.22832,1.2283,750000,370000
2020-12-31 13:42:17.742000,1.22832,1.22828,750000,1500000
2020-12-31 13:42:18.057000,1.22833,1.22828,1950000,8830000
2020-12-31 13:42:19.530000,1.22833,1.2283,750000,750000
2020-12-31 13:42:20.277000,1.22834,1.2283,4500000,8080000
2020-12-31 13:42:21.142000,1.22836,1.22834,750000,1120000
2020-12-31 13:42:21.193000,1.22837,1.22832,12620000,5440000
2020-12-31 13:42:21.294000,1.22836,1.22832,1500000,8080000
2020-12-31 13:42:21.396000,1.22837,1.22832,7390000,750000
2020-12-31 13:42:22.161000,1.22836,1.22833,750000,750000
2020-12-31 13:42:22.262000,1.22835,1.22833,750000,750000
2020-12-31 13:42:22.468000,1.22837,1.22834,3750000,760000
2020-12-31 13:42:24.148000,1.22836,1.22833,750000,750000
2020-12-31 13:42:24.301000,1.22835,1.22833,750000,750000
2020-12-31 13:42:24.557000,1.22835,1.22832,1500000,3750000
2020-12-31 13:42:24.659000,1.22832,1.2283,2250000,7330000
2020-12-31 13:42:24.710000,1.22831,1.22827,2510000,9000000
2020-12-31 13:42:24.812000,1.22828,1.22825,3190000,7330000
2020-12-31 13:42:24.863000,1.22827,1.22823,750000,1500000
2020-12-31 13:42:25.318000,1.22827,1.22824,1500000,750000
2020-12-31 13:42:25.641000,1.22827,1.22823,2510000,750000
2020-12-31 13:42:25.948000,1.22827,1.22824,1500000,750000
2020-12-31 13:42:26.674000,1.22827,1.22823,750000,3000000
2020-12-31 13:42:27.445000,1.22828,1.22823,4760000,3000000
2020-12-31 13:42:32.141000,1.22829,1.22826,3750000,750000
2020-12-31 13:42:32.243000,1.2283,1.22826,1500000,750000
2020-12-31 13:42:32.446000,1.22831,1.22826,3750000,1760000
2020-12-31 13:42:33.373000,1.22831,1.22828,750000,750000
2020-12-31 13:42:33.475000,1.22834,1.2283,9540000,4500000
2020-12-31 13:42:33.779000,1.22834,1.22831,750000,750000
2020-12-31 13:42:34.151000,1.22835,1.22831,750000,750000
2020-12-31 13:42:35.337000,1.22836,1.22831,4570000,1500000
2020-12-31 13:42:35.539000,1.22834,1.22831,750000,4500000
2020-12-31 13:42:35.591000,1.22831,1.22829,2440000,370000
2020-12-31 13:42:35.642000,1.22828,1.22824,1690000,2700000
2020-12-31 13:42:35.743000,1.22826,1.22825,2250000,750000
2020-12-31 13:42:35.794000,1.22827,1.22822,2250000,5510000
2020-12-31 13:42:37.102000,1.22826,1.22823,750000,940000
2020-12-31 13:42:37.204000,1.22827,1.22823,1500000,940000
2020-12-31 13:42:38.403000,1.22827,1.22822,1760000,12580000
2020-12-31 13:42:43.045000,1.22825,1.22821,100000,5810000
2020-12-31 13:42:43.154000,1.22822,1.2282,7390000,7330000
2020-12-31 13:42:43.205000,1.2282,1.22817,750000,18580000
2020-12-31 13:42:43.357000,1.22819,1.22817,6670000,750000
2020-12-31 13:42:43.954000,1.22818,1.22816,750000,750000
2020-12-31 13:42:44.056000,1.22816,1.22815,7350000,7330000
2020-12-31 13:42:44.107000,1.22814,1.22812,750000,7500000
2020-12-31 13:42:44.208000,1.22814,1.22811,750000,2510000
2020-12-31 13:42:44.463000,1.22813,1.22811,750000,750000
2020-12-31 13:42:44.868000,1.22814,1.22812,6300000,750000
2020-12-31 13:42:46.256000,1.22813,1.22811,750000,750000
2020-12-31 13:42:49.255000,1.22812,1.2281,6900000,7330000
2020-12-31 13:42:49.357000,1.22811,1.22809,6900000,7330000
2020-12-31 13:42:49.458000,1.2281,1.22808,750000,2250000
2020-12-31 13:42:52.155000,1.22812,1.2281,750000,750000
2020-12-31 13:42:52.358000,1.22813,1.22811,750000,940000
2020-12-31 13:42:55.352000,1.22814,1.22812,8020000,8080000
2020-12-31 13:42:55.590000,1.22813,1.22812,370000,9100000
2020-12-31 13:42:55.822000,1.22814,1.22812,8020000,100000
2020-12-31 13:42:55.923000,1.22813,1.22811,750000,260000
2020-12-31 13:42:56.413000,1.22813,1.2281,750000,7410000
2020-12-31 13:42:56.515000,1.22809,1.22807,750000,7760000
2020-12-31 13:42:57.562000,1.22809,1.22807,1120000,1010000
2020-12-31 13:42:57.775000,1.22812,1.22806,2890000,1760000
2020-12-31 13:42:59.671000,1.22811,1.22806,370000,4690000
2020-12-31 13:42:59.772000,1.22811,1.22807,6640000,12020000
2020-12-31 13:43:00.020000,1.22812,1.22807,6640000,750000
2020-12-31 13:43:02.093000,1.22811,1.22807,750000,750000
2020-12-31 13:43:07.802000,1.22811,1.22809,750000,750000
2020-12-31 13:43:07.903000,1.22814,1.22811,4570000,750000
2020-12-31 13:43:08.005000,1.22814,1.22812,750000,6750000
2020-12-31 13:43:08.107000,1.22815,1.22813,940000,750000
2020-12-31 13:43:08.260000,1.22816,1.22814,750000,750000
2020-12-31 13:43:09.655000,1.22816,1.22812,750000,750000
2020-12-31 13:43:11.589000,1.22816,1.22814,750000,750000
2020-12-31 13:43:11.691000,1.22817,1.22814,820000,750000
2020-12-31 13:43:12.363000,1.22819,1.22817,750000,750000
2020-12-31 13:43:12.465000,1.2282,1.22817,750000,750000
2020-12-31 13:43:15.952000,1.22821,1.22817,2510000,750000
2020-12-31 13:43:16.691000,1.22818,1.22816,750000,6450000
2020-12-31 13:43:16.793000,1.22818,1.22815,6640000,2250000
2020-12-31 13:43:16.895000,1.22817,1.22814,100000,750000
2020-12-31 13:43:19.853000,1.22816,1.22814,750000,750000
2020-12-31 13:43:21.053000,1.22817,1.22814,1010000,750000
2020-12-31 13:43:21.155000,1.22819,1.22817,7670000,750000
2020-12-31 13:43:21.358000,1.22818,1.22816,4690000,750000
2020-12-31 13:43:22.115000,1.22819,1.22816,7850000,750000
2020-12-31 13:43:22.216000,1.2282,1.22818,940000,750000
2020-12-31 13:43:23.174000,1.22821,1.22818,4870000,750000
2020-12-31 13:43:23.275000,1.22823,1.2282,3370000,5700000
2020-12-31 13:43:23.377000,1.22821,1.2282,820000,750000
2020-12-31 13:43:26.009000,1.22821,1.22819,750000,750000
2020-12-31 13:43:27.777000,1.2282,1.22818,750000,6300000
2020-12-31 13:43:27.934000,1.22821,1.22819,750000,750000
2020-12-31 13:43:28.897000,1.2282,1.22818,1500000,6300000
2020-12-31 13:43:28.998000,1.22821,1.22819,1760000,750000
2020-12-31 13:43:32.150000,1.22822,1.2282,2510000,750000
2020-12-31 13:43:32.252000,1.22823,1.22821,1570000,750000
2020-12-31 13:43:43.212000,1.22822,1.2282,820000,750000
2020-12-31 13:43:43.578000,1.22823,1.2282,1570000,750000
2020-12-31 13:43:43.680000,1.22825,1.22822,5060000,750000
2020-12-31 13:43:43.782000,1.22826,1.22824,750000,1120000
2020-12-31 13:43:43.833000,1.22828,1.22826,15540000,6970000
2020-12-31 13:43:43.985000,1.2283,1.22827,2140000,750000
2020-12-31 13:43:45.018000,1.2283,1.22828,940000,750000
2020-12-31 13:43:45.120000,1.22831,1.22828,1570000,750000
2020-12-31 13:43:48.180000,1.22832,1.2283,370000,750000
2020-12-31 13:43:48.231000,1.22834,1.22831,1500000,750000
2020-12-31 13:43:48.508000,1.22833,1.22831,750000,750000
2020-12-31 13:43:49.136000,1.22834,1.22831,750000,750000
2020-12-31 13:43:49.238000,1.22834,1.22833,750000,1500000
2020-12-31 13:43:49.339000,1.22836,1.22833,1500000,750000
2020-12-31 13:43:51.230000,1.22836,1.22834,750000,7870000
2020-12-31 13:43:51.286000,1.22838,1.22835,3370000,4120000
2020-12-31 13:43:51.388000,1.22837,1.22833,1010000,8830000
2020-12-31 13:43:52.138000,1.22837,1.22835,820000,750000
2020-12-31 13:43:52.705000,1.22838,1.22835,1950000,750000
2020-12-31 13:43:56.628000,1.22839,1.22837,370000,750000
2020-12-31 13:43:56.730000,1.2284,1.22837,2060000,750000
2020-12-31 13:43:59.629000,1.2284,1.22838,190000,6820000
2020-12-31 13:44:03.987000,1.2284,1.22839,190000,750000
2020-12-31 13:44:06.436000,1.22841,1.22838,1760000,750000
2020-12-31 13:44:06.538000,1.2284,1.22838,190000,750000
2020-12-31 13:44:06.640000,1.2284,1.22837,1310000,4500000
2020-12-31 13:44:07.045000,1.22839,1.22837,260000,750000
2020-12-31 13:44:07.147000,1.22838,1.22835,750000,750000
2020-12-31 13:44:08.824000,1.22837,1.22835,100000,750000
2020-12-31 13:44:10.069000,1.22839,1.22837,370000,750000
2020-12-31 13:44:10.171000,1.2284,1.22837,2140000,750000
2020-12-31 13:44:16.739000,1.22839,1.22837,1570000,750000
2020-12-31 13:44:16.840000,1.22839,1.22836,820000,750000
2020-12-31 13:44:17.832000,1.22839,1.22837,1500000,750000
2020-12-31 13:44:17.933000,1.2284,1.22838,2510000,750000
2020-12-31 13:44:20.197000,1.22841,1.22839,370000,2250000
2020-12-31 13:44:20.248000,1.22843,1.22841,7670000,750000
2020-12-31 13:44:20.299000,1.22845,1.22842,100000,3000000
2020-12-31 13:44:20.400000,1.22846,1.22842,8320000,3000000
2020-12-31 13:44:22.510000,1.22844,1.22841,3260000,4120000
2020-12-31 13:44:22.612000,1.22845,1.22842,100000,750000
2020-12-31 13:44:22.713000,1.22846,1.22843,1570000,750000
2020-12-31 13:44:24.870000,1.22845,1.22843,820000,1500000
2020-12-31 13:44:26.206000,1.22846,1.22843,750000,750000
2020-12-31 13:44:28.571000,1.22847,1.22843,1570000,750000
2020-12-31 13:44:36.824000,1.22847,1.22844,820000,750000
2020-12-31 13:44:37.541000,1.22849,1.22846,9170000,750000
2020-12-31 13:44:37.643000,1.2285,1.22846,2140000,750000
2020-12-31 13:44:37.745000,1.22849,1.22846,1010000,750000
2020-12-31 13:44:37.847000,1.22847,1.22844,750000,750000
2020-12-31 13:44:39.280000,1.22848,1.22844,1010000,750000
2020-12-31 13:44:39.693000,1.22847,1.22844,750000,750000
2020-12-31 13:44:41.011000,1.22848,1.22846,370000,750000
2020-12-31 13:44:41.113000,1.22848,1.22845,4010000,370000
2020-12-31 13:44:41.164000,1.22847,1.22843,750000,8910000
2020-12-31 13:44:42.088000,1.22848,1.22843,12430000,1500000
2020-12-31 13:44:42.190000,1.22847,1.22843,100000,750000
2020-12-31 13:44:43.006000,1.22848,1.22843,4570000,4120000
2020-12-31 13:44:43.107000,1.22848,1.22844,100000,750000
2020-12-31 13:44:44.402000,1.2285,1.22847,11380000,2250000
2020-12-31 13:44:45.580000,1.22851,1.22847,4390000,1500000
2020-12-31 13:44:52.119000,1.22852,1.22848,4760000,750000
2020-12-31 13:44:56.126000,1.2285,1.22849,820000,750000
2020-12-31 13:44:56.177000,1.22849,1.22847,190000,1120000
2020-12-31 13:44:56.278000,1.2285,1.22846,450000,1120000
2020-12-31 13:44:56.380000,1.22851,1.22846,3820000,1870000
2020-12-31 13:44:58.920000,1.2285,1.22846,190000,4500000
2020-12-31 13:44:59.021000,1.22851,1.22846,4090000,750000
2020-12-31 13:44:59.123000,1.22851,1.22847,3070000,750000
2020-12-31 13:44:59.336000,1.2285,1.22846,820000,1500000
2020-12-31 13:44:59.897000,1.22852,1.22847,1870000,3750000
2020-12-31 13:44:59.998000,1.22852,1.22848,750000,750000
2020-12-31 13:45:01.733000,1.22851,1.2285,750000,750000
