time,ask,bid,ask_volume,bid_volume
2021-06-23 09:25:01.391000,1.19405,1.19402,750000,4150000
2021-06-23 09:25:01.908000,1.19404,1.19401,1500000,820000
2021-06-23 09:25:03.933000,1.19402,1.194,100000,750000
2021-06-23 09:25:03.984000,1.194,1.19398,750000,1200000
2021-06-23 09:25:04.086000,1.19399,1.19398,750000,4070000
2021-06-23 09:25:07.589000,1.19399,1.19397,750000,370000
2021-06-23 09:25:07.691000,1.19397,1.19395,750000,1200000
2021-06-23 09:25:07.792000,1.19397,1.19394,820000,750000
2021-06-23 09:25:10.219000,1.19394,1.19392,820000,100000
2021-06-23 09:25:10.322000,1.19393,1.1939,1570000,750000
2021-06-23 09:25:10.423000,1.19391,1.1939,750000,750000
2021-06-23 09:25:12.124000,1.19393,1.1939,1500000,3700000
2021-06-23 09:25:14.866000,1.19392,1.19389,750000,750000
2021-06-23 09:25:15.517000,1.19393,1.1939,2250000,3770000
2021-06-23 09:25:20.507000,1.19393,1.19392,1500000,4450000
2021-06-23 09:25:20.609000,1.19394,1.19392,1500000,100000
2021-06-23 09:25:21.065000,1.19396,1.19393,3000000,820000
2021-06-23 09:25:21.566000,1.19395,1.19393,750000,820000
2021-06-23 09:25:22.225000,1.19396,1.19393,2250000,820000
2021-06-23 09:25:23.020000,1.19397,1.19394,1500000,820000
2021-06-23 09:25:23.071000,1.19398,1.19396,1500000,750000
2021-06-23 09:25:23.173000,1.194,1.19397,6750000,820000
2021-06-23 09:25:26.001000,1.19401,1.19398,1500000,750000
2021-06-23 09:25:29.463000,1.19402,1.194,750000,750000
2021-06-23 09:25:29.869000,1.19401,1.19398,750000,3700000
2021-06-23 09:25:33.118000,1.19399,1.19398,370000,3020000
2021-06-23 09:25:33.220000,1.19399,1.19397,1500000,100000
2021-06-23 09:25:33.321000,1.19399,1.19396,1500000,750000
2021-06-23 09:25:35.880000,1.19398,1.19395,750000,3700000
2021-06-23 09:25:43.506000,1.19397,1.19394,750000,4450000
2021-06-23 09:25:43.711000,1.19399,1.19396,2810000,750000
2021-06-23 09:25:44.544000,1.19397,1.19396,2810000,750000
2021-06-23 09:25:45.764000,1.19397,1.19395,1310000,750000
2021-06-23 09:25:45.816000,1.19396,1.19393,1690000,750000
2021-06-23 09:25:45.968000,1.19394,1.19391,2440000,3700000
2021-06-23 09:25:46.019000,1.19391,1.19389,2810000,5900000
2021-06-23 09:25:46.171000,1.19391,1.19388,1690000,4450000
2021-06-23 09:25:46.273000,1.19392,1.19389,750000,2950000
2021-06-23 09:25:46.374000,1.19393,1.1939,3190000,750000
2021-06-23 09:25:47.192000,1.19392,1.19389,750000,2950000
2021-06-23 09:25:47.822000,1.19393,1.19389,3190000,3700000
2021-06-23 09:25:47.924000,1.19393,1.1939,3190000,750000
2021-06-23 09:25:48.278000,1.19391,1.1939,3560000,750000
2021-06-23 09:25:49.318000,1.19393,1.19391,940000,750000
2021-06-23 09:25:52.904000,1.19392,1.1939,2060000,750000
2021-06-23 09:25:55.542000,1.19392,1.19389,2440000,750000
2021-06-23 09:25:55.644000,1.19392,1.1939,1690000,750000
2021-06-23 09:25:57.978000,1.19392,1.19389,2890000,750000
2021-06-23 09:25:59.330000,1.19392,1.1939,1760000,750000
2021-06-23 09:25:59.697000,1.19393,1.19391,1760000,750000
2021-06-23 09:26:00.227000,1.19393,1.1939,2890000,3700000
2021-06-23 09:26:00.582000,1.19391,1.19388,940000,4150000
2021-06-23 09:26:00.684000,1.19391,1.19389,940000,750000
2021-06-23 09:26:01.636000,1.19392,1.1939,7490000,3700000
2021-06-23 09:26:02.091000,1.19392,1.19389,750000,2950000
2021-06-23 09:26:02.870000,1.19393,1.19391,100000,750000
2021-06-23 09:26:02.971000,1.19393,1.19391,3260000,750000
2021-06-23 09:26:07.308000,1.19394,1.19392,100000,750000
2021-06-23 09:26:07.359000,1.19396,1.19393,4600000,3020000
2021-06-23 09:26:07.410000,1.19398,1.19395,100000,750000
2021-06-23 09:26:07.511000,1.19398,1.19396,100000,750000
2021-06-23 09:26:07.562000,1.194,1.19398,370000,750000
2021-06-23 09:26:07.664000,1.19401,1.19398,190000,3700000
2021-06-23 09:26:07.766000,1.19401,1.19399,190000,750000
2021-06-23 09:26:09.052000,1.19402,1.19399,640000,1500000
2021-06-23 09:26:09.153000,1.19403,1.194,2890000,750000
2021-06-23 09:26:14.414000,1.19402,1.194,190000,750000
2021-06-23 09:26:18.047000,1.19403,1.194,1760000,750000
2021-06-23 09:26:20.916000,1.19404,1.19402,1390000,750000
2021-06-23 09:26:21.017000,1.19406,1.19403,450000,750000
2021-06-23 09:26:21.124000,1.19406,1.19404,450000,750000
2021-06-23 09:26:21.227000,1.19407,1.19404,2510000,750000
2021-06-23 09:26:22.023000,1.19407,1.19405,190000,3770000
2021-06-23 09:26:22.077000,1.19409,1.19407,5620000,750000
2021-06-23 09:26:24.418000,1.19409,1.19406,1010000,750000
2021-06-23 09:26:25.828000,1.19409,1.19407,260000,750000
2021-06-23 09:26:26.971000,1.19411,1.19408,370000,100000
2021-06-23 09:26:27.073000,1.19413,1.19411,1460000,750000
2021-06-23 09:26:28.154000,1.19414,1.19411,2140000,750000
2021-06-23 09:26:29.229000,1.19413,1.19411,100000,750000
2021-06-23 09:26:29.539000,1.19413,1.1941,100000,1500000
2021-06-23 09:26:31.759000,1.1941,1.19408,2060000,750000
2021-06-23 09:26:31.810000,1.19409,1.19406,260000,5900000
2021-06-23 09:26:31.912000,1.19407,1.19405,450000,750000
2021-06-23 09:26:31.962000,1.19405,1.19402,1390000,1500000
2021-06-23 09:26:32.064000,1.19404,1.19402,100000,1500000
2021-06-23 09:26:32.776000,1.19403,1.19401,100000,750000
2021-06-23 09:26:32.878000,1.19402,1.19399,1760000,750000
2021-06-23 09:26:37.977000,1.19401,1.19399,100000,750000
2021-06-23 09:26:41.047000,1.19402,1.19399,1310000,750000
2021-06-23 09:26:42.591000,1.19403,1.19401,370000,750000
2021-06-23 09:26:42.693000,1.19403,1.194,2140000,750000
2021-06-23 09:26:46.401000,1.19401,1.19399,850000,4450000
2021-06-23 09:26:48.165000,1.19402,1.19399,100000,750000
2021-06-23 09:26:51.087000,1.19401,1.19398,1010000,3700000
2021-06-23 09:26:56.224000,1.19401,1.19397,1760000,820000
2021-06-23 09:26:56.636000,1.19396,1.19394,1010000,1870000
2021-06-23 09:26:56.738000,1.19395,1.19392,1010000,750000
2021-06-23 09:27:02.554000,1.19396,1.19393,1760000,750000
2021-06-23 09:27:02.656000,1.19396,1.19395,1010000,750000
2021-06-23 09:27:04.520000,1.19396,1.19394,190000,750000
2021-06-23 09:27:04.571000,1.19394,1.19392,260000,750000
2021-06-23 09:27:04.673000,1.19393,1.19391,260000,370000
2021-06-23 09:27:04.774000,1.19393,1.1939,940000,4450000
2021-06-23 09:27:04.876000,1.19392,1.1939,1040000,4450000
2021-06-23 09:27:06.895000,1.19391,1.19388,820000,750000
2021-06-23 09:27:08.186000,1.19392,1.1939,820000,750000
2021-06-23 09:27:08.289000,1.19393,1.1939,1570000,750000
2021-06-23 09:27:08.391000,1.19393,1.19391,750000,750000
2021-06-23 09:27:08.493000,1.19394,1.19391,2510000,750000
2021-06-23 09:27:08.938000,1.19393,1.19391,100000,750000
2021-06-23 09:27:09.262000,1.19393,1.1939,2890000,750000
2021-06-23 09:27:09.567000,1.19392,1.1939,1010000,750000
2021-06-23 09:27:11.399000,1.19391,1.19389,750000,750000
2021-06-23 09:27:11.527000,1.19392,1.19389,2890000,750000
2021-06-23 09:27:11.629000,1.19391,1.19388,750000,820000
2021-06-23 09:27:13.178000,1.1939,1.19388,100000,750000
2021-06-23 09:27:13.661000,1.1939,1.19387,1760000,750000
2021-06-23 09:27:13.763000,1.19389,1.19387,100000,750000
2021-06-23 09:27:14.270000,1.19388,1.19386,750000,750000
2021-06-23 09:27:14.725000,1.19389,1.19386,2140000,750000
2021-06-23 09:27:14.827000,1.19388,1.19386,100000,750000
2021-06-23 09:27:14.979000,1.19389,1.19386,1690000,820000
2021-06-23 09:27:15.131000,1.19391,1.19388,1760000,750000
2021-06-23 09:27:15.232000,1.19391,1.19389,5140000,750000
2021-06-23 09:27:22.897000,1.19391,1.19388,820000,750000
2021-06-23 09:27:24.148000,1.1939,1.19388,1760000,750000
2021-06-23 09:27:24.199000,1.19388,1.19386,450000,750000
2021-06-23 09:27:24.301000,1.19387,1.19385,820000,100000
2021-06-23 09:27:24.403000,1.19387,1.19384,1760000,1500000
2021-06-23 09:27:30.525000,1.19384,1.19381,2320000,1200000
2021-06-23 09:27:30.627000,1.19383,1.19381,1010000,820000
2021-06-23 09:27:30.729000,1.19382,1.1938,940000,750000
2021-06-23 09:27:31.661000,1.19383,1.19381,100000,750000
2021-06-23 09:27:31.763000,1.19384,1.19381,1760000,750000
2021-06-23 09:27:32.304000,1.19386,1.19382,9930000,1200000
2021-06-23 09:27:32.355000,1.19386,1.19384,4680000,750000
2021-06-23 09:27:34.797000,1.19388,1.19387,7980000,1120000
2021-06-23 09:27:34.848000,1.19391,1.19388,5430000,750000
2021-06-23 09:27:40.781000,1.1939,1.19388,100000,1500000
2021-06-23 09:27:49.600000,1.19389,1.19387,100000,750000
2021-06-23 09:27:49.702000,1.19388,1.19385,2140000,1950000
2021-06-23 09:27:49.804000,1.19387,1.19385,1690000,750000
2021-06-23 09:27:49.855000,1.19386,1.19383,100000,750000
2021-06-23 09:27:50.209000,1.19385,1.19382,640000,750000
2021-06-23 09:27:50.311000,1.19384,1.19382,1010000,750000
2021-06-23 09:27:50.412000,1.19383,1.19381,640000,750000
2021-06-23 09:27:51.534000,1.19382,1.1938,450000,750000
2021-06-23 09:27:53.894000,1.1938,1.19378,100000,750000
2021-06-23 09:27:54.046000,1.19381,1.19378,1760000,750000
2021-06-23 09:27:54.531000,1.1938,1.19378,100000,750000
2021-06-23 09:27:54.856000,1.19381,1.19378,820000,750000
2021-06-23 09:27:55.159000,1.19381,1.19379,100000,750000
2021-06-23 09:27:57.461000,1.19382,1.1938,100000,750000
2021-06-23 09:28:01.795000,1.19382,1.19379,100000,750000
2021-06-23 09:28:07.369000,1.19382,1.1938,100000,750000
2021-06-23 09:28:07.571000,1.19381,1.19378,820000,1570000
2021-06-23 09:28:07.878000,1.1938,1.19377,1760000,1500000
2021-06-23 09:28:07.980000,1.19379,1.19377,100000,750000
2021-06-23 09:28:08.535000,1.19377,1.19375,1010000,750000
2021-06-23 09:28:08.739000,1.19378,1.19376,450000,750000
2021-06-23 09:28:09.895000,1.19378,1.19375,2140000,750000
2021-06-23 09:28:11.178000,1.19378,1.19376,3070000,750000
2021-06-23 09:28:14.660000,1.19379,1.19376,2140000,1500000
2021-06-23 09:28:14.762000,1.19381,1.19379,750000,750000
2021-06-23 09:28:14.813000,1.19383,1.1938,8320000,1500000
2021-06-23 09:28:20.514000,1.19383,1.19381,1010000,750000
2021-06-23 09:28:23.821000,1.19384,1.19383,1760000,1500000
2021-06-23 09:28:23.873000,1.19386,1.19384,4680000,1500000
2021-06-23 09:28:23.974000,1.19387,1.19385,260000,750000
2021-06-23 09:28:29.848000,1.19385,1.19383,190000,1500000
2021-06-23 09:28:30.159000,1.19385,1.19382,190000,900000
2021-06-23 09:28:31.509000,1.19386,1.19384,820000,750000
2021-06-23 09:28:31.895000,1.19386,1.19382,2890000,1650000
2021-06-23 09:28:31.946000,1.19386,1.19384,750000,1500000
2021-06-23 09:28:32.957000,1.19387,1.19384,820000,1500000
2021-06-23 09:28:34.143000,1.19387,1.19385,100000,750000
2021-06-23 09:28:34.297000,1.19389,1.19386,1010000,750000
2021-06-23 09:28:34.399000,1.1939,1.19387,1390000,1500000
2021-06-23 09:28:38.339000,1.19389,1.19387,1390000,2320000
2021-06-23 09:28:38.441000,1.19387,1.19385,940000,100000
2021-06-23 09:28:38.542000,1.19387,1.19384,1010000,750000
2021-06-23 09:28:42.211000,1.19388,1.19386,2140000,750000
2021-06-23 09:28:42.313000,1.1939,1.19388,6440000,750000
2021-06-23 09:28:42.616000,1.19391,1.19388,7120000,750000
2021-06-23 09:28:44.058000,1.1939,1.19388,100000,750000
2021-06-23 09:28:46.412000,1.19389,1.19386,750000,1570000
2021-06-23 09:28:46.514000,1.19387,1.19385,1390000,100000
2021-06-23 09:28:46.615000,1.19387,1.19384,1010000,1500000
2021-06-23 09:28:46.767000,1.19386,1.19384,260000,750000
2021-06-23 09:28:47.135000,1.19387,1.19385,100000,750000
2021-06-23 09:28:47.236000,1.19387,1.19386,1760000,750000
2021-06-23 09:28:51.111000,1.19388,1.19386,1010000,750000
2021-06-23 09:28:53.523000,1.19388,1.19385,1760000,750000
2021-06-23 09:28:53.624000,1.19386,1.19383,1010000,750000
2021-06-23 09:28:54.148000,1.19385,1.19383,1410000,5200000
2021-06-23 09:28:54.480000,1.19384,1.19381,1200000,750000
2021-06-23 09:28:54.582000,1.19383,1.19381,640000,750000
2021-06-23 09:28:59.415000,1.19383,1.1938,1010000,750000
2021-06-23 09:29:06.483000,1.19382,1.19379,1010000,750000
2021-06-23 09:29:06.584000,1.1938,1.19379,190000,2320000
2021-06-23 09:29:06.635000,1.1938,1.19377,1010000,820000
2021-06-23 09:29:06.737000,1.19379,1.19377,100000,750000
2021-06-23 09:29:07.526000,1.1938,1.19377,2140000,750000
2021-06-23 09:29:09.401000,1.19379,1.19377,750000,750000
2021-06-23 09:29:09.672000,1.19377,1.19376,1010000,3700000
2021-06-23 09:29:13.155000,1.19376,1.19375,190000,820000
2021-06-23 09:29:13.258000,1.19376,1.19374,190000,750000
2021-06-23 09:29:13.360000,1.19376,1.19375,4010000,750000
2021-06-23 09:29:18.137000,1.19378,1.19375,1010000,750000
2021-06-23 09:29:19.416000,1.19379,1.19376,3940000,820000
2021-06-23 09:29:19.517000,1.1938,1.19377,4760000,750000
2021-06-23 09:29:21.372000,1.19381,1.19378,3940000,820000
2021-06-23 09:29:25.952000,1.1938,1.19378,370000,750000
2021-06-23 09:29:26.258000,1.19381,1.19378,750000,1200000
2021-06-23 09:29:26.360000,1.19382,1.19381,4010000,1120000
2021-06-23 09:29:29.981000,1.19381,1.19378,4390000,100000
2021-06-23 09:29:30.083000,1.1938,1.19378,190000,100000
2021-06-23 09:29:30.184000,1.1938,1.19377,190000,1650000
2021-06-23 09:29:30.559000,1.19381,1.19378,750000,820000
2021-06-23 09:29:32.298000,1.19381,1.19379,750000,750000
2021-06-23 09:29:34.476000,1.19382,1.19379,4010000,750000
2021-06-23 09:29:36.266000,1.1938,1.19377,5140000,1950000
2021-06-23 09:29:36.317000,1.19377,1.19375,260000,5150000
2021-06-23 09:29:36.419000,1.19375,1.19373,820000,8320000
2021-06-23 09:29:36.582000,1.19375,1.19372,750000,820000
2021-06-23 09:29:37.371000,1.19377,1.19374,820000,750000
2021-06-23 09:29:37.474000,1.19379,1.19377,3520000,1760000
2021-06-23 09:29:37.525000,1.19381,1.19378,11320000,750000
2021-06-23 09:29:37.986000,1.19381,1.19379,750000,750000
2021-06-23 09:29:38.037000,1.19383,1.1938,3820000,750000
2021-06-23 09:29:45.296000,1.19382,1.19379,750000,750000
2021-06-23 09:29:45.398000,1.19381,1.19378,750000,1650000
2021-06-23 09:29:46.360000,1.19381,1.19379,750000,750000
2021-06-23 09:29:46.462000,1.19382,1.19379,750000,3770000
2021-06-23 09:29:47.604000,1.19382,1.1938,750000,370000
2021-06-23 09:29:47.707000,1.19383,1.19382,750000,750000
2021-06-23 09:29:51.107000,1.19383,1.19381,750000,750000
2021-06-23 09:29:52.260000,1.19385,1.19382,750000,820000
2021-06-23 09:29:52.412000,1.19387,1.19384,750000,1650000
2021-06-23 09:29:52.514000,1.19389,1.19386,1180000,750000
2021-06-23 09:29:54.936000,1.1939,1.19388,3810000,750000
2021-06-23 09:29:55.037000,1.1939,1.19389,3750000,750000
2021-06-23 09:29:55.342000,1.19391,1.1939,750000,750000
2021-06-23 09:30:00.189000,1.19394,1.19391,750000,2320000
2021-06-23 09:30:00.291000,1.19395,1.19392,1120000,1570000
2021-06-23 09:30:00.392000,1.19395,1.19393,370000,1500000
2021-06-23 09:30:00.594000,1.19396,1.19393,750000,1500000
2021-06-23 09:30:01.452000,1.19394,1.19391,750000,2020000
2021-06-23 09:30:03.850000,1.19393,1.19391,750000,1570000
2021-06-23 09:30:04.890000,1.19394,1.19391,750000,1570000
2021-06-23 09:30:10.554000,1.19393,1.19391,750000,750000
2021-06-23 09:30:11.258000,1.19394,1.19392,750000,1390000
2021-06-23 09:30:11.360000,1.19396,1.19393,750000,820000
2021-06-23 09:30:11.512000,1.19395,1.19392,750000,900000
2021-06-23 09:30:15.088000,1.19394,1.19391,750000,1950000
2021-06-23 09:30:15.340000,1.19393,1.1939,750000,5270000
2021-06-23 09:30:15.442000,1.19391,1.19388,370000,6720000
2021-06-23 09:30:15.543000,1.1939,1.19388,820000,4400000
2021-06-23 09:30:15.594000,1.19387,1.19386,750000,2770000
2021-06-23 09:30:15.747000,1.19387,1.19384,1010000,5220000
2021-06-23 09:30:15.848000,1.19386,1.19384,100000,750000
2021-06-23 09:30:15.900000,1.19385,1.19382,750000,1570000
2021-06-23 09:30:16.710000,1.19384,1.19381,820000,750000
2021-06-23 09:30:18.655000,1.19383,1.1938,750000,2700000
2021-06-23 09:30:19.025000,1.19385,1.19382,100000,750000
2021-06-23 09:30:19.128000,1.19388,1.19385,750000,820000
2021-06-23 09:30:21.744000,1.19385,1.19384,750000,6100000
2021-06-23 09:30:22.749000,1.19385,1.19383,750000,1570000
2021-06-23 09:30:23.763000,1.19386,1.19384,750000,750000
2021-06-23 09:30:24.490000,1.19388,1.19386,750000,750000
2021-06-23 09:30:26.241000,1.19391,1.19389,100000,750000
2021-06-23 09:30:28.261000,1.1939,1.19387,1200000,2700000
2021-06-23 09:30:28.363000,1.19389,1.19386,3820000,1500000
2021-06-23 09:30:28.414000,1.19386,1.19384,1120000,100000
2021-06-23 09:30:28.566000,1.19385,1.19382,820000,750000
2021-06-23 09:30:28.682000,1.19384,1.19381,820000,1500000
2021-06-23 09:30:31.267000,1.19382,1.1938,750000,750000
2021-06-23 09:30:31.369000,1.19383,1.19381,100000,750000
2021-06-23 09:30:33.466000,1.19383,1.19381,3820000,1500000
2021-06-23 09:30:39.852000,1.19382,1.19381,1200000,1500000
2021-06-23 09:30:40.675000,1.19382,1.1938,750000,1500000
2021-06-23 09:30:41.635000,1.19383,1.1938,820000,1500000
2021-06-23 09:30:42.948000,1.19382,1.19379,750000,1500000
2021-06-23 09:30:44.327000,1.19379,1.19376,820000,8470000
2021-06-23 09:30:44.428000,1.19376,1.19374,370000,750000
2021-06-23 09:30:44.530000,1.19377,1.19374,750000,4520000
2021-06-23 09:30:45.684000,1.19378,1.19375,750000,750000
2021-06-23 09:30:48.512000,1.19375,1.19373,750000,1200000
2021-06-23 09:30:48.614000,1.19375,1.19372,750000,3700000
2021-06-23 09:30:48.768000,1.19377,1.19374,820000,750000
2021-06-23 09:30:50.265000,1.19378,1.19375,750000,750000
2021-06-23 09:30:51.051000,1.19379,1.19376,750000,750000
2021-06-23 09:30:52.833000,1.1938,1.19377,750000,1500000
2021-06-23 09:30:55.019000,1.19379,1.19376,1120000,1500000
2021-06-23 09:30:59.550000,1.19377,1.19375,260000,750000
2021-06-23 09:30:59.601000,1.19374,1.19372,750000,4400000
2021-06-23 09:30:59.702000,1.19374,1.19371,750000,11950000
2021-06-23 09:31:11.012000,1.19375,1.19372,750000,3700000
2021-06-23 09:31:12.691000,1.19376,1.19373,750000,4450000
2021-06-23 09:31:12.795000,1.19378,1.19375,1200000,750000
2021-06-23 09:31:13.589000,1.19375,1.19373,750000,1200000
2021-06-23 09:31:13.741000,1.19375,1.19372,1120000,750000
2021-06-23 09:31:13.943000,1.19374,1.19371,750000,750000
2021-06-23 09:31:15.638000,1.19376,1.19373,750000,750000
2021-06-23 09:31:21.250000,1.19377,1.19376,3750000,750000
2021-06-23 09:31:24.422000,1.19379,1.19376,3750000,750000
2021-06-23 09:31:25.340000,1.1938,1.19378,370000,750000
2021-06-23 09:31:25.441000,1.19381,1.19378,1500000,750000
2021-06-23 09:31:25.644000,1.19382,1.19379,750000,750000
2021-06-23 09:31:29.178000,1.19383,1.1938,750000,1500000
2021-06-23 09:31:29.280000,1.19385,1.19382,1120000,3700000
2021-06-23 09:31:29.749000,1.19385,1.19383,750000,750000
2021-06-23 09:31:29.851000,1.19386,1.19383,1500000,750000
2021-06-23 09:31:31.789000,1.19384,1.19383,370000,1200000
2021-06-23 09:31:31.839000,1.19384,1.19381,750000,4450000
2021-06-23 09:31:32.768000,1.19382,1.1938,750000,750000
2021-06-23 09:31:33.753000,1.19383,1.19381,750000,1760000
2021-06-23 09:31:33.956000,1.19383,1.1938,750000,1840000
2021-06-23 09:31:43.085000,1.19381,1.19379,750000,1500000
2021-06-23 09:31:43.889000,1.19382,1.1938,750000,750000
2021-06-23 09:31:43.991000,1.19382,1.19379,750000,2320000
2021-06-23 09:31:44.861000,1.19381,1.19379,750000,2960000
2021-06-23 09:31:45.013000,1.19382,1.19379,750000,2510000
2021-06-23 09:31:46.522000,1.19381,1.19379,750000,750000
2021-06-23 09:31:46.624000,1.1938,1.19379,750000,1950000
2021-06-23 09:31:46.726000,1.1938,1.19377,750000,2890000
2021-06-23 09:31:47.186000,1.1938,1.19379,1120000,750000
2021-06-23 09:31:48.613000,1.19381,1.19378,750000,750000
2021-06-23 09:31:50.204000,1.1938,1.19377,750000,2250000
2021-06-23 09:31:50.305000,1.19379,1.19376,750000,2320000
2021-06-23 09:31:50.407000,1.1938,1.19378,750000,750000
2021-06-23 09:31:53.275000,1.19382,1.19379,750000,2060000
2021-06-23 09:31:56.151000,1.19383,1.1938,750000,750000
2021-06-23 09:32:00.246000,1.19386,1.19383,1120000,750000
2021-06-23 09:32:00.398000,1.19387,1.19384,1120000,750000
2021-06-23 09:32:00.499000,1.19387,1.19385,370000,750000
2021-06-23 09:32:00.764000,1.19388,1.19385,1390000,750000
2021-06-23 09:32:00.865000,1.19389,1.19386,2890000,750000
2021-06-23 09:32:03.121000,1.1939,1.19387,2890000,750000
2021-06-23 09:32:03.324000,1.19392,1.1939,4600000,150000
2021-06-23 09:32:03.375000,1.19394,1.19392,750000,750000
2021-06-23 09:32:03.526000,1.19395,1.19392,1570000,750000
2021-06-23 09:32:05.662000,1.19394,1.19391,820000,750000
2021-06-23 09:32:08.731000,1.19393,1.1939,750000,820000
2021-06-23 09:32:10.039000,1.19394,1.19391,750000,750000
2021-06-23 09:32:29.513000,1.19391,1.19389,370000,5600000
2021-06-23 09:32:29.565000,1.1939,1.19387,1500000,5520000
2021-06-23 09:32:29.666000,1.19389,1.19386,1500000,750000
2021-06-23 09:32:46.261000,1.19387,1.19384,1500000,750000
2021-06-23 09:32:46.413000,1.19386,1.19383,750000,820000
2021-06-23 09:32:47.261000,1.19384,1.19382,750000,750000
2021-06-23 09:32:47.363000,1.19382,1.1938,1950000,4400000
2021-06-23 09:32:47.415000,1.1938,1.19377,750000,13920000
2021-06-23 09:32:52.227000,1.19382,1.19379,5350000,820000
2021-06-23 09:32:52.682000,1.19383,1.1938,750000,750000
2021-06-23 09:33:00.919000,1.19382,1.19379,750000,820000
2021-06-23 09:33:13.089000,1.19385,1.19382,5350000,820000
2021-06-23 09:33:13.191000,1.19386,1.19383,1500000,3140000
2021-06-23 09:33:13.292000,1.19385,1.19383,750000,190000
2021-06-23 09:33:13.394000,1.19385,1.19382,750000,3290000
2021-06-23 09:33:13.857000,1.19385,1.19383,750000,100000
2021-06-23 09:33:15.261000,1.19384,1.19382,750000,100000
2021-06-23 09:33:15.362000,1.19383,1.19381,750000,150000
2021-06-23 09:33:16.228000,1.19383,1.1938,750000,2210000
2021-06-23 09:33:16.329000,1.19382,1.1938,750000,1010000
2021-06-23 09:33:17.400000,1.19382,1.19379,750000,820000
2021-06-23 09:33:17.501000,1.19382,1.19378,1570000,4220000
2021-06-23 09:33:17.705000,1.1938,1.19378,750000,820000
2021-06-23 09:33:21.646000,1.19382,1.19379,1500000,820000
2021-06-23 09:33:21.747000,1.1938,1.19378,820000,820000
2021-06-23 09:33:21.849000,1.19377,1.19375,750000,5220000
2021-06-23 09:33:22,1.19377,1.19374,750000,4600000
2021-06-23 09:33:27.054000,1.19377,1.19375,750000,100000
2021-06-23 09:33:27.493000,1.19378,1.19375,750000,820000
2021-06-23 09:33:30.123000,1.19377,1.19374,750000,4520000
2021-06-23 09:33:30.225000,1.19375,1.19371,1950000,820000
2021-06-23 09:33:30.326000,1.19374,1.19371,750000,100000
2021-06-23 09:33:32.762000,1.19374,1.1937,820000,1570000
2021-06-23 09:33:34.330000,1.19373,1.1937,750000,820000
2021-06-23 09:33:34.432000,1.19372,1.19369,750000,100000
2021-06-23 09:33:35.522000,1.1937,1.19367,1200000,100000
2021-06-23 09:33:35.674000,1.19368,1.19366,750000,100000
2021-06-23 09:33:37.098000,1.19369,1.19366,750000,100000
2021-06-23 09:33:39.071000,1.19369,1.19365,820000,750000
2021-06-23 09:33:41.770000,1.19367,1.19364,750000,820000
2021-06-23 09:33:43.766000,1.19365,1.19363,750000,5600000
2021-06-23 09:33:43.818000,1.19362,1.1936,750000,7570000
2021-06-23 09:33:47.158000,1.19362,1.19359,750000,1460000
2021-06-23 09:33:47.652000,1.19362,1.19361,750000,190000
2021-06-23 09:33:48.091000,1.19363,1.1936,750000,940000
2021-06-23 09:33:49.399000,1.19363,1.19361,750000,190000
2021-06-23 09:33:49.501000,1.19364,1.19361,750000,190000
2021-06-23 09:33:49.703000,1.19363,1.1936,750000,2810000
2021-06-23 09:33:51.776000,1.19362,1.1936,750000,5840000
2021-06-23 09:34:10.414000,1.19362,1.19361,1120000,190000
2021-06-23 09:34:12.390000,1.19364,1.19361,750000,940000
2021-06-23 09:34:12.492000,1.19363,1.1936,750000,1010000
2021-06-23 09:34:12.941000,1.19362,1.19359,750000,750000
2021-06-23 09:34:22.425000,1.19362,1.1936,750000,190000
2021-06-23 09:34:22.527000,1.19363,1.19361,750000,190000
2021-06-23 09:34:22.809000,1.19363,1.1936,750000,6530000
2021-06-23 09:34:23.330000,1.19363,1.19361,750000,190000
2021-06-23 09:34:27.106000,1.19364,1.19361,1120000,820000
2021-06-23 09:34:28.997000,1.19363,1.19361,750000,260000
2021-06-23 09:34:31.006000,1.19364,1.19361,750000,100000
2021-06-23 09:34:35.629000,1.19365,1.19364,750000,820000
2021-06-23 09:34:35.681000,1.19367,1.19365,5350000,260000
2021-06-23 09:34:35.783000,1.19368,1.19366,750000,100000
2021-06-23 09:34:35.884000,1.1937,1.19369,370000,1950000
2021-06-23 09:34:35.986000,1.19371,1.1937,750000,100000
2021-06-23 09:34:36.137000,1.1937,1.19368,1120000,5970000
2021-06-23 09:34:36.240000,1.19368,1.19366,750000,4090000
2021-06-23 09:34:42.933000,1.19369,1.19366,750000,1010000
2021-06-23 09:34:44.082000,1.19372,1.1937,5730000,100000
2021-06-23 09:34:44.133000,1.19373,1.19372,750000,820000
2021-06-23 09:34:44.755000,1.19373,1.1937,750000,820000
2021-06-23 09:34:46.031000,1.1937,1.19369,750000,1650000
2021-06-23 09:34:46.134000,1.1937,1.19368,750000,820000
2021-06-23 09:34:46.186000,1.19369,1.19366,750000,1650000
2021-06-23 09:34:46.288000,1.19368,1.19366,750000,100000
2021-06-23 09:34:46.390000,1.19368,1.19365,750000,820000
2021-06-23 09:34:50.455000,1.19367,1.19365,750000,100000
2021-06-23 09:34:51.485000,1.19366,1.19364,750000,820000
2021-06-23 09:34:51.637000,1.19367,1.19364,750000,100000
2021-06-23 09:34:57.772000,1.19367,1.19365,750000,100000
2021-06-23 09:35:01.522000,1.19367,1.19364,750000,2320000
2021-06-23 09:35:01.623000,1.19366,1.19364,370000,750000
2021-06-23 09:35:01.674000,1.19363,1.19361,750000,5150000
2021-06-23 09:35:01.776000,1.19363,1.1936,750000,12720000
2021-06-23 09:35:06.679000,1.19363,1.19362,750000,100000
2021-06-23 09:35:06.731000,1.19366,1.19363,1950000,750000
2021-06-23 09:35:06.782000,1.19367,1.19365,4980000,820000
2021-06-23 09:35:06.833000,1.19368,1.19366,5730000,3770000
2021-06-23 09:35:08.643000,1.19368,1.19365,750000,3850000
2021-06-23 09:35:08.795000,1.19368,1.19366,750000,100000
2021-06-23 09:35:11.893000,1.19368,1.19365,750000,3770000
2021-06-23 09:35:16.502000,1.19367,1.19364,1500000,900000
2021-06-23 09:35:16.603000,1.19366,1.19363,750000,2320000
2021-06-23 09:35:17.608000,1.19366,1.19364,750000,100000
2021-06-23 09:35:17.712000,1.19367,1.19364,750000,820000
2021-06-23 09:35:17.763000,1.19369,1.19366,750000,820000
2021-06-23 09:35:17.865000,1.19372,1.19369,750000,750000
2021-06-23 09:35:19.537000,1.19372,1.19371,750000,750000
2021-06-23 09:35:22.825000,1.19375,1.19371,1570000,2950000
2021-06-23 09:35:22.931000,1.19373,1.1937,750000,1010000
2021-06-23 09:35:24.154000,1.19372,1.1937,370000,750000
2021-06-23 09:35:24.356000,1.19372,1.19369,1120000,820000
2021-06-23 09:35:26.188000,1.19373,1.1937,5730000,3770000
2021-06-23 09:35:26.624000,1.19373,1.19371,750000,100000
2021-06-23 09:35:26.726000,1.19372,1.19369,750000,750000
2021-06-23 09:35:26.828000,1.19371,1.19369,2810000,750000
2021-06-23 09:35:26.879000,1.1937,1.19367,1120000,4470000
2021-06-23 09:35:26.980000,1.1937,1.19366,1120000,820000
2021-06-23 09:35:27.081000,1.19369,1.19366,750000,750000
2021-06-23 09:35:30.991000,1.19367,1.19364,1870000,8100000
2021-06-23 09:35:36.092000,1.19366,1.19363,750000,820000
2021-06-23 09:35:37.924000,1.19367,1.19364,750000,3700000
2021-06-23 09:35:38.708000,1.19366,1.19363,750000,820000
2021-06-23 09:35:41.021000,1.19367,1.19363,750000,3770000
2021-06-23 09:35:41.123000,1.19367,1.19364,750000,3770000
2021-06-23 09:35:45.345000,1.19367,1.19365,750000,100000
2021-06-23 09:35:45.447000,1.19368,1.19365,750000,820000
2021-06-23 09:35:48.488000,1.19367,1.19365,370000,750000
2021-06-23 09:35:48.691000,1.19367,1.19364,1120000,4450000
2021-06-23 09:35:50.228000,1.19369,1.19367,4680000,750000
2021-06-23 09:35:50.330000,1.19369,1.19366,820000,750000
2021-06-23 09:35:51.537000,1.19366,1.19363,1120000,5150000
2021-06-23 09:35:51.792000,1.19365,1.19362,750000,750000
2021-06-23 09:35:54.339000,1.19364,1.19361,750000,4520000
2021-06-23 09:35:55.657000,1.19363,1.1936,750000,3700000
2021-06-23 09:35:58.425000,1.19364,1.19361,750000,3700000
2021-06-23 09:35:58.779000,1.19366,1.19363,750000,820000
2021-06-23 09:35:58.881000,1.19368,1.19365,750000,750000
2021-06-23 09:36:01.951000,1.19369,1.19368,750000,750000
2021-06-23 09:36:02.154000,1.1937,1.19368,750000,100000
2021-06-23 09:36:03.024000,1.19372,1.19369,2250000,750000
2021-06-23 09:36:17.299000,1.1937,1.19368,1120000,750000
2021-06-23 09:36:17.350000,1.19369,1.19366,750000,6800000
2021-06-23 09:36:19.299000,1.19366,1.19363,1120000,1950000
2021-06-23 09:36:19.779000,1.19364,1.19361,750000,2320000
2021-06-23 09:36:21.114000,1.19366,1.19363,5350000,3700000
2021-06-23 09:36:21.216000,1.19367,1.19364,1500000,750000
2021-06-23 09:36:21.917000,1.19367,1.19365,3070000,4450000
2021-06-23 09:36:22.019000,1.19368,1.19365,750000,750000
2021-06-23 09:36:31.092000,1.19368,1.19366,750000,750000
2021-06-23 09:36:33.020000,1.19369,1.19367,1120000,750000
2021-06-23 09:36:37.930000,1.1937,1.19367,1570000,750000
2021-06-23 09:36:46.938000,1.19369,1.19367,370000,750000
2021-06-23 09:36:48.746000,1.1937,1.19367,2140000,750000
2021-06-23 09:36:51.963000,1.19369,1.19366,750000,4450000
2021-06-23 09:36:52.219000,1.19368,1.19365,560000,3700000
2021-06-23 09:36:52.321000,1.19367,1.19365,750000,750000
2021-06-23 09:36:52.524000,1.19368,1.19365,7120000,750000
2021-06-23 09:36:54.003000,1.19367,1.19365,750000,750000
2021-06-23 09:36:54.054000,1.19369,1.19366,1390000,750000
2021-06-23 09:36:55.786000,1.19366,1.19363,750000,5970000
2021-06-23 09:36:57.638000,1.19368,1.19365,1760000,750000
2021-06-23 09:36:59.487000,1.19369,1.19366,820000,750000
2021-06-23 09:37:00.143000,1.1937,1.19368,820000,100000
2021-06-23 09:37:00.194000,1.19373,1.1937,5350000,3700000
2021-06-23 09:37:00.892000,1.19375,1.19372,3710000,750000
2021-06-23 09:37:01.095000,1.19376,1.19373,2590000,750000
2021-06-23 09:37:01.247000,1.19376,1.19374,370000,750000
2021-06-23 09:37:01.349000,1.19379,1.19376,6290000,750000
2021-06-23 09:37:01.706000,1.19379,1.19377,1120000,750000
2021-06-23 09:37:01.860000,1.1938,1.19377,2140000,750000
2021-06-23 09:37:02.678000,1.1938,1.19378,3710000,4450000
2021-06-23 09:37:07.916000,1.1938,1.19377,1500000,4450000
2021-06-23 09:37:23.003000,1.19379,1.19377,450000,750000
2021-06-23 09:37:24.602000,1.1938,1.19377,2250000,3700000
2021-06-23 09:37:28.215000,1.19378,1.19375,1760000,750000
2021-06-23 09:37:29.703000,1.19377,1.19375,450000,750000
2021-06-23 09:37:29.855000,1.19378,1.19375,1200000,750000
2021-06-23 09:37:29.956000,1.19376,1.19373,750000,5150000
2021-06-23 09:37:30.058000,1.19374,1.19372,450000,750000
2021-06-23 09:37:30.312000,1.19374,1.19371,1200000,3700000
2021-06-23 09:37:33.150000,1.19373,1.19371,1940000,4450000
2021-06-23 09:37:33.251000,1.19374,1.19371,1500000,750000
2021-06-23 09:37:33.352000,1.19373,1.19371,370000,750000
2021-06-23 09:37:33.453000,1.19374,1.19371,1690000,750000
2021-06-23 09:37:33.555000,1.19373,1.19371,370000,750000
2021-06-23 09:37:34.147000,1.19374,1.19371,2620000,750000
2021-06-23 09:37:34.248000,1.19373,1.19371,820000,750000
2021-06-23 09:37:34.400000,1.19374,1.19371,1870000,750000
2021-06-23 09:37:34.653000,1.19373,1.19371,370000,750000
2021-06-23 09:37:34.888000,1.19374,1.19371,2620000,3700000
2021-06-23 09:37:35.644000,1.19373,1.19371,370000,750000
2021-06-23 09:37:36.069000,1.19374,1.19371,2620000,750000
2021-06-23 09:37:36.170000,1.19373,1.19371,450000,750000
2021-06-23 09:37:36.276000,1.19374,1.19371,2700000,3700000
2021-06-23 09:37:37.075000,1.19373,1.19371,750000,750000
2021-06-23 09:37:39.132000,1.19373,1.1937,1870000,3700000
2021-06-23 09:37:40.165000,1.19372,1.1937,450000,750000
2021-06-23 09:37:40.891000,1.19373,1.1937,1120000,3700000
2021-06-23 09:37:40.992000,1.19369,1.19366,1120000,8850000
2021-06-23 09:37:41.094000,1.19368,1.19366,370000,750000
2021-06-23 09:37:41.196000,1.19369,1.19366,1120000,750000
2021-06-23 09:37:41.297000,1.19368,1.19366,370000,750000
2021-06-23 09:37:41.399000,1.19367,1.19365,370000,750000
2021-06-23 09:37:42.324000,1.19365,1.19362,750000,6650000
2021-06-23 09:37:42.526000,1.19364,1.19362,370000,750000
2021-06-23 09:37:42.994000,1.19365,1.19362,1500000,3700000
2021-06-23 09:37:45.399000,1.19363,1.19361,450000,750000
2021-06-23 09:37:45.501000,1.19364,1.19362,370000,750000
2021-06-23 09:37:46.998000,1.19363,1.19361,450000,750000
2021-06-23 09:37:47.101000,1.19364,1.19362,450000,750000
2021-06-23 09:37:47.272000,1.19363,1.19361,370000,750000
2021-06-23 09:37:48.577000,1.19364,1.19362,370000,750000
2021-06-23 09:37:49.817000,1.19367,1.19364,6480000,750000
2021-06-23 09:37:50.070000,1.19367,1.19365,820000,750000
2021-06-23 09:37:51.247000,1.19369,1.19365,2140000,1500000
2021-06-23 09:37:51.659000,1.19369,1.19366,750000,2950000
2021-06-23 09:37:52.153000,1.19369,1.19367,750000,750000
2021-06-23 09:37:52.204000,1.19371,1.19368,1950000,3700000
2021-06-23 09:37:53.753000,1.1937,1.19367,1870000,750000
2021-06-23 09:37:53.855000,1.1937,1.19366,1870000,4450000
2021-06-23 09:37:53.956000,1.19369,1.19366,100000,4450000
2021-06-23 09:38:08.350000,1.1937,1.19367,1570000,3700000
2021-06-23 09:38:08.553000,1.1937,1.19368,750000,750000
2021-06-23 09:38:08.995000,1.19369,1.19367,750000,750000
2021-06-23 09:38:09.097000,1.19369,1.19366,750000,5200000
2021-06-23 09:38:10.202000,1.1937,1.19367,820000,4450000
2021-06-23 09:38:10.354000,1.19371,1.19368,750000,750000
2021-06-23 09:38:18.378000,1.19373,1.1937,820000,750000
2021-06-23 09:38:23.355000,1.19372,1.19369,750000,4520000
2021-06-23 09:38:28.296000,1.1937,1.19368,370000,4400000
2021-06-23 09:38:28.397000,1.19369,1.19367,1120000,4400000
2021-06-23 09:38:28.499000,1.19369,1.19366,1120000,4450000
2021-06-23 09:38:32.126000,1.19368,1.19366,1310000,1500000
2021-06-23 09:38:33.420000,1.19367,1.19365,1120000,750000
2021-06-23 09:38:33.521000,1.19366,1.19364,370000,750000
2021-06-23 09:38:34.854000,1.19365,1.19362,1120000,4450000
2021-06-23 09:38:34.965000,1.19364,1.19362,370000,1500000
2021-06-23 09:38:35.852000,1.19364,1.19361,820000,1500000
2021-06-23 09:38:37.793000,1.19365,1.19363,450000,1500000
2021-06-23 09:38:37.895000,1.19366,1.19364,750000,1500000
2021-06-23 09:38:37.945000,1.19368,1.19365,2060000,750000
2021-06-23 09:38:39.985000,1.19367,1.19364,750000,4450000
2021-06-23 09:38:42.354000,1.19367,1.19365,940000,750000
2021-06-23 09:38:42.456000,1.19368,1.19365,3260000,750000
2021-06-23 09:38:43.556000,1.19367,1.19365,100000,750000
2021-06-23 09:38:46.403000,1.19367,1.19364,1690000,1500000
2021-06-23 09:38:46.606000,1.19369,1.19366,2440000,750000
2021-06-23 09:38:51.407000,1.19369,1.19367,750000,1500000
2021-06-23 09:38:51.458000,1.19371,1.19367,3260000,4450000
2021-06-23 09:38:51.559000,1.1937,1.19367,190000,4450000
2021-06-23 09:38:51.661000,1.19369,1.19367,940000,750000
2021-06-23 09:38:54.439000,1.19368,1.19365,750000,3770000
2021-06-23 09:38:57.327000,1.19367,1.19365,190000,1500000
2021-06-23 09:38:59.725000,1.19368,1.19365,1390000,4450000
2021-06-23 09:38:59.828000,1.19369,1.19366,940000,1500000
2021-06-23 09:39:01.139000,1.19368,1.19366,190000,1500000
2021-06-23 09:39:02.841000,1.19366,1.19364,750000,750000
2021-06-23 09:39:02.942000,1.19365,1.19363,750000,750000
2021-06-23 09:39:03.044000,1.19366,1.19363,1120000,750000
2021-06-23 09:39:04.552000,1.19365,1.19362,750000,1500000
2021-06-23 09:39:04.653000,1.19364,1.19362,750000,750000
2021-06-23 09:39:07.465000,1.19367,1.19364,1310000,3700000
2021-06-23 09:39:07.617000,1.19367,1.19365,750000,750000
2021-06-23 09:39:08.636000,1.19368,1.19365,940000,4450000
2021-06-23 09:39:08.788000,1.19368,1.19366,750000,750000
2021-06-23 09:39:08.889000,1.19369,1.19366,750000,4520000
2021-06-23 09:39:09.612000,1.19368,1.19366,750000,750000
2021-06-23 09:39:10.444000,1.19368,1.19365,940000,1500000
2021-06-23 09:39:10.545000,1.19367,1.19365,640000,750000
2021-06-23 09:39:11.125000,1.19367,1.19364,1010000,750000
2021-06-23 09:39:13.472000,1.19365,1.19363,750000,750000
2021-06-23 09:39:13.975000,1.19366,1.19365,1690000,1500000
2021-06-23 09:39:19.347000,1.19365,1.19362,750000,2320000
2021-06-23 09:39:19.448000,1.19364,1.19362,750000,750000
2021-06-23 09:39:19.551000,1.19363,1.19361,750000,750000
2021-06-23 09:39:26.126000,1.19364,1.19361,1010000,1500000
2021-06-23 09:39:27.827000,1.19361,1.19359,1500000,7470000
2021-06-23 09:39:27.980000,1.1936,1.19358,1690000,750000
2021-06-23 09:39:28.081000,1.1936,1.19357,2060000,750000
2021-06-23 09:39:29.196000,1.19359,1.19357,370000,750000
2021-06-23 09:39:29.464000,1.19358,1.19356,1120000,750000
2021-06-23 09:39:33.044000,1.19357,1.19355,940000,750000
2021-06-23 09:39:33.196000,1.19357,1.19354,940000,3700000
2021-06-23 09:39:33.297000,1.19355,1.19353,750000,750000
2021-06-23 09:39:33.399000,1.19355,1.19352,1310000,750000
2021-06-23 09:39:33.602000,1.19352,1.1935,370000,5150000
2021-06-23 09:39:33.653000,1.19349,1.19348,940000,11200000
2021-06-23 09:39:33.754000,1.19349,1.19346,750000,4450000
2021-06-23 09:39:34.322000,1.19348,1.19346,940000,750000
2021-06-23 09:39:34.525000,1.19349,1.19346,2510000,750000
2021-06-23 09:39:34.890000,1.19348,1.19346,1310000,750000
2021-06-23 09:39:34.941000,1.19346,1.19343,2060000,5150000
2021-06-23 09:39:35.043000,1.19345,1.19342,2060000,750000
2021-06-23 09:39:35.245000,1.19344,1.19342,100000,750000
2021-06-23 09:39:35.397000,1.19345,1.19342,4010000,750000
2021-06-23 09:39:35.600000,1.19343,1.19342,450000,750000
2021-06-23 09:39:35.791000,1.19345,1.19342,3260000,3700000
2021-06-23 09:39:35.994000,1.19344,1.19342,100000,750000
2021-06-23 09:39:36.196000,1.19345,1.19342,3260000,750000
2021-06-23 09:39:36.763000,1.19345,1.19343,100000,750000
2021-06-23 09:39:36.966000,1.19346,1.19343,750000,3700000
2021-06-23 09:39:38.405000,1.19349,1.19346,9180000,750000
2021-06-23 09:39:39.990000,1.1935,1.19347,3560000,750000
2021-06-23 09:39:40.371000,1.19349,1.19347,370000,750000
2021-06-23 09:39:40.751000,1.1935,1.19347,1870000,750000
2021-06-23 09:39:41.224000,1.19351,1.19349,450000,750000
2021-06-23 09:39:41.326000,1.19352,1.1935,750000,750000
2021-06-23 09:39:41.529000,1.19353,1.1935,4010000,3700000
2021-06-23 09:39:41.838000,1.1935,1.19347,1120000,8100000
2021-06-23 09:39:44.292000,1.19349,1.19346,750000,750000
2021-06-23 09:39:47.071000,1.19346,1.19344,370000,750000
2021-06-23 09:39:47.172000,1.19347,1.19344,1950000,750000
2021-06-23 09:39:47.375000,1.19346,1.19343,1870000,750000
2021-06-23 09:39:47.476000,1.19345,1.19342,750000,750000
2021-06-23 09:39:47.628000,1.19344,1.19342,370000,750000
2021-06-23 09:39:47.730000,1.19345,1.19342,2620000,3700000
2021-06-23 09:39:50.123000,1.19346,1.19344,1500000,750000
2021-06-23 09:39:50.174000,1.19348,1.19346,5350000,750000
2021-06-23 09:39:50.429000,1.19349,1.19346,750000,750000
2021-06-23 09:39:50.732000,1.1935,1.19348,450000,750000
2021-06-23 09:39:51.612000,1.19349,1.19346,1120000,750000
2021-06-23 09:39:53.141000,1.19348,1.19346,370000,750000
2021-06-23 09:39:53.547000,1.19348,1.19345,1120000,750000
2021-06-23 09:39:54.911000,1.19347,1.19345,370000,750000
2021-06-23 09:39:57.539000,1.19348,1.19345,1570000,750000
2021-06-23 09:39:58.870000,1.19347,1.19345,370000,750000
2021-06-23 09:40:00.400000,1.19348,1.19345,750000,3890000
2021-06-23 09:40:00.501000,1.19348,1.19347,1570000,3700000
2021-06-23 09:40:03.512000,1.19348,1.19346,750000,750000
2021-06-23 09:40:04.577000,1.19348,1.19347,2250000,750000
2021-06-23 09:40:12.445000,1.19348,1.19346,750000,750000
2021-06-23 09:40:12.496000,1.19345,1.19344,1870000,4580000
2021-06-23 09:40:12.597000,1.19345,1.19342,750000,820000
2021-06-23 09:40:13.468000,1.19346,1.19343,1500000,750000
2021-06-23 09:40:13.570000,1.19345,1.19342,1500000,750000
2021-06-23 09:40:15.351000,1.19344,1.19341,1500000,820000
2021-06-23 09:40:20.770000,1.19343,1.1934,750000,1200000
2021-06-23 09:40:27.645000,1.19343,1.19341,750000,750000
2021-06-23 09:40:27.797000,1.19343,1.1934,750000,5460000
2021-06-23 09:40:28.059000,1.19344,1.19341,750000,750000
2021-06-23 09:40:28.161000,1.19347,1.19345,4600000,940000
2021-06-23 09:40:28.262000,1.19347,1.19346,750000,3890000
2021-06-23 09:40:28.934000,1.19346,1.19343,560000,7350000
2021-06-23 09:40:29.035000,1.19346,1.19342,2810000,2950000
2021-06-23 09:40:29.086000,1.19348,1.19346,6480000,190000
2021-06-23 09:40:29.188000,1.19348,1.19345,750000,3700000
2021-06-23 09:40:30.330000,1.19349,1.19346,750000,7710000
2021-06-23 09:40:30.381000,1.1935,1.19348,100000,1200000
2021-06-23 09:40:30.431000,1.19352,1.1935,750000,190000
2021-06-23 09:40:30.533000,1.19353,1.1935,750000,750000
2021-06-23 09:40:31.740000,1.19354,1.19351,2250000,750000
2021-06-23 09:40:33.566000,1.19355,1.19352,2250000,750000
2021-06-23 09:40:37.267000,1.19357,1.19355,750000,750000
2021-06-23 09:40:37.369000,1.19359,1.19356,1500000,3700000
2021-06-23 09:40:39.482000,1.1936,1.19358,1200000,750000
2021-06-23 09:40:43.914000,1.1936,1.19357,1120000,750000
2021-06-23 09:40:49.800000,1.19359,1.19356,750000,3700000
2021-06-23 09:40:52.103000,1.1936,1.19357,1200000,750000
2021-06-23 09:41:05.332000,1.19359,1.19356,750000,750000
2021-06-23 09:41:07.418000,1.19362,1.1936,6930000,3640000
2021-06-23 09:41:07.520000,1.19363,1.1936,750000,4450000
2021-06-23 09:41:07.976000,1.19364,1.19361,750000,3700000
2021-06-23 09:41:22.328000,1.19365,1.19362,1120000,750000
2021-06-23 09:41:23.294000,1.19368,1.19365,1570000,750000
2021-06-23 09:41:27.088000,1.19369,1.19366,1200000,750000
2021-06-23 09:41:32.022000,1.1937,1.19367,6000000,750000
2021-06-23 09:41:33.536000,1.19369,1.19367,100000,750000
2021-06-23 09:41:33.875000,1.19369,1.19366,820000,750000
2021-06-23 09:41:34.631000,1.19365,1.19363,100000,750000
2021-06-23 09:41:34.682000,1.19364,1.19361,750000,8150000
2021-06-23 09:41:48.919000,1.19366,1.19364,820000,750000
2021-06-23 09:41:49.123000,1.19367,1.19366,1500000,750000
2021-06-23 09:41:52.724000,1.1937,1.19367,1870000,750000
2021-06-23 09:41:53.380000,1.19369,1.19367,750000,750000
2021-06-23 09:41:53.635000,1.19369,1.19366,1500000,750000
2021-06-23 09:41:55.283000,1.19367,1.19366,750000,750000
2021-06-23 09:41:55.384000,1.19365,1.19363,1120000,750000
2021-06-23 09:41:55.486000,1.19363,1.19361,1870000,4400000
2021-06-23 09:41:55.587000,1.19363,1.1936,1870000,750000
2021-06-23 09:41:55.840000,1.19362,1.1936,750000,750000
2021-06-23 09:41:55.891000,1.19361,1.19358,1500000,1760000
2021-06-23 09:41:56.094000,1.1936,1.19357,1500000,750000
2021-06-23 09:41:59.485000,1.19359,1.19357,750000,750000
2021-06-23 09:41:59.586000,1.19359,1.19356,1870000,750000
2021-06-23 09:41:59.687000,1.19358,1.19355,1500000,750000
2021-06-23 09:41:59.738000,1.19356,1.19353,750000,8550000
2021-06-23 09:41:59.840000,1.19355,1.19352,1870000,1200000
2021-06-23 09:42:01.065000,1.19354,1.19351,750000,750000
2021-06-23 09:42:02.452000,1.19356,1.19354,820000,750000
2021-06-23 09:42:02.554000,1.19356,1.19355,1500000,750000
2021-06-23 09:42:03.013000,1.19355,1.19353,750000,750000
2021-06-23 09:42:03.115000,1.19355,1.19352,1500000,1950000
2021-06-23 09:42:03.693000,1.19355,1.19354,1500000,820000
2021-06-23 09:42:03.794000,1.19356,1.19354,750000,750000
2021-06-23 09:42:04.251000,1.19356,1.19353,1500000,820000
2021-06-23 09:42:05.241000,1.19357,1.19354,1500000,750000
2021-06-23 09:42:06.811000,1.19357,1.19355,750000,820000
2021-06-23 09:42:06.913000,1.19358,1.19355,750000,820000
2021-06-23 09:42:09.319000,1.19359,1.19357,750000,750000
2021-06-23 09:42:11.680000,1.1936,1.19357,1500000,750000
2021-06-23 09:42:11.782000,1.19361,1.19358,1500000,750000
2021-06-23 09:42:13.875000,1.19362,1.19359,1500000,750000
2021-06-23 09:42:14.179000,1.19364,1.19361,1500000,750000
2021-06-23 09:42:18.102000,1.19364,1.19362,750000,750000
2021-06-23 09:42:20.372000,1.19364,1.19361,1120000,750000
2021-06-23 09:42:22.792000,1.1936,1.19359,1120000,6160000
2021-06-23 09:42:22.894000,1.1936,1.19357,750000,750000
2021-06-23 09:42:23.147000,1.19358,1.19355,1120000,750000
2021-06-23 09:42:31.597000,1.19359,1.19356,2960000,750000
2021-06-23 09:42:32.631000,1.19358,1.19356,450000,750000
2021-06-23 09:42:32.890000,1.19357,1.19355,370000,750000
2021-06-23 09:42:32.991000,1.19357,1.19354,1120000,750000
2021-06-23 09:42:33.416000,1.19356,1.19353,3370000,750000
2021-06-23 09:42:33.518000,1.19354,1.19353,370000,1500000
2021-06-23 09:42:33.619000,1.19356,1.19353,2320000,750000
2021-06-23 09:42:34.143000,1.19357,1.19354,1120000,750000
2021-06-23 09:42:37.369000,1.19358,1.19356,370000,750000
2021-06-23 09:42:39.336000,1.19358,1.19355,1120000,750000
2021-06-23 09:42:41.696000,1.19356,1.19354,370000,750000
2021-06-23 09:42:42.290000,1.19355,1.19353,1120000,750000
2021-06-23 09:42:42.392000,1.19355,1.19352,1120000,750000
2021-06-23 09:42:42.897000,1.19356,1.19353,750000,750000
2021-06-23 09:42:42.999000,1.19357,1.19354,1200000,750000
2021-06-23 09:42:43.405000,1.19358,1.19355,1870000,750000
2021-06-23 09:42:44.432000,1.19357,1.19355,370000,750000
2021-06-23 09:42:44.600000,1.19357,1.19355,4120000,750000
2021-06-23 09:42:48.990000,1.19357,1.19355,370000,750000
2021-06-23 09:42:49.143000,1.19356,1.19353,1120000,2320000
2021-06-23 09:42:49.345000,1.19355,1.19352,1120000,1500000
2021-06-23 09:42:49.497000,1.19354,1.19351,750000,1500000
2021-06-23 09:42:53.438000,1.19354,1.19352,370000,750000
2021-06-23 09:43:00.904000,1.19355,1.19352,1120000,1500000
2021-06-23 09:43:00.956000,1.19356,1.19354,450000,750000
2021-06-23 09:43:01.058000,1.19358,1.19355,1120000,750000
2021-06-23 09:43:02.451000,1.19359,1.19356,1120000,750000
2021-06-23 09:43:03.130000,1.19359,1.19357,750000,750000
2021-06-23 09:43:03.232000,1.1936,1.19357,750000,2250000
2021-06-23 09:43:03.384000,1.19361,1.19358,1120000,1500000
2021-06-23 09:43:07,1.19359,1.19357,750000,100000
2021-06-23 09:43:07.152000,1.19359,1.19356,750000,750000
2021-06-23 09:43:07.304000,1.19358,1.19356,1120000,1570000
2021-06-23 09:43:07.963000,1.19358,1.19357,1120000,750000
2021-06-23 09:43:16.459000,1.19361,1.19359,9370000,750000
2021-06-23 09:43:16.661000,1.19364,1.19361,4690000,750000
2021-06-23 09:43:16.970000,1.19363,1.19361,370000,750000
2021-06-23 09:43:20.937000,1.19366,1.19364,9180000,1500000
2021-06-23 09:43:21.039000,1.19368,1.19365,1870000,750000
2021-06-23 09:43:23.463000,1.19367,1.19365,370000,750000
2021-06-23 09:43:25.866000,1.19369,1.19365,4570000,750000
2021-06-23 09:43:25.968000,1.19369,1.19366,4500000,750000
2021-06-23 09:43:26.212000,1.19368,1.19364,1500000,5220000
2021-06-23 09:43:26.313000,1.19368,1.19365,750000,750000
2021-06-23 09:43:30.088000,1.19368,1.19366,370000,750000
2021-06-23 09:43:30.663000,1.19366,1.19364,370000,750000
2021-06-23 09:43:30.714000,1.19365,1.19362,1500000,1200000
2021-06-23 09:43:30.765000,1.19363,1.19361,370000,750000
2021-06-23 09:43:30.867000,1.19364,1.19361,750000,750000
2021-06-23 09:43:32.193000,1.19363,1.19361,370000,750000
2021-06-23 09:43:32.345000,1.19363,1.1936,1120000,1500000
2021-06-23 09:43:33.861000,1.19364,1.19361,1570000,750000
2021-06-23 09:43:33.913000,1.19366,1.19364,370000,750000
2021-06-23 09:43:33.963000,1.19368,1.19365,1120000,750000
2021-06-23 09:43:34.065000,1.19369,1.19366,5320000,750000
2021-06-23 09:43:35.756000,1.1937,1.19367,4120000,1500000
2021-06-23 09:43:36.112000,1.19369,1.19367,750000,1500000
2021-06-23 09:43:36.214000,1.1937,1.19367,7500000,1500000
2021-06-23 09:43:36.366000,1.19369,1.19366,1120000,750000
2021-06-23 09:43:36.989000,1.19369,1.19367,370000,750000
2021-06-23 09:43:37.551000,1.1937,1.19367,4500000,750000
2021-06-23 09:43:38.318000,1.19371,1.19369,370000,750000
2021-06-23 09:43:38.419000,1.19373,1.1937,820000,750000
2021-06-23 09:43:38.724000,1.19374,1.19371,1500000,750000
2021-06-23 09:43:39.259000,1.19373,1.19371,370000,750000
2021-06-23 09:43:39.511000,1.19373,1.1937,370000,1500000
2021-06-23 09:43:40.220000,1.19374,1.1937,1120000,1570000
2021-06-23 09:43:41.018000,1.19373,1.1937,370000,1500000
2021-06-23 09:43:43.786000,1.19374,1.1937,4120000,1500000
2021-06-23 09:43:43.887000,1.19373,1.1937,370000,1500000
2021-06-23 09:43:44.903000,1.19374,1.1937,6450000,750000
2021-06-23 09:43:45.110000,1.19374,1.19371,6450000,750000
2021-06-23 09:43:50.770000,1.19373,1.1937,750000,1500000
2021-06-23 09:43:55.093000,1.1937,1.19367,4120000,1200000
2021-06-23 09:43:55.194000,1.19368,1.19366,1120000,4400000
2021-06-23 09:43:55.296000,1.19368,1.19365,1870000,750000
2021-06-23 09:44:00.099000,1.19369,1.19366,5620000,750000
2021-06-23 09:44:00.593000,1.19368,1.19365,750000,750000
2021-06-23 09:44:02.981000,1.19368,1.19366,750000,750000
2021-06-23 09:44:04.214000,1.19369,1.19366,750000,1310000
2021-06-23 09:44:04.316000,1.19373,1.1937,5730000,750000
2021-06-23 09:44:10.677000,1.19374,1.19371,1870000,750000
2021-06-23 09:44:21.168000,1.19373,1.1937,750000,750000
2021-06-23 09:44:22.183000,1.1937,1.19368,1870000,4400000
2021-06-23 09:44:22.234000,1.19369,1.19366,1120000,1500000
2021-06-23 09:44:22.286000,1.19367,1.19365,750000,12650000
2021-06-23 09:44:22.387000,1.19368,1.19365,1120000,8250000
2021-06-23 09:44:30.253000,1.19365,1.19363,1120000,4400000
2021-06-23 09:44:30.355000,1.19364,1.19361,750000,5150000
2021-06-23 09:44:32.274000,1.19362,1.19359,750000,1950000
2021-06-23 09:44:32.894000,1.19363,1.1936,750000,1500000
2021-06-23 09:44:35.056000,1.19362,1.1936,750000,750000
2021-06-23 09:44:39.594000,1.19362,1.19359,750000,1500000
2021-06-23 09:44:39.797000,1.19363,1.19361,750000,750000
2021-06-23 09:44:39.848000,1.19365,1.19362,820000,5270000
2021-06-23 09:44:39.899000,1.19367,1.19364,5730000,1500000
2021-06-23 09:44:42.136000,1.19367,1.19365,750000,100000
2021-06-23 09:44:44.404000,1.19368,1.19365,750000,1570000
2021-06-23 09:44:44.506000,1.19367,1.19365,370000,750000
2021-06-23 09:44:44.658000,1.19367,1.19364,1120000,1570000
2021-06-23 09:44:46.623000,1.19367,1.19365,750000,750000
2021-06-23 09:44:51.417000,1.19369,1.19366,750000,820000
2021-06-23 09:44:51.518000,1.1937,1.19367,4120000,1500000
2021-06-23 09:44:51.620000,1.19369,1.19366,1120000,1500000
2021-06-23 09:44:51.873000,1.19368,1.19366,750000,750000
2021-06-23 09:44:52.158000,1.19368,1.19365,750000,820000
2021-06-23 09:44:53.323000,1.19367,1.19364,3750000,1570000
2021-06-23 09:44:57.190000,1.19366,1.19364,100000,750000
2021-06-23 09:44:57.336000,1.19366,1.19363,820000,820000
2021-06-23 09:44:57.589000,1.19366,1.19364,750000,820000
2021-06-23 09:44:59.038000,1.19367,1.19366,750000,1570000
2021-06-23 09:44:59.191000,1.19368,1.19367,750000,100000
2021-06-23 09:44:59.242000,1.19371,1.19368,3750000,1570000
2021-06-23 09:44:59.344000,1.19371,1.19369,750000,100000
2021-06-23 09:44:59.607000,1.19372,1.19369,750000,820000
