time,ask,bid,ask_volume,bid_volume
2019-10-24 11:40:00.293000,1.11263,1.11262,190000,820000
2019-10-24 11:40:00.394000,1.11262,1.11261,750000,2510000
2019-10-24 11:40:00.496000,1.11261,1.1126,190000,450000
2019-10-24 11:40:00.575000,1.11261,1.11259,940000,100000
2019-10-24 11:40:00.676000,1.1126,1.11258,190000,1500000
2019-10-24 11:40:01.833000,1.11259,1.11258,750000,750000
2019-10-24 11:40:03.162000,1.1126,1.11258,940000,750000
2019-10-24 11:40:03.213000,1.11255,1.11254,940000,11620000
2019-10-24 11:40:03.314000,1.11254,1.11253,1870000,1690000
2019-10-24 11:40:03.430000,1.11253,1.11252,370000,1500000
2019-10-24 11:40:03.582000,1.11254,1.11252,1870000,750000
2019-10-24 11:40:04.055000,1.11255,1.11252,3940000,1120000
2019-10-24 11:40:05.307000,1.11254,1.11253,1500000,750000
2019-10-24 11:40:05.599000,1.11255,1.11253,4010000,750000
2019-10-24 11:40:07.371000,1.11254,1.11253,750000,750000
2019-10-24 11:40:08.402000,1.11255,1.11253,5140000,750000
2019-10-24 11:40:10.715000,1.11254,1.11253,1500000,750000
2019-10-24 11:40:10.968000,1.11254,1.11252,1500000,2620000
2019-10-24 11:40:11.404000,1.11255,1.11252,3640000,1870000
2019-10-24 11:40:11.514000,1.11255,1.11252,3560000,2620000
2019-10-24 11:40:11.617000,1.11254,1.11252,1500000,1870000
2019-10-24 11:40:11.720000,1.11252,1.1125,750000,2250000
2019-10-24 11:40:11.951000,1.11252,1.11251,1690000,750000
2019-10-24 11:40:12.052000,1.11252,1.1125,940000,1120000
2019-10-24 11:40:12.511000,1.11252,1.11249,2510000,2320000
2019-10-24 11:40:12.665000,1.11251,1.11249,750000,1500000
2019-10-24 11:40:12.948000,1.11251,1.11248,940000,1870000
2019-10-24 11:40:13.182000,1.11251,1.11249,100000,1310000
2019-10-24 11:40:13.284000,1.11252,1.11249,1690000,2060000
2019-10-24 11:40:13.386000,1.11252,1.1125,1500000,820000
2019-10-24 11:40:13.487000,1.11252,1.11251,1500000,750000
2019-10-24 11:40:13.648000,1.11253,1.11251,1760000,940000
2019-10-24 11:40:13.749000,1.11253,1.1125,1570000,2700000
2019-10-24 11:40:13.998000,1.11253,1.11251,1120000,750000
2019-10-24 11:40:14.150000,1.11253,1.1125,750000,3640000
2019-10-24 11:40:14.251000,1.11254,1.1125,1760000,4310000
2019-10-24 11:40:14.353000,1.11254,1.11251,750000,1310000
2019-10-24 11:40:14.454000,1.11254,1.11253,750000,190000
2019-10-24 11:40:20.614000,1.11254,1.11252,940000,1500000
2019-10-24 11:40:21.763000,1.11255,1.11252,370000,2060000
2019-10-24 11:40:25.561000,1.11254,1.11252,370000,2140000
2019-10-24 11:40:27.561000,1.11255,1.11252,750000,1690000
2019-10-24 11:40:33.986000,1.11254,1.11252,260000,1120000
2019-10-24 11:40:34.138000,1.11253,1.11251,750000,1500000
2019-10-24 11:40:34.641000,1.11252,1.11251,750000,1500000
2019-10-24 11:40:34.901000,1.11253,1.11251,2250000,1500000
2019-10-24 11:40:37.104000,1.11252,1.11251,750000,2250000
2019-10-24 11:40:37.828000,1.11251,1.1125,190000,750000
2019-10-24 11:40:37.929000,1.11251,1.11249,640000,750000
2019-10-24 11:40:38.063000,1.11252,1.1125,5890000,370000
2019-10-24 11:40:38.114000,1.11253,1.1125,2510000,2320000
2019-10-24 11:40:38.268000,1.11252,1.1125,370000,1500000
2019-10-24 11:40:38.370000,1.11251,1.1125,1500000,1500000
2019-10-24 11:40:38.472000,1.1125,1.11248,1120000,3070000
2019-10-24 11:40:38.778000,1.1125,1.11249,1120000,750000
2019-10-24 11:40:39.009000,1.1125,1.11248,1120000,2250000
2019-10-24 11:40:39.117000,1.1125,1.11249,1120000,750000
2019-10-24 11:40:39.532000,1.11249,1.11247,750000,3750000
2019-10-24 11:40:51.452000,1.1125,1.11247,940000,1500000
2019-10-24 11:40:58.036000,1.11249,1.11247,370000,3750000
2019-10-24 11:40:58.580000,1.1125,1.11247,1310000,4500000
2019-10-24 11:40:59.241000,1.11249,1.11247,100000,3750000
2019-10-24 11:40:59.342000,1.1125,1.11247,190000,3370000
2019-10-24 11:40:59.498000,1.11252,1.11251,3940000,750000
2019-10-24 11:40:59.599000,1.11253,1.1125,2250000,190000
2019-10-24 11:40:59.700000,1.11252,1.1125,750000,1310000
2019-10-24 11:40:59.802000,1.11251,1.1125,190000,190000
2019-10-24 11:40:59.904000,1.11252,1.11249,2250000,2810000
2019-10-24 11:41:05.619000,1.11253,1.11249,3190000,3560000
2019-10-24 11:41:07.547000,1.11252,1.11249,100000,3260000
2019-10-24 11:41:09.666000,1.1125,1.11249,1120000,750000
2019-10-24 11:41:09.768000,1.1125,1.11248,1570000,750000
2019-10-24 11:41:10.021000,1.1125,1.11247,1310000,1500000
2019-10-24 11:41:11.216000,1.1125,1.11248,940000,100000
2019-10-24 11:41:11.368000,1.1125,1.11247,940000,1500000
2019-10-24 11:41:12.279000,1.11251,1.1125,100000,2060000
2019-10-24 11:41:12.381000,1.11252,1.1125,750000,1310000
2019-10-24 11:41:13.292000,1.11252,1.11251,750000,190000
2019-10-24 11:41:15.271000,1.11252,1.1125,750000,940000
2019-10-24 11:41:15.559000,1.11253,1.11251,2250000,190000
2019-10-24 11:41:16.016000,1.11252,1.11251,750000,190000
2019-10-24 11:41:16.218000,1.11253,1.11251,820000,2440000
2019-10-24 11:41:16.319000,1.11254,1.11252,750000,190000
2019-10-24 11:41:16.420000,1.11255,1.11252,2620000,940000
2019-10-24 11:41:16.863000,1.11256,1.11253,3450000,1690000
2019-10-24 11:41:16.964000,1.11255,1.11253,750000,2060000
2019-10-24 11:41:17.116000,1.11256,1.11253,3000000,3560000
2019-10-24 11:41:18.793000,1.11256,1.11254,1500000,750000
2019-10-24 11:41:20.295000,1.11256,1.11253,1570000,940000
2019-10-24 11:41:21.806000,1.11255,1.11253,100000,750000
2019-10-24 11:41:21.908000,1.11255,1.11252,3940000,1500000
2019-10-24 11:41:22.009000,1.11255,1.11251,3940000,3260000
2019-10-24 11:41:22.161000,1.11254,1.11251,750000,2440000
2019-10-24 11:41:26.234000,1.11255,1.11251,4760000,940000
2019-10-24 11:41:28.590000,1.11255,1.11252,4760000,100000
2019-10-24 11:41:29.199000,1.11255,1.11254,1570000,2440000
2019-10-24 11:41:29.250000,1.11258,1.11256,3750000,3070000
2019-10-24 11:41:29.452000,1.11258,1.11257,2250000,1690000
2019-10-24 11:41:29.588000,1.11257,1.11256,750000,3190000
2019-10-24 11:41:29.690000,1.11258,1.11256,3370000,190000
2019-10-24 11:41:29.958000,1.11258,1.11255,3370000,1690000
2019-10-24 11:41:33.722000,1.11258,1.11256,2250000,190000
2019-10-24 11:41:33.823000,1.11257,1.11256,750000,190000
2019-10-24 11:41:33.932000,1.11258,1.11256,2250000,190000
2019-10-24 11:41:34.086000,1.11258,1.11257,1500000,190000
2019-10-24 11:41:34.300000,1.11258,1.11256,2250000,3190000
2019-10-24 11:41:34.590000,1.11258,1.11257,2250000,190000
2019-10-24 11:41:34.892000,1.11258,1.11256,1570000,750000
2019-10-24 11:41:34.994000,1.11257,1.11255,370000,750000
2019-10-24 11:41:35.658000,1.11256,1.11254,940000,190000
2019-10-24 11:41:36.145000,1.11257,1.11255,1120000,190000
2019-10-24 11:41:38.659000,1.11257,1.11254,370000,3260000
2019-10-24 11:41:42.762000,1.11258,1.11255,2620000,190000
2019-10-24 11:41:42.892000,1.1126,1.11256,4570000,940000
2019-10-24 11:41:42.943000,1.11259,1.11258,750000,750000
2019-10-24 11:41:43.044000,1.1126,1.11258,2700000,750000
2019-10-24 11:41:44.002000,1.11259,1.11258,750000,750000
2019-10-24 11:41:46.288000,1.11259,1.11257,1120000,190000
2019-10-24 11:41:47.988000,1.1126,1.11257,3450000,260000
2019-10-24 11:41:49.880000,1.11259,1.11257,750000,260000
2019-10-24 11:41:50.535000,1.1126,1.11257,3450000,260000
2019-10-24 11:41:52.835000,1.1126,1.11259,1570000,2810000
2019-10-24 11:41:52.886000,1.11262,1.1126,1950000,190000
2019-10-24 11:41:52.987000,1.11263,1.1126,3000000,940000
2019-10-24 11:41:54.191000,1.11262,1.1126,1120000,3190000
2019-10-24 11:41:54.395000,1.11261,1.1126,750000,2440000
2019-10-24 11:41:54.723000,1.11261,1.11259,1500000,820000
2019-10-24 11:41:54.955000,1.11261,1.11258,750000,4010000
2019-10-24 11:41:56.854000,1.11261,1.11257,3000000,2510000
2019-10-24 11:41:56.955000,1.1126,1.11257,750000,2510000
2019-10-24 11:41:58.901000,1.11259,1.11257,450000,1500000
2019-10-24 11:41:59.188000,1.11259,1.11256,1870000,1010000
2019-10-24 11:41:59.341000,1.11258,1.11256,750000,3190000
2019-10-24 11:42:00.318000,1.11259,1.11256,1870000,940000
2019-10-24 11:42:04.110000,1.11257,1.11255,190000,1010000
2019-10-24 11:42:04.211000,1.11258,1.11256,1500000,370000
2019-10-24 11:42:06.354000,1.11258,1.11255,1500000,560000
2019-10-24 11:42:08.642000,1.11257,1.11255,370000,2440000
2019-10-24 11:42:10.065000,1.11258,1.11255,2060000,940000
2019-10-24 11:42:11.064000,1.11256,1.11255,370000,190000
2019-10-24 11:42:12.870000,1.11258,1.11255,1690000,190000
2019-10-24 11:42:13.900000,1.11258,1.11256,2250000,190000
2019-10-24 11:42:14.001000,1.11259,1.11256,4200000,940000
2019-10-24 11:42:16.700000,1.11258,1.11257,750000,370000
2019-10-24 11:42:16.801000,1.11259,1.11256,5320000,940000
2019-10-24 11:42:18.110000,1.11259,1.11257,2250000,190000
2019-10-24 11:42:23.279000,1.1126,1.11257,5620000,190000
2019-10-24 11:42:29.222000,1.11259,1.11257,370000,940000
2019-10-24 11:42:37.487000,1.11259,1.11256,2250000,2440000
2019-10-24 11:42:37.615000,1.11259,1.11257,2250000,100000
2019-10-24 11:42:44.318000,1.11259,1.11256,1500000,1690000
2019-10-24 11:42:49.607000,1.11258,1.11256,750000,2810000
2019-10-24 11:42:50.651000,1.11259,1.11256,750000,2890000
2019-10-24 11:42:50.810000,1.1126,1.11257,1500000,1690000
2019-10-24 11:42:55.188000,1.11259,1.11257,750000,750000
2019-10-24 11:42:58.321000,1.11259,1.11256,750000,6340000
2019-10-24 11:43:00.039000,1.11259,1.11257,750000,750000
2019-10-24 11:43:00.141000,1.11261,1.11258,3260000,750000
2019-10-24 11:43:00.919000,1.1126,1.11258,750000,750000
2019-10-24 11:43:01.071000,1.1126,1.11259,750000,190000
2019-10-24 11:43:01.205000,1.11261,1.11259,2440000,190000
2019-10-24 11:43:02.814000,1.1126,1.11259,750000,190000
2019-10-24 11:43:03.112000,1.1126,1.11258,940000,1500000
2019-10-24 11:43:03.214000,1.11261,1.11259,1010000,190000
2019-10-24 11:43:03.995000,1.1126,1.11258,190000,2700000
2019-10-24 11:43:04.789000,1.11262,1.11261,1570000,190000
2019-10-24 11:43:04.891000,1.11264,1.11262,750000,750000
2019-10-24 11:43:04.993000,1.11265,1.11263,190000,750000
2019-10-24 11:43:05.095000,1.11266,1.11263,2440000,940000
2019-10-24 11:43:08.464000,1.11265,1.11263,450000,940000
2019-10-24 11:43:13.857000,1.11265,1.11262,450000,3370000
2019-10-24 11:43:13.958000,1.11265,1.11263,100000,370000
2019-10-24 11:43:22.422000,1.11265,1.11262,100000,2250000
2019-10-24 11:43:22.524000,1.11264,1.11262,100000,2250000
2019-10-24 11:43:22.914000,1.11265,1.11262,100000,2250000
2019-10-24 11:43:23.510000,1.11265,1.11263,100000,370000
2019-10-24 11:43:25.056000,1.11265,1.11262,100000,2250000
2019-10-24 11:43:29.917000,1.11265,1.11261,2320000,3940000
2019-10-24 11:43:33.065000,1.11264,1.11262,750000,750000
2019-10-24 11:43:34.479000,1.11264,1.11261,750000,4310000
2019-10-24 11:43:35.366000,1.11261,1.1126,750000,750000
2019-10-24 11:43:35.417000,1.11261,1.11259,750000,1570000
2019-10-24 11:43:35.569000,1.11261,1.11258,100000,750000
2019-10-24 11:43:36.393000,1.11261,1.11259,100000,750000
2019-10-24 11:43:36.527000,1.1126,1.11259,260000,750000
2019-10-24 11:43:36.628000,1.1126,1.11258,260000,750000
2019-10-24 11:43:36.785000,1.1126,1.11257,260000,1120000
2019-10-24 11:43:39.469000,1.11261,1.11259,1950000,940000
2019-10-24 11:43:39.571000,1.11261,1.1126,100000,190000
2019-10-24 11:43:39.622000,1.11263,1.11261,1570000,370000
2019-10-24 11:43:39.724000,1.11263,1.1126,820000,190000
2019-10-24 11:43:48.914000,1.11263,1.1126,750000,1790000
2019-10-24 11:43:49.066000,1.11263,1.1126,750000,1310000
2019-10-24 11:43:52.210000,1.11264,1.1126,1570000,560000
2019-10-24 11:43:53.638000,1.11264,1.11261,3070000,100000
2019-10-24 11:43:53.689000,1.11262,1.11261,750000,100000
2019-10-24 11:43:53.739000,1.11262,1.11259,750000,3820000
2019-10-24 11:43:54.206000,1.11263,1.11259,2510000,2320000
2019-10-24 11:43:55.101000,1.11264,1.1126,4010000,2060000
2019-10-24 11:43:55.202000,1.11264,1.11261,3260000,100000
2019-10-24 11:43:55.743000,1.11263,1.1126,370000,940000
2019-10-24 11:43:57.119000,1.11263,1.11261,1690000,940000
2019-10-24 11:43:59.765000,1.11263,1.11262,190000,100000
2019-10-24 11:43:59.866000,1.11263,1.11261,190000,940000
2019-10-24 11:44:00.069000,1.11264,1.11263,750000,1500000
2019-10-24 11:44:00.119000,1.11266,1.11263,820000,1500000
2019-10-24 11:44:00.221000,1.11265,1.11263,750000,750000
2019-10-24 11:44:01.138000,1.11265,1.11262,940000,3000000
2019-10-24 11:44:02.110000,1.11267,1.11264,4220000,940000
2019-10-24 11:44:02.257000,1.11268,1.11265,1500000,2440000
2019-10-24 11:44:02.490000,1.11268,1.11266,1500000,190000
2019-10-24 11:44:02.919000,1.11269,1.11266,750000,190000
2019-10-24 11:44:04.825000,1.11267,1.11266,750000,190000
2019-10-24 11:44:04.926000,1.11266,1.11265,750000,820000
2019-10-24 11:44:05.028000,1.11266,1.11265,940000,370000
2019-10-24 11:44:05.079000,1.11266,1.11263,940000,640000
2019-10-24 11:44:05.936000,1.11267,1.11264,1570000,1310000
2019-10-24 11:44:06.037000,1.11268,1.11265,1950000,1010000
2019-10-24 11:44:06.140000,1.11268,1.11267,750000,370000
2019-10-24 11:44:06.268000,1.11269,1.11267,1010000,370000
2019-10-24 11:44:07.519000,1.11269,1.11266,260000,1570000
2019-10-24 11:44:07.621000,1.1127,1.11268,100000,370000
2019-10-24 11:44:07.723000,1.11271,1.11267,2060000,2320000
2019-10-24 11:44:10.074000,1.11271,1.11268,1010000,100000
2019-10-24 11:44:10.680000,1.11271,1.11267,1010000,1120000
2019-10-24 11:44:11.343000,1.11271,1.11268,1500000,370000
2019-10-24 11:44:11.445000,1.11271,1.11267,1760000,1120000
2019-10-24 11:44:11.547000,1.11271,1.11268,1500000,370000
2019-10-24 11:44:11.733000,1.11271,1.11267,1500000,1390000
2019-10-24 11:44:12.935000,1.11271,1.11268,1500000,370000
2019-10-24 11:44:13.089000,1.1127,1.11267,190000,1950000
2019-10-24 11:44:13.796000,1.1127,1.11268,190000,370000
2019-10-24 11:44:14.216000,1.1127,1.11266,190000,4390000
2019-10-24 11:44:16.348000,1.1127,1.11267,940000,370000
2019-10-24 11:44:16.872000,1.11271,1.1127,100000,370000
2019-10-24 11:44:16.974000,1.11273,1.11272,750000,370000
2019-10-24 11:44:17.025000,1.11274,1.11272,190000,2620000
2019-10-24 11:44:17.967000,1.11274,1.11271,190000,2890000
2019-10-24 11:44:19.813000,1.11274,1.11272,190000,100000
2019-10-24 11:44:20.029000,1.11274,1.11271,190000,2890000
2019-10-24 11:44:20.867000,1.11274,1.11272,190000,100000
2019-10-24 11:44:22.077000,1.11274,1.11271,190000,2890000
2019-10-24 11:44:22.303000,1.11274,1.11272,190000,100000
2019-10-24 11:44:22.564000,1.11274,1.11271,190000,2740000
2019-10-24 11:44:23.573000,1.11274,1.11272,190000,1990000
2019-10-24 11:44:23.937000,1.11274,1.11273,190000,370000
2019-10-24 11:44:24.370000,1.11274,1.11271,190000,3110000
2019-10-24 11:44:25.359000,1.11277,1.11275,1570000,370000
2019-10-24 11:44:25.461000,1.11278,1.11276,100000,370000
2019-10-24 11:44:25.602000,1.11279,1.11276,750000,560000
2019-10-24 11:44:25.703000,1.11279,1.11275,820000,2060000
2019-10-24 11:44:25.806000,1.11279,1.11276,750000,370000
2019-10-24 11:44:25.907000,1.11279,1.11275,750000,2890000
2019-10-24 11:44:26.110000,1.11279,1.11276,1200000,100000
2019-10-24 11:44:26.212000,1.11279,1.11277,190000,750000
2019-10-24 11:44:29.209000,1.1128,1.11276,190000,1760000
2019-10-24 11:44:30.066000,1.11279,1.11276,370000,190000
2019-10-24 11:44:30.168000,1.11279,1.11277,370000,100000
2019-10-24 11:44:30.309000,1.11278,1.11276,370000,260000
2019-10-24 11:44:30.410000,1.11279,1.11276,100000,640000
2019-10-24 11:44:30.620000,1.11278,1.11276,370000,260000
2019-10-24 11:44:30.721000,1.11279,1.11277,100000,370000
2019-10-24 11:44:30.869000,1.11279,1.11276,100000,640000
2019-10-24 11:44:32.211000,1.11278,1.11276,370000,260000
2019-10-24 11:44:32.313000,1.11277,1.11274,370000,450000
2019-10-24 11:44:32.420000,1.11275,1.11272,370000,1760000
2019-10-24 11:44:32.945000,1.11276,1.11272,1120000,1010000
2019-10-24 11:44:33.766000,1.11277,1.11274,100000,370000
2019-10-24 11:44:33.868000,1.11278,1.11274,750000,640000
2019-10-24 11:44:33.969000,1.11279,1.11274,1010000,640000
2019-10-24 11:44:34.152000,1.11279,1.11275,820000,190000
2019-10-24 11:44:34.305000,1.11279,1.11276,750000,190000
2019-10-24 11:44:34.726000,1.11277,1.11275,750000,190000
2019-10-24 11:44:35.131000,1.11277,1.11273,2320000,190000
2019-10-24 11:44:35.232000,1.11277,1.11272,2140000,2250000
2019-10-24 11:44:35.334000,1.11277,1.11274,1570000,190000
2019-10-24 11:44:35.436000,1.11279,1.11276,560000,190000
2019-10-24 11:44:35.537000,1.11277,1.11274,190000,190000
2019-10-24 11:44:35.741000,1.11278,1.11275,100000,190000
2019-10-24 11:44:36.292000,1.11278,1.11274,100000,260000
2019-10-24 11:44:36.397000,1.11275,1.11274,370000,190000
2019-10-24 11:44:36.498000,1.11276,1.11272,1010000,820000
2019-10-24 11:44:37.882000,1.11275,1.11272,370000,100000
2019-10-24 11:44:38.006000,1.11276,1.11272,1010000,100000
2019-10-24 11:44:39.962000,1.11275,1.11272,100000,1500000
2019-10-24 11:44:40.064000,1.11275,1.11273,100000,100000
2019-10-24 11:44:40.166000,1.11275,1.11271,1570000,260000
2019-10-24 11:44:40.484000,1.11274,1.11271,1500000,100000
2019-10-24 11:44:40.637000,1.11274,1.11272,1570000,100000
2019-10-24 11:44:40.878000,1.11274,1.11271,370000,100000
2019-10-24 11:44:41.787000,1.11272,1.11271,370000,100000
2019-10-24 11:44:41.889000,1.11272,1.1127,370000,100000
2019-10-24 11:44:41.991000,1.11271,1.11268,370000,190000
2019-10-24 11:44:42.197000,1.11273,1.11268,1690000,190000
2019-10-24 11:44:42.331000,1.11272,1.11268,1500000,190000
2019-10-24 11:44:42.533000,1.11273,1.11268,190000,560000
2019-10-24 11:44:42.656000,1.11274,1.1127,190000,370000
2019-10-24 11:44:42.858000,1.11273,1.11271,100000,100000
2019-10-24 11:44:43.061000,1.11275,1.11271,190000,370000
2019-10-24 11:44:44.309000,1.11277,1.11275,750000,260000
2019-10-24 11:44:44.410000,1.11278,1.11275,190000,1500000
2019-10-24 11:44:44.461000,1.11277,1.11273,190000,300000
2019-10-24 11:44:44.566000,1.11277,1.11272,1120000,190000
2019-10-24 11:44:45.077000,1.11278,1.11272,1310000,190000
2019-10-24 11:44:45.179000,1.11276,1.1127,190000,190000
2019-10-24 11:44:45.280000,1.11277,1.11271,190000,190000
2019-10-24 11:44:45.742000,1.11278,1.11275,750000,260000
2019-10-24 11:44:45.843000,1.1128,1.11276,100000,100000
2019-10-24 11:44:46.143000,1.11281,1.11277,190000,190000
2019-10-24 11:44:46.194000,1.11279,1.11277,100000,100000
2019-10-24 11:44:46.341000,1.11279,1.11275,100000,260000
2019-10-24 11:44:46.495000,1.11278,1.11274,100000,260000
2019-10-24 11:44:47.064000,1.11278,1.11276,100000,100000
2019-10-24 11:44:47.166000,1.1128,1.11274,190000,190000
2019-10-24 11:44:47.994000,1.11279,1.11275,100000,100000
2019-10-24 11:44:48.854000,1.11279,1.11273,560000,190000
2019-10-24 11:44:49.057000,1.11277,1.11273,190000,190000
2019-10-24 11:44:50.177000,1.11279,1.11275,190000,190000
2019-10-24 11:44:50.278000,1.11281,1.11275,190000,190000
2019-10-24 11:44:50.527000,1.11282,1.11276,190000,190000
2019-10-24 11:44:50.578000,1.11284,1.11278,190000,190000
2019-10-24 11:44:51.171000,1.11286,1.11274,1950000,5700000
2019-10-24 11:44:53.126000,1.11287,1.11273,2620000,4870000
2019-10-24 11:44:56.449000,1.11284,1.11273,750000,3370000
2019-10-24 11:44:57.941000,1.11279,1.11274,750000,750000
2019-10-24 11:44:58.795000,1.11284,1.11274,2620000,1500000
2019-10-24 11:44:59.113000,1.1128,1.11274,940000,100000
2019-10-24 11:44:59.214000,1.1128,1.11272,1690000,1870000
2019-10-24 11:44:59.366000,1.1128,1.11273,1690000,370000
2019-10-24 11:44:59.467000,1.1128,1.11272,1690000,370000
2019-10-24 11:44:59.569000,1.11281,1.11273,1690000,100000
2019-10-24 11:44:59.698000,1.11281,1.11272,190000,100000
2019-10-24 11:44:59.909000,1.1128,1.11273,190000,750000
2019-10-24 11:45:00.085000,1.11285,1.11279,190000,750000
2019-10-24 11:45:00.136000,1.11295,1.1128,190000,750000
2019-10-24 11:45:00.237000,1.11295,1.11279,190000,1120000
2019-10-24 11:45:00.338000,1.11289,1.11279,100000,1200000
2019-10-24 11:45:00.846000,1.11289,1.11281,100000,880000
2019-10-24 11:45:00.948000,1.11288,1.11284,100000,1120000
2019-10-24 11:45:01.049000,1.11289,1.11283,100000,1500000
2019-10-24 11:45:01.151000,1.11289,1.11284,100000,750000
2019-10-24 11:45:01.252000,1.11296,1.11284,750000,750000
2019-10-24 11:45:01.920000,1.11293,1.11283,750000,580000
2019-10-24 11:45:02.023000,1.11295,1.11283,100000,580000
2019-10-24 11:45:02.124000,1.11293,1.11284,750000,750000
2019-10-24 11:45:03.345000,1.11293,1.11283,750000,450000
2019-10-24 11:45:03.447000,1.11286,1.11281,750000,370000
2019-10-24 11:45:03.549000,1.11286,1.1128,750000,1570000
2019-10-24 11:45:03.627000,1.11293,1.1128,750000,1940000
2019-10-24 11:45:05.560000,1.11295,1.11281,490000,370000
2019-10-24 11:45:06.305000,1.11292,1.11281,190000,560000
2019-10-24 11:45:06.609000,1.11289,1.11282,190000,190000
2019-10-24 11:45:06.987000,1.11289,1.1128,190000,190000
2019-10-24 11:45:07.240000,1.1129,1.11281,190000,190000
2019-10-24 11:45:07.392000,1.11287,1.11283,260000,100000
2019-10-24 11:45:07.596000,1.11287,1.1128,220000,940000
2019-10-24 11:45:08.455000,1.11287,1.11283,300000,100000
2019-10-24 11:45:08.506000,1.11287,1.1128,220000,1690000
2019-10-24 11:45:09.041000,1.11287,1.11281,970000,190000
2019-10-24 11:45:09.143000,1.11287,1.1128,410000,940000
2019-10-24 11:45:09.193000,1.11287,1.11282,410000,750000
2019-10-24 11:45:09.324000,1.11288,1.11284,220000,750000
2019-10-24 11:45:10.736000,1.11287,1.11282,220000,1690000
2019-10-24 11:45:10.838000,1.11288,1.11281,410000,1310000
2019-10-24 11:45:10.889000,1.11286,1.11284,100000,100000
2019-10-24 11:45:11.025000,1.11285,1.11283,100000,100000
2019-10-24 11:45:11.126000,1.11287,1.11279,190000,190000
2019-10-24 11:45:11.177000,1.11286,1.11282,100000,100000
2019-10-24 11:45:11.228000,1.11287,1.11279,190000,940000
2019-10-24 11:45:11.330000,1.11284,1.11278,190000,190000
2019-10-24 11:45:11.972000,1.11284,1.11277,940000,190000
2019-10-24 11:45:12.125000,1.11284,1.11275,940000,940000
2019-10-24 11:45:12.465000,1.11284,1.11276,1690000,1120000
2019-10-24 11:45:12.655000,1.11283,1.11276,940000,370000
2019-10-24 11:45:14.733000,1.11283,1.11277,2410000,190000
2019-10-24 11:45:14.844000,1.11283,1.11278,1760000,100000
2019-10-24 11:45:15.148000,1.11283,1.11277,2540000,2140000
2019-10-24 11:45:15.297000,1.11283,1.11278,3260000,100000
2019-10-24 11:45:15.550000,1.11282,1.11277,750000,2140000
2019-10-24 11:45:15.651000,1.1128,1.11277,1500000,100000
2019-10-24 11:45:15.702000,1.1128,1.11274,4310000,1500000
2019-10-24 11:45:15.854000,1.1128,1.11275,6560000,370000
2019-10-24 11:45:15.955000,1.11279,1.11275,1500000,370000
2019-10-24 11:45:16.101000,1.11279,1.11275,1600000,450000
2019-10-24 11:45:16.690000,1.11279,1.11275,1600000,370000
2019-10-24 11:45:18.396000,1.11278,1.11274,100000,640000
2019-10-24 11:45:18.447000,1.11278,1.11276,100000,370000
2019-10-24 11:45:18.737000,1.11278,1.11274,100000,640000
2019-10-24 11:45:20.060000,1.11277,1.11274,100000,640000
2019-10-24 11:45:21.411000,1.11278,1.11274,100000,560000
2019-10-24 11:45:21.816000,1.11277,1.11274,100000,640000
2019-10-24 11:45:22.026000,1.11278,1.11274,100000,560000
2019-10-24 11:45:22.219000,1.11279,1.11274,1570000,560000
2019-10-24 11:45:22.320000,1.11278,1.11274,260000,370000
2019-10-24 11:45:23.341000,1.11278,1.11275,1010000,1500000
2019-10-24 11:45:23.839000,1.11273,1.11272,1120000,520000
2019-10-24 11:45:23.890000,1.11271,1.11268,3000000,1010000
2019-10-24 11:45:23.991000,1.11269,1.11268,1500000,370000
2019-10-24 11:45:24.295000,1.1127,1.11268,820000,370000
2019-10-24 11:45:24.435000,1.11271,1.1127,750000,190000
2019-10-24 11:45:24.536000,1.11271,1.11268,1870000,1390000
2019-10-24 11:45:24.853000,1.1127,1.11268,190000,370000
2019-10-24 11:45:24.903000,1.11271,1.11269,260000,370000
2019-10-24 11:45:25.005000,1.11271,1.11268,190000,1500000
2019-10-24 11:45:25.220000,1.11272,1.11269,260000,370000
2019-10-24 11:45:25.718000,1.11272,1.11268,260000,370000
2019-10-24 11:45:26.061000,1.11272,1.11269,260000,370000
2019-10-24 11:45:26.270000,1.11272,1.11268,260000,370000
2019-10-24 11:45:30.247000,1.11271,1.11269,100000,370000
2019-10-24 11:45:30.680000,1.11272,1.11269,190000,370000
2019-10-24 11:45:30.957000,1.11272,1.1127,190000,370000
2019-10-24 11:45:35.499000,1.11271,1.1127,100000,370000
2019-10-24 11:45:35.821000,1.11271,1.11269,100000,370000
2019-10-24 11:45:36.169000,1.11272,1.11269,190000,370000
2019-10-24 11:45:37.770000,1.11273,1.11272,100000,370000
2019-10-24 11:45:37.872000,1.11274,1.11271,260000,450000
2019-10-24 11:45:38.071000,1.11275,1.11271,260000,370000
2019-10-24 11:45:38.710000,1.11274,1.11271,100000,370000
2019-10-24 11:45:39.226000,1.11275,1.11271,260000,370000
2019-10-24 11:45:39.406000,1.11272,1.1127,190000,100000
2019-10-24 11:45:39.508000,1.11271,1.11267,370000,1010000
2019-10-24 11:45:39.609000,1.1127,1.11266,100000,3560000
2019-10-24 11:45:44.369000,1.1127,1.11267,100000,370000
2019-10-24 11:45:44.485000,1.1127,1.11268,100000,370000
2019-10-24 11:45:44.536000,1.11271,1.11269,1010000,370000
2019-10-24 11:45:45.728000,1.1127,1.11268,1200000,370000
2019-10-24 11:45:45.866000,1.1127,1.11269,260000,750000
2019-10-24 11:45:50.164000,1.11275,1.11272,1570000,750000
2019-10-24 11:45:50.265000,1.11275,1.11272,100000,1310000
2019-10-24 11:45:50.418000,1.11275,1.11271,100000,2810000
2019-10-24 11:45:51.254000,1.11274,1.11271,190000,2810000
2019-10-24 11:45:53.386000,1.11272,1.11271,100000,370000
2019-10-24 11:45:55.208000,1.11274,1.11271,260000,370000
2019-10-24 11:45:55.893000,1.11273,1.11271,100000,370000
2019-10-24 11:45:56.121000,1.11274,1.11271,100000,370000
2019-10-24 11:45:56.243000,1.11275,1.11271,260000,1120000
2019-10-24 11:45:57.550000,1.11274,1.11271,100000,370000
2019-10-24 11:45:57.682000,1.11274,1.11272,100000,370000
2019-10-24 11:45:57.881000,1.11275,1.11272,260000,370000
2019-10-24 11:45:58.124000,1.11275,1.11271,260000,370000
2019-10-24 11:45:58.325000,1.11276,1.11275,100000,370000
2019-10-24 11:45:58.427000,1.11278,1.11275,190000,940000
2019-10-24 11:45:58.589000,1.11276,1.11274,370000,2250000
2019-10-24 11:45:59.131000,1.11275,1.11274,100000,1500000
2019-10-24 11:45:59.182000,1.11274,1.11271,190000,3260000
2019-10-24 11:46:00.454000,1.11275,1.11271,100000,3940000
2019-10-24 11:46:01.101000,1.11276,1.11271,1010000,3190000
2019-10-24 11:46:04.210000,1.11275,1.11271,100000,4690000
2019-10-24 11:46:04.707000,1.11276,1.11271,640000,4690000
2019-10-24 11:46:05.179000,1.11275,1.11271,100000,5440000
2019-10-24 11:46:05.713000,1.11275,1.11272,100000,370000
2019-10-24 11:46:07.464000,1.11276,1.11272,640000,750000
2019-10-24 11:46:09.211000,1.11276,1.11275,100000,190000
2019-10-24 11:46:09.313000,1.11278,1.11275,2510000,190000
2019-10-24 11:46:09.473000,1.11277,1.11275,100000,190000
2019-10-24 11:46:09.768000,1.11277,1.11273,820000,2810000
2019-10-24 11:46:12.986000,1.11277,1.11274,450000,370000
2019-10-24 11:46:13.194000,1.11277,1.11273,450000,6190000
2019-10-24 11:46:13.792000,1.11276,1.11273,100000,3190000
2019-10-24 11:46:16.885000,1.11277,1.11274,1200000,370000
2019-10-24 11:46:16.987000,1.11276,1.11273,450000,3190000
2019-10-24 11:46:17.547000,1.11277,1.11274,450000,4120000
2019-10-24 11:46:17.598000,1.11277,1.11276,450000,370000
2019-10-24 11:46:17.750000,1.11278,1.11276,450000,940000
2019-10-24 11:46:19.271000,1.11279,1.11276,1570000,940000
2019-10-24 11:46:20.673000,1.11279,1.11278,450000,370000
2019-10-24 11:46:20.786000,1.11281,1.11279,100000,560000
2019-10-24 11:46:20.887000,1.11282,1.11279,100000,2060000
2019-10-24 11:46:21.022000,1.11283,1.11279,2700000,2060000
2019-10-24 11:46:21.073000,1.11281,1.11279,100000,2060000
2019-10-24 11:46:21.508000,1.11282,1.1128,1200000,750000
2019-10-24 11:46:23.049000,1.1128,1.11277,3190000,370000
2019-10-24 11:46:23.100000,1.11278,1.11276,940000,1870000
2019-10-24 11:46:23.202000,1.11276,1.11275,750000,750000
2019-10-24 11:46:23.278000,1.11275,1.11274,2140000,1120000
2019-10-24 11:46:23.437000,1.11275,1.11273,2140000,940000
2019-10-24 11:46:26.009000,1.11272,1.11271,370000,750000
2019-10-24 11:46:26.171000,1.11272,1.11269,2700000,1500000
2019-10-24 11:46:26.222000,1.1127,1.11268,100000,940000
2019-10-24 11:46:26.324000,1.11271,1.11268,450000,940000
2019-10-24 11:46:29.836000,1.11271,1.11267,100000,2440000
2019-10-24 11:46:39.265000,1.11272,1.11269,450000,940000
2019-10-24 11:46:39.366000,1.11273,1.11269,1950000,1690000
2019-10-24 11:46:39.467000,1.11273,1.11271,1200000,190000
2019-10-24 11:46:39.568000,1.11273,1.1127,3820000,190000
2019-10-24 11:46:39.670000,1.11272,1.1127,100000,190000
2019-10-24 11:46:40.375000,1.11273,1.1127,3450000,560000
2019-10-24 11:46:40.478000,1.11272,1.1127,750000,560000
2019-10-24 11:46:40.763000,1.11273,1.1127,3070000,560000
2019-10-24 11:46:40.864000,1.11272,1.1127,820000,560000
2019-10-24 11:46:41.645000,1.11271,1.1127,100000,560000
2019-10-24 11:46:41.848000,1.11272,1.1127,750000,560000
2019-10-24 11:46:46.192000,1.11273,1.1127,4570000,190000
2019-10-24 11:46:50.552000,1.11271,1.11269,1120000,190000
2019-10-24 11:46:51.085000,1.11272,1.11271,190000,750000
2019-10-24 11:46:51.187000,1.11273,1.1127,750000,3940000
2019-10-24 11:46:51.303000,1.11274,1.1127,940000,2440000
2019-10-24 11:46:51.410000,1.11274,1.11272,750000,190000
2019-10-24 11:46:51.544000,1.11274,1.11271,940000,1500000
2019-10-24 11:46:52.837000,1.11275,1.11271,2810000,1690000
2019-10-24 11:46:58.055000,1.11275,1.11272,1760000,370000
2019-10-24 11:46:59.225000,1.11276,1.11275,2700000,940000
2019-10-24 11:46:59.276000,1.11278,1.11277,100000,560000
2019-10-24 11:46:59.378000,1.11279,1.11277,4390000,560000
2019-10-24 11:46:59.480000,1.11278,1.11277,370000,370000
2019-10-24 11:46:59.583000,1.11279,1.11277,2140000,370000
2019-10-24 11:47:01.339000,1.11279,1.11276,3190000,510000
2019-10-24 11:47:03.045000,1.11279,1.11277,2250000,370000
2019-10-24 11:47:08.761000,1.1128,1.11276,3190000,1690000
2019-10-24 11:47:13.188000,1.11279,1.11276,750000,2440000
2019-10-24 11:47:15.469000,1.11277,1.11274,3190000,4570000
2019-10-24 11:47:15.615000,1.11276,1.11274,190000,1500000
2019-10-24 11:47:15.877000,1.11276,1.11273,190000,750000
2019-10-24 11:47:16.179000,1.11276,1.11272,190000,5440000
2019-10-24 11:47:17.268000,1.11277,1.11272,5810000,4760000
2019-10-24 11:47:20.130000,1.11276,1.11272,370000,4760000
2019-10-24 11:47:21.823000,1.11277,1.11272,5060000,4760000
2019-10-24 11:47:21.925000,1.11276,1.11272,750000,6190000
2019-10-24 11:47:23.024000,1.11277,1.11272,5140000,4690000
2019-10-24 11:47:23.166000,1.11277,1.11273,5140000,370000
2019-10-24 11:47:23.666000,1.11276,1.11273,750000,560000
2019-10-24 11:47:23.768000,1.11277,1.11274,1200000,6190000
2019-10-24 11:47:23.819000,1.11279,1.11275,3190000,940000
2019-10-24 11:47:30.926000,1.11279,1.11276,3750000,1310000
2019-10-24 11:47:32.128000,1.1128,1.11276,2440000,2060000
2019-10-24 11:47:32.229000,1.1128,1.11277,2510000,370000
2019-10-24 11:47:35.958000,1.11279,1.11277,750000,2620000
2019-10-24 11:47:36.106000,1.1128,1.11277,2510000,2620000
2019-10-24 11:47:37.243000,1.11279,1.11277,750000,2620000
2019-10-24 11:47:37.594000,1.1128,1.11277,2510000,2620000
2019-10-24 11:47:38.769000,1.11279,1.11277,750000,1870000
2019-10-24 11:47:38.886000,1.1128,1.11277,2510000,1870000
2019-10-24 11:47:40.014000,1.11279,1.11277,750000,1870000
2019-10-24 11:47:40.575000,1.1128,1.11277,2510000,1870000
2019-10-24 11:47:41.109000,1.1128,1.11279,750000,750000
2019-10-24 11:47:41.228000,1.11282,1.11279,100000,3560000
2019-10-24 11:47:41.279000,1.11284,1.11282,1500000,750000
2019-10-24 11:47:42.171000,1.11284,1.1128,4200000,1690000
2019-10-24 11:47:42.273000,1.11283,1.1128,750000,1690000
2019-10-24 11:47:42.395000,1.11284,1.1128,1950000,1690000
2019-10-24 11:47:43.320000,1.11283,1.1128,750000,1690000
2019-10-24 11:47:48.241000,1.11283,1.11281,750000,750000
2019-10-24 11:47:49.719000,1.11283,1.1128,100000,2010000
2019-10-24 11:47:51.460000,1.11282,1.1128,100000,880000
2019-10-24 11:47:51.648000,1.11281,1.1128,820000,370000
2019-10-24 11:47:52.158000,1.1128,1.11279,100000,370000
2019-10-24 11:47:52.764000,1.1128,1.11278,190000,1070000
2019-10-24 11:47:52.887000,1.11279,1.11278,450000,1070000
2019-10-24 11:47:59.885000,1.11278,1.11277,750000,750000
2019-10-24 11:48:00.012000,1.11277,1.11276,100000,750000
2019-10-24 11:48:00.064000,1.11275,1.11273,100000,3190000
2019-10-24 11:48:00.268000,1.11276,1.11273,450000,750000
2019-10-24 11:48:00.838000,1.11276,1.11272,2700000,3190000
2019-10-24 11:48:00.889000,1.11274,1.11272,940000,370000
2019-10-24 11:48:00.991000,1.11272,1.11269,560000,1870000
2019-10-24 11:48:01.093000,1.11271,1.11267,2440000,2510000
2019-10-24 11:48:01.195000,1.1127,1.11267,100000,2060000
2019-10-24 11:48:01.296000,1.11271,1.11268,2140000,370000
2019-10-24 11:48:01.443000,1.11271,1.11267,1010000,2810000
2019-10-24 11:48:04.990000,1.1127,1.11267,940000,750000
2019-10-24 11:48:05.104000,1.11268,1.11266,450000,1500000
2019-10-24 11:48:05.205000,1.11267,1.11265,100000,190000
2019-10-24 11:48:05.307000,1.11268,1.11265,1950000,940000
2019-10-24 11:48:05.972000,1.11268,1.11266,1200000,750000
2019-10-24 11:48:06.075000,1.11269,1.11267,1390000,190000
2019-10-24 11:48:06.176000,1.11271,1.1127,750000,190000
2019-10-24 11:48:06.278000,1.11272,1.11271,750000,750000
2019-10-24 11:48:06.379000,1.11272,1.11269,1690000,1500000
2019-10-24 11:48:06.430000,1.1127,1.11269,190000,1500000
2019-10-24 11:48:06.872000,1.11272,1.11269,1010000,370000
2019-10-24 11:48:06.973000,1.11271,1.11269,750000,1500000
2019-10-24 11:48:07.075000,1.11272,1.11269,1010000,750000
2019-10-24 11:48:07.226000,1.11271,1.11269,450000,750000
2019-10-24 11:48:07.570000,1.11272,1.11269,1310000,750000
2019-10-24 11:48:07.882000,1.11268,1.11267,370000,5320000
2019-10-24 11:48:07.985000,1.11264,1.11261,1760000,6000000
2019-10-24 11:48:08.139000,1.11264,1.11262,190000,2250000
2019-10-24 11:48:08.241000,1.11263,1.11261,940000,750000
2019-10-24 11:48:08.291000,1.11262,1.1126,1390000,6750000
2019-10-24 11:48:08.393000,1.11263,1.1126,820000,3370000
2019-10-24 11:48:08.494000,1.11262,1.1126,640000,2620000
2019-10-24 11:48:08.642000,1.11261,1.1126,100000,1500000
2019-10-24 11:48:08.876000,1.11262,1.1126,190000,1500000
2019-10-24 11:48:08.977000,1.11261,1.11259,2510000,750000
2019-10-24 11:48:09.079000,1.11259,1.11257,100000,750000
2019-10-24 11:48:10.155000,1.11259,1.11256,100000,1690000
2019-10-24 11:48:10.901000,1.11259,1.11257,1200000,750000
2019-10-24 11:48:11.270000,1.11259,1.11256,450000,940000
2019-10-24 11:48:11.372000,1.11256,1.11255,190000,750000
2019-10-24 11:48:11.488000,1.11256,1.11254,260000,750000
2019-10-24 11:48:11.591000,1.11256,1.11253,260000,940000
2019-10-24 11:48:11.896000,1.11256,1.11254,1010000,750000
2019-10-24 11:48:11.997000,1.11255,1.11254,450000,750000
2019-10-24 11:48:12.122000,1.11256,1.11253,260000,190000
2019-10-24 11:48:13.125000,1.11255,1.11253,100000,190000
2019-10-24 11:48:13.292000,1.11254,1.11253,940000,750000
2019-10-24 11:48:13.343000,1.11252,1.1125,1220000,3190000
2019-10-24 11:48:13.445000,1.1125,1.11249,3000000,750000
2019-10-24 11:48:13.546000,1.11248,1.11247,100000,750000
2019-10-24 11:48:13.666000,1.11248,1.11246,1570000,190000
2019-10-24 11:48:13.770000,1.11245,1.11243,100000,750000
2019-10-24 11:48:13.871000,1.11245,1.11242,220000,2440000
2019-10-24 11:48:13.973000,1.11244,1.11242,100000,940000
2019-10-24 11:48:14.074000,1.11245,1.11243,150000,370000
2019-10-24 11:48:14.175000,1.11246,1.11243,100000,370000
2019-10-24 11:48:14.383000,1.11245,1.11242,190000,940000
2019-10-24 11:48:16.925000,1.11242,1.1124,750000,2440000
2019-10-24 11:48:17.027000,1.1124,1.11238,190000,1120000
2019-10-24 11:48:17.077000,1.11239,1.11237,750000,750000
2019-10-24 11:48:17.179000,1.1124,1.11239,750000,750000
2019-10-24 11:48:17.281000,1.11241,1.11239,370000,750000
2019-10-24 11:48:17.383000,1.11241,1.11238,1570000,190000
2019-10-24 11:48:17.485000,1.1124,1.11238,450000,940000
2019-10-24 11:48:17.922000,1.11242,1.11241,600000,2250000
2019-10-24 11:48:17.973000,1.11245,1.11243,1200000,190000
2019-10-24 11:48:18.791000,1.11246,1.11243,820000,940000
2019-10-24 11:48:18.932000,1.11245,1.11243,100000,1690000
2019-10-24 11:48:19.033000,1.11246,1.11243,970000,1690000
2019-10-24 11:48:20.454000,1.11245,1.11243,100000,940000
2019-10-24 11:48:24.826000,1.11246,1.11243,100000,2060000
2019-10-24 11:48:24.979000,1.11247,1.11243,2290000,2810000
2019-10-24 11:48:25.090000,1.11246,1.11243,150000,3000000
2019-10-24 11:48:25.292000,1.11247,1.11243,2290000,2060000
2019-10-24 11:48:25.854000,1.11245,1.11243,100000,940000
2019-10-24 11:48:25.955000,1.11244,1.11242,750000,1690000
2019-10-24 11:48:26.221000,1.11243,1.11242,150000,750000
2019-10-24 11:48:26.323000,1.11244,1.11242,1350000,750000
2019-10-24 11:48:28.203000,1.11247,1.11246,190000,750000
2019-10-24 11:48:28.254000,1.11249,1.11247,1350000,2250000
2019-10-24 11:48:28.355000,1.11251,1.11248,970000,3750000
2019-10-24 11:48:28.462000,1.1125,1.11248,150000,3000000
2019-10-24 11:48:28.564000,1.11251,1.11248,220000,2440000
2019-10-24 11:48:28.845000,1.11252,1.11248,600000,6190000
2019-10-24 11:48:28.947000,1.11252,1.1125,1350000,750000
2019-10-24 11:48:29.098000,1.11252,1.1125,600000,750000
2019-10-24 11:48:29.886000,1.11252,1.1125,150000,6260000
2019-10-24 11:48:29.988000,1.11253,1.1125,150000,8140000
2019-10-24 11:48:30.089000,1.11254,1.1125,220000,5810000
2019-10-24 11:48:30.191000,1.11253,1.1125,450000,5140000
2019-10-24 11:48:30.868000,1.11254,1.11251,150000,1690000
2019-10-24 11:48:30.970000,1.11254,1.11251,150000,1690000
2019-10-24 11:48:31.072000,1.11253,1.11251,100000,3940000
2019-10-24 11:48:31.173000,1.11253,1.11251,150000,1820000
2019-10-24 11:48:33.474000,1.11253,1.11251,150000,2060000
2019-10-24 11:48:37.213000,1.11253,1.11252,150000,750000
2019-10-24 11:48:37.504000,1.11252,1.1125,1870000,1630000
2019-10-24 11:48:37.615000,1.11251,1.1125,450000,750000
2019-10-24 11:48:37.868000,1.11251,1.11249,190000,2250000
2019-10-24 11:48:37.970000,1.1125,1.11249,260000,750000
2019-10-24 11:48:38.072000,1.1125,1.11248,260000,750000
2019-10-24 11:48:39.644000,1.1125,1.11247,640000,2250000
2019-10-24 11:48:41.393000,1.11249,1.11247,150000,750000
2019-10-24 11:48:41.584000,1.11249,1.11248,150000,750000
2019-10-24 11:48:41.685000,1.11249,1.11247,150000,750000
2019-10-24 11:48:44.057000,1.1125,1.11247,1090000,1120000
2019-10-24 11:48:50.092000,1.1125,1.11246,1090000,5510000
2019-10-24 11:48:51.716000,1.1125,1.11247,1540000,100000
2019-10-24 11:48:51.911000,1.1125,1.11246,1090000,5140000
2019-10-24 11:48:54.484000,1.1125,1.11247,1090000,750000
2019-10-24 11:48:54.714000,1.1125,1.11246,1090000,4760000
2019-10-24 11:48:56.053000,1.11249,1.11247,150000,750000
2019-10-24 11:48:56.880000,1.1125,1.11247,340000,750000
2019-10-24 11:48:56.931000,1.1125,1.11249,520000,370000
2019-10-24 11:48:57.032000,1.11252,1.11249,2060000,1120000
2019-10-24 11:48:57.406000,1.11251,1.11249,260000,750000
2019-10-24 11:48:58.330000,1.11252,1.11249,1690000,750000
2019-10-24 11:48:58.506000,1.1125,1.11249,190000,750000
2019-10-24 11:48:59.853000,1.11252,1.11249,2140000,820000
2019-10-24 11:49:00.064000,1.1125,1.11249,190000,820000
2019-10-24 11:49:00.215000,1.11252,1.11249,2140000,820000
2019-10-24 11:49:00.905000,1.11252,1.1125,710000,750000
2019-10-24 11:49:01.109000,1.11252,1.11251,900000,750000
2019-10-24 11:49:01.211000,1.11252,1.11251,150000,3000000
2019-10-24 11:49:01.261000,1.11256,1.11253,1540000,750000
2019-10-24 11:49:01.363000,1.11256,1.11252,1270000,2510000
2019-10-24 11:49:01.414000,1.11254,1.11252,150000,6640000
2019-10-24 11:49:01.556000,1.11259,1.11256,4910000,6220000
2019-10-24 11:49:01.607000,1.11259,1.11258,1200000,750000
2019-10-24 11:49:01.658000,1.11261,1.11258,1760000,1500000
2019-10-24 11:49:01.760000,1.1126,1.11259,150000,1500000
2019-10-24 11:49:01.812000,1.11263,1.11259,2440000,1570000
2019-10-24 11:49:01.914000,1.11263,1.1126,2250000,370000
2019-10-24 11:49:02.016000,1.11263,1.11259,1500000,4760000
2019-10-24 11:49:02.117000,1.11263,1.1126,750000,820000
2019-10-24 11:49:02.219000,1.11262,1.1126,150000,820000
2019-10-24 11:49:05.190000,1.11263,1.1126,900000,1390000
2019-10-24 11:49:05.783000,1.1126,1.11259,150000,750000
2019-10-24 11:49:05.885000,1.11259,1.11257,150000,2440000
2019-10-24 11:49:06.344000,1.1126,1.11258,150000,750000
2019-10-24 11:49:06.445000,1.11259,1.11257,150000,2510000
2019-10-24 11:49:07.007000,1.11259,1.11258,150000,370000
2019-10-24 11:49:07.109000,1.11261,1.11259,150000,3000000
2019-10-24 11:49:07.210000,1.11262,1.1126,150000,1010000
2019-10-24 11:49:08.076000,1.11263,1.1126,150000,6640000
2019-10-24 11:49:08.127000,1.11265,1.11262,150000,3260000
2019-10-24 11:49:08.226000,1.11267,1.11265,150000,5320000
2019-10-24 11:49:08.328000,1.11268,1.11266,150000,3820000
2019-10-24 11:49:08.429000,1.11269,1.11266,150000,4010000
2019-10-24 11:49:08.938000,1.11269,1.11266,150000,5140000
2019-10-24 11:49:09.564000,1.11269,1.11267,150000,750000
2019-10-24 11:49:12.040000,1.1127,1.11268,1090000,750000
2019-10-24 11:49:12.142000,1.11269,1.11268,150000,750000
2019-10-24 11:49:13.354000,1.11269,1.11267,340000,2610000
2019-10-24 11:49:13.812000,1.11269,1.11268,150000,1120000
2019-10-24 11:49:13.914000,1.1127,1.11268,900000,1120000
2019-10-24 11:49:14.271000,1.11269,1.11268,150000,1120000
2019-10-24 11:49:14.373000,1.1127,1.11268,900000,1120000
2019-10-24 11:49:14.499000,1.11269,1.11268,190000,1120000
2019-10-24 11:49:14.600000,1.1127,1.11268,900000,1120000
2019-10-24 11:49:14.702000,1.11269,1.11268,190000,1120000
2019-10-24 11:49:16.446000,1.1127,1.11269,900000,370000
2019-10-24 11:49:16.768000,1.1127,1.11269,1090000,370000
2019-10-24 11:49:16.869000,1.11269,1.11268,150000,1570000
2019-10-24 11:49:17.373000,1.11269,1.11268,150000,1200000
2019-10-24 11:49:19.469000,1.1127,1.11269,900000,1500000
2019-10-24 11:49:19.520000,1.11271,1.1127,1950000,750000
2019-10-24 11:49:19.673000,1.11272,1.1127,100000,750000
2019-10-24 11:49:19.775000,1.11273,1.1127,1950000,940000
2019-10-24 11:49:21.279000,1.11272,1.1127,100000,190000
2019-10-24 11:49:21.897000,1.1127,1.11267,750000,2890000
2019-10-24 11:49:22.048000,1.11269,1.11267,150000,2440000
2019-10-24 11:49:22.150000,1.11269,1.11267,150000,1690000
2019-10-24 11:49:22.251000,1.11269,1.11267,600000,750000
2019-10-24 11:49:22.352000,1.11269,1.11267,150000,750000
2019-10-24 11:49:24.957000,1.11268,1.11267,100000,750000
2019-10-24 11:49:25.058000,1.11269,1.11266,150000,2810000
2019-10-24 11:49:25.210000,1.11269,1.11267,150000,560000
2019-10-24 11:49:25.312000,1.11268,1.11267,150000,190000
2019-10-24 11:49:25.415000,1.11269,1.11267,220000,750000
2019-10-24 11:49:25.864000,1.11267,1.11266,190000,750000
2019-10-24 11:49:25.969000,1.11267,1.11265,410000,940000
2019-10-24 11:49:26.705000,1.11266,1.11264,940000,1690000
2019-10-24 11:49:26.806000,1.11265,1.11264,100000,940000
2019-10-24 11:49:27.297000,1.11265,1.11262,220000,2440000
2019-10-24 11:49:27.399000,1.11264,1.11262,150000,3940000
2019-10-24 11:49:27.602000,1.11264,1.11263,150000,750000
2019-10-24 11:49:27.707000,1.11264,1.11262,970000,2250000
2019-10-24 11:49:27.862000,1.11264,1.11261,970000,2440000
2019-10-24 11:49:27.964000,1.11263,1.11261,150000,940000
2019-10-24 11:49:31.177000,1.11263,1.11262,150000,370000
2019-10-24 11:49:31.329000,1.11265,1.11263,600000,940000
2019-10-24 11:49:31.430000,1.11266,1.11265,2700000,190000
2019-10-24 11:49:31.531000,1.11267,1.11265,1500000,190000
2019-10-24 11:49:31.583000,1.11267,1.11263,4540000,3190000
2019-10-24 11:49:31.684000,1.11266,1.11263,820000,2440000
2019-10-24 11:49:32.139000,1.11266,1.11263,4350000,870000
2019-10-24 11:49:32.753000,1.11266,1.11262,1350000,1430000
2019-10-24 11:49:32.958000,1.11265,1.11261,3560000,1690000
2019-10-24 11:49:33.520000,1.11265,1.11262,3660000,370000
2019-10-24 11:49:34.686000,1.11265,1.11262,2140000,370000
2019-10-24 11:49:35.536000,1.11263,1.11262,100000,370000
2019-10-24 11:49:35.688000,1.11265,1.11261,4010000,940000
2019-10-24 11:49:36.717000,1.11264,1.11261,100000,940000
2019-10-24 11:49:36.818000,1.11263,1.11261,100000,940000
2019-10-24 11:49:37.123000,1.11263,1.11261,470000,1690000
2019-10-24 11:49:37.281000,1.11263,1.11261,450000,1690000
2019-10-24 11:49:37.598000,1.11262,1.11261,100000,940000
2019-10-24 11:49:37.700000,1.11262,1.1126,1350000,940000
2019-10-24 11:49:37.802000,1.11261,1.1126,150000,940000
2019-10-24 11:49:37.903000,1.11261,1.1126,150000,190000
2019-10-24 11:49:38.055000,1.11261,1.1126,150000,190000
2019-10-24 11:49:38.954000,1.11262,1.1126,970000,190000
2019-10-24 11:49:39.055000,1.11261,1.1126,150000,190000
2019-10-24 11:49:41.116000,1.11261,1.11259,150000,940000
2019-10-24 11:49:41.769000,1.11261,1.1126,150000,190000
2019-10-24 11:49:41.870000,1.11262,1.1126,600000,940000
2019-10-24 11:49:47.209000,1.11261,1.11259,150000,1200000
2019-10-24 11:49:47.901000,1.11263,1.11261,2140000,190000
2019-10-24 11:49:48.923000,1.11262,1.11259,100000,2810000
2019-10-24 11:49:49.017000,1.11262,1.11261,100000,190000
2019-10-24 11:49:49.169000,1.11261,1.1126,100000,940000
2019-10-24 11:49:49.219000,1.11263,1.11261,2510000,190000
2019-10-24 11:49:49.321000,1.11262,1.11261,150000,190000
2019-10-24 11:50:00.293000,1.11261,1.1126,900000,260000
2019-10-24 11:50:00.800000,1.11261,1.11259,150000,2140000
2019-10-24 11:50:00.902000,1.11261,1.11259,150000,1390000
2019-10-24 11:50:01.076000,1.11259,1.11258,1500000,1200000
2019-10-24 11:50:01.128000,1.11258,1.11257,370000,450000
2019-10-24 11:50:01.231000,1.11257,1.11255,150000,2700000
2019-10-24 11:50:01.348000,1.11257,1.11255,150000,1950000
2019-10-24 11:50:01.500000,1.11258,1.11255,5060000,1200000
2019-10-24 11:50:01.614000,1.11258,1.11256,5060000,100000
2019-10-24 11:50:01.815000,1.11258,1.11255,5060000,1200000
2019-10-24 11:50:02.246000,1.11255,1.11254,190000,1200000
2019-10-24 11:50:02.297000,1.11254,1.11252,1120000,1570000
2019-10-24 11:50:02.449000,1.11253,1.11252,900000,820000
2019-10-24 11:50:02.713000,1.11253,1.11251,900000,1390000
2019-10-24 11:50:02.815000,1.11253,1.11252,900000,450000
2019-10-24 11:50:03.387000,1.11253,1.1125,900000,4390000
2019-10-24 11:50:03.690000,1.11254,1.1125,3560000,2140000
2019-10-24 11:50:03.792000,1.11254,1.1125,3560000,2140000
2019-10-24 11:50:05.213000,1.11254,1.1125,2440000,3260000
2019-10-24 11:50:05.314000,1.11253,1.11251,150000,1500000
2019-10-24 11:50:05.870000,1.11253,1.11251,150000,4200000
2019-10-24 11:50:06.201000,1.11253,1.11251,150000,2690000
2019-10-24 11:50:06.871000,1.11253,1.11251,150000,2700000
2019-10-24 11:50:07.528000,1.11253,1.11251,150000,2700000
2019-10-24 11:50:09.531000,1.11255,1.11254,900000,1870000
2019-10-24 11:50:09.632000,1.11258,1.11257,1570000,1500000
2019-10-24 11:50:09.760000,1.1126,1.11258,100000,450000
2019-10-24 11:50:09.862000,1.1126,1.11259,150000,1200000
2019-10-24 11:50:10.115000,1.1126,1.11258,150000,2510000
2019-10-24 11:50:10.216000,1.11261,1.11259,150000,450000
2019-10-24 11:50:10.469000,1.11262,1.1126,1840000,1200000
2019-10-24 11:50:10.670000,1.11261,1.1126,150000,750000
2019-10-24 11:50:15.266000,1.11262,1.11261,150000,750000
2019-10-24 11:50:15.317000,1.11266,1.11264,1690000,370000
2019-10-24 11:50:15.418000,1.11265,1.11264,150000,100000
2019-10-24 11:50:15.621000,1.11266,1.11264,900000,1220000
2019-10-24 11:50:15.722000,1.11265,1.11263,150000,2890000
2019-10-24 11:50:15.874000,1.11265,1.11264,150000,100000
2019-10-24 11:50:15.981000,1.11265,1.11264,150000,100000
2019-10-24 11:50:16.625000,1.11266,1.11265,750000,940000
2019-10-24 11:50:16.727000,1.11268,1.11267,1500000,640000
2019-10-24 11:50:16.836000,1.11267,1.11266,150000,260000
2019-10-24 11:50:17.250000,1.11267,1.11266,750000,820000
2019-10-24 11:50:17.454000,1.11268,1.11266,150000,1390000
2019-10-24 11:50:17.556000,1.11268,1.11267,150000,100000
2019-10-24 11:50:17.657000,1.11269,1.11267,2020000,1220000
2019-10-24 11:50:17.875000,1.11269,1.11267,1650000,1200000
2019-10-24 11:50:18.014000,1.11269,1.11266,1650000,1390000
2019-10-24 11:50:18.166000,1.11269,1.11266,1650000,1390000
2019-10-24 11:50:18.369000,1.11269,1.11266,5960000,1390000
2019-10-24 11:50:18.572000,1.11269,1.11266,3900000,1390000
2019-10-24 11:50:19.459000,1.11269,1.11267,3900000,450000
2019-10-24 11:50:19.590000,1.11269,1.11266,3900000,2140000
2019-10-24 11:50:22.187000,1.11268,1.11267,150000,750000
2019-10-24 11:50:24.154000,1.11268,1.11267,150000,1200000
2019-10-24 11:50:24.256000,1.11269,1.11268,1650000,940000
2019-10-24 11:50:24.357000,1.11269,1.11268,150000,2700000
2019-10-24 11:50:24.459000,1.1127,1.11268,900000,2320000
2019-10-24 11:50:24.793000,1.1127,1.11269,150000,370000
2019-10-24 11:50:24.912000,1.1127,1.11268,150000,1200000
2019-10-24 11:50:25.017000,1.11269,1.11268,150000,1390000
2019-10-24 11:50:25.355000,1.1127,1.11268,150000,1950000
2019-10-24 11:50:25.530000,1.1127,1.11269,150000,450000
2019-10-24 11:50:25.632000,1.1127,1.11268,150000,2320000
2019-10-24 11:50:26.163000,1.11269,1.11268,150000,1650000
2019-10-24 11:50:28.428000,1.1127,1.11269,150000,2510000
2019-10-24 11:50:28.479000,1.11272,1.1127,1500000,1500000
2019-10-24 11:50:28.676000,1.11272,1.11271,340000,100000
2019-10-24 11:50:28.789000,1.11272,1.1127,190000,1390000
2019-10-24 11:50:30.485000,1.11272,1.11271,190000,100000
2019-10-24 11:50:30.661000,1.11272,1.1127,190000,2140000
2019-10-24 11:50:31.082000,1.11272,1.11271,190000,100000
2019-10-24 11:50:31.185000,1.11273,1.11271,1650000,1200000
2019-10-24 11:50:31.287000,1.11272,1.11271,150000,820000
2019-10-24 11:50:31.388000,1.11272,1.11271,150000,1200000
2019-10-24 11:50:32.596000,1.11273,1.11271,150000,1200000
2019-10-24 11:50:33.655000,1.11273,1.11272,900000,750000
2019-10-24 11:50:33.757000,1.11272,1.11271,150000,820000
2019-10-24 11:50:33.858000,1.11272,1.1127,150000,2140000
2019-10-24 11:50:33.909000,1.11274,1.1127,3560000,1390000
2019-10-24 11:50:34.065000,1.11274,1.11271,3190000,450000
2019-10-24 11:50:34.116000,1.11272,1.11271,150000,1200000
2019-10-24 11:50:36.066000,1.11273,1.11271,150000,1200000
2019-10-24 11:50:36.988000,1.11273,1.11272,150000,450000
2019-10-24 11:50:37.089000,1.11273,1.11272,150000,100000
2019-10-24 11:50:37.567000,1.11275,1.11274,3370000,820000
2019-10-24 11:50:37.675000,1.11276,1.11274,940000,820000
2019-10-24 11:50:37.726000,1.11278,1.11276,2250000,820000
2019-10-24 11:50:37.879000,1.11277,1.11276,450000,750000
2019-10-24 11:50:38.031000,1.11277,1.11275,450000,1950000
2019-10-24 11:50:38.385000,1.11279,1.11276,2250000,940000
2019-10-24 11:50:38.454000,1.11277,1.11276,450000,750000
2019-10-24 11:50:38.555000,1.11277,1.11275,450000,2890000
2019-10-24 11:50:38.663000,1.11277,1.11276,450000,450000
2019-10-24 11:50:38.975000,1.11277,1.11275,450000,1950000
2019-10-24 11:50:42.899000,1.11276,1.11275,750000,100000
2019-10-24 11:50:42.951000,1.11274,1.11273,750000,640000
2019-10-24 11:50:43.264000,1.11274,1.11272,820000,1950000
2019-10-24 11:50:43.717000,1.11274,1.11273,820000,1200000
2019-10-24 11:50:43.819000,1.11274,1.11272,820000,1200000
2019-10-24 11:50:44.276000,1.11274,1.11273,100000,750000
2019-10-24 11:50:47.015000,1.11274,1.11272,1010000,820000
2019-10-24 11:50:47.117000,1.1127,1.11269,750000,820000
2019-10-24 11:50:47.218000,1.11269,1.11268,1570000,1950000
2019-10-24 11:50:47.320000,1.11269,1.11267,100000,1200000
2019-10-24 11:50:47.370000,1.11268,1.11266,100000,1390000
2019-10-24 11:50:47.509000,1.11267,1.11266,750000,640000
2019-10-24 11:50:47.560000,1.11266,1.11264,560000,3450000
2019-10-24 11:50:47.712000,1.11266,1.11264,450000,1200000
2019-10-24 11:50:47.813000,1.11266,1.11265,100000,450000
2019-10-24 11:50:48.015000,1.11268,1.11267,100000,1200000
2019-10-24 11:50:48.154000,1.11269,1.11267,820000,2890000
2019-10-24 11:50:48.256000,1.11269,1.11268,100000,450000
2019-10-24 11:50:48.358000,1.11269,1.11267,100000,940000
2019-10-24 11:50:48.408000,1.1127,1.11268,820000,1200000
2019-10-24 11:50:48.565000,1.11269,1.11267,1010000,1220000
2019-10-24 11:50:48.667000,1.11268,1.11265,750000,1950000
2019-10-24 11:50:48.768000,1.11267,1.11265,750000,1950000
2019-10-24 11:50:48.870000,1.11267,1.11266,750000,450000
2019-10-24 11:50:50.542000,1.11267,1.11265,750000,100000
2019-10-24 11:50:50.643000,1.11267,1.11264,750000,1950000
2019-10-24 11:50:50.744000,1.11267,1.11265,1870000,450000
2019-10-24 11:50:50.846000,1.11265,1.11263,190000,450000
2019-10-24 11:50:50.947000,1.11264,1.11263,100000,450000
2019-10-24 11:50:51.126000,1.11265,1.11263,260000,450000
2019-10-24 11:50:51.227000,1.11264,1.11263,100000,100000
2019-10-24 11:50:51.328000,1.11265,1.11263,1010000,1200000
2019-10-24 11:50:51.696000,1.11264,1.11263,100000,1200000
2019-10-24 11:50:51.827000,1.11265,1.11264,1010000,1200000
2019-10-24 11:50:51.978000,1.11265,1.11264,820000,450000
2019-10-24 11:50:52.080000,1.11264,1.11263,100000,1200000
2019-10-24 11:50:52.209000,1.11264,1.11262,100000,2440000
2019-10-24 11:50:52.310000,1.11265,1.11263,1570000,1200000
2019-10-24 11:50:52.412000,1.11265,1.11263,100000,450000
2019-10-24 11:50:52.513000,1.11264,1.11263,100000,100000
2019-10-24 11:50:52.837000,1.11264,1.11262,100000,1950000
2019-10-24 11:50:53.180000,1.11264,1.11263,100000,100000
2019-10-24 11:50:53.281000,1.11264,1.11262,100000,820000
2019-10-24 11:50:54.319000,1.11264,1.11263,100000,100000
2019-10-24 11:50:54.420000,1.11263,1.11262,100000,1500000
2019-10-24 11:50:54.471000,1.11264,1.11263,100000,2400000
2019-10-24 11:50:54.585000,1.11265,1.11263,940000,2400000
2019-10-24 11:50:55.509000,1.11264,1.11263,100000,2400000
2019-10-24 11:50:55.842000,1.11264,1.11263,100000,100000
2019-10-24 11:50:56.212000,1.11265,1.11263,260000,1200000
2019-10-24 11:50:56.961000,1.11264,1.11263,100000,100000
2019-10-24 11:50:58.262000,1.11264,1.11262,100000,1950000
2019-10-24 11:50:58.531000,1.11265,1.11262,260000,1950000
2019-10-24 11:50:58.734000,1.11264,1.11262,100000,1950000
2019-10-24 11:51:00.858000,1.11264,1.11263,100000,100000
2019-10-24 11:51:01.189000,1.11264,1.11262,100000,2700000
2019-10-24 11:51:01.290000,1.11264,1.11263,100000,450000
2019-10-24 11:51:02.086000,1.11265,1.11263,1010000,450000
2019-10-24 11:51:02.188000,1.11264,1.11263,100000,1200000
2019-10-24 11:51:02.289000,1.11264,1.11263,100000,1200000
2019-10-24 11:51:02.580000,1.11264,1.11262,100000,3450000
2019-10-24 11:51:02.905000,1.11264,1.11263,100000,100000
2019-10-24 11:51:03.322000,1.11264,1.11262,100000,2700000
2019-10-24 11:51:03.423000,1.11264,1.11263,100000,100000
2019-10-24 11:51:03.524000,1.11265,1.11263,1760000,1200000
2019-10-24 11:51:03.890000,1.11264,1.11263,100000,100000
2019-10-24 11:51:03.992000,1.11264,1.11262,100000,2700000
2019-10-24 11:51:04.136000,1.11264,1.11263,100000,450000
2019-10-24 11:51:04.490000,1.11265,1.11263,1760000,1970000
2019-10-24 11:51:04.656000,1.11264,1.11263,100000,750000
2019-10-24 11:51:05.111000,1.11265,1.11263,1010000,1970000
2019-10-24 11:51:05.212000,1.11264,1.11263,260000,1950000
2019-10-24 11:51:06.763000,1.11265,1.11264,1010000,100000
2019-10-24 11:51:06.898000,1.11265,1.11263,820000,1200000
2019-10-24 11:51:07.050000,1.11265,1.11264,820000,100000
2019-10-24 11:51:07.374000,1.11265,1.11263,820000,1950000
2019-10-24 11:51:08.247000,1.11265,1.11264,820000,100000
2019-10-24 11:51:09.141000,1.11265,1.11263,820000,1950000
2019-10-24 11:51:09.373000,1.11265,1.11264,820000,100000
2019-10-24 11:51:10.288000,1.11266,1.11264,820000,1200000
2019-10-24 11:51:10.603000,1.11265,1.11264,820000,450000
2019-10-24 11:51:10.704000,1.11266,1.11265,100000,750000
2019-10-24 11:51:10.859000,1.11268,1.11266,2250000,100000
2019-10-24 11:51:10.961000,1.11268,1.11265,3370000,1200000
2019-10-24 11:51:11.063000,1.11268,1.11266,1500000,100000
2019-10-24 11:51:11.164000,1.11268,1.11265,1500000,1950000
2019-10-24 11:51:14.594000,1.11268,1.11266,750000,450000
2019-10-24 11:51:18.565000,1.11267,1.11266,750000,100000
2019-10-24 11:51:18.666000,1.11268,1.11266,2250000,1200000
2019-10-24 11:51:18.837000,1.11268,1.11265,2250000,1200000
2019-10-24 11:51:22.905000,1.11268,1.11264,2250000,1690000
2019-10-24 11:51:26.292000,1.11268,1.11265,2250000,100000
2019-10-24 11:51:26.393000,1.11268,1.11264,2250000,2890000
2019-10-24 11:51:26.609000,1.11268,1.11265,2250000,100000
2019-10-24 11:51:26.936000,1.11268,1.11264,2250000,2890000
2019-10-24 11:51:27.467000,1.11268,1.11265,2250000,100000
2019-10-24 11:51:29.774000,1.11269,1.11265,3560000,1010000
2019-10-24 11:51:29.875000,1.11267,1.11265,100000,1390000
2019-10-24 11:51:29.976000,1.11267,1.11266,100000,100000
2019-10-24 11:51:30.087000,1.11268,1.11266,100000,450000
2019-10-24 11:51:30.189000,1.11269,1.11266,2810000,750000
2019-10-24 11:51:30.292000,1.11269,1.11265,2060000,3260000
2019-10-24 11:51:36.385000,1.11269,1.11266,3190000,750000
2019-10-24 11:51:38.618000,1.11268,1.11266,750000,100000
2019-10-24 11:51:38.719000,1.11267,1.11265,100000,1570000
2019-10-24 11:51:38.825000,1.11268,1.11265,820000,1570000
2019-10-24 11:51:40.088000,1.11268,1.11266,100000,370000
2019-10-24 11:51:41.407000,1.11267,1.11266,100000,750000
2019-10-24 11:51:42.058000,1.11268,1.11266,1390000,940000
2019-10-24 11:51:43.638000,1.11267,1.11266,100000,1010000
2019-10-24 11:51:45.583000,1.11268,1.11266,190000,1010000
2019-10-24 11:51:48.094000,1.11269,1.11266,3940000,750000
2019-10-24 11:51:48.196000,1.11268,1.11265,190000,100000
2019-10-24 11:51:48.324000,1.11267,1.11266,100000,130000
2019-10-24 11:51:48.426000,1.11268,1.11265,260000,100000
2019-10-24 11:51:50.125000,1.11268,1.11266,260000,190000
2019-10-24 11:51:50.666000,1.11268,1.11264,1760000,6020000
2019-10-24 11:51:50.767000,1.11267,1.11264,100000,6020000
2019-10-24 11:51:58.266000,1.11267,1.11265,100000,100000
2019-10-24 11:51:58.418000,1.11267,1.11265,100000,5890000
2019-10-24 11:51:58.519000,1.11268,1.11266,1760000,100000
2019-10-24 11:51:58.621000,1.11267,1.11265,750000,450000
2019-10-24 11:51:59.135000,1.11268,1.11265,2060000,100000
2019-10-24 11:52:01.681000,1.11268,1.11266,1310000,370000
2019-10-24 11:52:02.958000,1.11268,1.11265,1310000,450000
2019-10-24 11:52:05.689000,1.11268,1.11264,1690000,1760000
2019-10-24 11:52:05.790000,1.11268,1.11265,2440000,100000
2019-10-24 11:52:05.891000,1.11267,1.11265,750000,100000
2019-10-24 11:52:06.194000,1.11268,1.11265,1690000,450000
2019-10-24 11:52:08.123000,1.11268,1.11266,2250000,750000
2019-10-24 11:52:08.224000,1.11268,1.11266,1500000,470000
2019-10-24 11:52:08.275000,1.11268,1.11265,1500000,640000
2019-10-24 11:52:08.376000,1.11267,1.11266,750000,100000
2019-10-24 11:52:08.662000,1.11267,1.11265,820000,1760000
2019-10-24 11:52:08.965000,1.11266,1.11265,100000,3260000
2019-10-24 11:52:09.273000,1.11267,1.11265,820000,2140000
2019-10-24 11:52:09.722000,1.11267,1.11266,820000,100000
2019-10-24 11:52:09.836000,1.11267,1.11265,820000,260000
2019-10-24 11:52:10.383000,1.11267,1.11266,820000,450000
2019-10-24 11:52:11.704000,1.11267,1.11265,1570000,2140000
2019-10-24 11:52:11.851000,1.11266,1.11265,190000,100000
2019-10-24 11:52:11.902000,1.11263,1.11262,750000,370000
2019-10-24 11:52:12.004000,1.11261,1.1126,750000,1200000
2019-10-24 11:52:12.055000,1.11261,1.11259,940000,1570000
2019-10-24 11:52:12.159000,1.1126,1.11259,750000,100000
2019-10-24 11:52:12.260000,1.1126,1.11258,820000,2250000
2019-10-24 11:52:13.175000,1.11259,1.11257,100000,4570000
2019-10-24 11:52:13.824000,1.1126,1.11258,820000,750000
2019-10-24 11:52:13.925000,1.11259,1.11258,100000,750000
2019-10-24 11:52:14.286000,1.1126,1.11258,820000,750000
2019-10-24 11:52:14.488000,1.11259,1.11258,100000,750000
2019-10-24 11:52:15.793000,1.11259,1.11256,1010000,3070000
2019-10-24 11:52:15.945000,1.11259,1.11255,3260000,2510000
2019-10-24 11:52:16.046000,1.11258,1.11255,1570000,2890000
2019-10-24 11:52:17.034000,1.11259,1.11255,3560000,1390000
2019-10-24 11:52:19.115000,1.11259,1.11256,3940000,100000
2019-10-24 11:52:19.217000,1.11259,1.11255,3940000,190000
2019-10-24 11:52:19.678000,1.11258,1.11254,190000,5140000
2019-10-24 11:52:19.780000,1.11257,1.11255,190000,940000
2019-10-24 11:52:24.351000,1.11258,1.11255,750000,1760000
2019-10-24 11:52:27.335000,1.11259,1.11255,2440000,2510000
2019-10-24 11:52:29.488000,1.11258,1.11255,750000,2140000
2019-10-24 11:52:29.589000,1.11259,1.11255,4690000,1390000
2019-10-24 11:52:29.993000,1.11258,1.11255,750000,2140000
2019-10-24 11:52:30.222000,1.11259,1.11255,3940000,1390000
2019-10-24 11:52:30.983000,1.11258,1.11255,750000,3640000
2019-10-24 11:52:31.088000,1.11259,1.11255,3940000,2890000
2019-10-24 11:52:32.928000,1.11258,1.11255,750000,2890000
2019-10-24 11:52:33.048000,1.11259,1.11255,4690000,2140000
2019-10-24 11:52:33.153000,1.11258,1.11255,750000,2140000
2019-10-24 11:52:33.254000,1.11259,1.11255,3940000,1390000
2019-10-24 11:52:34.915000,1.11258,1.11255,750000,2140000
2019-10-24 11:52:35.204000,1.11259,1.11255,3940000,1390000
2019-10-24 11:52:35.960000,1.11258,1.11255,750000,2140000
2019-10-24 11:52:36.062000,1.11259,1.11255,4690000,1390000
2019-10-24 11:52:38.706000,1.11258,1.11255,750000,2140000
2019-10-24 11:52:41.004000,1.11259,1.11255,5440000,2890000
2019-10-24 11:52:41.864000,1.11259,1.11256,5440000,370000
2019-10-24 11:52:43.188000,1.11258,1.11256,750000,370000
2019-10-24 11:52:43.675000,1.11259,1.11256,4690000,370000
2019-10-24 11:52:43.878000,1.11258,1.11256,750000,370000
2019-10-24 11:52:44.525000,1.11259,1.11256,4690000,370000
2019-10-24 11:52:45.134000,1.11258,1.11256,750000,370000
2019-10-24 11:52:45.765000,1.11259,1.11256,4690000,370000
2019-10-24 11:52:45.871000,1.11258,1.11256,750000,3450000
2019-10-24 11:52:46.067000,1.11259,1.11256,3940000,1570000
2019-10-24 11:52:47.408000,1.11261,1.11259,1690000,750000
2019-10-24 11:52:47.510000,1.11262,1.1126,940000,1010000
2019-10-24 11:52:47.662000,1.1126,1.11259,190000,1200000
2019-10-24 11:52:47.714000,1.11258,1.11257,2250000,750000
2019-10-24 11:52:47.792000,1.11257,1.11256,2250000,3190000
2019-10-24 11:52:47.844000,1.11252,1.1125,940000,370000
2019-10-24 11:52:48.047000,1.11251,1.11249,1200000,820000
2019-10-24 11:52:48.257000,1.11251,1.11248,1950000,1010000
2019-10-24 11:52:48.364000,1.11251,1.11249,1200000,100000
2019-10-24 11:52:48.567000,1.1125,1.11249,1120000,1390000
2019-10-24 11:52:48.668000,1.11249,1.11248,190000,1500000
2019-10-24 11:52:48.891000,1.11249,1.11247,190000,1570000
2019-10-24 11:52:48.942000,1.11249,1.11248,100000,1950000
2019-10-24 11:52:49.043000,1.11249,1.11248,100000,1950000
2019-10-24 11:52:49.144000,1.1125,1.11249,100000,450000
2019-10-24 11:52:49.246000,1.11252,1.1125,820000,450000
2019-10-24 11:52:49.518000,1.11252,1.11251,100000,100000
2019-10-24 11:52:49.619000,1.11252,1.1125,100000,450000
2019-10-24 11:52:49.751000,1.11253,1.1125,1310000,450000
2019-10-24 11:52:49.903000,1.11253,1.11251,940000,450000
2019-10-24 11:52:51.847000,1.11255,1.11254,190000,1500000
2019-10-24 11:52:51.898000,1.11257,1.11255,1690000,1690000
2019-10-24 11:52:51.949000,1.11258,1.11257,2440000,1500000
2019-10-24 11:52:52.050000,1.11258,1.11256,100000,4390000
2019-10-24 11:52:52.152000,1.11258,1.11257,100000,820000
2019-10-24 11:52:52.429000,1.11259,1.11258,100000,100000
2019-10-24 11:52:52.531000,1.11259,1.11257,190000,2700000
2019-10-24 11:52:52.981000,1.1126,1.11259,100000,940000
2019-10-24 11:52:53.032000,1.11263,1.11261,4310000,750000
2019-10-24 11:52:53.083000,1.11265,1.11263,1120000,370000
2019-10-24 11:52:53.134000,1.11267,1.11266,750000,190000
2019-10-24 11:52:53.260000,1.11269,1.11266,2440000,100000
2019-10-24 11:52:53.362000,1.11268,1.11266,750000,2140000
2019-10-24 11:52:53.413000,1.11269,1.11268,750000,100000
2019-10-24 11:52:53.514000,1.1127,1.11268,940000,450000
2019-10-24 11:52:53.616000,1.11271,1.11269,1500000,100000
2019-10-24 11:52:54.828000,1.1127,1.11268,190000,100000
2019-10-24 11:52:54.929000,1.1127,1.11267,190000,1760000
2019-10-24 11:52:54.980000,1.1127,1.11269,190000,100000
2019-10-24 11:52:56.012000,1.1127,1.11267,190000,1760000
2019-10-24 11:52:58.094000,1.1127,1.11266,3940000,2510000
2019-10-24 11:52:58.145000,1.11268,1.11266,1500000,820000
2019-10-24 11:52:58.247000,1.11266,1.11265,190000,1200000
2019-10-24 11:52:58.298000,1.11265,1.11263,750000,6070000
2019-10-24 11:52:58.399000,1.11267,1.11265,2250000,750000
2019-10-24 11:52:58.533000,1.11267,1.11266,750000,100000
2019-10-24 11:52:58.634000,1.11267,1.11265,750000,750000
2019-10-24 11:52:58.786000,1.11267,1.11264,1120000,1310000
2019-10-24 11:52:58.888000,1.11267,1.11265,1120000,750000
2019-10-24 11:53:00.076000,1.11267,1.11264,2060000,450000
2019-10-24 11:53:00.178000,1.11265,1.11264,190000,100000
2019-10-24 11:53:00.229000,1.11265,1.11262,2440000,1950000
2019-10-24 11:53:00.431000,1.11265,1.11263,190000,450000
2019-10-24 11:53:00.532000,1.11265,1.11262,190000,3820000
2019-10-24 11:53:00.634000,1.11265,1.11263,190000,450000
2019-10-24 11:53:00.855000,1.11265,1.11264,190000,450000
2019-10-24 11:53:00.956000,1.11265,1.11263,190000,100000
2019-10-24 11:53:05.130000,1.11265,1.11264,940000,100000
2019-10-24 11:53:05.232000,1.11265,1.11263,190000,1570000
2019-10-24 11:53:05.333000,1.11265,1.11264,190000,100000
2019-10-24 11:53:05.525000,1.11265,1.11263,190000,820000
2019-10-24 11:53:05.830000,1.11264,1.11263,1500000,370000
2019-10-24 11:53:05.931000,1.11263,1.1126,1690000,2700000
2019-10-24 11:53:05.982000,1.11261,1.11259,940000,3450000
2019-10-24 11:53:06.084000,1.11261,1.11259,1690000,750000
2019-10-24 11:53:06.948000,1.11259,1.11258,750000,100000
2019-10-24 11:53:07.050000,1.11258,1.11257,750000,1390000
2019-10-24 11:53:07.152000,1.11259,1.11258,1500000,100000
2019-10-24 11:53:07.836000,1.11258,1.11257,750000,750000
2019-10-24 11:53:08.140000,1.11259,1.11257,750000,1200000
2019-10-24 11:53:13.205000,1.11259,1.11256,1500000,640000
2019-10-24 11:53:14.067000,1.11259,1.11255,8060000,3640000
2019-10-24 11:53:14.168000,1.11258,1.11255,1500000,2140000
2019-10-24 11:53:14.286000,1.11259,1.11256,6190000,450000
2019-10-24 11:53:14.432000,1.11259,1.11255,8440000,3640000
2019-10-24 11:53:14.685000,1.11258,1.11255,750000,2890000
2019-10-24 11:53:15.034000,1.11259,1.11255,6940000,2140000
2019-10-24 11:53:15.223000,1.11258,1.11256,1500000,1570000
2019-10-24 11:53:19.915000,1.11259,1.11256,1500000,2140000
2019-10-24 11:53:20.016000,1.11259,1.11257,2250000,450000
2019-10-24 11:53:21.505000,1.11259,1.11256,2250000,4010000
2019-10-24 11:53:22.001000,1.11259,1.11257,2250000,100000
2019-10-24 11:53:22.149000,1.11259,1.11258,750000,190000
2019-10-24 11:53:22.251000,1.1126,1.11258,2440000,640000
2019-10-24 11:53:22.453000,1.11259,1.11258,1120000,190000
2019-10-24 11:53:22.554000,1.11259,1.11256,1870000,3260000
2019-10-24 11:53:23.265000,1.11258,1.11256,750000,2510000
2019-10-24 11:53:26.315000,1.11259,1.11256,2250000,1010000
2019-10-24 11:53:26.467000,1.11258,1.11256,2440000,190000
2019-10-24 11:53:26.517000,1.11256,1.11254,3190000,3260000
2019-10-24 11:53:26.696000,1.11254,1.11253,750000,1950000
2019-10-24 11:53:26.798000,1.11254,1.11252,750000,100000
2019-10-24 11:53:26.899000,1.11254,1.11251,750000,2890000
2019-10-24 11:53:27.255000,1.11254,1.11252,750000,1200000
2019-10-24 11:53:27.849000,1.11255,1.11253,3190000,190000
2019-10-24 11:53:28.002000,1.11256,1.11255,2620000,190000
2019-10-24 11:53:28.103000,1.11256,1.11255,750000,1760000
2019-10-24 11:53:29.199000,1.11257,1.11255,1120000,260000
2019-10-24 11:53:29.300000,1.11257,1.11254,3370000,1010000
2019-10-24 11:53:30.079000,1.11256,1.11254,750000,820000
2019-10-24 11:53:30.616000,1.11257,1.11254,3190000,820000
2019-10-24 11:53:30.784000,1.11256,1.11254,750000,820000
2019-10-24 11:53:31.860000,1.11257,1.11254,5440000,1200000
2019-10-24 11:53:34.188000,1.11256,1.11254,750000,450000
2019-10-24 11:53:34.290000,1.11257,1.11255,6190000,100000
2019-10-24 11:53:36.924000,1.11256,1.11255,750000,450000
2019-10-24 11:53:37.990000,1.11257,1.11255,750000,1200000
2019-10-24 11:53:39.363000,1.11257,1.11256,750000,1200000
2019-10-24 11:53:39.840000,1.11258,1.11256,2440000,1200000
2019-10-24 11:53:40.163000,1.11258,1.11255,2440000,1570000
2019-10-24 11:53:43.109000,1.11258,1.11256,3190000,450000
2019-10-24 11:53:43.699000,1.11259,1.11256,4120000,2140000
2019-10-24 11:53:43.963000,1.11259,1.11257,2620000,370000
2019-10-24 11:53:44.064000,1.11259,1.11256,3000000,2270000
2019-10-24 11:53:46.207000,1.11259,1.11257,3000000,450000
2019-10-24 11:53:47.042000,1.11259,1.11256,2250000,1390000
2019-10-24 11:53:48.405000,1.11259,1.11257,2250000,1200000
2019-10-24 11:53:48.565000,1.11259,1.11256,2250000,1760000
2019-10-24 11:53:50.835000,1.11258,1.11256,750000,1760000
2019-10-24 11:53:54.667000,1.11258,1.11257,750000,1200000
2019-10-24 11:53:54.769000,1.11259,1.11256,3940000,820000
2019-10-24 11:53:54.871000,1.11257,1.11255,750000,450000
2019-10-24 11:53:55.400000,1.11256,1.11255,190000,370000
2019-10-24 11:53:55.602000,1.11256,1.11254,190000,4010000
2019-10-24 11:53:57.078000,1.11256,1.11255,190000,370000
2019-10-24 11:53:57.530000,1.11256,1.11254,190000,4760000
2019-10-24 11:53:57.892000,1.11256,1.11255,190000,370000
2019-10-24 11:53:57.994000,1.11257,1.11255,1500000,640000
2019-10-24 11:53:59.701000,1.11257,1.11256,1500000,370000
2019-10-24 11:53:59.802000,1.11257,1.11255,750000,190000
2019-10-24 11:54:00.055000,1.11258,1.11256,750000,190000
2019-10-24 11:54:00.192000,1.11257,1.11256,940000,1200000
2019-10-24 11:54:00.294000,1.11257,1.11255,940000,3260000
2019-10-24 11:54:00.649000,1.11257,1.11256,190000,450000
2019-10-24 11:54:00.839000,1.11258,1.11256,750000,450000
2019-10-24 11:54:00.991000,1.11259,1.11257,750000,1950000
2019-10-24 11:54:01.116000,1.11262,1.1126,190000,1200000
2019-10-24 11:54:01.218000,1.11263,1.1126,940000,1200000
2019-10-24 11:54:01.674000,1.11263,1.11261,940000,450000
2019-10-24 11:54:01.950000,1.11261,1.1126,3190000,3450000
2019-10-24 11:54:02.060000,1.11259,1.11257,190000,1690000
2019-10-24 11:54:02.213000,1.1126,1.11257,750000,2140000
2019-10-24 11:54:02.517000,1.11261,1.11257,9190000,2140000
2019-10-24 11:54:02.642000,1.1126,1.11257,2250000,2890000
2019-10-24 11:54:02.882000,1.11261,1.11257,5810000,2140000
2019-10-24 11:54:03.153000,1.1126,1.11257,750000,2890000
2019-10-24 11:54:03.716000,1.1126,1.11258,190000,190000
2019-10-24 11:54:03.818000,1.11259,1.11257,370000,1950000
2019-10-24 11:54:03.920000,1.11259,1.11256,750000,4390000
2019-10-24 11:54:04.021000,1.11259,1.11257,4500000,450000
2019-10-24 11:54:04.150000,1.11257,1.11255,750000,3820000
2019-10-24 11:54:05.691000,1.11258,1.11255,750000,2510000
2019-10-24 11:54:05.792000,1.11258,1.11257,750000,750000
2019-10-24 11:54:05.893000,1.1126,1.11259,750000,450000
2019-10-24 11:54:05.995000,1.11261,1.11259,750000,1950000
2019-10-24 11:54:06.096000,1.11261,1.1126,750000,450000
2019-10-24 11:54:06.229000,1.11261,1.11259,750000,4870000
2019-10-24 11:54:06.330000,1.11261,1.1126,750000,1200000
2019-10-24 11:54:06.482000,1.11262,1.1126,750000,1200000
2019-10-24 11:54:07.091000,1.11263,1.1126,2440000,450000
2019-10-24 11:54:07.297000,1.11261,1.11259,2440000,2320000
2019-10-24 11:54:07.441000,1.11259,1.11257,2440000,750000
2019-10-24 11:54:07.543000,1.11257,1.11255,1690000,3640000
2019-10-24 11:54:07.645000,1.11256,1.11254,2440000,1760000
2019-10-24 11:54:07.746000,1.11254,1.11253,750000,450000
2019-10-24 11:54:07.848000,1.11254,1.11252,750000,2060000
2019-10-24 11:54:07.950000,1.11255,1.11252,750000,4760000
2019-10-24 11:54:08.051000,1.11256,1.11255,2250000,450000
2019-10-24 11:54:08.205000,1.11256,1.11254,750000,1500000
2019-10-24 11:54:08.306000,1.11256,1.11255,750000,450000
2019-10-24 11:54:09.238000,1.11256,1.11254,750000,2700000
2019-10-24 11:54:10.196000,1.11257,1.11254,750000,2700000
2019-10-24 11:54:10.298000,1.11257,1.11255,1500000,370000
2019-10-24 11:54:10.413000,1.11258,1.11256,1500000,450000
2019-10-24 11:54:10.565000,1.11258,1.11257,1500000,750000
2019-10-24 11:54:10.667000,1.11259,1.11257,750000,2890000
2019-10-24 11:54:10.920000,1.11259,1.11256,3750000,450000
2019-10-24 11:54:11.028000,1.11259,1.11255,3750000,2890000
2019-10-24 11:54:11.130000,1.11259,1.11257,3000000,450000
2019-10-24 11:54:11.231000,1.1126,1.11259,750000,940000
2019-10-24 11:54:11.333000,1.11262,1.11259,1500000,560000
2019-10-24 11:54:11.434000,1.11261,1.11259,190000,370000
2019-10-24 11:54:11.596000,1.11261,1.1126,190000,750000
2019-10-24 11:54:11.697000,1.11262,1.1126,2250000,750000
2019-10-24 11:54:11.748000,1.1126,1.11259,190000,1950000
2019-10-24 11:54:11.884000,1.11259,1.11257,190000,3260000
2019-10-24 11:54:13.455000,1.1126,1.11257,1500000,2700000
2019-10-24 11:54:13.557000,1.1126,1.11258,1500000,1200000
2019-10-24 11:54:13.663000,1.1126,1.11258,1500000,2700000
2019-10-24 11:54:13.765000,1.1126,1.11258,1500000,1950000
2019-10-24 11:54:14.311000,1.1126,1.11258,1500000,1950000
2019-10-24 11:54:14.586000,1.1126,1.11258,1500000,1950000
2019-10-24 11:54:15.676000,1.11259,1.11258,370000,1950000
2019-10-24 11:54:15.879000,1.11258,1.11256,1500000,1200000
2019-10-24 11:54:16.081000,1.11258,1.11254,3190000,3640000
2019-10-24 11:54:16.287000,1.11258,1.11255,3190000,450000
2019-10-24 11:54:16.472000,1.11258,1.11254,3190000,4390000
2019-10-24 11:54:16.573000,1.11256,1.11255,750000,370000
2019-10-24 11:54:16.737000,1.11258,1.11256,3940000,450000
2019-10-24 11:54:17.352000,1.11258,1.11255,3190000,1390000
2019-10-24 11:54:17.453000,1.11258,1.11256,2440000,450000
2019-10-24 11:54:18.153000,1.11258,1.11255,1690000,1390000
2019-10-24 11:54:18.968000,1.11258,1.11256,1690000,1200000
2019-10-24 11:54:19.157000,1.11258,1.11255,1690000,1390000
2019-10-24 11:54:19.258000,1.11258,1.11256,750000,450000
2019-10-24 11:54:19.410000,1.11258,1.11257,750000,370000
2019-10-24 11:54:19.461000,1.1126,1.11257,4500000,560000
2019-10-24 11:54:19.613000,1.11259,1.11257,750000,3640000
2019-10-24 11:54:19.714000,1.1126,1.11257,1500000,1390000
2019-10-24 11:54:19.844000,1.11259,1.11257,370000,1200000
2019-10-24 11:54:19.945000,1.11259,1.11256,1690000,450000
2019-10-24 11:54:20.148000,1.1126,1.11256,4310000,1390000
2019-10-24 11:54:20.511000,1.1126,1.11257,5140000,450000
2019-10-24 11:54:21.313000,1.11259,1.11257,750000,750000
2019-10-24 11:54:21.414000,1.1126,1.11257,5060000,750000
2019-10-24 11:54:22.598000,1.11262,1.11261,1500000,750000
2019-10-24 11:54:22.700000,1.11263,1.11261,370000,450000
2019-10-24 11:54:22.801000,1.11264,1.11261,3940000,450000
2019-10-24 11:54:22.903000,1.11264,1.1126,3940000,2890000
2019-10-24 11:54:23.094000,1.11264,1.11261,4690000,450000
2019-10-24 11:54:23.663000,1.11264,1.1126,3940000,2510000
2019-10-24 11:54:23.917000,1.11264,1.11261,2250000,940000
2019-10-24 11:54:24.018000,1.11264,1.11262,940000,190000
2019-10-24 11:54:24.120000,1.11266,1.11264,940000,450000
2019-10-24 11:54:24.272000,1.11267,1.11265,1690000,450000
2019-10-24 11:54:24.935000,1.11268,1.11265,1870000,450000
2019-10-24 11:54:25.037000,1.11268,1.11264,1500000,3640000
2019-10-24 11:54:25.138000,1.11268,1.11265,1500000,450000
2019-10-24 11:54:26.869000,1.11267,1.11265,1500000,450000
2019-10-24 11:54:26.971000,1.11264,1.11261,2250000,190000
2019-10-24 11:54:27.022000,1.11261,1.11259,1500000,2620000
2019-10-24 11:54:27.126000,1.1126,1.11259,750000,750000
2019-10-24 11:54:27.228000,1.1126,1.11258,750000,1570000
2019-10-24 11:54:27.847000,1.11262,1.11261,190000,450000
2019-10-24 11:54:27.999000,1.11263,1.11262,190000,450000
2019-10-24 11:54:28.049000,1.11264,1.11262,190000,450000
2019-10-24 11:54:28.151000,1.11264,1.11261,190000,1950000
2019-10-24 11:54:29.061000,1.11261,1.1126,370000,450000
2019-10-24 11:54:29.163000,1.11262,1.11259,1500000,640000
2019-10-24 11:54:29.416000,1.11261,1.11259,190000,820000
2019-10-24 11:54:32.346000,1.1126,1.11259,190000,1200000
2019-10-24 11:54:32.397000,1.11264,1.11261,940000,2250000
2019-10-24 11:54:32.548000,1.11264,1.11262,940000,450000
2019-10-24 11:54:32.650000,1.11262,1.11261,370000,1200000
2019-10-24 11:54:32.751000,1.11263,1.11261,750000,1200000
2019-10-24 11:54:34.395000,1.11264,1.11261,4760000,450000
2019-10-24 11:54:34.496000,1.11261,1.1126,370000,1200000
2019-10-24 11:54:34.598000,1.11261,1.11259,370000,1950000
2019-10-24 11:54:35.400000,1.11261,1.11258,1310000,1200000
2019-10-24 11:54:35.501000,1.11259,1.11257,190000,1200000
2019-10-24 11:54:35.602000,1.11259,1.11257,190000,370000
2019-10-24 11:54:37.125000,1.11261,1.11259,2250000,190000
2019-10-24 11:54:37.226000,1.11263,1.1126,1500000,640000
2019-10-24 11:54:38.031000,1.11261,1.1126,560000,1200000
2019-10-24 11:54:38.184000,1.11261,1.11259,190000,450000
2019-10-24 11:54:38.386000,1.11261,1.11258,560000,1200000
2019-10-24 11:54:38.487000,1.1126,1.11258,190000,450000
2019-10-24 11:54:39.192000,1.1126,1.11257,190000,3450000
2019-10-24 11:54:40.509000,1.1126,1.11259,190000,450000
2019-10-24 11:54:40.639000,1.11261,1.11259,2060000,820000
2019-10-24 11:54:40.740000,1.11261,1.1126,370000,450000
2019-10-24 11:54:42.364000,1.11262,1.1126,2250000,450000
2019-10-24 11:54:45.468000,1.11261,1.1126,190000,450000
2019-10-24 11:54:45.643000,1.11261,1.11259,190000,3260000
2019-10-24 11:54:45.744000,1.11262,1.11261,750000,450000
2019-10-24 11:54:45.963000,1.11262,1.1126,750000,1950000
2019-10-24 11:54:46.064000,1.11262,1.11261,750000,450000
2019-10-24 11:54:46.172000,1.11262,1.1126,750000,1200000
2019-10-24 11:54:48.598000,1.11262,1.11261,750000,1200000
2019-10-24 11:54:48.946000,1.11262,1.1126,750000,1570000
2019-10-24 11:54:49.199000,1.11263,1.1126,1310000,820000
2019-10-24 11:54:49.394000,1.11263,1.11261,1310000,450000
2019-10-24 11:54:50.562000,1.11264,1.11261,3560000,450000
2019-10-24 11:54:51.959000,1.11262,1.11261,560000,450000
2019-10-24 11:54:54.591000,1.11262,1.1126,190000,2140000
2019-10-24 11:54:55.154000,1.11262,1.11261,190000,450000
2019-10-24 11:54:57.463000,1.11264,1.11261,2250000,450000
2019-10-24 11:55:00.079000,1.11264,1.11262,1690000,370000
2019-10-24 11:55:00.282000,1.11264,1.11261,940000,1950000
2019-10-24 11:55:00.387000,1.11264,1.11262,940000,450000
2019-10-24 11:55:01.189000,1.11266,1.11265,1500000,370000
2019-10-24 11:55:01.291000,1.11268,1.11266,190000,450000
2019-10-24 11:55:01.392000,1.11267,1.11265,750000,1200000
2019-10-24 11:55:01.494000,1.11268,1.11265,560000,1200000
2019-10-24 11:55:02.074000,1.11267,1.11265,190000,1950000
2019-10-24 11:55:04.679000,1.11266,1.11265,190000,750000
2019-10-24 11:55:04.781000,1.11265,1.11263,1310000,2700000
2019-10-24 11:55:04.882000,1.11265,1.11262,1310000,6070000
2019-10-24 11:55:05.390000,1.11265,1.11263,1310000,750000
2019-10-24 11:55:05.546000,1.11265,1.11262,1310000,4950000
2019-10-24 11:55:06.120000,1.11264,1.11262,750000,1950000
2019-10-24 11:55:07.735000,1.11263,1.11262,750000,100000
2019-10-24 11:55:07.836000,1.11262,1.1126,1500000,1200000
2019-10-24 11:55:08.144000,1.11262,1.11259,3750000,1200000
2019-10-24 11:55:08.786000,1.1126,1.11259,940000,100000
2019-10-24 11:55:08.837000,1.1126,1.11257,940000,1950000
2019-10-24 11:55:09.464000,1.11261,1.11257,3000000,2890000
2019-10-24 11:55:09.565000,1.11262,1.1126,1500000,190000
2019-10-24 11:55:09.667000,1.11262,1.11259,3750000,450000
2019-10-24 11:55:09.768000,1.1126,1.11258,1870000,4200000
2019-10-24 11:55:09.819000,1.11259,1.11257,3000000,3000000
2019-10-24 11:55:09.926000,1.11257,1.11256,370000,2700000
2019-10-24 11:55:10.028000,1.11257,1.11254,1120000,2890000
2019-10-24 11:55:10.453000,1.11256,1.11254,190000,100000
2019-10-24 11:55:10.555000,1.11256,1.11253,2440000,1950000
2019-10-24 11:55:10.765000,1.11255,1.11253,190000,100000
2019-10-24 11:55:10.866000,1.11255,1.11252,190000,2320000
2019-10-24 11:55:11.134000,1.11255,1.11253,190000,100000
2019-10-24 11:55:11.235000,1.11255,1.11252,190000,2320000
2019-10-24 11:55:11.349000,1.11255,1.11253,190000,100000
2019-10-24 11:55:11.400000,1.11257,1.11254,940000,3000000
2019-10-24 11:55:11.451000,1.11258,1.11256,1390000,190000
2019-10-24 11:55:11.886000,1.11258,1.11255,940000,1200000
2019-10-24 11:55:12.191000,1.11256,1.11255,940000,1200000
2019-10-24 11:55:12.292000,1.11254,1.11253,190000,1200000
2019-10-24 11:55:12.393000,1.11255,1.11254,190000,100000
2019-10-24 11:55:12.494000,1.11255,1.11253,190000,1570000
2019-10-24 11:55:13.690000,1.11254,1.11252,190000,3260000
2019-10-24 11:55:15.655000,1.11255,1.11254,190000,450000
2019-10-24 11:55:16.197000,1.11254,1.11253,190000,1950000
2019-10-24 11:55:18.671000,1.11256,1.11254,940000,100000
2019-10-24 11:55:18.856000,1.11255,1.11254,370000,2320000
2019-10-24 11:55:19.058000,1.11255,1.11253,560000,1200000
2019-10-24 11:55:20.107000,1.11255,1.11252,190000,4950000
2019-10-24 11:55:20.904000,1.11255,1.11253,560000,750000
2019-10-24 11:55:21.006000,1.11254,1.11252,370000,1570000
2019-10-24 11:55:23.823000,1.11254,1.11251,1120000,2510000
2019-10-24 11:55:23.983000,1.1125,1.11249,750000,6450000
2019-10-24 11:55:24.034000,1.1125,1.11248,1690000,450000
2019-10-24 11:55:24.136000,1.1125,1.11247,1690000,3450000
2019-10-24 11:55:24.609000,1.11249,1.11247,370000,820000
2019-10-24 11:55:25.270000,1.1125,1.11247,1690000,1200000
2019-10-24 11:55:25.553000,1.11249,1.11247,940000,190000
2019-10-24 11:55:25.654000,1.11247,1.11246,1690000,150000
2019-10-24 11:55:25.756000,1.11246,1.11243,940000,1200000
2019-10-24 11:55:25.858000,1.11246,1.11244,940000,100000
2019-10-24 11:55:26.016000,1.11246,1.11243,1690000,1950000
2019-10-24 11:55:26.066000,1.11244,1.11242,190000,2890000
2019-10-24 11:55:26.168000,1.11244,1.11243,190000,750000
2019-10-24 11:55:26.526000,1.11247,1.11244,5140000,100000
2019-10-24 11:55:26.627000,1.11247,1.11246,3000000,2140000
2019-10-24 11:55:26.678000,1.11249,1.11246,450000,4390000
2019-10-24 11:55:26.830000,1.11249,1.11247,370000,450000
2019-10-24 11:55:27.153000,1.1125,1.11248,2250000,100000
2019-10-24 11:55:27.264000,1.11249,1.11247,750000,1200000
2019-10-24 11:55:28.594000,1.1125,1.11246,6190000,5140000
2019-10-24 11:55:29.113000,1.11249,1.11246,750000,3640000
2019-10-24 11:55:29.438000,1.1125,1.11246,4310000,3640000
2019-10-24 11:55:29.667000,1.1125,1.11247,3560000,100000
2019-10-24 11:55:29.769000,1.1125,1.11248,1500000,2140000
2019-10-24 11:55:29.870000,1.11251,1.11248,3000000,3640000
2019-10-24 11:55:30.256000,1.11251,1.11249,1310000,750000
2019-10-24 11:55:30.393000,1.11251,1.11248,1120000,2890000
2019-10-24 11:55:30.597000,1.1125,1.11248,750000,2140000
2019-10-24 11:55:30.931000,1.11251,1.11248,2250000,100000
2019-10-24 11:55:31.032000,1.11251,1.11247,2250000,3640000
2019-10-24 11:55:31.483000,1.1125,1.11247,560000,3450000
2019-10-24 11:55:32.804000,1.1125,1.11248,2060000,450000
2019-10-24 11:55:32.995000,1.11249,1.11247,370000,1570000
2019-10-24 11:55:33.514000,1.11248,1.11247,750000,750000
2019-10-24 11:55:33.615000,1.11248,1.11246,1500000,450000
2019-10-24 11:55:33.717000,1.11248,1.11245,1500000,5510000
2019-10-24 11:55:33.818000,1.11249,1.11246,4310000,100000
2019-10-24 11:55:34.026000,1.11248,1.11245,750000,6260000
2019-10-24 11:55:34.128000,1.11249,1.11245,3560000,3260000
2019-10-24 11:55:34.229000,1.11249,1.11246,5060000,750000
2019-10-24 11:55:34.331000,1.11247,1.11245,750000,1950000
2019-10-24 11:55:34.438000,1.11246,1.11244,3560000,1950000
2019-10-24 11:55:34.539000,1.11244,1.11243,750000,750000
2019-10-24 11:55:34.641000,1.11243,1.11242,370000,1950000
2019-10-24 11:55:35.304000,1.11244,1.11241,3940000,100000
2019-10-24 11:55:35.414000,1.11244,1.1124,3190000,2890000
2019-10-24 11:55:35.668000,1.11244,1.11241,3750000,190000
2019-10-24 11:55:35.770000,1.11243,1.11241,370000,190000
2019-10-24 11:55:35.972000,1.11243,1.1124,820000,1390000
2019-10-24 11:55:36.121000,1.11238,1.11237,750000,1500000
2019-10-24 11:55:36.172000,1.11241,1.11238,7760000,750000
2019-10-24 11:55:36.274000,1.11239,1.11237,190000,940000
2019-10-24 11:55:36.430000,1.11241,1.11238,6260000,100000
2019-10-24 11:55:36.481000,1.11241,1.11236,7760000,4010000
2019-10-24 11:55:36.633000,1.11241,1.11237,8060000,830000
2019-10-24 11:55:36.734000,1.1124,1.11238,750000,450000
2019-10-24 11:55:36.841000,1.1124,1.11237,1500000,370000
2019-10-24 11:55:37.478000,1.11239,1.11237,370000,100000
2019-10-24 11:55:37.580000,1.11239,1.11238,1120000,450000
2019-10-24 11:55:37.681000,1.1124,1.11237,1120000,2510000
2019-10-24 11:55:38.358000,1.1124,1.11238,3190000,750000
2019-10-24 11:55:38.459000,1.1124,1.11237,2440000,100000
2019-10-24 11:55:38.561000,1.11239,1.11237,750000,750000
2019-10-24 11:55:38.669000,1.11239,1.11236,750000,2140000
2019-10-24 11:55:41.435000,1.11237,1.11236,370000,1150000
2019-10-24 11:55:41.537000,1.11239,1.11235,7310000,2510000
2019-10-24 11:55:41.638000,1.11238,1.11236,2250000,190000
2019-10-24 11:55:41.739000,1.11239,1.11236,6370000,190000
2019-10-24 11:55:41.928000,1.11238,1.11236,750000,260000
2019-10-24 11:55:42.154000,1.11239,1.11236,5620000,260000
2019-10-24 11:55:42.897000,1.11237,1.11235,3000000,450000
2019-10-24 11:55:42.998000,1.11236,1.11235,750000,100000
2019-10-24 11:55:43.100000,1.11238,1.11235,5320000,370000
2019-10-24 11:55:43.199000,1.11235,1.11233,1570000,560000
2019-10-24 11:55:43.302000,1.11235,1.11232,750000,1390000
2019-10-24 11:55:43.403000,1.11235,1.11234,1010000,370000
2019-10-24 11:55:43.606000,1.11235,1.11233,750000,1760000
2019-10-24 11:55:43.707000,1.11236,1.11232,3260000,1010000
2019-10-24 11:55:43.815000,1.11235,1.11232,100000,1690000
2019-10-24 11:55:43.921000,1.11235,1.11234,100000,370000
2019-10-24 11:55:44.278000,1.11235,1.11233,560000,750000
2019-10-24 11:55:45.285000,1.11234,1.11233,750000,750000
2019-10-24 11:55:45.386000,1.11234,1.11232,3000000,750000
2019-10-24 11:55:45.488000,1.11233,1.11232,260000,750000
2019-10-24 11:55:46.337000,1.11233,1.11231,260000,100000
2019-10-24 11:55:46.438000,1.11232,1.1123,750000,750000
2019-10-24 11:55:48.797000,1.11233,1.1123,1690000,3820000
2019-10-24 11:55:49.050000,1.11233,1.11232,370000,190000
2019-10-24 11:55:49.252000,1.11234,1.11232,1760000,190000
2019-10-24 11:55:49.407000,1.11234,1.11231,1760000,370000
2019-10-24 11:55:49.508000,1.11234,1.1123,2890000,3260000
2019-10-24 11:55:49.822000,1.11233,1.1123,820000,2440000
2019-10-24 11:55:49.923000,1.11234,1.1123,2890000,2510000
2019-10-24 11:55:51.474000,1.11232,1.1123,370000,2510000
2019-10-24 11:55:51.575000,1.11231,1.11229,2250000,1710000
2019-10-24 11:55:51.677000,1.11232,1.1123,100000,750000
2019-10-24 11:55:51.778000,1.11231,1.11229,750000,3450000
2019-10-24 11:55:51.886000,1.1123,1.11227,560000,1950000
2019-10-24 11:55:52.354000,1.1123,1.11228,640000,100000
2019-10-24 11:55:52.455000,1.1123,1.11227,640000,2620000
2019-10-24 11:55:52.947000,1.1123,1.11228,2810000,190000
2019-10-24 11:55:53.049000,1.11229,1.11227,750000,1500000
2019-10-24 11:55:55.065000,1.1123,1.11229,750000,750000
2019-10-24 11:55:55.116000,1.11232,1.11229,2140000,750000
2019-10-24 11:55:55.221000,1.11233,1.1123,3940000,370000
2019-10-24 11:55:55.526000,1.11233,1.11231,750000,1500000
2019-10-24 11:55:55.735000,1.11234,1.11233,940000,100000
2019-10-24 11:55:55.836000,1.11234,1.11232,940000,1390000
2019-10-24 11:55:58.030000,1.11233,1.11231,1120000,2140000
2019-10-24 11:55:58.131000,1.11233,1.1123,1870000,2140000
2019-10-24 11:55:58.739000,1.11233,1.11231,1120000,750000
2019-10-24 11:55:59.260000,1.11233,1.11231,1120000,1950000
2019-10-24 11:55:59.362000,1.11231,1.1123,750000,450000
2019-10-24 11:55:59.502000,1.11233,1.1123,1500000,640000
2019-10-24 11:55:59.705000,1.11232,1.1123,750000,1200000
2019-10-24 11:55:59.806000,1.11232,1.11231,750000,450000
2019-10-24 11:56:00.008000,1.11232,1.1123,750000,1570000
2019-10-24 11:56:00.153000,1.11232,1.11231,750000,450000
2019-10-24 11:56:00.255000,1.11233,1.1123,2250000,3820000
2019-10-24 11:56:00.358000,1.11232,1.11229,940000,2700000
2019-10-24 11:56:00.461000,1.11233,1.11229,2440000,5140000
2019-10-24 11:56:00.562000,1.11233,1.1123,2440000,1200000
2019-10-24 11:56:02.117000,1.11232,1.11231,750000,750000
2019-10-24 11:56:02.269000,1.1123,1.11229,190000,1950000
2019-10-24 11:56:02.371000,1.1123,1.11228,190000,450000
2019-10-24 11:56:02.472000,1.11232,1.11229,1310000,2700000
2019-10-24 11:56:02.573000,1.11232,1.1123,1690000,100000
2019-10-24 11:56:02.715000,1.11232,1.11229,1690000,1950000
2019-10-24 11:56:03.303000,1.1123,1.11229,190000,450000
2019-10-24 11:56:03.404000,1.1123,1.11228,940000,1500000
2019-10-24 11:56:03.857000,1.1123,1.11227,1690000,4200000
2019-10-24 11:56:04.231000,1.1123,1.11228,1690000,750000
2019-10-24 11:56:04.507000,1.1123,1.11227,2440000,4200000
2019-10-24 11:56:05.136000,1.11231,1.11229,750000,100000
2019-10-24 11:56:05.626000,1.1123,1.11229,190000,750000
2019-10-24 11:56:05.778000,1.1123,1.11228,940000,2700000
2019-10-24 11:56:07.001000,1.1123,1.11229,940000,750000
2019-10-24 11:56:07.300000,1.1123,1.11228,940000,2250000
2019-10-24 11:56:07.758000,1.1123,1.11229,1690000,750000
2019-10-24 11:56:08.130000,1.1123,1.11228,940000,1500000
2019-10-24 11:56:08.282000,1.11231,1.11228,1500000,2510000
2019-10-24 11:56:08.435000,1.1123,1.11228,190000,4270000
2019-10-24 11:56:08.839000,1.1123,1.11227,1310000,450000
2019-10-24 11:56:08.959000,1.1123,1.11226,1310000,2890000
2019-10-24 11:56:09.182000,1.1123,1.11227,940000,450000
2019-10-24 11:56:09.284000,1.11229,1.11227,190000,260000
2019-10-24 11:56:11.092000,1.1123,1.11227,1690000,450000
2019-10-24 11:56:11.194000,1.1123,1.11229,940000,750000
2019-10-24 11:56:12.778000,1.11231,1.11229,1120000,750000
2019-10-24 11:56:13.685000,1.1123,1.11228,190000,3070000
2019-10-24 11:56:13.995000,1.11231,1.11229,940000,1390000
2019-10-24 11:56:14.097000,1.11231,1.1123,940000,750000
2019-10-24 11:56:14.606000,1.11231,1.11229,190000,9450000
2019-10-24 11:56:14.963000,1.11232,1.1123,940000,190000
2019-10-24 11:56:16.147000,1.11233,1.11231,750000,190000
2019-10-24 11:56:16.198000,1.11234,1.11233,3750000,6450000
2019-10-24 11:56:16.299000,1.11237,1.11234,940000,1950000
2019-10-24 11:56:16.716000,1.11238,1.11234,3370000,10010000
2019-10-24 11:56:16.818000,1.11238,1.11236,1500000,1570000
2019-10-24 11:56:16.919000,1.11237,1.11236,940000,1500000
2019-10-24 11:56:17.020000,1.11236,1.11235,750000,750000
2019-10-24 11:56:17.122000,1.11237,1.11235,190000,450000
2019-10-24 11:56:17.934000,1.11238,1.11235,1500000,2880000
2019-10-24 11:56:18.461000,1.11237,1.11235,1690000,1940000
2019-10-24 11:56:18.562000,1.11236,1.11235,2440000,450000
2019-10-24 11:56:18.663000,1.11235,1.11234,190000,1870000
2019-10-24 11:56:18.980000,1.11235,1.11233,190000,4390000
2019-10-24 11:56:20.465000,1.11235,1.11233,190000,7390000
2019-10-24 11:56:20.567000,1.11235,1.11233,190000,7390000
2019-10-24 11:56:21.125000,1.11235,1.11233,190000,7390000
2019-10-24 11:56:21.176000,1.11237,1.11234,750000,3560000
2019-10-24 11:56:21.277000,1.11237,1.11235,190000,2890000
2019-10-24 11:56:21.429000,1.11238,1.11235,2810000,2160000
2019-10-24 11:56:22.179000,1.11236,1.11235,940000,1950000
2019-10-24 11:56:22.281000,1.11237,1.11235,940000,1200000
2019-10-24 11:56:22.591000,1.11236,1.11235,190000,820000
2019-10-24 11:56:23.251000,1.11238,1.11235,3370000,3260000
2019-10-24 11:56:23.352000,1.11238,1.11235,2620000,1760000
2019-10-24 11:56:23.590000,1.11238,1.11235,2620000,1760000
2019-10-24 11:56:23.691000,1.11237,1.11235,100000,3640000
2019-10-24 11:56:23.793000,1.11239,1.11235,3750000,8130000
2019-10-24 11:56:26.014000,1.1124,1.11237,6260000,1500000
2019-10-24 11:56:26.115000,1.11239,1.11237,370000,3070000
2019-10-24 11:56:27.540000,1.1124,1.11237,2510000,750000
2019-10-24 11:56:28.071000,1.11239,1.11237,750000,750000
2019-10-24 11:56:37.196000,1.11238,1.11237,370000,820000
2019-10-24 11:56:37.298000,1.11238,1.11236,560000,940000
2019-10-24 11:56:37.400000,1.11239,1.11236,6000000,1390000
2019-10-24 11:56:37.531000,1.11238,1.11235,370000,2510000
2019-10-24 11:56:37.632000,1.11238,1.11235,370000,4010000
2019-10-24 11:56:37.734000,1.11237,1.11235,1690000,750000
2019-10-24 11:56:37.835000,1.11236,1.11235,750000,750000
2019-10-24 11:56:37.937000,1.11236,1.11234,750000,2320000
2019-10-24 11:56:38.038000,1.11235,1.11233,1500000,1200000
2019-10-24 11:56:38.139000,1.11235,1.11233,750000,750000
2019-10-24 11:56:38.356000,1.11234,1.11233,100000,1500000
2019-10-24 11:56:38.458000,1.11235,1.11233,2250000,750000
2019-10-24 11:56:39.145000,1.11234,1.11232,2440000,2060000
2019-10-24 11:56:39.297000,1.11233,1.11231,560000,750000
2019-10-24 11:56:39.398000,1.11234,1.11231,2890000,2250000
2019-10-24 11:56:40.325000,1.11233,1.11231,750000,3560000
2019-10-24 11:56:40.477000,1.11234,1.11231,2440000,1390000
2019-10-24 11:56:47.745000,1.11233,1.11232,370000,190000
2019-10-24 11:56:48.134000,1.11234,1.11232,1310000,190000
2019-10-24 11:56:48.237000,1.11234,1.11231,1120000,2510000
2019-10-24 11:56:48.988000,1.1123,1.11229,940000,4950000
2019-10-24 11:56:49.112000,1.11231,1.11229,2810000,450000
2019-10-24 11:56:49.213000,1.11231,1.11228,2440000,1120000
2019-10-24 11:56:49.315000,1.1123,1.11228,190000,1870000
2019-10-24 11:56:49.467000,1.11229,1.11228,750000,750000
2019-10-24 11:56:51.419000,1.11228,1.11226,750000,3560000
2019-10-24 11:56:51.520000,1.11227,1.11225,940000,750000
2019-10-24 11:56:51.672000,1.11227,1.11225,1690000,370000
2019-10-24 11:56:51.774000,1.11227,1.11224,3940000,6000000
2019-10-24 11:56:52.366000,1.11227,1.11223,5890000,4870000
2019-10-24 11:56:52.467000,1.11225,1.11224,750000,750000
2019-10-24 11:56:52.831000,1.11226,1.11223,1690000,2620000
2019-10-24 11:56:52.987000,1.11226,1.11224,750000,1120000
2019-10-24 11:56:53.088000,1.11227,1.11224,3560000,370000
2019-10-24 11:56:53.516000,1.11225,1.11223,750000,6490000
2019-10-24 11:56:53.769000,1.11224,1.11223,750000,1500000
2019-10-24 11:56:54.485000,1.11224,1.11222,1500000,750000
2019-10-24 11:56:58.095000,1.11224,1.11221,1500000,1310000
2019-10-24 11:56:59.571000,1.11225,1.11223,370000,9560000
2019-10-24 11:56:59.673000,1.11227,1.11223,190000,11440000
2019-10-24 11:56:59.775000,1.11228,1.11223,5510000,13310000
2019-10-24 11:56:59.930000,1.11225,1.11223,190000,8440000
2019-10-24 11:57:00.031000,1.11225,1.11223,190000,4310000
2019-10-24 11:57:00.597000,1.11225,1.11223,190000,10690000
2019-10-24 11:57:00.749000,1.11225,1.11223,190000,9940000
2019-10-24 11:57:00.940000,1.11225,1.11223,190000,5440000
2019-10-24 11:57:01.346000,1.11225,1.11223,190000,4690000
2019-10-24 11:57:02.105000,1.11225,1.11223,190000,6190000
2019-10-24 11:57:02.216000,1.11225,1.11223,190000,4500000
2019-10-24 11:57:02.418000,1.11224,1.11222,190000,3750000
2019-10-24 11:57:03.022000,1.11224,1.11222,190000,2250000
2019-10-24 11:57:03.626000,1.11224,1.11222,940000,1500000
2019-10-24 11:57:03.729000,1.11223,1.11222,190000,1500000
2019-10-24 11:57:04.431000,1.11224,1.11223,190000,750000
2019-10-24 11:57:04.713000,1.11224,1.11222,190000,3000000
2019-10-24 11:57:06.204000,1.11223,1.11221,190000,4310000
2019-10-24 11:57:06.307000,1.11222,1.11219,640000,5250000
2019-10-24 11:57:06.437000,1.11222,1.1122,450000,3750000
2019-10-24 11:57:06.539000,1.11223,1.1122,1390000,2250000
2019-10-24 11:57:06.690000,1.11223,1.11221,1390000,750000
2019-10-24 11:57:06.834000,1.11223,1.1122,1390000,2250000
2019-10-24 11:57:06.935000,1.11223,1.11221,2140000,750000
2019-10-24 11:57:08.300000,1.11222,1.11221,750000,750000
2019-10-24 11:57:08.402000,1.11222,1.1122,450000,1870000
2019-10-24 11:57:08.504000,1.11223,1.11221,640000,750000
2019-10-24 11:57:09.076000,1.11219,1.11218,1500000,1500000
2019-10-24 11:57:09.127000,1.1122,1.11219,2320000,1500000
2019-10-24 11:57:09.178000,1.11222,1.1122,2890000,750000
2019-10-24 11:57:09.279000,1.11223,1.1122,640000,2250000
2019-10-24 11:57:09.381000,1.11223,1.11221,640000,750000
2019-10-24 11:57:09.776000,1.11223,1.1122,640000,3370000
2019-10-24 11:57:10.511000,1.11222,1.11219,4120000,3940000
2019-10-24 11:57:10.613000,1.1122,1.11218,750000,1120000
2019-10-24 11:57:10.766000,1.11219,1.11218,190000,750000
2019-10-24 11:57:10.980000,1.1122,1.11218,1010000,2250000
2019-10-24 11:57:12.946000,1.11221,1.11219,100000,1690000
2019-10-24 11:57:13.087000,1.11221,1.1122,750000,1500000
2019-10-24 11:57:13.167000,1.11223,1.11221,1760000,750000
2019-10-24 11:57:15.514000,1.11221,1.1122,750000,1500000
2019-10-24 11:57:15.667000,1.11222,1.1122,1950000,750000
2019-10-24 11:57:15.796000,1.11221,1.1122,190000,1500000
2019-10-24 11:57:15.897000,1.11221,1.11218,190000,3000000
2019-10-24 11:57:16.200000,1.1122,1.11218,450000,750000
2019-10-24 11:57:17.007000,1.1122,1.11219,750000,750000
2019-10-24 11:57:17.316000,1.1122,1.11218,750000,1500000
2019-10-24 11:57:17.687000,1.1122,1.11219,750000,750000
2019-10-24 11:57:17.789000,1.1122,1.11218,750000,1500000
2019-10-24 11:57:18.359000,1.1122,1.11217,1200000,940000
2019-10-24 11:57:18.511000,1.1122,1.11219,450000,750000
2019-10-24 11:57:18.613000,1.11221,1.11218,2510000,1120000
2019-10-24 11:57:18.714000,1.1122,1.11218,100000,370000
2019-10-24 11:57:18.866000,1.11221,1.11218,6640000,1500000
2019-10-24 11:57:19.290000,1.11219,1.11218,100000,750000
2019-10-24 11:57:19.391000,1.1122,1.11218,450000,1500000
2019-10-24 11:57:19.492000,1.1122,1.11217,1010000,1500000
2019-10-24 11:57:20.830000,1.11219,1.11217,750000,750000
2019-10-24 11:57:20.881000,1.11218,1.11215,940000,750000
2019-10-24 11:57:20.982000,1.11217,1.11214,820000,2810000
2019-10-24 11:57:21.033000,1.11216,1.11214,470000,1310000
2019-10-24 11:57:21.134000,1.11216,1.11214,1390000,2250000
2019-10-24 11:57:21.366000,1.11215,1.11213,260000,1500000
2019-10-24 11:57:21.467000,1.11215,1.11212,2890000,750000
2019-10-24 11:57:21.568000,1.11213,1.11212,750000,190000
2019-10-24 11:57:22.017000,1.11214,1.11212,1690000,1500000
2019-10-24 11:57:22.119000,1.11215,1.11213,1010000,1500000
2019-10-24 11:57:22.220000,1.11215,1.11214,190000,1500000
2019-10-24 11:57:22.322000,1.11216,1.11214,1390000,1500000
2019-10-24 11:57:22.424000,1.11216,1.11215,640000,750000
2019-10-24 11:57:22.525000,1.11217,1.11215,1010000,750000
2019-10-24 11:57:22.974000,1.11216,1.11215,750000,750000
2019-10-24 11:57:23.076000,1.11215,1.11214,100000,750000
2019-10-24 11:57:23.177000,1.11216,1.11215,940000,750000
2019-10-24 11:57:26.640000,1.11215,1.11214,450000,750000
2019-10-24 11:57:26.815000,1.11216,1.11214,1010000,750000
2019-10-24 11:57:26.916000,1.11215,1.11214,450000,750000
2019-10-24 11:57:27.118000,1.11215,1.11213,450000,3000000
2019-10-24 11:57:27.293000,1.11215,1.11214,450000,750000
2019-10-24 11:57:27.394000,1.11215,1.11213,450000,3000000
2019-10-24 11:57:29.034000,1.11216,1.11213,1010000,1870000
2019-10-24 11:57:29.136000,1.11216,1.11214,940000,750000
2019-10-24 11:57:29.265000,1.11216,1.11213,1010000,5070000
2019-10-24 11:57:29.703000,1.11216,1.11213,940000,2620000
2019-10-24 11:57:30.032000,1.11216,1.11214,940000,750000
2019-10-24 11:57:30.134000,1.11216,1.11213,820000,1690000
2019-10-24 11:57:30.250000,1.11216,1.11213,4390000,750000
2019-10-24 11:57:30.302000,1.11216,1.11211,7390000,6940000
2019-10-24 11:57:30.354000,1.11216,1.11213,7380000,1500000
2019-10-24 11:57:30.455000,1.11216,1.11213,1950000,3560000
2019-10-24 11:57:30.709000,1.11215,1.11212,640000,4870000
2019-10-24 11:57:31.437000,1.11214,1.11212,750000,750000
2019-10-24 11:57:32.330000,1.11214,1.11212,1390000,940000
2019-10-24 11:57:32.890000,1.11213,1.11211,1500000,940000
2019-10-24 11:57:34.024000,1.11211,1.11209,190000,6370000
2019-10-24 11:57:34.126000,1.1121,1.11209,190000,2250000
2019-10-24 11:57:34.227000,1.11211,1.11209,820000,1120000
2019-10-24 11:57:34.772000,1.1121,1.11209,190000,3000000
2019-10-24 11:57:34.873000,1.11211,1.11209,1950000,1500000
2019-10-24 11:57:35.262000,1.11211,1.11208,450000,6190000
2019-10-24 11:57:35.510000,1.1121,1.11208,260000,4500000
2019-10-24 11:57:35.612000,1.11209,1.11207,2250000,100000
2019-10-24 11:57:35.714000,1.11209,1.11208,100000,1120000
2019-10-24 11:57:35.815000,1.1121,1.11207,1390000,1120000
2019-10-24 11:57:35.954000,1.1121,1.11208,1200000,190000
2019-10-24 11:57:36.460000,1.11211,1.11209,820000,190000
2019-10-24 11:57:36.562000,1.1121,1.11208,190000,1690000
2019-10-24 11:57:37.074000,1.1121,1.11209,190000,750000
2019-10-24 11:57:37.328000,1.1121,1.11208,190000,750000
2019-10-24 11:57:38.134000,1.11209,1.11208,450000,750000
2019-10-24 11:57:38.289000,1.1121,1.11208,2510000,1500000
2019-10-24 11:57:38.516000,1.11209,1.11206,450000,2440000
2019-10-24 11:57:41.997000,1.11208,1.11206,1690000,1120000
2019-10-24 11:57:42.099000,1.11206,1.11205,450000,750000
2019-10-24 11:57:42.200000,1.11208,1.11206,3260000,750000
2019-10-24 11:57:42.301000,1.11208,1.11207,1690000,370000
2019-10-24 11:57:44.686000,1.11208,1.11206,190000,3190000
2019-10-24 11:57:46.296000,1.11209,1.11206,750000,3190000
2019-10-24 11:57:48.605000,1.11209,1.11207,940000,190000
2019-10-24 11:57:50.048000,1.11208,1.11206,1690000,190000
2019-10-24 11:57:50.149000,1.11205,1.11204,190000,2250000
2019-10-24 11:57:50.557000,1.11206,1.11204,1500000,750000
2019-10-24 11:57:50.751000,1.11205,1.11204,750000,750000
2019-10-24 11:57:50.853000,1.11206,1.11204,2440000,750000
2019-10-24 11:57:51.118000,1.11205,1.11204,750000,750000
2019-10-24 11:57:51.307000,1.11206,1.11204,3000000,750000
2019-10-24 11:57:52.056000,1.11205,1.11204,750000,940000
2019-10-24 11:57:52.878000,1.11206,1.11204,750000,750000
2019-10-24 11:57:52.983000,1.11208,1.11206,3750000,1390000
2019-10-24 11:57:53.085000,1.11208,1.11207,1500000,2250000
2019-10-24 11:57:53.186000,1.11209,1.11207,2250000,750000
