time,ask,bid,ask_volume,bid_volume
2019-01-24 15:55:00.165000,1.13616,1.13614,1000000,1500000
2019-01-24 15:55:00.217000,1.13615,1.13612,1000000,2250000
2019-01-24 15:55:00.281000,1.13613,1.13611,1000000,6390000
2019-01-24 15:55:00.384000,1.13615,1.13612,8620000,1250000
2019-01-24 15:55:00.486000,1.13615,1.13611,4500000,1870000
2019-01-24 15:55:00.757000,1.13613,1.1361,1000000,6120000
2019-01-24 15:55:00.860000,1.13611,1.13608,1000000,1500000
2019-01-24 15:55:00.963000,1.13612,1.1361,1200000,1000000
2019-01-24 15:55:01.122000,1.13613,1.1361,1000000,6000000
2019-01-24 15:55:01.224000,1.13614,1.1361,9190000,1000000
2019-01-24 15:55:01.377000,1.13613,1.1361,2250000,1000000
2019-01-24 15:55:01.536000,1.13614,1.1361,4500000,1620000
2019-01-24 15:55:01.639000,1.13613,1.1361,1500000,2250000
2019-01-24 15:55:01.742000,1.13614,1.1361,8700000,1000000
2019-01-24 15:55:01.899000,1.13612,1.1361,1000000,1000000
2019-01-24 15:55:02.002000,1.13611,1.13608,1000000,6860000
2019-01-24 15:55:02.113000,1.13611,1.13609,2250000,1500000
2019-01-24 15:55:02.165000,1.13612,1.13611,1500000,3750000
2019-01-24 15:55:02.267000,1.13613,1.13611,1500000,1120000
2019-01-24 15:55:02.370000,1.13612,1.13608,3300000,1000000
2019-01-24 15:55:02.525000,1.13612,1.13609,2100000,1000000
2019-01-24 15:55:02.628000,1.13611,1.13608,1000000,1000000
2019-01-24 15:55:02.731000,1.1361,1.13608,1000000,1000000
2019-01-24 15:55:04.732000,1.13612,1.1361,4950000,2350000
2019-01-24 15:55:04.844000,1.13613,1.13612,1000000,1000000
2019-01-24 15:55:04.946000,1.13615,1.13613,1000000,1500000
2019-01-24 15:55:06.965000,1.13617,1.13613,1000000,5620000
2019-01-24 15:55:07.068000,1.13618,1.13615,1000000,1500000
2019-01-24 15:55:07.509000,1.13617,1.13615,1120000,1000000
2019-01-24 15:55:07.611000,1.13618,1.13615,1120000,1000000
2019-01-24 15:55:07.714000,1.13617,1.13615,1120000,3000000
2019-01-24 15:55:08.005000,1.13617,1.13616,3370000,1250000
2019-01-24 15:55:08.159000,1.13619,1.13617,1000000,1000000
2019-01-24 15:55:08.284000,1.13619,1.13616,2250000,2250000
2019-01-24 15:55:08.337000,1.13617,1.13615,2500000,1500000
2019-01-24 15:55:08.542000,1.13618,1.13616,1000000,1000000
2019-01-24 15:55:09.443000,1.13619,1.13616,2250000,1690000
2019-01-24 15:55:09.546000,1.13619,1.13616,2250000,9310000
2019-01-24 15:55:09.749000,1.13619,1.13616,3000000,6190000
2019-01-24 15:55:09.903000,1.13618,1.13616,1000000,1500000
2019-01-24 15:55:10.005000,1.13619,1.13616,3000000,2500000
2019-01-24 15:55:10.107000,1.13618,1.13617,1000000,1000000
2019-01-24 15:55:10.209000,1.13618,1.13616,1000000,1000000
2019-01-24 15:55:10.696000,1.13617,1.13615,1000000,1500000
2019-01-24 15:55:11.005000,1.13618,1.13616,2250000,1500000
2019-01-24 15:55:11.057000,1.13619,1.13618,3000000,1120000
2019-01-24 15:55:11.108000,1.1362,1.13617,3000000,5620000
2019-01-24 15:55:11.318000,1.1362,1.13617,3000000,2250000
2019-01-24 15:55:11.704000,1.1362,1.13618,2250000,1000000
2019-01-24 15:55:11.960000,1.13623,1.13622,1950000,1500000
2019-01-24 15:55:12.012000,1.13624,1.13621,1600000,2440000
2019-01-24 15:55:12.192000,1.13622,1.13619,2250000,3120000
2019-01-24 15:55:12.346000,1.1362,1.13619,1500000,1120000
2019-01-24 15:55:12.615000,1.13621,1.13619,1000000,2750000
2019-01-24 15:55:12.718000,1.13622,1.1362,1000000,1120000
2019-01-24 15:55:13.282000,1.13621,1.13619,1000000,7060000
2019-01-24 15:55:13.436000,1.13622,1.1362,1000000,1500000
2019-01-24 15:55:16.320000,1.13623,1.1362,4690000,1120000
2019-01-24 15:55:16.422000,1.13622,1.1362,2250000,1120000
2019-01-24 15:55:19.050000,1.13623,1.1362,2250000,1500000
2019-01-24 15:55:19.152000,1.13623,1.13621,1500000,1000000
2019-01-24 15:55:19.203000,1.13625,1.13621,5250000,6690000
2019-01-24 15:55:19.312000,1.13625,1.13622,3940000,4500000
2019-01-24 15:55:19.416000,1.13624,1.13622,1000000,2600000
2019-01-24 15:55:19.671000,1.13624,1.13622,1000000,1000000
2019-01-24 15:55:20.014000,1.13624,1.1362,6000000,3070000
2019-01-24 15:55:20.116000,1.13623,1.1362,1500000,1000000
2019-01-24 15:55:20.368000,1.13622,1.1362,1000000,1000000
2019-01-24 15:55:20.470000,1.13622,1.13619,1000000,2060000
2019-01-24 15:55:20.756000,1.13621,1.13619,1000000,2060000
2019-01-24 15:55:22.431000,1.13622,1.13619,3750000,1690000
2019-01-24 15:55:22.648000,1.13618,1.13617,3000000,3000000
2019-01-24 15:55:22.753000,1.13617,1.13615,1000000,2060000
2019-01-24 15:55:23.265000,1.13615,1.13614,1500000,1500000
2019-01-24 15:55:23.388000,1.13615,1.13612,1500000,3750000
2019-01-24 15:55:23.591000,1.13615,1.13613,1000000,1000000
2019-01-24 15:55:23.694000,1.13615,1.13612,2250000,1000000
2019-01-24 15:55:24.063000,1.13615,1.13612,1870000,6250000
2019-01-24 15:55:24.115000,1.13616,1.13615,1000000,2250000
2019-01-24 15:55:24.167000,1.13619,1.13616,3570000,1000000
2019-01-24 15:55:24.271000,1.13617,1.13615,1000000,1000000
2019-01-24 15:55:24.399000,1.13616,1.13614,1000000,1500000
2019-01-24 15:55:24.974000,1.13617,1.13616,2620000,1000000
2019-01-24 15:55:25.077000,1.13619,1.13617,1120000,1000000
2019-01-24 15:55:25.179000,1.13619,1.13616,2250000,4160000
2019-01-24 15:55:25.437000,1.13618,1.13616,1000000,1000000
2019-01-24 15:55:25.540000,1.13619,1.13615,7870000,5060000
2019-01-24 15:55:25.643000,1.13618,1.13615,1000000,6750000
2019-01-24 15:55:25.796000,1.13618,1.13616,1000000,1000000
2019-01-24 15:55:25.925000,1.13618,1.13615,1000000,5810000
2019-01-24 15:55:26.326000,1.13616,1.13614,1000000,6950000
2019-01-24 15:55:26.429000,1.13615,1.13614,1000000,1120000
2019-01-24 15:55:26.531000,1.13615,1.13613,1500000,1000000
2019-01-24 15:55:27.337000,1.13614,1.13612,1000000,2620000
2019-01-24 15:55:27.947000,1.13613,1.13611,1000000,6070000
2019-01-24 15:55:28.053000,1.13613,1.1361,1500000,3070000
2019-01-24 15:55:28.409000,1.13613,1.13609,1690000,5050000
2019-01-24 15:55:29.049000,1.13613,1.1361,4310000,1000000
2019-01-24 15:55:29.171000,1.13613,1.13609,2810000,3940000
2019-01-24 15:55:29.273000,1.13612,1.13609,1000000,3940000
2019-01-24 15:55:30.544000,1.13611,1.13609,2620000,1000000
2019-01-24 15:55:30.916000,1.13612,1.13609,2620000,5470000
2019-01-24 15:55:31.019000,1.13613,1.13609,4870000,3190000
2019-01-24 15:55:32.176000,1.13612,1.1361,1500000,1000000
2019-01-24 15:55:33.287000,1.13612,1.1361,1000000,1500000
2019-01-24 15:55:35.137000,1.13612,1.1361,1500000,1000000
2019-01-24 15:55:35.311000,1.13612,1.13609,1500000,1000000
2019-01-24 15:55:35.566000,1.13612,1.13609,3250000,1000000
2019-01-24 15:55:35.883000,1.13611,1.13608,1500000,1500000
2019-01-24 15:55:36.195000,1.1361,1.13606,2250000,2970000
2019-01-24 15:55:36.297000,1.1361,1.13606,7750000,3500000
2019-01-24 15:55:36.640000,1.1361,1.13606,7800000,2000000
2019-01-24 15:55:39.509000,1.13612,1.1361,8620000,1000000
2019-01-24 15:55:39.615000,1.13612,1.1361,1500000,4500000
2019-01-24 15:55:39.717000,1.13614,1.13612,1000000,6120000
2019-01-24 15:55:39.769000,1.13616,1.13612,3000000,3120000
2019-01-24 15:55:39.933000,1.13615,1.13612,1000000,3120000
2019-01-24 15:55:40.036000,1.13614,1.13612,1000000,1500000
2019-01-24 15:55:40.139000,1.13613,1.13611,1000000,1500000
2019-01-24 15:55:40.251000,1.1361,1.13608,1000000,2620000
2019-01-24 15:55:40.774000,1.13611,1.13607,1500000,2560000
2019-01-24 15:55:40.876000,1.1361,1.13607,1000000,3310000
2019-01-24 15:55:41.276000,1.1361,1.13607,1000000,5060000
2019-01-24 15:55:41.379000,1.13609,1.13607,1250000,1120000
2019-01-24 15:55:41.651000,1.13609,1.13606,1690000,3000000
2019-01-24 15:55:41.957000,1.13608,1.13605,2250000,5000000
2019-01-24 15:55:42.100000,1.13609,1.13606,3370000,1120000
2019-01-24 15:55:42.202000,1.13609,1.13607,1000000,2810000
2019-01-24 15:55:42.355000,1.13611,1.13609,6820000,1120000
2019-01-24 15:55:42.525000,1.13611,1.13608,1000000,5810000
2019-01-24 15:55:42.629000,1.13612,1.13609,3190000,1000000
2019-01-24 15:55:42.958000,1.1361,1.13608,1500000,1000000
2019-01-24 15:55:43.010000,1.1361,1.13606,5810000,3370000
2019-01-24 15:55:43.112000,1.13609,1.13607,1000000,1250000
2019-01-24 15:55:43.868000,1.1361,1.13607,3370000,1250000
2019-01-24 15:55:44.072000,1.1361,1.13608,1500000,3370000
2019-01-24 15:55:44.225000,1.13609,1.13608,1000000,2250000
2019-01-24 15:55:44.370000,1.13608,1.13607,1000000,2250000
2019-01-24 15:55:44.422000,1.13605,1.13604,1000000,2250000
2019-01-24 15:55:44.525000,1.13605,1.13604,1000000,2250000
2019-01-24 15:55:44.818000,1.13606,1.13604,1500000,2250000
2019-01-24 15:55:44.976000,1.13607,1.13606,1000000,2250000
2019-01-24 15:55:45.792000,1.13606,1.13605,1000000,1500000
2019-01-24 15:55:45.997000,1.13606,1.13604,1000000,2620000
2019-01-24 15:55:46.100000,1.13606,1.13605,1000000,1000000
2019-01-24 15:55:47.793000,1.13608,1.13605,2250000,1000000
2019-01-24 15:55:47.896000,1.13609,1.13606,2250000,1350000
2019-01-24 15:55:47.998000,1.13608,1.13606,1950000,1120000
2019-01-24 15:55:48.121000,1.13607,1.13605,1000000,1000000
2019-01-24 15:55:48.427000,1.13608,1.13607,3000000,1690000
2019-01-24 15:55:48.530000,1.1361,1.13609,1000000,1000000
2019-01-24 15:55:48.633000,1.13611,1.13608,1870000,3370000
2019-01-24 15:55:49.305000,1.13611,1.13609,1500000,1120000
2019-01-24 15:55:49.407000,1.13611,1.13608,1500000,3000000
2019-01-24 15:55:50.067000,1.13611,1.13609,1690000,1870000
2019-01-24 15:55:50.510000,1.1361,1.13609,1000000,1000000
2019-01-24 15:55:50.612000,1.13611,1.13609,1950000,1000000
2019-01-24 15:55:50.765000,1.13608,1.13606,1870000,1000000
2019-01-24 15:55:50.817000,1.13608,1.13605,1120000,4200000
2019-01-24 15:55:51.278000,1.13608,1.13605,2370000,1870000
2019-01-24 15:55:51.551000,1.13608,1.13605,1500000,1870000
2019-01-24 15:55:52.601000,1.13607,1.13605,1500000,1000000
2019-01-24 15:55:52.703000,1.13608,1.13605,4690000,1000000
2019-01-24 15:55:52.805000,1.13608,1.13605,5560000,1000000
2019-01-24 15:55:52.930000,1.13606,1.13605,1500000,1000000
2019-01-24 15:55:52.982000,1.13605,1.13603,5190000,1000000
2019-01-24 15:55:53.086000,1.13602,1.13601,3750000,2620000
2019-01-24 15:55:53.651000,1.13604,1.13601,4620000,1000000
2019-01-24 15:55:53.753000,1.13604,1.13601,1870000,1000000
2019-01-24 15:55:54.205000,1.13603,1.13601,1500000,1200000
2019-01-24 15:55:54.308000,1.13603,1.13599,2250000,4370000
2019-01-24 15:55:54.411000,1.13603,1.13601,1500000,1000000
2019-01-24 15:55:55.094000,1.13603,1.13599,2620000,10930000
2019-01-24 15:55:55.204000,1.13602,1.13599,1000000,2250000
2019-01-24 15:55:55.306000,1.13603,1.136,5400000,1500000
2019-01-24 15:55:55.951000,1.13602,1.136,1000000,1000000
2019-01-24 15:55:56.053000,1.13603,1.136,3750000,1250000
2019-01-24 15:55:56.240000,1.13602,1.136,1000000,1000000
2019-01-24 15:55:56.292000,1.13598,1.13597,1310000,1000000
2019-01-24 15:55:56.344000,1.13597,1.13595,1120000,3450000
2019-01-24 15:55:56.447000,1.13597,1.13594,1120000,1120000
2019-01-24 15:55:56.550000,1.13596,1.13594,1000000,1120000
2019-01-24 15:55:57.109000,1.13598,1.13594,7500000,1500000
2019-01-24 15:55:57.213000,1.13598,1.13595,2250000,1310000
2019-01-24 15:55:57.616000,1.13599,1.13595,1870000,5200000
2019-01-24 15:55:57.719000,1.136,1.13596,3000000,4690000
2019-01-24 15:55:57.873000,1.13599,1.13596,1000000,5440000
2019-01-24 15:55:57.976000,1.13597,1.13595,1870000,3750000
2019-01-24 15:55:58.417000,1.13595,1.13594,1000000,1120000
2019-01-24 15:55:58.788000,1.13597,1.13594,1250000,2060000
2019-01-24 15:55:58.892000,1.13599,1.13595,2620000,3560000
2019-01-24 15:55:58.995000,1.13598,1.13595,4620000,1870000
2019-01-24 15:55:59.673000,1.13598,1.13595,1500000,3370000
2019-01-24 15:55:59.928000,1.13598,1.13596,2370000,1000000
2019-01-24 15:56:00.194000,1.13598,1.13596,1000000,1000000
2019-01-24 15:56:00.832000,1.13597,1.13596,1000000,1000000
2019-01-24 15:56:00.934000,1.13597,1.13595,1000000,6190000
2019-01-24 15:56:01.053000,1.13599,1.13596,1500000,1000000
2019-01-24 15:56:01.511000,1.13597,1.13596,1000000,1000000
2019-01-24 15:56:01.617000,1.13599,1.13596,11320000,1870000
2019-01-24 15:56:02.038000,1.13597,1.13596,1500000,1000000
2019-01-24 15:56:02.140000,1.13598,1.13595,2620000,1000000
2019-01-24 15:56:02.274000,1.13597,1.13595,1500000,1000000
2019-01-24 15:56:02.376000,1.13597,1.13595,6120000,1000000
2019-01-24 15:56:03.054000,1.13595,1.13593,3750000,1000000
2019-01-24 15:56:03.170000,1.13596,1.13593,5810000,3000000
2019-01-24 15:56:03.272000,1.13596,1.13594,2320000,1000000
2019-01-24 15:56:04.116000,1.13597,1.13596,1500000,1000000
2019-01-24 15:56:04.218000,1.13598,1.13595,1500000,1120000
2019-01-24 15:56:04.665000,1.13596,1.13595,1000000,1120000
2019-01-24 15:56:04.770000,1.13596,1.13594,2620000,1500000
2019-01-24 15:56:07.061000,1.13596,1.13593,1500000,2060000
2019-01-24 15:56:07.598000,1.13597,1.13593,5700000,3940000
2019-01-24 15:56:07.701000,1.13597,1.13594,7500000,1120000
2019-01-24 15:56:07.965000,1.13597,1.13594,8690000,1120000
2019-01-24 15:56:08.068000,1.13595,1.13593,1000000,1500000
2019-01-24 15:56:09.661000,1.13596,1.13592,1000000,3560000
2019-01-24 15:56:10.082000,1.13596,1.13593,1500000,1120000
2019-01-24 15:56:10.520000,1.13595,1.13593,1500000,1000000
2019-01-24 15:56:10.644000,1.13596,1.13593,5140000,1000000
2019-01-24 15:56:10.746000,1.13596,1.13593,5200000,1000000
2019-01-24 15:56:11.049000,1.13596,1.13593,4350000,1000000
2019-01-24 15:56:11.635000,1.13595,1.13593,1000000,1500000
2019-01-24 15:56:11.855000,1.13596,1.13593,2620000,1500000
2019-01-24 15:56:11.958000,1.13595,1.13593,1000000,1500000
2019-01-24 15:56:12.075000,1.13595,1.13594,1000000,1000000
2019-01-24 15:56:12.177000,1.13596,1.13594,2250000,1000000
2019-01-24 15:56:12.768000,1.13596,1.13593,1000000,1500000
2019-01-24 15:56:13.001000,1.13594,1.13593,1000000,2620000
2019-01-24 15:56:13.054000,1.13594,1.13591,4740000,6370000
2019-01-24 15:56:13.157000,1.13594,1.1359,8290000,6560000
2019-01-24 15:56:13.260000,1.13594,1.13591,4690000,1000000
2019-01-24 15:56:13.363000,1.13594,1.1359,2400000,6750000
2019-01-24 15:56:13.508000,1.13594,1.13591,2770000,1000000
2019-01-24 15:56:14.652000,1.13593,1.13591,2250000,2250000
2019-01-24 15:56:14.773000,1.13592,1.13589,1500000,1120000
2019-01-24 15:56:14.929000,1.13589,1.13588,1000000,3820000
2019-01-24 15:56:15.155000,1.13589,1.13587,5790000,1000000
2019-01-24 15:56:15.257000,1.13589,1.13587,4690000,1000000
2019-01-24 15:56:15.360000,1.1359,1.13587,2250000,1000000
2019-01-24 15:56:15.462000,1.1359,1.13588,1000000,1000000
2019-01-24 15:56:15.563000,1.1359,1.13587,1250000,1000000
2019-01-24 15:56:15.670000,1.13591,1.13587,6410000,1870000
2019-01-24 15:56:15.773000,1.13589,1.13587,1690000,1870000
2019-01-24 15:56:15.825000,1.13588,1.13585,1000000,3000000
2019-01-24 15:56:15.928000,1.13589,1.13586,5140000,1000000
2019-01-24 15:56:16.140000,1.13588,1.13586,1000000,1500000
2019-01-24 15:56:16.193000,1.13586,1.13585,1000000,2620000
2019-01-24 15:56:16.346000,1.13587,1.13585,2250000,2870000
2019-01-24 15:56:16.449000,1.13589,1.13586,1000000,3190000
2019-01-24 15:56:16.551000,1.1359,1.13586,2620000,4390000
2019-01-24 15:56:16.668000,1.13589,1.13586,1000000,3000000
2019-01-24 15:56:16.770000,1.1359,1.13586,8360000,2250000
2019-01-24 15:56:17.028000,1.1359,1.13587,10950000,1000000
2019-01-24 15:56:17.151000,1.13589,1.13586,3370000,1500000
2019-01-24 15:56:17.355000,1.13588,1.13586,1000000,1500000
2019-01-24 15:56:17.457000,1.13588,1.13585,1500000,1000000
2019-01-24 15:56:17.509000,1.13586,1.13584,1000000,2250000
2019-01-24 15:56:17.611000,1.13586,1.13585,1000000,1000000
2019-01-24 15:56:17.779000,1.13586,1.13584,1000000,1250000
2019-01-24 15:56:17.986000,1.13584,1.13582,2370000,1570000
2019-01-24 15:56:18.099000,1.13584,1.13582,1870000,1500000
2019-01-24 15:56:18.206000,1.13589,1.13588,1870000,1000000
2019-01-24 15:56:18.309000,1.1359,1.13589,1000000,1120000
2019-01-24 15:56:18.673000,1.1359,1.13588,1000000,2100000
2019-01-24 15:56:19.287000,1.13592,1.13589,3560000,1000000
2019-01-24 15:56:19.400000,1.13591,1.13589,3750000,2000000
2019-01-24 15:56:20.198000,1.13589,1.13587,1000000,3500000
2019-01-24 15:56:20.340000,1.13588,1.13585,2100000,2250000
2019-01-24 15:56:20.442000,1.13589,1.13586,1000000,1500000
2019-01-24 15:56:20.546000,1.13588,1.13586,1870000,1500000
2019-01-24 15:56:20.648000,1.13588,1.13585,1000000,6220000
2019-01-24 15:56:21.264000,1.13588,1.13585,1000000,3850000
2019-01-24 15:56:21.367000,1.13587,1.13585,1000000,5540000
2019-01-24 15:56:21.470000,1.13587,1.13585,1000000,1000000
2019-01-24 15:56:21.573000,1.13587,1.13584,1500000,1690000
2019-01-24 15:56:21.676000,1.13587,1.13584,1000000,4220000
2019-01-24 15:56:21.797000,1.13588,1.13584,1870000,3790000
2019-01-24 15:56:21.900000,1.13588,1.13584,2620000,6660000
2019-01-24 15:56:22.549000,1.13587,1.13584,2250000,2100000
2019-01-24 15:56:22.652000,1.13586,1.13584,2620000,1000000
2019-01-24 15:56:22.806000,1.13585,1.13584,1000000,1000000
2019-01-24 15:56:23.125000,1.13585,1.13583,1870000,1000000
2019-01-24 15:56:23.478000,1.13586,1.13583,1000000,1000000
2019-01-24 15:56:24.191000,1.13586,1.13582,4870000,2250000
2019-01-24 15:56:24.293000,1.13585,1.13582,1000000,5250000
2019-01-24 15:56:24.395000,1.13586,1.13582,3640000,2250000
2019-01-24 15:56:25.130000,1.13585,1.13582,1000000,3940000
2019-01-24 15:56:25.232000,1.13586,1.13582,3000000,1500000
2019-01-24 15:56:25.604000,1.13585,1.13582,1000000,1500000
2019-01-24 15:56:25.809000,1.13585,1.13581,3000000,5250000
2019-01-24 15:56:25.934000,1.13584,1.13581,1000000,4500000
2019-01-24 15:56:26.500000,1.13585,1.13581,2250000,2250000
2019-01-24 15:56:27.635000,1.13585,1.13581,6500000,1500000
2019-01-24 15:56:27.771000,1.13583,1.13579,1870000,4500000
2019-01-24 15:56:28.028000,1.1358,1.13578,1000000,2250000
2019-01-24 15:56:28.225000,1.1358,1.13578,3870000,2250000
2019-01-24 15:56:28.327000,1.13578,1.13577,1000000,2250000
2019-01-24 15:56:29.038000,1.13578,1.13576,1000000,3750000
2019-01-24 15:56:29.192000,1.13577,1.13576,1000000,2620000
2019-01-24 15:56:29.345000,1.13578,1.13576,2250000,3750000
2019-01-24 15:56:29.456000,1.13578,1.13577,1500000,1000000
2019-01-24 15:56:30.077000,1.13578,1.13576,1000000,1500000
2019-01-24 15:56:30.849000,1.13577,1.13574,1500000,2440000
2019-01-24 15:56:31.307000,1.13576,1.13574,1500000,1500000
2019-01-24 15:56:31.409000,1.13577,1.13574,3000000,3750000
2019-01-24 15:56:31.579000,1.13576,1.13574,1500000,3750000
2019-01-24 15:56:31.682000,1.13577,1.13574,5250000,3000000
2019-01-24 15:56:32.036000,1.13576,1.13574,1000000,4500000
2019-01-24 15:56:32.209000,1.13578,1.13575,3870000,1750000
2019-01-24 15:56:32.312000,1.13578,1.13575,1500000,3250000
2019-01-24 15:56:32.465000,1.13577,1.13575,1000000,3700000
2019-01-24 15:56:32.607000,1.13578,1.13575,3000000,3000000
2019-01-24 15:56:33.070000,1.13575,1.13573,1500000,16500000
2019-01-24 15:56:33.173000,1.1357,1.13569,1120000,4120000
2019-01-24 15:56:33.326000,1.13572,1.13568,3120000,1870000
2019-01-24 15:56:33.428000,1.13571,1.1357,1120000,1000000
2019-01-24 15:56:33.582000,1.13572,1.13568,1870000,3220000
2019-01-24 15:56:33.738000,1.13572,1.13569,1870000,1000000
2019-01-24 15:56:33.872000,1.13572,1.13568,2620000,1500000
2019-01-24 15:56:34.229000,1.13569,1.13567,1000000,1530000
2019-01-24 15:56:34.332000,1.13569,1.13567,1000000,1040000
2019-01-24 15:56:34.434000,1.13571,1.13567,4500000,2280000
2019-01-24 15:56:35.179000,1.1357,1.13567,1000000,1040000
2019-01-24 15:56:35.595000,1.1357,1.13566,5320000,1900000
2019-01-24 15:56:35.900000,1.1357,1.13566,2250000,5480000
2019-01-24 15:56:36.003000,1.1357,1.13566,2250000,5470000
2019-01-24 15:56:36.109000,1.13569,1.13567,1000000,1000000
2019-01-24 15:56:36.211000,1.13569,1.13565,7500000,1040000
2019-01-24 15:56:36.318000,1.13567,1.13565,3190000,1040000
2019-01-24 15:56:36.787000,1.13567,1.13566,1500000,1000000
2019-01-24 15:56:36.889000,1.13569,1.13566,4120000,1500000
2019-01-24 15:56:37.008000,1.13571,1.13567,11450000,1000000
2019-01-24 15:56:37.314000,1.1357,1.13567,1500000,1540000
2019-01-24 15:56:37.416000,1.13571,1.13567,9570000,1000000
2019-01-24 15:56:38.023000,1.13567,1.13565,1000000,1040000
2019-01-24 15:56:38.176000,1.13567,1.13564,1500000,1290000
2019-01-24 15:56:38.330000,1.13567,1.13563,2250000,5610000
2019-01-24 15:56:38.620000,1.13567,1.13563,5060000,1730000
2019-01-24 15:56:38.722000,1.13567,1.13563,2810000,1720000
2019-01-24 15:56:39.191000,1.13566,1.13563,3310000,1040000
2019-01-24 15:56:39.761000,1.13566,1.13562,1120000,5280000
2019-01-24 15:56:39.863000,1.13566,1.13562,1120000,3040000
2019-01-24 15:56:40.140000,1.13566,1.13562,1120000,2280000
2019-01-24 15:56:41.064000,1.13562,1.1356,3370000,2470000
2019-01-24 15:56:41.168000,1.13563,1.13559,5070000,3750000
2019-01-24 15:56:41.386000,1.13563,1.13561,1500000,1250000
2019-01-24 15:56:41.489000,1.13563,1.1356,1870000,3000000
2019-01-24 15:56:41.591000,1.13562,1.13559,5190000,5440000
2019-01-24 15:56:41.751000,1.13563,1.13561,1120000,1000000
2019-01-24 15:56:41.904000,1.13561,1.13559,1120000,7390000
2019-01-24 15:56:42.743000,1.1356,1.13557,8000000,1000000
2019-01-24 15:56:42.845000,1.13558,1.13556,1000000,2440000
2019-01-24 15:56:43.051000,1.13557,1.13554,2250000,5100000
2019-01-24 15:56:43.175000,1.13557,1.13553,9820000,2250000
2019-01-24 15:56:43.379000,1.13555,1.13552,1000000,3560000
2019-01-24 15:56:43.735000,1.13556,1.13552,2620000,1310000
2019-01-24 15:56:44.197000,1.13555,1.13551,1500000,4440000
2019-01-24 15:56:44.299000,1.13555,1.13553,1500000,1000000
2019-01-24 15:56:44.426000,1.13554,1.13551,2250000,1120000
2019-01-24 15:56:45.149000,1.13554,1.13552,1500000,1000000
2019-01-24 15:56:45.589000,1.13554,1.1355,1000000,8940000
2019-01-24 15:56:45.844000,1.13555,1.13551,1870000,1120000
2019-01-24 15:56:46.003000,1.13553,1.13551,1000000,1000000
2019-01-24 15:56:46.947000,1.13553,1.1355,1000000,2060000
2019-01-24 15:56:47.049000,1.13554,1.1355,2620000,2810000
2019-01-24 15:56:47.255000,1.13554,1.13551,4120000,1500000
2019-01-24 15:56:47.923000,1.13554,1.13552,1500000,1690000
2019-01-24 15:56:48.026000,1.13553,1.13551,2620000,1500000
2019-01-24 15:56:49.051000,1.13553,1.13552,1000000,1000000
2019-01-24 15:56:49.153000,1.13553,1.13551,1000000,3190000
2019-01-24 15:56:49.255000,1.13555,1.13551,4700000,2440000
2019-01-24 15:56:49.373000,1.13554,1.13552,1120000,1000000
2019-01-24 15:56:49.475000,1.13554,1.13551,2060000,1000000
2019-01-24 15:56:49.730000,1.13554,1.13552,1120000,1250000
2019-01-24 15:56:50.359000,1.13555,1.13552,3750000,1250000
2019-01-24 15:56:50.512000,1.13554,1.13552,1000000,2440000
2019-01-24 15:56:50.642000,1.13555,1.13552,1500000,1690000
2019-01-24 15:56:50.745000,1.13555,1.13553,1000000,1870000
2019-01-24 15:56:50.849000,1.13556,1.13554,2250000,2620000
2019-01-24 15:56:50.952000,1.13555,1.13554,1000000,1000000
2019-01-24 15:56:51.099000,1.13556,1.13554,1500000,1000000
2019-01-24 15:56:51.457000,1.13555,1.13554,1000000,1240000
2019-01-24 15:56:51.714000,1.13555,1.13552,1000000,4180000
2019-01-24 15:56:51.816000,1.13556,1.13553,1120000,2620000
2019-01-24 15:56:51.918000,1.13557,1.13554,1870000,1250000
2019-01-24 15:56:52.046000,1.13558,1.13555,5370000,1000000
2019-01-24 15:56:52.516000,1.13557,1.13555,3120000,1000000
2019-01-24 15:56:52.994000,1.13556,1.13553,4310000,1120000
2019-01-24 15:56:53.468000,1.13557,1.13554,3000000,1250000
2019-01-24 15:56:54.192000,1.13557,1.13556,1000000,1000000
2019-01-24 15:56:54.902000,1.13558,1.13554,3120000,1690000
2019-01-24 15:56:55.005000,1.13556,1.13554,2250000,1250000
2019-01-24 15:56:55.056000,1.13555,1.13552,1120000,1000000
2019-01-24 15:56:55.806000,1.13554,1.13552,1000000,1000000
2019-01-24 15:56:56.289000,1.13554,1.13552,1500000,1750000
2019-01-24 15:56:56.392000,1.13554,1.13552,1000000,1000000
2019-01-24 15:56:56.545000,1.13555,1.13553,1000000,1000000
2019-01-24 15:56:57.079000,1.13556,1.13553,3370000,1000000
2019-01-24 15:56:57.761000,1.13557,1.13554,2620000,1690000
2019-01-24 15:56:57.813000,1.13558,1.13556,4250000,1000000
2019-01-24 15:56:58.130000,1.13556,1.13554,1000000,1000000
2019-01-24 15:56:58.232000,1.13555,1.13552,1000000,1690000
2019-01-24 15:56:58.544000,1.13553,1.1355,3750000,1120000
2019-01-24 15:56:58.647000,1.13553,1.13549,6370000,3750000
2019-01-24 15:56:58.961000,1.13553,1.13551,1200000,2810000
2019-01-24 15:56:59.013000,1.13555,1.13551,4500000,2060000
2019-01-24 15:56:59.116000,1.13555,1.13552,1500000,1870000
2019-01-24 15:56:59.218000,1.13556,1.13552,4500000,2120000
2019-01-24 15:56:59.480000,1.13555,1.13552,1000000,3250000
2019-01-24 15:56:59.531000,1.13552,1.13551,1250000,3190000
2019-01-24 15:56:59.634000,1.13551,1.1355,4120000,1000000
2019-01-24 15:56:59.685000,1.1355,1.13548,1000000,1000000
2019-01-24 15:57:00.095000,1.13551,1.13548,1000000,1250000
2019-01-24 15:57:00.261000,1.13551,1.13547,5250000,2250000
2019-01-24 15:57:00.365000,1.1355,1.13547,1000000,1500000
2019-01-24 15:57:00.518000,1.13551,1.13547,1870000,1500000
2019-01-24 15:57:00.790000,1.1355,1.13547,1000000,1500000
2019-01-24 15:57:01.006000,1.13549,1.13547,1000000,1000000
2019-01-24 15:57:01.058000,1.13552,1.13549,5100000,2240000
2019-01-24 15:57:01.182000,1.13552,1.13549,1000000,2240000
2019-01-24 15:57:01.285000,1.1355,1.13548,1000000,1000000
2019-01-24 15:57:01.387000,1.13551,1.13548,6000000,1000000
2019-01-24 15:57:01.590000,1.1355,1.13548,1000000,1000000
2019-01-24 15:57:02.076000,1.13551,1.13548,5620000,1000000
2019-01-24 15:57:02.212000,1.13549,1.13548,1000000,1000000
2019-01-24 15:57:02.314000,1.13551,1.13548,8370000,1000000
2019-01-24 15:57:03.047000,1.13547,1.13545,1000000,1800000
2019-01-24 15:57:03.151000,1.13548,1.13545,1950000,2550000
2019-01-24 15:57:03.302000,1.13548,1.13544,5640000,2810000
2019-01-24 15:57:03.405000,1.13549,1.13546,4060000,1120000
2019-01-24 15:57:04.519000,1.13547,1.13544,2250000,2000000
2019-01-24 15:57:04.622000,1.13546,1.13544,1500000,1120000
2019-01-24 15:57:04.724000,1.13547,1.13544,4690000,1120000
2019-01-24 15:57:04.879000,1.13545,1.13543,1500000,2000000
2019-01-24 15:57:04.982000,1.13544,1.13543,1500000,1500000
2019-01-24 15:57:05.084000,1.13546,1.13544,1840000,1500000
2019-01-24 15:57:05.201000,1.13547,1.13545,1500000,2250000
2019-01-24 15:57:05.305000,1.13546,1.13545,1000000,2250000
2019-01-24 15:57:05.408000,1.13547,1.13545,3190000,2250000
2019-01-24 15:57:05.634000,1.13547,1.13546,1000000,2250000
2019-01-24 15:57:05.843000,1.13545,1.13544,1000000,4500000
2019-01-24 15:57:05.895000,1.13544,1.13543,1000000,3750000
2019-01-24 15:57:06.058000,1.13545,1.13542,2590000,3750000
2019-01-24 15:57:06.162000,1.13545,1.13544,1500000,2250000
2019-01-24 15:57:06.265000,1.13546,1.13544,1000000,3750000
2019-01-24 15:57:06.367000,1.13547,1.13544,6820000,3370000
2019-01-24 15:57:06.482000,1.13546,1.13544,1000000,2250000
2019-01-24 15:57:06.688000,1.13547,1.13544,4570000,2250000
2019-01-24 15:57:06.790000,1.13548,1.13546,6950000,1000000
2019-01-24 15:57:06.893000,1.13548,1.13546,3000000,1870000
2019-01-24 15:57:07.706000,1.13546,1.13544,1000000,6000000
2019-01-24 15:57:07.809000,1.13546,1.13545,1500000,3370000
2019-01-24 15:57:08.066000,1.13546,1.13543,3000000,3750000
2019-01-24 15:57:08.170000,1.13545,1.13543,1000000,3750000
2019-01-24 15:57:08.568000,1.13546,1.13544,1500000,3750000
2019-01-24 15:57:09.535000,1.13545,1.13544,1000000,1000000
2019-01-24 15:57:10.923000,1.13544,1.13542,1500000,2250000
2019-01-24 15:57:11.270000,1.13542,1.13541,2250000,5620000
2019-01-24 15:57:11.372000,1.13542,1.1354,1500000,3000000
2019-01-24 15:57:11.867000,1.13544,1.13542,2250000,3250000
2019-01-24 15:57:11.919000,1.13545,1.13543,4500000,1000000
2019-01-24 15:57:12.101000,1.13544,1.13543,1000000,1000000
2019-01-24 15:57:12.204000,1.13543,1.13541,1500000,3750000
2019-01-24 15:57:12.306000,1.13542,1.1354,3370000,3000000
2019-01-24 15:57:13.069000,1.13541,1.1354,1000000,3000000
2019-01-24 15:57:13.376000,1.1354,1.13539,1500000,2060000
2019-01-24 15:57:13.519000,1.13541,1.13539,4200000,1000000
2019-01-24 15:57:13.774000,1.13541,1.13538,2620000,2250000
2019-01-24 15:57:14.007000,1.1354,1.13538,1000000,2250000
2019-01-24 15:57:14.312000,1.13541,1.13538,4760000,2250000
2019-01-24 15:57:14.414000,1.1354,1.13538,1000000,2250000
2019-01-24 15:57:15.096000,1.1354,1.13537,1870000,1000000
2019-01-24 15:57:15.434000,1.13541,1.13537,6820000,1250000
2019-01-24 15:57:15.542000,1.1354,1.13538,1000000,1500000
2019-01-24 15:57:15.645000,1.13541,1.13538,1000000,1250000
2019-01-24 15:57:15.748000,1.13542,1.13538,7310000,1250000
2019-01-24 15:57:16.196000,1.13541,1.13538,1000000,1250000
2019-01-24 15:57:16.897000,1.13538,1.13536,1000000,5250000
2019-01-24 15:57:16.999000,1.13537,1.13536,2620000,1000000
2019-01-24 15:57:17.090000,1.13537,1.13534,3560000,1500000
2019-01-24 15:57:18.024000,1.13535,1.13534,1000000,1000000
2019-01-24 15:57:18.406000,1.13537,1.13534,1000000,1500000
2019-01-24 15:57:18.514000,1.13538,1.13534,5140000,1500000
2019-01-24 15:57:18.617000,1.13537,1.13534,1000000,1500000
2019-01-24 15:57:18.820000,1.13538,1.13534,6640000,2620000
2019-01-24 15:57:18.922000,1.13538,1.13534,5640000,2620000
2019-01-24 15:57:19.060000,1.13537,1.13535,1870000,1120000
2019-01-24 15:57:19.163000,1.13537,1.13534,2620000,1000000
2019-01-24 15:57:19.316000,1.13538,1.13534,7760000,1000000
2019-01-24 15:57:19.418000,1.13537,1.13534,1500000,1000000
2019-01-24 15:57:19.537000,1.13538,1.13534,7760000,1000000
2019-01-24 15:57:19.690000,1.13537,1.13534,1000000,1000000
2019-01-24 15:57:20.491000,1.13536,1.13534,1000000,1500000
2019-01-24 15:57:20.593000,1.13537,1.13534,1870000,1500000
2019-01-24 15:57:20.717000,1.13537,1.13536,1000000,1000000
2019-01-24 15:57:20.869000,1.13539,1.13537,5980000,1000000
2019-01-24 15:57:21.400000,1.13541,1.1354,3070000,1000000
2019-01-24 15:57:21.502000,1.13543,1.1354,5620000,1000000
2019-01-24 15:57:21.733000,1.13542,1.13539,1000000,2990000
2019-01-24 15:57:21.835000,1.13541,1.13539,1000000,2240000
2019-01-24 15:57:21.886000,1.13543,1.13539,6750000,2240000
2019-01-24 15:57:22.090000,1.13542,1.13539,1000000,1500000
2019-01-24 15:57:22.203000,1.13543,1.13539,4120000,1500000
2019-01-24 15:57:22.356000,1.13542,1.13541,1000000,1250000
2019-01-24 15:57:22.459000,1.13544,1.13542,1000000,2250000
2019-01-24 15:57:22.510000,1.13545,1.13542,1000000,2250000
2019-01-24 15:57:22.694000,1.13545,1.13542,1500000,2250000
2019-01-24 15:57:22.749000,1.13541,1.1354,2440000,5620000
2019-01-24 15:57:22.851000,1.13535,1.13533,1500000,1620000
2019-01-24 15:57:22.903000,1.13535,1.13533,3750000,1000000
2019-01-24 15:57:23.026000,1.13533,1.13531,1000000,1120000
2019-01-24 15:57:23.128000,1.13534,1.1353,10540000,1500000
2019-01-24 15:57:23.445000,1.13534,1.13532,1950000,1000000
2019-01-24 15:57:23.550000,1.13536,1.13533,4870000,1120000
2019-01-24 15:57:23.873000,1.13536,1.13533,3410000,1870000
2019-01-24 15:57:23.976000,1.13536,1.13533,2810000,1870000
2019-01-24 15:57:24.246000,1.13535,1.13533,1000000,1870000
2019-01-24 15:57:24.348000,1.13536,1.13533,4690000,1870000
2019-01-24 15:57:24.664000,1.13536,1.13533,6120000,1870000
2019-01-24 15:57:25.073000,1.13535,1.13534,1000000,1000000
2019-01-24 15:57:25.175000,1.13536,1.13535,1000000,1000000
2019-01-24 15:57:25.278000,1.13537,1.13534,3190000,2250000
2019-01-24 15:57:25.381000,1.13536,1.13534,1000000,3370000
2019-01-24 15:57:25.493000,1.13537,1.13534,4690000,3370000
2019-01-24 15:57:25.777000,1.13536,1.13534,1000000,1000000
2019-01-24 15:57:25.879000,1.13537,1.13534,3190000,1000000
2019-01-24 15:57:26.356000,1.13537,1.13534,10620000,1000000
2019-01-24 15:57:26.806000,1.13536,1.13534,5250000,2250000
2019-01-24 15:57:26.909000,1.13535,1.13531,8250000,3000000
2019-01-24 15:57:27.077000,1.13534,1.13531,4120000,1500000
2019-01-24 15:57:27.134000,1.13534,1.13531,1120000,2620000
2019-01-24 15:57:27.490000,1.13534,1.13531,7060000,2620000
2019-01-24 15:57:27.595000,1.13534,1.13532,8810000,1120000
2019-01-24 15:57:27.801000,1.13534,1.13531,8510000,2620000
2019-01-24 15:57:28.277000,1.13533,1.13531,7870000,1000000
2019-01-24 15:57:28.379000,1.13533,1.13531,3370000,1000000
2019-01-24 15:57:28.744000,1.13533,1.13528,4690000,6390000
2019-01-24 15:57:28.796000,1.13531,1.13528,2250000,1100000
2019-01-24 15:57:28.938000,1.13531,1.13528,6120000,1000000
2019-01-24 15:57:29.049000,1.1353,1.13527,11440000,1000000
2019-01-24 15:57:29.265000,1.1353,1.13527,17250000,1000000
2019-01-24 15:57:29.369000,1.13529,1.13527,5620000,1000000
2019-01-24 15:57:29.471000,1.13529,1.13527,7870000,1000000
2019-01-24 15:57:29.573000,1.13529,1.13527,4680000,1000000
2019-01-24 15:57:29.778000,1.13529,1.13525,15940000,1990000
2019-01-24 15:57:29.881000,1.13529,1.13526,16879999,1990000
2019-01-24 15:57:30.233000,1.13529,1.13526,7500000,2490000
2019-01-24 15:57:30.367000,1.13529,1.13526,9060000,1490000
2019-01-24 15:57:30.469000,1.13529,1.13526,1500000,2240000
2019-01-24 15:57:30.711000,1.1353,1.13527,5620000,2240000
2019-01-24 15:57:30.813000,1.13529,1.13527,1000000,2490000
2019-01-24 15:57:30.916000,1.1353,1.13527,3750000,2430000
2019-01-24 15:57:30.967000,1.13531,1.1353,3750000,1500000
2019-01-24 15:57:31.081000,1.13533,1.13532,1000000,1870000
2019-01-24 15:57:31.132000,1.13535,1.13532,1120000,1870000
2019-01-24 15:57:31.287000,1.13536,1.13533,3820000,2720000
2019-01-24 15:57:31.435000,1.13537,1.13533,1870000,2670000
2019-01-24 15:57:31.588000,1.13537,1.13533,6560000,2470000
2019-01-24 15:57:31.691000,1.13537,1.13533,8540000,1120000
2019-01-24 15:57:31.884000,1.13537,1.13533,5440000,1120000
2019-01-24 15:57:31.987000,1.13536,1.13533,2250000,1120000
2019-01-24 15:57:32.089000,1.13537,1.13533,3370000,3000000
2019-01-24 15:57:32.274000,1.13536,1.13533,4500000,1500000
2019-01-24 15:57:32.378000,1.13536,1.13534,1000000,1000000
2019-01-24 15:57:32.509000,1.13536,1.13533,1500000,1500000
2019-01-24 15:57:32.713000,1.13536,1.13533,3190000,1620000
2019-01-24 15:57:32.829000,1.13535,1.13533,1000000,3120000
2019-01-24 15:57:32.931000,1.13534,1.13533,1000000,1870000
2019-01-24 15:57:33.040000,1.13535,1.13533,1000000,1870000
2019-01-24 15:57:33.269000,1.13535,1.13532,5250000,4120000
2019-01-24 15:57:33.626000,1.13535,1.13533,4500000,1120000
2019-01-24 15:57:33.779000,1.13535,1.13532,3000000,4120000
2019-01-24 15:57:33.881000,1.13534,1.13533,1000000,1120000
2019-01-24 15:57:34.054000,1.13535,1.13533,5440000,1120000
2019-01-24 15:57:34.170000,1.13535,1.13532,5440000,2620000
2019-01-24 15:57:34.326000,1.13535,1.13533,3750000,1120000
2019-01-24 15:57:34.471000,1.13535,1.13532,1000000,2620000
2019-01-24 15:57:34.909000,1.13534,1.13532,1000000,1500000
2019-01-24 15:57:36.597000,1.13535,1.13533,5620000,2310000
2019-01-24 15:57:36.764000,1.13535,1.13533,1500000,2620000
2019-01-24 15:57:36.917000,1.13536,1.13533,2250000,4540000
2019-01-24 15:57:37.019000,1.13537,1.13533,6560000,3790000
2019-01-24 15:57:37.259000,1.13536,1.13533,1500000,5660000
2019-01-24 15:57:37.362000,1.13537,1.13533,8620000,3220000
2019-01-24 15:57:37.527000,1.13536,1.13533,2250000,3250000
2019-01-24 15:57:37.630000,1.13536,1.13535,2620000,1000000
2019-01-24 15:57:37.733000,1.13536,1.13534,1120000,3000000
2019-01-24 15:57:37.836000,1.13538,1.13535,6820000,1120000
2019-01-24 15:57:37.982000,1.13538,1.13534,3750000,3750000
2019-01-24 15:57:38.084000,1.13536,1.13535,1000000,3370000
2019-01-24 15:57:38.824000,1.13536,1.13534,1690000,1120000
2019-01-24 15:57:38.926000,1.13536,1.13533,3190000,3000000
2019-01-24 15:57:39.080000,1.13536,1.13534,1250000,2250000
2019-01-24 15:57:39.765000,1.13537,1.13535,2250000,1500000
2019-01-24 15:57:39.867000,1.13537,1.13535,1750000,1500000
2019-01-24 15:57:40.072000,1.13537,1.13534,3250000,1120000
2019-01-24 15:57:40.924000,1.13534,1.13533,2250000,1120000
2019-01-24 15:57:41.027000,1.13534,1.13532,3370000,2250000
2019-01-24 15:57:41.135000,1.13534,1.13531,2620000,3750000
2019-01-24 15:57:41.237000,1.13534,1.13532,2620000,1120000
2019-01-24 15:57:41.341000,1.13533,1.13532,1000000,1120000
2019-01-24 15:57:41.544000,1.13533,1.13531,1000000,3370000
2019-01-24 15:57:42.073000,1.13533,1.1353,1000000,5250000
2019-01-24 15:57:42.175000,1.13534,1.13532,5620000,1000000
2019-01-24 15:57:43.031000,1.13534,1.1353,1690000,4570000
2019-01-24 15:57:43.155000,1.13533,1.1353,3750000,3190000
2019-01-24 15:57:43.310000,1.13534,1.1353,3190000,7310000
2019-01-24 15:57:43.412000,1.13534,1.13531,1690000,2250000
2019-01-24 15:57:45.222000,1.13533,1.13531,1000000,3370000
2019-01-24 15:57:45.388000,1.13533,1.1353,2250000,1500000
2019-01-24 15:57:45.594000,1.13534,1.13531,9500000,1000000
2019-01-24 15:57:46.121000,1.13534,1.13531,1000000,4120000
2019-01-24 15:57:46.271000,1.13535,1.13532,4500000,1500000
2019-01-24 15:57:46.374000,1.13536,1.13532,3560000,4870000
2019-01-24 15:57:46.931000,1.13535,1.13532,1000000,6500000
2019-01-24 15:57:47.136000,1.13536,1.13533,3750000,3750000
2019-01-24 15:57:47.251000,1.13536,1.13534,1870000,2100000
2019-01-24 15:57:47.355000,1.13537,1.13534,2250000,4120000
2019-01-24 15:57:47.458000,1.13536,1.13534,4690000,2250000
2019-01-24 15:57:47.606000,1.13535,1.13534,1000000,2250000
2019-01-24 15:57:47.709000,1.13536,1.13534,4310000,2250000
2019-01-24 15:57:48.015000,1.13536,1.13533,2060000,3370000
2019-01-24 15:57:48.146000,1.13535,1.13533,1120000,2250000
2019-01-24 15:57:48.401000,1.13535,1.13532,5440000,2250000
2019-01-24 15:57:48.516000,1.13535,1.13531,2810000,6070000
2019-01-24 15:57:48.619000,1.13535,1.13532,10690000,1120000
2019-01-24 15:57:48.721000,1.13534,1.13531,1500000,4870000
2019-01-24 15:57:48.824000,1.13533,1.13531,1000000,4120000
2019-01-24 15:57:48.994000,1.13534,1.13531,4690000,1120000
2019-01-24 15:57:49.147000,1.13534,1.13532,4310000,1000000
2019-01-24 15:57:49.250000,1.13534,1.13531,1870000,1000000
2019-01-24 15:57:49.352000,1.13534,1.1353,1870000,7120000
2019-01-24 15:57:49.548000,1.13532,1.1353,1000000,5250000
2019-01-24 15:57:49.600000,1.13534,1.1353,3070000,6750000
2019-01-24 15:57:49.753000,1.13534,1.1353,3620000,5250000
2019-01-24 15:57:50.008000,1.1353,1.13529,1000000,1120000
2019-01-24 15:57:50.110000,1.13531,1.1353,1000000,1000000
2019-01-24 15:57:50.162000,1.13533,1.1353,2250000,3000000
2019-01-24 15:57:50.264000,1.13533,1.13531,1500000,1000000
2019-01-24 15:57:50.536000,1.13533,1.1353,1000000,2440000
2019-01-24 15:57:51.457000,1.13532,1.13529,1000000,8440000
2019-01-24 15:57:51.560000,1.13533,1.1353,1120000,1750000
2019-01-24 15:57:51.697000,1.13534,1.1353,1000000,7970000
2019-01-24 15:57:52.004000,1.13534,1.13532,1500000,1250000
2019-01-24 15:57:52.691000,1.13536,1.13533,1870000,3000000
2019-01-24 15:57:52.948000,1.13536,1.13534,1500000,1000000
2019-01-24 15:57:53.054000,1.13538,1.13535,2620000,1870000
2019-01-24 15:57:53.158000,1.13538,1.13534,4190000,6260000
2019-01-24 15:57:53.260000,1.13538,1.13536,4190000,1000000
2019-01-24 15:57:53.363000,1.13538,1.13535,1120000,1200000
2019-01-24 15:57:53.466000,1.13538,1.13535,1500000,1200000
2019-01-24 15:57:53.568000,1.13538,1.13536,1120000,1000000
2019-01-24 15:57:54.209000,1.1354,1.13538,8440000,3600000
2019-01-24 15:57:54.343000,1.1354,1.13539,1500000,2250000
2019-01-24 15:57:54.446000,1.13541,1.1354,3070000,1010000
2019-01-24 15:57:54.599000,1.13542,1.1354,1500000,1570000
2019-01-24 15:57:54.834000,1.13541,1.13539,1000000,3070000
2019-01-24 15:57:54.936000,1.13541,1.13538,3440000,2700000
2019-01-24 15:57:55.038000,1.13541,1.13537,3440000,1500000
2019-01-24 15:57:55.212000,1.13541,1.13538,6250000,1000000
2019-01-24 15:57:55.315000,1.13541,1.13537,1250000,4200000
2019-01-24 15:57:55.417000,1.1354,1.13537,1000000,3640000
2019-01-24 15:57:56.743000,1.13538,1.13536,1500000,1720000
2019-01-24 15:57:56.846000,1.13538,1.13535,1310000,3040000
2019-01-24 15:57:56.949000,1.13539,1.13538,4500000,1120000
2019-01-24 15:57:57.064000,1.13541,1.13539,5250000,1000000
2019-01-24 15:57:57.167000,1.13541,1.13538,1500000,1870000
2019-01-24 15:57:57.320000,1.1354,1.13538,1000000,1000000
2019-01-24 15:57:57.422000,1.13541,1.13538,5620000,1000000
2019-01-24 15:57:57.547000,1.1354,1.13538,1000000,1000000
2019-01-24 15:57:57.649000,1.1354,1.13537,1000000,3070000
2019-01-24 15:57:57.803000,1.13541,1.13537,2810000,1950000
2019-01-24 15:57:58.221000,1.13541,1.13537,7370000,2320000
2019-01-24 15:57:58.323000,1.1354,1.13538,1000000,1000000
2019-01-24 15:57:59.722000,1.1354,1.13536,2620000,2250000
2019-01-24 15:58:00.051000,1.1354,1.13537,3000000,1000000
2019-01-24 15:58:01.121000,1.1354,1.13537,1500000,1450000
2019-01-24 15:58:01.275000,1.1354,1.13536,3000000,10010000
2019-01-24 15:58:01.479000,1.1354,1.13538,3000000,1000000
2019-01-24 15:58:01.621000,1.1354,1.13537,1500000,2620000
2019-01-24 15:58:01.830000,1.13539,1.13537,1000000,1870000
2019-01-24 15:58:02.374000,1.13539,1.13538,1000000,2250000
2019-01-24 15:58:02.663000,1.13539,1.13537,1000000,1000000
2019-01-24 15:58:03.185000,1.1354,1.13536,2250000,4310000
2019-01-24 15:58:03.340000,1.1354,1.13537,1000000,1000000
2019-01-24 15:58:04.216000,1.1354,1.13537,1000000,8510000
2019-01-24 15:58:04.788000,1.13541,1.13538,1120000,5320000
2019-01-24 15:58:04.891000,1.13541,1.13538,3250000,3820000
2019-01-24 15:58:05.040000,1.13541,1.13537,6190000,5890000
2019-01-24 15:58:05.578000,1.13541,1.13538,1500000,4910000
2019-01-24 15:58:05.941000,1.13541,1.13538,1000000,3510000
2019-01-24 15:58:06.045000,1.13541,1.13538,1690000,2620000
2019-01-24 15:58:06.408000,1.1354,1.13537,1000000,1500000
2019-01-24 15:58:06.510000,1.13541,1.13537,1750000,6190000
2019-01-24 15:58:06.614000,1.13541,1.13537,1200000,9030000
2019-01-24 15:58:06.869000,1.13541,1.13538,1870000,3370000
2019-01-24 15:58:07.495000,1.13542,1.13538,1870000,7980000
2019-01-24 15:58:07.661000,1.1354,1.13538,1000000,2450000
2019-01-24 15:58:07.765000,1.1354,1.13537,1000000,3600000
2019-01-24 15:58:07.971000,1.1354,1.13537,1870000,1500000
2019-01-24 15:58:08.086000,1.13538,1.13536,1250000,9750000
2019-01-24 15:58:08.189000,1.13537,1.13535,1000000,1500000
2019-01-24 15:58:08.291000,1.13537,1.13534,1000000,5810000
2019-01-24 15:58:08.583000,1.13539,1.13535,4500000,3000000
2019-01-24 15:58:08.688000,1.1354,1.13536,1500000,6190000
2019-01-24 15:58:09.410000,1.13541,1.13536,9190000,9940000
2019-01-24 15:58:09.581000,1.1354,1.13536,1500000,9190000
2019-01-24 15:58:09.750000,1.13541,1.13536,8440000,6180000
2019-01-24 15:58:09.852000,1.1354,1.13538,1000000,3750000
2019-01-24 15:58:10.034000,1.13546,1.13543,1000000,1690000
2019-01-24 15:58:10.136000,1.13547,1.13544,1200000,3370000
2019-01-24 15:58:10.452000,1.13547,1.13544,1000000,2060000
2019-01-24 15:58:10.554000,1.13548,1.13544,2250000,1120000
2019-01-24 15:58:10.703000,1.13549,1.13545,2190000,5060000
2019-01-24 15:58:10.805000,1.13549,1.13546,1760000,1000000
2019-01-24 15:58:11.010000,1.13548,1.13546,1000000,1000000
2019-01-24 15:58:11.222000,1.13548,1.13545,3000000,1000000
2019-01-24 15:58:11.325000,1.13548,1.13544,3750000,4240000
2019-01-24 15:58:11.482000,1.13548,1.13545,1690000,1500000
2019-01-24 15:58:11.585000,1.13547,1.13546,1000000,1000000
2019-01-24 15:58:11.688000,1.13547,1.13545,1000000,1500000
2019-01-24 15:58:11.791000,1.13547,1.13544,1250000,6000000
2019-01-24 15:58:11.910000,1.13548,1.13544,4500000,2250000
2019-01-24 15:58:12.167000,1.13548,1.13545,2250000,1500000
2019-01-24 15:58:12.672000,1.13545,1.13543,1000000,1690000
2019-01-24 15:58:12.810000,1.13546,1.13543,3000000,1690000
2019-01-24 15:58:12.912000,1.13547,1.13543,1000000,7660000
2019-01-24 15:58:13.065000,1.13545,1.13544,1000000,1500000
2019-01-24 15:58:13.239000,1.13546,1.13542,2250000,9040000
2019-01-24 15:58:13.393000,1.13546,1.13542,2500000,6600000
2019-01-24 15:58:13.495000,1.13546,1.13543,4000000,1000000
2019-01-24 15:58:13.658000,1.13546,1.13542,1500000,5350000
2019-01-24 15:58:13.885000,1.13546,1.13542,2250000,3970000
2019-01-24 15:58:14.038000,1.13546,1.13542,3440000,4160000
2019-01-24 15:58:14.140000,1.13546,1.13542,2440000,6410000
2019-01-24 15:58:14.192000,1.13544,1.13543,1000000,2250000
2019-01-24 15:58:14.630000,1.13544,1.13541,2620000,1870000
2019-01-24 15:58:15.096000,1.13544,1.13542,2250000,1690000
2019-01-24 15:58:15.300000,1.13545,1.13542,3000000,3190000
2019-01-24 15:58:15.958000,1.13545,1.13543,1870000,3000000
2019-01-24 15:58:16.111000,1.13546,1.13542,3120000,9790000
2019-01-24 15:58:16.589000,1.13546,1.13543,4620000,1120000
2019-01-24 15:58:16.958000,1.13544,1.13543,1500000,1500000
2019-01-24 15:58:17.061000,1.13544,1.13542,1500000,12940000
2019-01-24 15:58:17.163000,1.13544,1.13543,1000000,1120000
2019-01-24 15:58:17.265000,1.13545,1.13542,1120000,10690000
2019-01-24 15:58:17.398000,1.13545,1.13543,1120000,1250000
2019-01-24 15:58:17.500000,1.13545,1.13542,1120000,9190000
2019-01-24 15:58:17.603000,1.13545,1.13543,1120000,3190000
2019-01-24 15:58:17.705000,1.13544,1.13543,1000000,3750000
2019-01-24 15:58:19.017000,1.13544,1.13542,1000000,3000000
2019-01-24 15:58:19.119000,1.13544,1.13543,1000000,1500000
2019-01-24 15:58:19.246000,1.13545,1.13544,1120000,1000000
2019-01-24 15:58:19.298000,1.13544,1.13542,1000000,3370000
2019-01-24 15:58:19.503000,1.13544,1.13543,1000000,1120000
2019-01-24 15:58:19.939000,1.13544,1.13542,1000000,5060000
2019-01-24 15:58:20.092000,1.13544,1.13543,1000000,1250000
2019-01-24 15:58:20.312000,1.13547,1.13546,1500000,1000000
2019-01-24 15:58:20.414000,1.13547,1.13545,1000000,1870000
2019-01-24 15:58:20.630000,1.13546,1.13544,1500000,3860000
2019-01-24 15:58:21.200000,1.13546,1.13545,1500000,1000000
2019-01-24 15:58:21.353000,1.13545,1.13544,1000000,1000000
2019-01-24 15:58:22.076000,1.13545,1.13542,1000000,5250000
2019-01-24 15:58:22.127000,1.13545,1.13544,1000000,1000000
2019-01-24 15:58:22.179000,1.13548,1.13546,3000000,2250000
2019-01-24 15:58:22.281000,1.13549,1.13547,1000000,3000000
2019-01-24 15:58:22.590000,1.13548,1.13546,1120000,1870000
2019-01-24 15:58:22.693000,1.13547,1.13546,1000000,1000000
2019-01-24 15:58:23.282000,1.13548,1.13546,1120000,1000000
2019-01-24 15:58:23.433000,1.13549,1.13545,2190000,5060000
2019-01-24 15:58:23.907000,1.13547,1.13545,1000000,2620000
2019-01-24 15:58:24.061000,1.13547,1.13545,1000000,2370000
2019-01-24 15:58:24.165000,1.13548,1.13545,4310000,2370000
2019-01-24 15:58:24.327000,1.13546,1.13544,1500000,2620000
2019-01-24 15:58:24.429000,1.13548,1.13545,2250000,3370000
2019-01-24 15:58:24.480000,1.13546,1.13545,1000000,1120000
2019-01-24 15:58:24.531000,1.13548,1.13545,3000000,1120000
2019-01-24 15:58:25.362000,1.13547,1.13544,1000000,5560000
2019-01-24 15:58:25.464000,1.13548,1.13545,5250000,1000000
2019-01-24 15:58:25.616000,1.13548,1.13546,5250000,1000000
2019-01-24 15:58:25.986000,1.13549,1.13546,1870000,1000000
2019-01-24 15:58:26.302000,1.13549,1.13545,2250000,5660000
2019-01-24 15:58:26.455000,1.13549,1.13546,3370000,1000000
2019-01-24 15:58:26.557000,1.13549,1.13545,6370000,3190000
2019-01-24 15:58:26.781000,1.13549,1.13547,2620000,1000000
2019-01-24 15:58:26.884000,1.13548,1.13546,1000000,1870000
2019-01-24 15:58:27.131000,1.13548,1.13545,1000000,1500000
2019-01-24 15:58:27.233000,1.13549,1.13545,3370000,6240000
2019-01-24 15:58:27.336000,1.13549,1.13545,3690000,2440000
2019-01-24 15:58:27.607000,1.13549,1.13546,6450000,1000000
2019-01-24 15:58:27.710000,1.13549,1.13545,6000000,4870000
2019-01-24 15:58:28.056000,1.13545,1.13543,1000000,11920000
2019-01-24 15:58:28.159000,1.13543,1.13542,1000000,1000000
2019-01-24 15:58:28.261000,1.13544,1.13542,1500000,1000000
2019-01-24 15:58:29.094000,1.13543,1.13542,1000000,1000000
2019-01-24 15:58:29.199000,1.13545,1.13542,3500000,1000000
2019-01-24 15:58:29.613000,1.13545,1.13541,5000000,3000000
2019-01-24 15:58:29.968000,1.13545,1.13542,4250000,1000000
2019-01-24 15:58:30.471000,1.13545,1.13543,3500000,3000000
2019-01-24 15:58:30.626000,1.13545,1.13542,2750000,1500000
2019-01-24 15:58:31.204000,1.13545,1.13543,3500000,2250000
2019-01-24 15:58:31.398000,1.13545,1.13542,3500000,11890000
2019-01-24 15:58:31.925000,1.13545,1.13544,2620000,1000000
2019-01-24 15:58:32.027000,1.13545,1.13543,2750000,2060000
2019-01-24 15:58:32.198000,1.13545,1.13542,2750000,1310000
2019-01-24 15:58:32.426000,1.13545,1.13543,2750000,1000000
2019-01-24 15:58:32.687000,1.13545,1.13542,3500000,11060000
2019-01-24 15:58:33.118000,1.13544,1.13543,1870000,1000000
2019-01-24 15:58:33.220000,1.13544,1.13541,2250000,1620000
2019-01-24 15:58:33.596000,1.13544,1.13543,1000000,3750000
2019-01-24 15:58:34.152000,1.13544,1.13542,1000000,4690000
2019-01-24 15:58:34.355000,1.13545,1.13542,1500000,1950000
2019-01-24 15:58:34.589000,1.13545,1.13543,2250000,2250000
2019-01-24 15:58:34.691000,1.13545,1.13542,1500000,1500000
2019-01-24 15:58:34.896000,1.13545,1.13543,2250000,3000000
2019-01-24 15:58:35.105000,1.13545,1.13542,1000000,2620000
2019-01-24 15:58:35.210000,1.13545,1.13543,1000000,2510000
2019-01-24 15:58:35.313000,1.13545,1.13542,1690000,1120000
2019-01-24 15:58:36.649000,1.13546,1.13543,9370000,1500000
2019-01-24 15:58:36.794000,1.13546,1.13542,5620000,2250000
2019-01-24 15:58:36.896000,1.13546,1.13543,8690000,1120000
2019-01-24 15:58:36.998000,1.13546,1.13542,6190000,4750000
2019-01-24 15:58:37.165000,1.13545,1.13543,3000000,1000000
2019-01-24 15:58:37.369000,1.13545,1.13542,1000000,4120000
2019-01-24 15:58:37.471000,1.13546,1.13542,3000000,3700000
2019-01-24 15:58:37.606000,1.13546,1.13542,3750000,7760000
2019-01-24 15:58:37.708000,1.13546,1.13542,5250000,9760000
2019-01-24 15:58:37.963000,1.13546,1.13544,5250000,2250000
2019-01-24 15:58:38.105000,1.13543,1.13541,1000000,3450000
2019-01-24 15:58:38.208000,1.13542,1.1354,1000000,2810000
2019-01-24 15:58:38.310000,1.13541,1.1354,1000000,3560000
2019-01-24 15:58:38.454000,1.13542,1.13539,1500000,3990000
2019-01-24 15:58:38.893000,1.13543,1.1354,1870000,3000000
2019-01-24 15:58:39.459000,1.13541,1.1354,1000000,1120000
2019-01-24 15:58:39.665000,1.13539,1.13538,1000000,2320000
2019-01-24 15:58:39.822000,1.13539,1.13537,1000000,1000000
2019-01-24 15:58:39.924000,1.1354,1.13538,1690000,1000000
2019-01-24 15:58:40.026000,1.1354,1.13539,1000000,1000000
2019-01-24 15:58:40.129000,1.1354,1.13538,1000000,1000000
2019-01-24 15:58:40.472000,1.13538,1.13537,1720000,2250000
2019-01-24 15:58:40.525000,1.13531,1.13529,1690000,1970000
2019-01-24 15:58:40.637000,1.1353,1.13529,1870000,1200000
2019-01-24 15:58:40.689000,1.13529,1.13526,5250000,2620000
2019-01-24 15:58:40.740000,1.13527,1.13526,1500000,1500000
2019-01-24 15:58:40.843000,1.13528,1.13526,1500000,1500000
2019-01-24 15:58:41.017000,1.13527,1.13525,1000000,1250000
2019-01-24 15:58:41.428000,1.13527,1.13526,1000000,1000000
2019-01-24 15:58:41.530000,1.13528,1.13526,3190000,1000000
2019-01-24 15:58:41.632000,1.13527,1.13525,1000000,1120000
2019-01-24 15:58:41.753000,1.13528,1.13525,3000000,1120000
2019-01-24 15:58:41.906000,1.13527,1.13525,1000000,1500000
2019-01-24 15:58:42.008000,1.13528,1.13525,3000000,1000000
2019-01-24 15:58:42.111000,1.13529,1.13527,1120000,1000000
2019-01-24 15:58:42.297000,1.1353,1.13527,5810000,1000000
2019-01-24 15:58:42.784000,1.13529,1.13527,1690000,1500000
2019-01-24 15:58:42.944000,1.1353,1.13527,9560000,1000000
2019-01-24 15:58:43.046000,1.13529,1.13528,1120000,1000000
2019-01-24 15:58:43.148000,1.13528,1.13526,1000000,1220000
2019-01-24 15:58:43.200000,1.13528,1.13525,1870000,2440000
2019-01-24 15:58:43.313000,1.13528,1.13526,1500000,2850000
2019-01-24 15:58:43.365000,1.13526,1.13525,1000000,2250000
2019-01-24 15:58:43.572000,1.13527,1.13525,1120000,1250000
2019-01-24 15:58:44.918000,1.13524,1.13523,1350000,9070000
2019-01-24 15:58:45.021000,1.13521,1.1352,1120000,1500000
2019-01-24 15:58:45.190000,1.1352,1.13518,1000000,1500000
2019-01-24 15:58:45.293000,1.13522,1.13518,2440000,4620000
2019-01-24 15:58:45.396000,1.13521,1.13518,1500000,4200000
2019-01-24 15:58:45.447000,1.13523,1.13522,6370000,1000000
2019-01-24 15:58:45.550000,1.13521,1.13519,2250000,4220000
2019-01-24 15:58:45.602000,1.1352,1.13517,6000000,7600000
2019-01-24 15:58:45.756000,1.1352,1.13517,2250000,2250000
2019-01-24 15:58:45.909000,1.13519,1.13516,3870000,3370000
2019-01-24 15:58:46.016000,1.13516,1.13515,1500000,1500000
2019-01-24 15:58:46.118000,1.13516,1.13513,1000000,3370000
2019-01-24 15:58:46.169000,1.13514,1.13513,1000000,2250000
2019-01-24 15:58:46.338000,1.13516,1.13515,3750000,1000000
2019-01-24 15:58:46.441000,1.13517,1.13515,1500000,1000000
2019-01-24 15:58:46.543000,1.13518,1.13515,1690000,1000000
2019-01-24 15:58:46.697000,1.13517,1.13515,1500000,1000000
2019-01-24 15:58:47.104000,1.13517,1.13514,1000000,1500000
2019-01-24 15:58:47.375000,1.13518,1.13516,8910000,2250000
2019-01-24 15:58:47.624000,1.13517,1.13515,1000000,1500000
2019-01-24 15:58:47.727000,1.13518,1.13515,3370000,1000000
2019-01-24 15:58:47.829000,1.13518,1.13514,5620000,3220000
2019-01-24 15:58:47.983000,1.13518,1.13514,6950000,2850000
2019-01-24 15:58:48.087000,1.13515,1.13513,1500000,4120000
2019-01-24 15:58:48.292000,1.13516,1.13513,2810000,1870000
2019-01-24 15:58:48.397000,1.13511,1.1351,1500000,2620000
2019-01-24 15:58:48.604000,1.13512,1.1351,2620000,2700000
2019-01-24 15:58:48.737000,1.13515,1.13511,6750000,3120000
2019-01-24 15:58:49.381000,1.13514,1.13512,1000000,1500000
2019-01-24 15:58:49.500000,1.13515,1.13511,2250000,2890000
2019-01-24 15:58:49.604000,1.13514,1.13511,3000000,4120000
2019-01-24 15:58:49.758000,1.13513,1.13511,1000000,1500000
2019-01-24 15:58:49.904000,1.13515,1.13511,6370000,3000000
2019-01-24 15:58:50.006000,1.13515,1.13511,3940000,5910000
2019-01-24 15:58:50.108000,1.13515,1.13511,2250000,6260000
2019-01-24 15:58:50.159000,1.13515,1.13513,1500000,1250000
2019-01-24 15:58:50.261000,1.13515,1.13512,1500000,6070000
2019-01-24 15:58:50.452000,1.13515,1.13513,1000000,1500000
2019-01-24 15:58:50.554000,1.13514,1.13512,1000000,1000000
2019-01-24 15:58:51.258000,1.13516,1.13515,2250000,1310000
2019-01-24 15:58:51.368000,1.13518,1.13516,2250000,1000000
2019-01-24 15:58:51.470000,1.13518,1.13515,1500000,5290000
2019-01-24 15:58:51.623000,1.13518,1.13516,1500000,1000000
2019-01-24 15:58:51.822000,1.13518,1.13515,1500000,4350000
2019-01-24 15:58:52.091000,1.13519,1.13515,2810000,4910000
2019-01-24 15:58:52.255000,1.13517,1.13516,1000000,1000000
2019-01-24 15:58:52.306000,1.13519,1.13515,1870000,3640000
2019-01-24 15:58:52.408000,1.13519,1.13516,1120000,1000000
2019-01-24 15:58:52.511000,1.13519,1.13517,1120000,1250000
2019-01-24 15:58:52.613000,1.13519,1.13516,1000000,2060000
2019-01-24 15:58:52.719000,1.13519,1.13518,1000000,1120000
2019-01-24 15:58:52.770000,1.13521,1.13519,2250000,2250000
2019-01-24 15:58:52.874000,1.13522,1.13519,3940000,1000000
2019-01-24 15:58:52.977000,1.13521,1.13518,1500000,1690000
2019-01-24 15:58:53.903000,1.13521,1.13518,1500000,2570000
2019-01-24 15:58:54.006000,1.13521,1.13518,1500000,3260000
2019-01-24 15:58:54.912000,1.13521,1.13519,2250000,1000000
2019-01-24 15:58:55.014000,1.13521,1.13518,2250000,1950000
2019-01-24 15:58:55.386000,1.1352,1.13518,1500000,1000000
2019-01-24 15:58:55.572000,1.1352,1.13517,1500000,3000000
2019-01-24 15:58:55.864000,1.1352,1.13518,2250000,1870000
2019-01-24 15:58:56.181000,1.1352,1.13519,1000000,1000000
2019-01-24 15:58:56.386000,1.13521,1.13517,1000000,6970000
2019-01-24 15:58:56.753000,1.13521,1.13519,3750000,1000000
2019-01-24 15:58:56.855000,1.13521,1.13518,1500000,1200000
2019-01-24 15:58:56.957000,1.13521,1.13519,1500000,1000000
2019-01-24 15:58:57.211000,1.13521,1.13518,2250000,1870000
2019-01-24 15:58:57.262000,1.13521,1.1352,1500000,1000000
2019-01-24 15:58:57.365000,1.13525,1.13523,1000000,3190000
2019-01-24 15:58:57.528000,1.13526,1.13523,1500000,2250000
2019-01-24 15:58:57.632000,1.13525,1.13522,1000000,4950000
2019-01-24 15:58:57.837000,1.13525,1.13523,1000000,1000000
2019-01-24 15:58:59.024000,1.13526,1.13524,1000000,4390000
2019-01-24 15:58:59.126000,1.13527,1.13525,1000000,1000000
2019-01-24 15:58:59.448000,1.13526,1.13523,1000000,5700000
2019-01-24 15:58:59.550000,1.13525,1.13523,1000000,2700000
2019-01-24 15:58:59.602000,1.13527,1.13523,5620000,1200000
2019-01-24 15:58:59.703000,1.13526,1.13523,2250000,1200000
2019-01-24 15:59:00.176000,1.13527,1.13524,2250000,1000000
2019-01-24 15:59:00.592000,1.13526,1.13524,1000000,2250000
2019-01-24 15:59:00.694000,1.13527,1.13524,1870000,2250000
2019-01-24 15:59:00.797000,1.13525,1.13523,1000000,1120000
2019-01-24 15:59:01.137000,1.13524,1.13522,1000000,2320000
2019-01-24 15:59:01.240000,1.13524,1.13522,1000000,2850000
2019-01-24 15:59:01.358000,1.13525,1.13523,2620000,1200000
2019-01-24 15:59:01.614000,1.13525,1.13522,1120000,3750000
2019-01-24 15:59:02.246000,1.13525,1.13523,1000000,1500000
2019-01-24 15:59:03.014000,1.13525,1.13524,1000000,1000000
2019-01-24 15:59:03.066000,1.13527,1.13524,3370000,3050000
2019-01-24 15:59:03.183000,1.13526,1.13523,1870000,10950000
2019-01-24 15:59:03.286000,1.13526,1.13522,1870000,5470000
2019-01-24 15:59:03.388000,1.13525,1.13522,1120000,4570000
2019-01-24 15:59:03.499000,1.13525,1.13522,1500000,4720000
2019-01-24 15:59:03.661000,1.13525,1.13522,1120000,3820000
2019-01-24 15:59:03.763000,1.13526,1.13522,4500000,3970000
2019-01-24 15:59:03.865000,1.13524,1.13522,1000000,4570000
2019-01-24 15:59:03.967000,1.13526,1.13522,6750000,3070000
2019-01-24 15:59:04.019000,1.13524,1.13522,1000000,4570000
2019-01-24 15:59:04.122000,1.13525,1.13522,1000000,2700000
2019-01-24 15:59:04.429000,1.13524,1.13522,1500000,2250000
2019-01-24 15:59:04.644000,1.13524,1.13522,1000000,2250000
2019-01-24 15:59:04.770000,1.13524,1.13522,1000000,1500000
2019-01-24 15:59:05.109000,1.13523,1.13522,1000000,1500000
2019-01-24 15:59:05.313000,1.13523,1.13521,1000000,3750000
2019-01-24 15:59:05.594000,1.13523,1.13522,1000000,1000000
2019-01-24 15:59:05.696000,1.13523,1.13521,1000000,2250000
2019-01-24 15:59:07.614000,1.13523,1.13522,2250000,1000000
2019-01-24 15:59:07.717000,1.13524,1.13521,1000000,2700000
2019-01-24 15:59:07.820000,1.13524,1.13523,1000000,2250000
2019-01-24 15:59:07.871000,1.13524,1.13521,1000000,9860000
2019-01-24 15:59:07.923000,1.13524,1.13523,1870000,6370000
2019-01-24 15:59:08.041000,1.13525,1.13523,1000000,1000000
2019-01-24 15:59:08.143000,1.13525,1.13522,1870000,1120000
2019-01-24 15:59:08.774000,1.13525,1.13523,1000000,2250000
2019-01-24 15:59:08.876000,1.13525,1.13522,1000000,8060000
2019-01-24 15:59:09.294000,1.13526,1.13523,2750000,3750000
2019-01-24 15:59:09.492000,1.13526,1.13523,2620000,3750000
2019-01-24 15:59:09.674000,1.13526,1.13523,2620000,4750000
2019-01-24 15:59:11.028000,1.1353,1.13529,1870000,1000000
2019-01-24 15:59:11.130000,1.13531,1.1353,2060000,1000000
2019-01-24 15:59:11.291000,1.13531,1.13529,1000000,1010000
2019-01-24 15:59:11.597000,1.13532,1.13529,1500000,1100000
2019-01-24 15:59:11.777000,1.13533,1.1353,3690000,1500000
2019-01-24 15:59:11.930000,1.13533,1.13529,3690000,4010000
2019-01-24 15:59:12.082000,1.13533,1.1353,3870000,1500000
2019-01-24 15:59:12.362000,1.13533,1.13531,5000000,1000000
2019-01-24 15:59:12.721000,1.13532,1.1353,1120000,1000000
2019-01-24 15:59:12.823000,1.13532,1.13529,2620000,9560000
2019-01-24 15:59:13.068000,1.13533,1.1353,2750000,3750000
2019-01-24 15:59:15.566000,1.13534,1.13531,3750000,3000000
2019-01-24 15:59:15.669000,1.13534,1.1353,1500000,6860000
2019-01-24 15:59:15.771000,1.13534,1.13531,1000000,1500000
2019-01-24 15:59:17.384000,1.13534,1.13532,1000000,1000000
2019-01-24 15:59:17.486000,1.13534,1.13532,1000000,4060000
2019-01-24 15:59:17.902000,1.13535,1.13532,1000000,5370000
2019-01-24 15:59:18.107000,1.13534,1.13532,1000000,5220000
2019-01-24 15:59:18.160000,1.13534,1.13531,2250000,2700000
2019-01-24 15:59:18.263000,1.13533,1.13531,1000000,2620000
2019-01-24 15:59:18.365000,1.13533,1.13531,1400000,4870000
2019-01-24 15:59:18.468000,1.13533,1.13531,1500000,3370000
2019-01-24 15:59:19.423000,1.13533,1.1353,1000000,2890000
2019-01-24 15:59:19.713000,1.13534,1.1353,2250000,3600000
2019-01-24 15:59:19.920000,1.13534,1.1353,4500000,1570000
2019-01-24 15:59:20.022000,1.13533,1.1353,1000000,1870000
2019-01-24 15:59:20.130000,1.13534,1.1353,3000000,1570000
2019-01-24 15:59:20.232000,1.1353,1.13529,1120000,1120000
2019-01-24 15:59:20.335000,1.13531,1.13528,4870000,1000000
2019-01-24 15:59:20.442000,1.13531,1.13528,1000000,5560000
2019-01-24 15:59:20.545000,1.13532,1.13528,1000000,3260000
2019-01-24 15:59:20.647000,1.13532,1.13529,1000000,1000000
2019-01-24 15:59:20.919000,1.13532,1.13528,2250000,5190000
2019-01-24 15:59:21.021000,1.13531,1.13528,1000000,2410000
2019-01-24 15:59:21.123000,1.1353,1.13528,1000000,1660000
2019-01-24 15:59:21.225000,1.13531,1.13528,1000000,2410000
2019-01-24 15:59:21.328000,1.1353,1.13527,1120000,3120000
2019-01-24 15:59:21.431000,1.13529,1.13528,1000000,1000000
2019-01-24 15:59:21.482000,1.13529,1.13526,4870000,1000000
2019-01-24 15:59:21.586000,1.13529,1.13526,1120000,6810000
2019-01-24 15:59:21.690000,1.1353,1.13527,3000000,2920000
2019-01-24 15:59:21.893000,1.1353,1.13527,2250000,2190000
2019-01-24 15:59:22.046000,1.1353,1.13527,2440000,2250000
2019-01-24 15:59:22.945000,1.13529,1.13527,1000000,2440000
2019-01-24 15:59:23.201000,1.13529,1.13525,3750000,4220000
2019-01-24 15:59:23.304000,1.13528,1.13525,1000000,3440000
2019-01-24 15:59:23.427000,1.1353,1.13526,1500000,4950000
2019-01-24 15:59:23.529000,1.1353,1.13526,1120000,14160000
2019-01-24 15:59:23.631000,1.1353,1.13526,1120000,20510000
2019-01-24 15:59:23.734000,1.1353,1.13526,1120000,11910000
2019-01-24 15:59:23.874000,1.1353,1.13526,2620000,15640000
2019-01-24 15:59:25.199000,1.13529,1.13526,1000000,8010000
2019-01-24 15:59:25.302000,1.1353,1.13526,3000000,10130000
2019-01-24 15:59:25.665000,1.13529,1.13526,1000000,10260000
2019-01-24 15:59:26.235000,1.13527,1.13525,1500000,4950000
2019-01-24 15:59:26.337000,1.13528,1.13525,1000000,2250000
2019-01-24 15:59:26.440000,1.13527,1.13525,1000000,1410000
2019-01-24 15:59:26.744000,1.13527,1.13525,1000000,2810000
2019-01-24 15:59:27.211000,1.13527,1.13526,1000000,1000000
2019-01-24 15:59:27.314000,1.13529,1.13527,1120000,2250000
2019-01-24 15:59:27.448000,1.1353,1.13528,2000000,1120000
2019-01-24 15:59:27.550000,1.1353,1.13527,2000000,1870000
2019-01-24 15:59:27.652000,1.1353,1.13528,2000000,1120000
2019-01-24 15:59:27.876000,1.13531,1.13529,5370000,1000000
2019-01-24 15:59:28.186000,1.1353,1.13528,1120000,1120000
2019-01-24 15:59:28.342000,1.1353,1.13527,2620000,3370000
2019-01-24 15:59:28.495000,1.13529,1.13527,1000000,3450000
2019-01-24 15:59:28.597000,1.1353,1.13527,3750000,3450000
2019-01-24 15:59:28.700000,1.13529,1.13527,1000000,3370000
2019-01-24 15:59:28.751000,1.1353,1.13527,3370000,2620000
2019-01-24 15:59:28.852000,1.13528,1.13527,1000000,1120000
2019-01-24 15:59:30.168000,1.1353,1.13527,2620000,1000000
2019-01-24 15:59:30.311000,1.1353,1.13526,1120000,8740000
2019-01-24 15:59:30.413000,1.1353,1.13527,1120000,1000000
2019-01-24 15:59:30.671000,1.1353,1.13528,1310000,2250000
2019-01-24 15:59:30.778000,1.1353,1.13527,1310000,7200000
2019-01-24 15:59:31.187000,1.13529,1.13527,1000000,1870000
2019-01-24 15:59:31.326000,1.1353,1.13526,3370000,9390000
2019-01-24 15:59:31.529000,1.13529,1.13527,1000000,1870000
2019-01-24 15:59:31.701000,1.13529,1.13528,1000000,1000000
2019-01-24 15:59:31.803000,1.13529,1.13527,1000000,3820000
2019-01-24 15:59:31.905000,1.13528,1.13527,1000000,2320000
2019-01-24 15:59:31.957000,1.1353,1.13527,3000000,1120000
2019-01-24 15:59:32.131000,1.13529,1.13526,1000000,9260000
2019-01-24 15:59:32.233000,1.1353,1.13526,4870000,5510000
2019-01-24 15:59:32.612000,1.1353,1.13527,1870000,1000000
2019-01-24 15:59:32.715000,1.1353,1.13526,1870000,7760000
2019-01-24 15:59:33.094000,1.13528,1.13526,1120000,6000000
2019-01-24 15:59:33.654000,1.13529,1.13527,1000000,4390000
2019-01-24 15:59:33.706000,1.1353,1.13527,1120000,4390000
2019-01-24 15:59:33.906000,1.1353,1.13528,1120000,1000000
2019-01-24 15:59:36.844000,1.1353,1.13529,2620000,1000000
2019-01-24 15:59:36.946000,1.1353,1.13528,1870000,1500000
2019-01-24 15:59:37.202000,1.13531,1.13528,2620000,1100000
2019-01-24 15:59:38.126000,1.1353,1.13527,1500000,6750000
2019-01-24 15:59:38.229000,1.13529,1.13527,1000000,1000000
2019-01-24 15:59:38.382000,1.13529,1.13528,1000000,1000000
2019-01-24 15:59:39.270000,1.13531,1.13528,2250000,1000000
2019-01-24 15:59:40.129000,1.13531,1.13528,2500000,1000000
2019-01-24 15:59:40.231000,1.13531,1.13528,4390000,1000000
2019-01-24 15:59:40.333000,1.13531,1.13527,3000000,6000000
2019-01-24 15:59:40.385000,1.13531,1.13529,1000000,8660000
2019-01-24 15:59:40.498000,1.13533,1.13532,1200000,3190000
2019-01-24 15:59:40.549000,1.13536,1.13533,3500000,4850000
2019-01-24 15:59:40.601000,1.13535,1.13532,1870000,7690000
2019-01-24 15:59:40.805000,1.13535,1.13533,1870000,2250000
2019-01-24 15:59:40.942000,1.13535,1.13532,1120000,3560000
2019-01-24 15:59:41.147000,1.13535,1.13533,1120000,1120000
2019-01-24 15:59:41.249000,1.13536,1.13533,1000000,4120000
2019-01-24 15:59:41.401000,1.13537,1.13533,3940000,2620000
2019-01-24 15:59:41.504000,1.13537,1.13533,4940000,1120000
2019-01-24 15:59:41.607000,1.13535,1.13533,1000000,1870000
2019-01-24 15:59:41.822000,1.13535,1.13532,2620000,1760000
2019-01-24 15:59:42.028000,1.13534,1.13532,1000000,2060000
2019-01-24 15:59:42.131000,1.13535,1.13532,1000000,4310000
2019-01-24 15:59:42.245000,1.13534,1.13532,1000000,5440000
2019-01-24 15:59:42.348000,1.13535,1.13532,2250000,2810000
2019-01-24 15:59:43.233000,1.13535,1.13533,1000000,1120000
2019-01-24 15:59:43.335000,1.13536,1.13532,2810000,9560000
2019-01-24 15:59:43.505000,1.13536,1.13533,4310000,1870000
2019-01-24 15:59:43.606000,1.13536,1.13533,3690000,1120000
2019-01-24 15:59:43.811000,1.13535,1.13532,1870000,5440000
2019-01-24 15:59:44.165000,1.13535,1.13533,1000000,1000000
2019-01-24 15:59:44.267000,1.13534,1.13533,1000000,1000000
2019-01-24 15:59:44.408000,1.13535,1.13531,7870000,6190000
2019-01-24 15:59:44.460000,1.13533,1.13531,1000000,3750000
2019-01-24 15:59:44.812000,1.13534,1.13531,2020000,1500000
2019-01-24 15:59:44.914000,1.13535,1.13531,4870000,3000000
2019-01-24 15:59:45.285000,1.13535,1.13531,4870000,5940000
2019-01-24 15:59:45.438000,1.13534,1.13533,1000000,1000000
2019-01-24 15:59:45.541000,1.13535,1.13533,3750000,1000000
2019-01-24 15:59:45.959000,1.13535,1.13532,1000000,3000000
2019-01-24 15:59:46.233000,1.13539,1.13537,4870000,1500000
2019-01-24 15:59:46.337000,1.1354,1.13537,5440000,1000000
2019-01-24 15:59:46.439000,1.13539,1.13537,1000000,1870000
2019-01-24 15:59:46.548000,1.13538,1.13536,4390000,1120000
2019-01-24 15:59:46.650000,1.13536,1.13534,1500000,3000000
2019-01-24 15:59:46.701000,1.13537,1.13534,2250000,3000000
2019-01-24 15:59:46.905000,1.13536,1.13534,1000000,3000000
2019-01-24 15:59:47.071000,1.13537,1.13534,1500000,1500000
2019-01-24 15:59:47.173000,1.13538,1.13535,1570000,1120000
2019-01-24 15:59:47.276000,1.13537,1.13536,1000000,1000000
2019-01-24 15:59:47.435000,1.13538,1.13536,1120000,1870000
2019-01-24 15:59:47.538000,1.13538,1.13535,1120000,2250000
2019-01-24 15:59:48.106000,1.13537,1.13536,1120000,1000000
2019-01-24 15:59:48.209000,1.13536,1.13533,1000000,7540000
2019-01-24 15:59:48.311000,1.13535,1.13533,1000000,3000000
2019-01-24 15:59:48.429000,1.13536,1.13533,2620000,3000000
2019-01-24 15:59:49.431000,1.13535,1.13533,1000000,3370000
2019-01-24 15:59:50.211000,1.13536,1.13532,7870000,3220000
2019-01-24 15:59:50.415000,1.13535,1.13533,1000000,1500000
2019-01-24 15:59:50.517000,1.13536,1.13533,4500000,1000000
2019-01-24 15:59:50.732000,1.13535,1.13533,1500000,1000000
2019-01-24 15:59:50.836000,1.13534,1.13532,1000000,3070000
2019-01-24 15:59:51.118000,1.13536,1.13533,5060000,1000000
2019-01-24 15:59:51.170000,1.13537,1.13536,5440000,1500000
2019-01-24 15:59:51.273000,1.13539,1.13537,3370000,3790000
2019-01-24 15:59:51.390000,1.13543,1.13542,9070000,1500000
2019-01-24 15:59:51.543000,1.13545,1.13543,3370000,3600000
2019-01-24 15:59:51.646000,1.13545,1.13543,2250000,1500000
2019-01-24 15:59:51.930000,1.13544,1.13543,1000000,1000000
2019-01-24 15:59:52.032000,1.13545,1.13543,4120000,1000000
2019-01-24 15:59:52.283000,1.13544,1.13543,1000000,1000000
2019-01-24 15:59:52.335000,1.13543,1.1354,1000000,3750000
2019-01-24 15:59:52.386000,1.13545,1.13542,1950000,1870000
2019-01-24 15:59:52.488000,1.13545,1.13543,1500000,1000000
2019-01-24 15:59:52.818000,1.13545,1.13542,1000000,1000000
2019-01-24 15:59:52.921000,1.13545,1.13541,1000000,2810000
2019-01-24 15:59:53.135000,1.13545,1.13542,1500000,1000000
2019-01-24 15:59:53.278000,1.13544,1.1354,2620000,3560000
2019-01-24 15:59:53.332000,1.13542,1.1354,1000000,2620000
2019-01-24 15:59:53.435000,1.1354,1.13538,1000000,1500000
2019-01-24 15:59:53.487000,1.1354,1.13536,3000000,4390000
2019-01-24 15:59:53.590000,1.1354,1.13536,2000000,1950000
2019-01-24 15:59:53.727000,1.1354,1.13536,2000000,3790000
2019-01-24 15:59:54.173000,1.1354,1.13537,1250000,1500000
2019-01-24 15:59:54.275000,1.13541,1.13539,1000000,1000000
2019-01-24 15:59:54.326000,1.13541,1.13537,1500000,3820000
2019-01-24 15:59:54.429000,1.13539,1.13538,1000000,1000000
2019-01-24 15:59:54.480000,1.13542,1.13538,9150000,1000000
2019-01-24 15:59:55.183000,1.13541,1.13538,1500000,2250000
2019-01-24 15:59:55.285000,1.13542,1.13539,2250000,1000000
2019-01-24 15:59:55.645000,1.13542,1.13538,4940000,3190000
2019-01-24 15:59:55.747000,1.13542,1.13538,8250000,2250000
2019-01-24 15:59:56.381000,1.13541,1.13538,1250000,3190000
2019-01-24 15:59:57.144000,1.13542,1.13538,2250000,1500000
2019-01-24 15:59:57.297000,1.13541,1.13538,1000000,2250000
2019-01-24 15:59:57.400000,1.13542,1.13538,3000000,1000000
2019-01-24 15:59:57.554000,1.13541,1.13537,1000000,4310000
2019-01-24 15:59:57.658000,1.13541,1.13537,1250000,4890000
2019-01-24 15:59:57.761000,1.1354,1.13537,1120000,1500000
2019-01-24 15:59:57.864000,1.13537,1.13536,1000000,1000000
2019-01-24 15:59:57.967000,1.13536,1.13534,1120000,2620000
2019-01-24 15:59:58.122000,1.13539,1.13538,3000000,4690000
2019-01-24 15:59:58.175000,1.1354,1.13539,1000000,1000000
2019-01-24 15:59:58.291000,1.1354,1.13537,1870000,1120000
2019-01-24 15:59:58.394000,1.13539,1.13536,1000000,1200000
2019-01-24 15:59:58.710000,1.1354,1.13536,1870000,2700000
2019-01-24 15:59:59.182000,1.1354,1.13538,2810000,1000000
2019-01-24 15:59:59.284000,1.13541,1.13538,1200000,1000000
2019-01-24 15:59:59.387000,1.13541,1.13537,1250000,1870000
2019-01-24 15:59:59.489000,1.13542,1.13538,2620000,2140000
2019-01-24 15:59:59.797000,1.13542,1.13539,1500000,1000000
2019-01-24 15:59:59.900000,1.13541,1.13539,1000000,1500000
2019-01-24 16:00:00.119000,1.13543,1.13541,1000000,1250000
2019-01-24 16:00:00.223000,1.13542,1.13539,1000000,1500000
2019-01-24 16:00:00.342000,1.13541,1.13539,2250000,1000000
2019-01-24 16:00:00.445000,1.13541,1.13537,3560000,3760000
2019-01-24 16:00:00.629000,1.13539,1.13537,1000000,1120000
2019-01-24 16:00:00.741000,1.1354,1.13536,1500000,4990000
2019-01-24 16:00:00.904000,1.13539,1.13537,1000000,1000000
2019-01-24 16:00:01.006000,1.13539,1.13536,1000000,2170000
2019-01-24 16:00:01.178000,1.13538,1.13536,2500000,1000000
2019-01-24 16:00:01.433000,1.13538,1.13534,4870000,2320000
2019-01-24 16:00:01.757000,1.13537,1.13533,1690000,1690000
2019-01-24 16:00:01.888000,1.13536,1.13533,1370000,1000000
2019-01-24 16:00:02.092000,1.13534,1.13532,1000000,1000000
2019-01-24 16:00:02.250000,1.13535,1.13532,1250000,1000000
2019-01-24 16:00:02.403000,1.13536,1.13534,2250000,1690000
2019-01-24 16:00:02.619000,1.13537,1.13533,2000000,4120000
2019-01-24 16:00:02.721000,1.13537,1.13535,2000000,1000000
2019-01-24 16:00:02.823000,1.13537,1.13534,2000000,5250000
2019-01-24 16:00:02.986000,1.13537,1.13533,2000000,1870000
2019-01-24 16:00:03.140000,1.13536,1.13532,1120000,3450000
2019-01-24 16:00:03.313000,1.13533,1.13531,3190000,1000000
2019-01-24 16:00:03.419000,1.13535,1.13532,2320000,1500000
2019-01-24 16:00:03.742000,1.13536,1.13533,1000000,1200000
2019-01-24 16:00:03.795000,1.13538,1.13535,2440000,1000000
2019-01-24 16:00:04.002000,1.1354,1.13537,5940000,1000000
2019-01-24 16:00:04.104000,1.1354,1.13536,2000000,1500000
2019-01-24 16:00:04.207000,1.13537,1.13535,1000000,3600000
2019-01-24 16:00:04.258000,1.13539,1.13535,1690000,1690000
2019-01-24 16:00:04.384000,1.13539,1.13536,1500000,1000000
2019-01-24 16:00:04.486000,1.13539,1.13535,1500000,4760000
2019-01-24 16:00:04.587000,1.13539,1.13536,2250000,1000000
2019-01-24 16:00:04.769000,1.13539,1.13535,1000000,4760000
2019-01-24 16:00:04.820000,1.13539,1.13536,1000000,1000000
2019-01-24 16:00:05.328000,1.1354,1.13536,2250000,2140000
2019-01-24 16:00:05.431000,1.13539,1.13537,1000000,1000000
2019-01-24 16:00:05.583000,1.13541,1.13538,1120000,1390000
2019-01-24 16:00:05.740000,1.13542,1.13538,4300000,5610000
2019-01-24 16:00:05.843000,1.13542,1.13538,1490000,6490000
2019-01-24 16:00:06.003000,1.13542,1.13538,1490000,4490000
2019-01-24 16:00:06.542000,1.13543,1.13539,1690000,1250000
2019-01-24 16:00:06.644000,1.13543,1.13539,1690000,1450000
2019-01-24 16:00:06.747000,1.13542,1.1354,1000000,1120000
2019-01-24 16:00:06.799000,1.13544,1.13543,1690000,1540000
2019-01-24 16:00:07.161000,1.13544,1.13542,1250000,1540000
2019-01-24 16:00:07.263000,1.13545,1.13543,1500000,3370000
2019-01-24 16:00:07.368000,1.13546,1.13544,1120000,1500000
2019-01-24 16:00:07.624000,1.13546,1.13542,1120000,2810000
2019-01-24 16:00:07.859000,1.13544,1.13542,1500000,2320000
2019-01-24 16:00:07.964000,1.13545,1.13542,1000000,1250000
2019-01-24 16:00:08.178000,1.13546,1.13542,1680000,2700000
2019-01-24 16:00:08.281000,1.1354,1.13539,1870000,1200000
2019-01-24 16:00:08.383000,1.13539,1.13538,1000000,1000000
2019-01-24 16:00:08.434000,1.13539,1.13536,1000000,2700000
2019-01-24 16:00:08.550000,1.1354,1.13536,1000000,2810000
2019-01-24 16:00:08.753000,1.13538,1.13536,1000000,2060000
2019-01-24 16:00:08.805000,1.1354,1.13537,6000000,1250000
2019-01-24 16:00:09.021000,1.13539,1.13537,1000000,3750000
2019-01-24 16:00:09.277000,1.13538,1.13536,1000000,2250000
2019-01-24 16:00:09.393000,1.13538,1.13537,1000000,1000000
2019-01-24 16:00:09.495000,1.13538,1.13536,1000000,1500000
2019-01-24 16:00:09.547000,1.1354,1.13536,2620000,8870000
2019-01-24 16:00:09.649000,1.13538,1.13536,1000000,1100000
2019-01-24 16:00:09.807000,1.13539,1.13537,1000000,1000000
2019-01-24 16:00:09.909000,1.13539,1.13536,2250000,1540000
2019-01-24 16:00:10.011000,1.13538,1.13536,1000000,2290000
2019-01-24 16:00:10.113000,1.13539,1.13536,3750000,1910000
2019-01-24 16:00:10.310000,1.13538,1.13536,1000000,1250000
2019-01-24 16:00:10.519000,1.13539,1.13535,2250000,7750000
2019-01-24 16:00:10.723000,1.13539,1.13535,2250000,2440000
2019-01-24 16:00:10.977000,1.13539,1.13536,1500000,1250000
2019-01-24 16:00:11.418000,1.13538,1.13535,1000000,11060000
2019-01-24 16:00:11.537000,1.13539,1.13535,2250000,3940000
2019-01-24 16:00:11.640000,1.13538,1.13535,1000000,3190000
2019-01-24 16:00:11.969000,1.13538,1.13536,1000000,1000000
2019-01-24 16:00:13.603000,1.13539,1.13535,2250000,5290000
2019-01-24 16:00:13.757000,1.13539,1.13536,5250000,1000000
2019-01-24 16:00:14.719000,1.13539,1.13535,2250000,9750000
2019-01-24 16:00:14.832000,1.13539,1.13536,4500000,2620000
2019-01-24 16:00:15.086000,1.13538,1.13536,1000000,1690000
2019-01-24 16:00:15.138000,1.13539,1.13537,1120000,1250000
2019-01-24 16:00:15.269000,1.13539,1.13536,1120000,7990000
2019-01-24 16:00:16.044000,1.13538,1.13536,1000000,1000000
2019-01-24 16:00:16.276000,1.13539,1.13536,2620000,1000000
2019-01-24 16:00:16.378000,1.13538,1.13535,1500000,9260000
2019-01-24 16:00:16.614000,1.13539,1.13535,1120000,5140000
2019-01-24 16:00:18.020000,1.1354,1.13536,6760000,1250000
2019-01-24 16:00:18.176000,1.13538,1.13536,1000000,1000000
2019-01-24 16:00:18.278000,1.13536,1.13535,1000000,1500000
2019-01-24 16:00:18.389000,1.13536,1.13534,1000000,1500000
2019-01-24 16:00:18.492000,1.13536,1.13533,1000000,2250000
2019-01-24 16:00:18.645000,1.13535,1.13532,1000000,5700000
2019-01-24 16:00:18.785000,1.13535,1.13532,2000000,1200000
2019-01-24 16:00:19.580000,1.13535,1.13532,2250000,1000000
2019-01-24 16:00:19.684000,1.13537,1.13535,9000000,3750000
2019-01-24 16:00:19.736000,1.13537,1.13534,1500000,3000000
2019-01-24 16:00:19.838000,1.13537,1.13534,3750000,1870000
2019-01-24 16:00:20.122000,1.13536,1.13533,1310000,1000000
2019-01-24 16:00:21.818000,1.13536,1.13534,1000000,1000000
2019-01-24 16:00:23.143000,1.13537,1.13534,1690000,1500000
2019-01-24 16:00:23.749000,1.13538,1.13536,1500000,1000000
2019-01-24 16:00:23.851000,1.13539,1.13536,1000000,1120000
2019-01-24 16:00:23.954000,1.13539,1.13536,2000000,1000000
2019-01-24 16:00:24.605000,1.1354,1.13536,13500000,1500000
2019-01-24 16:00:24.709000,1.13539,1.13536,1000000,1500000
2019-01-24 16:00:24.761000,1.13539,1.13537,1250000,5500000
2019-01-24 16:00:24.880000,1.13541,1.1354,5620000,1500000
2019-01-24 16:00:24.932000,1.13542,1.1354,2620000,1000000
2019-01-24 16:00:25.034000,1.13541,1.13539,1250000,1870000
2019-01-24 16:00:25.137000,1.13539,1.13538,1000000,1120000
2019-01-24 16:00:25.256000,1.13538,1.13537,1000000,1200000
2019-01-24 16:00:25.358000,1.1354,1.13536,2250000,3410000
2019-01-24 16:00:25.411000,1.1354,1.13536,6500000,3410000
2019-01-24 16:00:25.514000,1.13539,1.13536,1500000,1500000
2019-01-24 16:00:25.700000,1.1354,1.13539,1690000,1000000
2019-01-24 16:00:25.803000,1.13541,1.13539,1000000,1000000
2019-01-24 16:00:25.905000,1.13541,1.13538,1000000,4350000
2019-01-24 16:00:26.166000,1.13541,1.13537,1000000,8660000
2019-01-24 16:00:26.268000,1.13541,1.13537,1000000,7970000
2019-01-24 16:00:26.426000,1.13539,1.13537,1000000,5660000
2019-01-24 16:00:26.478000,1.13537,1.13536,2250000,1000000
2019-01-24 16:00:26.581000,1.13536,1.13534,2250000,1000000
2019-01-24 16:00:26.685000,1.13535,1.13534,1000000,1000000
2019-01-24 16:00:26.857000,1.13535,1.13533,1000000,1500000
2019-01-24 16:00:27.390000,1.13537,1.13534,2440000,1000000
2019-01-24 16:00:27.442000,1.13536,1.13535,1000000,1000000
2019-01-24 16:00:27.590000,1.13537,1.13535,3940000,1000000
2019-01-24 16:00:27.694000,1.13537,1.13534,2810000,1500000
2019-01-24 16:00:28.014000,1.13536,1.13534,2620000,1000000
2019-01-24 16:00:28.067000,1.13535,1.13532,1500000,1690000
2019-01-24 16:00:28.568000,1.13535,1.13533,1500000,1000000
2019-01-24 16:00:28.905000,1.13533,1.13532,1250000,1870000
2019-01-24 16:00:29.008000,1.13532,1.13531,1000000,1000000
2019-01-24 16:00:29.110000,1.13532,1.1353,1500000,2250000
2019-01-24 16:00:29.332000,1.13531,1.1353,1000000,2440000
2019-01-24 16:00:29.436000,1.13531,1.13528,2250000,1500000
2019-01-24 16:00:29.538000,1.13531,1.13529,2250000,3000000
2019-01-24 16:00:30.309000,1.13533,1.13531,1870000,2250000
2019-01-24 16:00:30.411000,1.13534,1.13531,4870000,2250000
2019-01-24 16:00:30.623000,1.13533,1.13531,1500000,1000000
2019-01-24 16:00:30.726000,1.13533,1.1353,1500000,1870000
2019-01-24 16:00:31.127000,1.13534,1.13531,1500000,1690000
2019-01-24 16:00:31.229000,1.13534,1.13532,2440000,1000000
2019-01-24 16:00:31.331000,1.13534,1.13531,1500000,2440000
2019-01-24 16:00:31.908000,1.13534,1.13532,1500000,1000000
2019-01-24 16:00:32.010000,1.13534,1.13531,1500000,2440000
2019-01-24 16:00:32.230000,1.13534,1.13532,1500000,3000000
2019-01-24 16:00:32.864000,1.13535,1.13532,2810000,1690000
2019-01-24 16:00:32.967000,1.13534,1.13532,1000000,1500000
2019-01-24 16:00:33.121000,1.13535,1.13531,6000000,5620000
2019-01-24 16:00:33.265000,1.13535,1.13532,2250000,1000000
2019-01-24 16:00:33.418000,1.13534,1.13532,1500000,1500000
2019-01-24 16:00:33.543000,1.13535,1.13532,3000000,1690000
2019-01-24 16:00:33.647000,1.13534,1.13532,1000000,1000000
2019-01-24 16:00:33.748000,1.13535,1.13532,4500000,1000000
2019-01-24 16:00:33.901000,1.13534,1.13532,1500000,1000000
2019-01-24 16:00:34.017000,1.13535,1.13531,3000000,3820000
2019-01-24 16:00:34.121000,1.13535,1.13532,3000000,1000000
2019-01-24 16:00:34.223000,1.13535,1.13531,4120000,4950000
2019-01-24 16:00:34.480000,1.13535,1.13533,3000000,1000000
2019-01-24 16:00:34.582000,1.13536,1.13534,3750000,4750000
2019-01-24 16:00:34.634000,1.13538,1.13536,1500000,2100000
2019-01-24 16:00:34.736000,1.13539,1.13536,1500000,3000000
2019-01-24 16:00:34.885000,1.13537,1.13534,1620000,1200000
2019-01-24 16:00:36.096000,1.13537,1.13534,3930000,1690000
2019-01-24 16:00:36.203000,1.13537,1.13535,4680000,2250000
2019-01-24 16:00:36.306000,1.13536,1.13533,1500000,3000000
2019-01-24 16:00:36.459000,1.13535,1.13534,1000000,1000000
2019-01-24 16:00:36.561000,1.13536,1.13533,1500000,1500000
2019-01-24 16:00:36.778000,1.13535,1.13533,1000000,2250000
2019-01-24 16:00:36.880000,1.13536,1.13533,4500000,1000000
2019-01-24 16:00:36.982000,1.13536,1.13532,3000000,5140000
2019-01-24 16:00:37.297000,1.13535,1.13533,1000000,1690000
2019-01-24 16:00:37.421000,1.13536,1.13532,1500000,8010000
2019-01-24 16:00:37.735000,1.13536,1.13532,1500000,4390000
2019-01-24 16:00:37.841000,1.13536,1.13533,1000000,1000000
2019-01-24 16:00:38.249000,1.13535,1.13533,1000000,2250000
2019-01-24 16:00:38.352000,1.13536,1.13533,3000000,1000000
2019-01-24 16:00:38.574000,1.13536,1.13532,6370000,4990000
2019-01-24 16:00:38.625000,1.13535,1.13534,1000000,1000000
2019-01-24 16:00:38.677000,1.13535,1.13532,3000000,2250000
2019-01-24 16:00:38.781000,1.13536,1.13532,3940000,2250000
2019-01-24 16:00:38.945000,1.13534,1.13532,1000000,3190000
2019-01-24 16:00:39.050000,1.13535,1.13531,1500000,2250000
2019-01-24 16:00:39.254000,1.13535,1.13531,6190000,10940000
2019-01-24 16:00:39.424000,1.13535,1.13531,1000000,4120000
2019-01-24 16:00:39.628000,1.13534,1.13531,1000000,2440000
2019-01-24 16:00:39.730000,1.13535,1.13531,3000000,2440000
2019-01-24 16:00:39.903000,1.13534,1.13531,1500000,4690000
2019-01-24 16:00:40.005000,1.13533,1.13531,1000000,6190000
2019-01-24 16:00:40.107000,1.13533,1.13531,1000000,5500000
2019-01-24 16:00:40.158000,1.13535,1.13532,4690000,1250000
2019-01-24 16:00:40.660000,1.13534,1.13532,1000000,4310000
2019-01-24 16:00:40.777000,1.13532,1.13531,2620000,2060000
2019-01-24 16:00:40.879000,1.13529,1.13527,5250000,1000000
2019-01-24 16:00:40.931000,1.13528,1.13526,1000000,3000000
2019-01-24 16:00:41.033000,1.13528,1.13527,1000000,1000000
2019-01-24 16:00:41.188000,1.13528,1.13526,1000000,1500000
2019-01-24 16:00:41.240000,1.13527,1.13526,1000000,1000000
2019-01-24 16:00:41.706000,1.13527,1.13526,1000000,1870000
2019-01-24 16:00:41.869000,1.13528,1.13526,4500000,3000000
2019-01-24 16:00:42.329000,1.13528,1.13527,3750000,1500000
2019-01-24 16:00:42.431000,1.13527,1.13526,1000000,3000000
2019-01-24 16:00:42.534000,1.13528,1.13527,3750000,1500000
2019-01-24 16:00:42.652000,1.13527,1.13524,3500000,1000000
2019-01-24 16:00:43.268000,1.13527,1.13523,2000000,9260000
2019-01-24 16:00:43.381000,1.13527,1.13525,2000000,1000000
2019-01-24 16:00:43.636000,1.13527,1.13526,1870000,1000000
2019-01-24 16:00:43.856000,1.13527,1.13525,1490000,1000000
2019-01-24 16:00:43.907000,1.13529,1.13526,5810000,2440000
2019-01-24 16:00:44.010000,1.13529,1.13527,1870000,1000000
2019-01-24 16:00:44.163000,1.13529,1.13526,2620000,6940000
2019-01-24 16:00:44.214000,1.13528,1.13527,1000000,2250000
2019-01-24 16:00:44.532000,1.13528,1.13526,1000000,3560000
2019-01-24 16:00:45.727000,1.13528,1.13527,1000000,1000000
2019-01-24 16:00:45.943000,1.13528,1.13527,1000000,1000000
2019-01-24 16:00:46.045000,1.13529,1.13525,1000000,7760000
2019-01-24 16:00:46.248000,1.1353,1.13527,5620000,1000000
2019-01-24 16:00:46.351000,1.1353,1.13526,1500000,6450000
2019-01-24 16:00:46.453000,1.1353,1.13526,1000000,7700000
2019-01-24 16:00:46.555000,1.13529,1.13527,1500000,1250000
2019-01-24 16:00:46.658000,1.13528,1.13526,1120000,3450000
2019-01-24 16:00:46.917000,1.13528,1.13525,4120000,1500000
2019-01-24 16:00:47.020000,1.13528,1.13524,6190000,4500000
2019-01-24 16:00:47.288000,1.13527,1.13524,1000000,5250000
2019-01-24 16:00:47.390000,1.13528,1.13524,3750000,2810000
2019-01-24 16:00:48.066000,1.13528,1.13525,3000000,1000000
2019-01-24 16:00:48.185000,1.13528,1.13524,4500000,1000000
2019-01-24 16:00:48.288000,1.13526,1.13524,1000000,1000000
2019-01-24 16:00:48.390000,1.13526,1.13523,1000000,5140000
2019-01-24 16:00:48.492000,1.13526,1.13524,1500000,1000000
2019-01-24 16:00:48.692000,1.13526,1.13523,1000000,3000000
2019-01-24 16:00:49.106000,1.13526,1.13524,1000000,1120000
2019-01-24 16:00:49.361000,1.13526,1.13523,1000000,3560000
2019-01-24 16:00:50.027000,1.13525,1.13523,1500000,1000000
2019-01-24 16:00:50.639000,1.13525,1.13522,1000000,3370000
2019-01-24 16:00:50.741000,1.13525,1.13523,1000000,1000000
2019-01-24 16:00:51.094000,1.13525,1.13522,1690000,2060000
2019-01-24 16:00:51.611000,1.13525,1.13523,3000000,1120000
2019-01-24 16:00:51.765000,1.13525,1.13524,1500000,1000000
2019-01-24 16:00:52.286000,1.13528,1.13525,5660000,1720000
2019-01-24 16:00:52.389000,1.13528,1.13525,3000000,1690000
2019-01-24 16:00:52.513000,1.13527,1.13524,1870000,1870000
2019-01-24 16:00:52.997000,1.13527,1.13523,1500000,3190000
2019-01-24 16:00:53.201000,1.13528,1.13524,1500000,3140000
2019-01-24 16:00:53.410000,1.13529,1.13527,6190000,1500000
2019-01-24 16:00:53.514000,1.13531,1.13529,3370000,1570000
2019-01-24 16:00:53.668000,1.13532,1.13529,3750000,1000000
2019-01-24 16:00:53.833000,1.13533,1.1353,2250000,1120000
2019-01-24 16:00:53.937000,1.13536,1.13535,2620000,1000000
2019-01-24 16:00:53.991000,1.13539,1.13536,9000000,1000000
2019-01-24 16:00:54.042000,1.13538,1.13534,2060000,2320000
2019-01-24 16:00:54.216000,1.13539,1.13536,3750000,2870000
2019-01-24 16:00:54.318000,1.1354,1.13536,1500000,4070000
2019-01-24 16:00:54.421000,1.1354,1.13538,1500000,1000000
2019-01-24 16:00:54.546000,1.13541,1.13537,1750000,6070000
2019-01-24 16:00:54.650000,1.13541,1.13537,5060000,1500000
2019-01-24 16:00:54.752000,1.1354,1.13537,1500000,3750000
2019-01-24 16:00:54.855000,1.13541,1.13537,3370000,1500000
2019-01-24 16:00:55.079000,1.13544,1.13542,1570000,1000000
2019-01-24 16:00:55.232000,1.13544,1.1354,1870000,8120000
2019-01-24 16:00:55.496000,1.13544,1.13542,1870000,1000000
2019-01-24 16:00:55.650000,1.13545,1.13543,1500000,1000000
2019-01-24 16:00:55.752000,1.13546,1.13542,2250000,2250000
2019-01-24 16:00:56.145000,1.13546,1.13543,2250000,1250000
2019-01-24 16:00:56.247000,1.13546,1.13542,3000000,5250000
2019-01-24 16:00:56.387000,1.13544,1.13542,1000000,2250000
2019-01-24 16:00:56.490000,1.13543,1.1354,1000000,1000000
2019-01-24 16:00:56.592000,1.13543,1.13539,1000000,2440000
2019-01-24 16:00:56.795000,1.13543,1.1354,1250000,1250000
2019-01-24 16:00:56.911000,1.13543,1.13539,1000000,3370000
2019-01-24 16:00:57.440000,1.13542,1.13539,1000000,3750000
2019-01-24 16:00:57.657000,1.1354,1.13539,1000000,1000000
2019-01-24 16:00:57.759000,1.13539,1.13538,1000000,1000000
2019-01-24 16:00:57.811000,1.13539,1.13535,5000000,3520000
2019-01-24 16:00:57.863000,1.13536,1.13535,1000000,1570000
2019-01-24 16:00:57.983000,1.13538,1.13536,1000000,1000000
2019-01-24 16:01:00.598000,1.13537,1.13536,1000000,1000000
2019-01-24 16:01:00.700000,1.13538,1.13536,3750000,1000000
2019-01-24 16:01:00.890000,1.13537,1.13533,1000000,4810000
2019-01-24 16:01:01.013000,1.13537,1.13533,1310000,3260000
2019-01-24 16:01:01.167000,1.13535,1.13533,5810000,3440000
2019-01-24 16:01:01.220000,1.13532,1.13531,1310000,1000000
2019-01-24 16:01:01.349000,1.13532,1.1353,1250000,1250000
2019-01-24 16:01:01.452000,1.13531,1.13529,1000000,3190000
2019-01-24 16:01:02.022000,1.13533,1.13531,1000000,1250000
2019-01-24 16:01:02.169000,1.13533,1.1353,4500000,2440000
2019-01-24 16:01:02.798000,1.13532,1.1353,1000000,1250000
2019-01-24 16:01:02.900000,1.13532,1.13529,1000000,1000000
2019-01-24 16:01:03.113000,1.13531,1.13529,1000000,1500000
2019-01-24 16:01:03.165000,1.13531,1.13527,3370000,3190000
2019-01-24 16:01:03.216000,1.13529,1.13527,1000000,2440000
2019-01-24 16:01:03.996000,1.13529,1.13528,1000000,1250000
2019-01-24 16:01:05.251000,1.13528,1.13526,1120000,4570000
2019-01-24 16:01:05.353000,1.13528,1.13525,1870000,2810000
2019-01-24 16:01:05.815000,1.13528,1.13525,2620000,5120000
2019-01-24 16:01:05.917000,1.13528,1.13525,1120000,4120000
2019-01-24 16:01:06.058000,1.13528,1.13526,1120000,2250000
2019-01-24 16:01:06.262000,1.13528,1.13525,1120000,4500000
2019-01-24 16:01:06.415000,1.13528,1.13526,1120000,3000000
2019-01-24 16:01:07.257000,1.13529,1.13526,1000000,2250000
2019-01-24 16:01:07.803000,1.13529,1.13527,1500000,1250000
2019-01-24 16:01:08.170000,1.13528,1.13526,1350000,2250000
2019-01-24 16:01:08.221000,1.13526,1.13525,1120000,1120000
2019-01-24 16:01:08.273000,1.13526,1.13523,4120000,4200000
2019-01-24 16:01:08.324000,1.13524,1.13523,1000000,3750000
2019-01-24 16:01:08.520000,1.13523,1.13522,1000000,1000000
2019-01-24 16:01:08.623000,1.13524,1.13521,1500000,7560000
2019-01-24 16:01:08.776000,1.13525,1.13522,1690000,1000000
2019-01-24 16:01:08.985000,1.13525,1.13522,1000000,5560000
2019-01-24 16:01:09.281000,1.13527,1.13525,1000000,6000000
2019-01-24 16:01:09.434000,1.13527,1.13526,1000000,2250000
2019-01-24 16:01:09.655000,1.13527,1.13525,2250000,2620000
2019-01-24 16:01:09.757000,1.13525,1.13524,1000000,3750000
2019-01-24 16:01:09.860000,1.13526,1.13524,1500000,3940000
2019-01-24 16:01:09.992000,1.13527,1.13524,1000000,1250000
2019-01-24 16:01:10.196000,1.13528,1.13524,1500000,3560000
2019-01-24 16:01:10.410000,1.13527,1.13524,1000000,1870000
2019-01-24 16:01:10.668000,1.13527,1.13525,1000000,2810000
2019-01-24 16:01:10.774000,1.13527,1.13524,1500000,2810000
2019-01-24 16:01:11.030000,1.13527,1.13525,1000000,1000000
2019-01-24 16:01:11.204000,1.13528,1.13525,1000000,2620000
2019-01-24 16:01:12.524000,1.13529,1.13525,3370000,7260000
2019-01-24 16:01:12.626000,1.13528,1.13526,1000000,1000000
2019-01-24 16:01:12.728000,1.13529,1.13526,3000000,1000000
2019-01-24 16:01:12.862000,1.13528,1.13526,1000000,1000000
2019-01-24 16:01:13.213000,1.13529,1.13526,4120000,1000000
2019-01-24 16:01:13.752000,1.13528,1.13526,1500000,1000000
2019-01-24 16:01:13.859000,1.13529,1.13526,2620000,1870000
2019-01-24 16:01:13.962000,1.13535,1.13534,2250000,1120000
2019-01-24 16:01:14.065000,1.13538,1.13534,6000000,3560000
2019-01-24 16:01:14.212000,1.13537,1.13534,1500000,3220000
2019-01-24 16:01:14.314000,1.13537,1.13534,3500000,1720000
2019-01-24 16:01:14.518000,1.13535,1.13533,1000000,1000000
2019-01-24 16:01:14.630000,1.13534,1.13532,1000000,1350000
2019-01-24 16:01:14.989000,1.13535,1.13532,1120000,1690000
2019-01-24 16:01:15.105000,1.13536,1.13532,1000000,8370000
2019-01-24 16:01:15.208000,1.13536,1.13532,1000000,7720000
2019-01-24 16:01:15.413000,1.13536,1.13532,1000000,8610000
2019-01-24 16:01:15.593000,1.13537,1.13533,1500000,4640000
2019-01-24 16:01:15.747000,1.13537,1.13533,2440000,2140000
2019-01-24 16:01:15.849000,1.13537,1.13534,2440000,1000000
2019-01-24 16:01:16.011000,1.13536,1.13532,1690000,5700000
2019-01-24 16:01:16.114000,1.13536,1.13532,6000000,3220000
2019-01-24 16:01:16.217000,1.13535,1.13532,1000000,1120000
2019-01-24 16:01:16.319000,1.13534,1.13532,1000000,1870000
2019-01-24 16:01:16.726000,1.13534,1.13532,1690000,2690000
2019-01-24 16:01:17.375000,1.13536,1.13532,2750000,3820000
2019-01-24 16:01:17.427000,1.13536,1.13534,2750000,1250000
2019-01-24 16:01:17.529000,1.13536,1.13534,1000000,1250000
2019-01-24 16:01:17.631000,1.13537,1.13534,1500000,1250000
2019-01-24 16:01:19.500000,1.13536,1.13534,1000000,1690000
2019-01-24 16:01:19.602000,1.13537,1.13534,3000000,1250000
2019-01-24 16:01:19.704000,1.13535,1.13532,1690000,5320000
2019-01-24 16:01:19.964000,1.13535,1.13531,2060000,2440000
2019-01-24 16:01:20.168000,1.13535,1.13532,1000000,4160000
2019-01-24 16:01:20.490000,1.13535,1.13531,3370000,5740000
2019-01-24 16:01:20.594000,1.13536,1.13534,4500000,8790000
2019-01-24 16:01:20.705000,1.13537,1.13535,1120000,1200000
2019-01-24 16:01:20.808000,1.13535,1.13533,1000000,2700000
2019-01-24 16:01:20.910000,1.13536,1.13533,2250000,1950000
2019-01-24 16:01:21.049000,1.13536,1.13532,3190000,5170000
2019-01-24 16:01:21.356000,1.13536,1.13533,3190000,1000000
2019-01-24 16:01:21.503000,1.13535,1.13533,1000000,1000000
2019-01-24 16:01:21.604000,1.13536,1.13532,2980000,5170000
2019-01-24 16:01:21.707000,1.13538,1.13535,1120000,1690000
2019-01-24 16:01:22.267000,1.13537,1.13535,1000000,3940000
2019-01-24 16:01:22.319000,1.13539,1.13535,2620000,5810000
2019-01-24 16:01:22.468000,1.13538,1.13537,1000000,1000000
2019-01-24 16:01:22.570000,1.13539,1.13537,1120000,1000000
2019-01-24 16:01:22.773000,1.13539,1.13536,1000000,1000000
2019-01-24 16:01:22.945000,1.13539,1.13535,1000000,5890000
2019-01-24 16:01:23.047000,1.13539,1.13536,1500000,1000000
2019-01-24 16:01:23.149000,1.13539,1.13535,1500000,5440000
2019-01-24 16:01:23.404000,1.13539,1.13536,3000000,1000000
2019-01-24 16:01:23.555000,1.13539,1.13535,1500000,6820000
2019-01-24 16:01:23.767000,1.13539,1.13536,1000000,1120000
2019-01-24 16:01:24.152000,1.13538,1.13536,1000000,2620000
2019-01-24 16:01:25.379000,1.13539,1.13536,1000000,1000000
2019-01-24 16:01:26.803000,1.13539,1.13536,1000000,1370000
2019-01-24 16:01:26.905000,1.13539,1.13536,1000000,1310000
2019-01-24 16:01:27.007000,1.1354,1.13536,5620000,1870000
2019-01-24 16:01:27.284000,1.13539,1.13536,2250000,2620000
2019-01-24 16:01:27.437000,1.13539,1.13536,1000000,1370000
2019-01-24 16:01:27.540000,1.13539,1.13536,1000000,1310000
2019-01-24 16:01:28.475000,1.1354,1.13539,2250000,1000000
2019-01-24 16:01:28.578000,1.13541,1.1354,1500000,1250000
2019-01-24 16:01:28.630000,1.13543,1.13542,1000000,1500000
2019-01-24 16:01:28.767000,1.13544,1.13543,1000000,1000000
2019-01-24 16:01:28.869000,1.13544,1.13542,1000000,1000000
2019-01-24 16:01:29.022000,1.13545,1.13542,1000000,1250000
2019-01-24 16:01:29.215000,1.13545,1.13544,1870000,1000000
2019-01-24 16:01:29.368000,1.13546,1.13544,2620000,1000000
2019-01-24 16:01:29.473000,1.13545,1.13544,1500000,1000000
2019-01-24 16:01:29.626000,1.13547,1.13544,5940000,1000000
2019-01-24 16:01:29.928000,1.13547,1.13544,4310000,1000000
2019-01-24 16:01:30.081000,1.13546,1.13543,1120000,1500000
2019-01-24 16:01:30.183000,1.13545,1.13543,2250000,1120000
2019-01-24 16:01:30.285000,1.13546,1.13543,2810000,1120000
2019-01-24 16:01:30.418000,1.13547,1.13544,1310000,1690000
2019-01-24 16:01:30.520000,1.13548,1.13545,2000000,1000000
2019-01-24 16:01:31.157000,1.13548,1.13545,5620000,1000000
2019-01-24 16:01:31.377000,1.13546,1.13543,1500000,1000000
2019-01-24 16:01:31.948000,1.13545,1.13543,1500000,1500000
2019-01-24 16:01:32.050000,1.13546,1.13543,2440000,1500000
2019-01-24 16:01:32.211000,1.13543,1.13541,1000000,3370000
2019-01-24 16:01:32.415000,1.13544,1.13541,3370000,1500000
2019-01-24 16:01:32.517000,1.13543,1.1354,1000000,1120000
2019-01-24 16:01:32.713000,1.13544,1.1354,4310000,1000000
2019-01-24 16:01:33.385000,1.13544,1.13542,5060000,1000000
2019-01-24 16:01:33.488000,1.13546,1.13542,5750000,1500000
2019-01-24 16:01:34.409000,1.13545,1.13543,4120000,1000000
2019-01-24 16:01:37.310000,1.13546,1.13542,2750000,3070000
2019-01-24 16:01:37.413000,1.13546,1.13542,2750000,3850000
2019-01-24 16:01:37.845000,1.13546,1.13542,2750000,3070000
2019-01-24 16:01:38.049000,1.13544,1.13542,1000000,1760000
2019-01-24 16:01:38.205000,1.13542,1.1354,3000000,1000000
2019-01-24 16:01:38.461000,1.13542,1.13539,1500000,2620000
2019-01-24 16:01:38.772000,1.13544,1.13541,4500000,1870000
2019-01-24 16:01:38.926000,1.13544,1.1354,2250000,4760000
2019-01-24 16:01:39.028000,1.13543,1.1354,1000000,2060000
2019-01-24 16:01:39.808000,1.13542,1.1354,1000000,1120000
2019-01-24 16:01:39.911000,1.13543,1.13539,1500000,5450000
2019-01-24 16:01:40.069000,1.13543,1.13539,1500000,3070000
2019-01-24 16:01:40.227000,1.13542,1.13539,1000000,2700000
2019-01-24 16:01:40.329000,1.13543,1.13539,6000000,1950000
2019-01-24 16:01:40.548000,1.13542,1.13541,1000000,1000000
2019-01-24 16:01:40.599000,1.13544,1.13542,5250000,1000000
2019-01-24 16:01:40.702000,1.13544,1.13541,1000000,1120000
2019-01-24 16:01:40.961000,1.13543,1.13541,1000000,1500000
2019-01-24 16:01:41.063000,1.13544,1.13541,1500000,1000000
2019-01-24 16:01:41.165000,1.13543,1.13541,1000000,1000000
2019-01-24 16:01:41.290000,1.13544,1.13541,1870000,1000000
2019-01-24 16:01:41.597000,1.13543,1.1354,1250000,4640000
2019-01-24 16:01:41.812000,1.13544,1.1354,9110000,4120000
2019-01-24 16:01:41.914000,1.13543,1.1354,2250000,4870000
2019-01-24 16:01:42.194000,1.13542,1.1354,4500000,1690000
2019-01-24 16:01:42.296000,1.13541,1.1354,2250000,1000000
2019-01-24 16:01:42.820000,1.13541,1.13539,2250000,1310000
2019-01-24 16:01:43.139000,1.13541,1.1354,3370000,1000000
2019-01-24 16:01:43.250000,1.13541,1.13538,3370000,2250000
2019-01-24 16:01:43.352000,1.13539,1.13537,2250000,4200000
2019-01-24 16:01:43.457000,1.13539,1.13537,1000000,1120000
2019-01-24 16:01:43.691000,1.13537,1.13535,1500000,4500000
2019-01-24 16:01:43.898000,1.13537,1.13534,3000000,1000000
2019-01-24 16:01:43.949000,1.13535,1.13534,1500000,1000000
2019-01-24 16:01:44.054000,1.13534,1.13532,2690000,2320000
2019-01-24 16:01:44.107000,1.13532,1.13531,1500000,1120000
2019-01-24 16:01:44.158000,1.13532,1.13529,2250000,2140000
2019-01-24 16:01:44.469000,1.13531,1.13527,1500000,6760000
2019-01-24 16:01:44.725000,1.13528,1.13527,1000000,2620000
2019-01-24 16:01:44.844000,1.13528,1.13526,1000000,3450000
2019-01-24 16:01:44.946000,1.1353,1.13529,1000000,1000000
2019-01-24 16:01:45.049000,1.13533,1.1353,3370000,1690000
2019-01-24 16:01:45.215000,1.13532,1.13529,1000000,4870000
2019-01-24 16:01:45.317000,1.13533,1.13529,5250000,1870000
2019-01-24 16:01:45.470000,1.13532,1.13529,2250000,4120000
2019-01-24 16:01:45.840000,1.13533,1.13529,6190000,2060000
2019-01-24 16:01:46.044000,1.13532,1.13529,1500000,1500000
2019-01-24 16:01:46.213000,1.13533,1.1353,6000000,1000000
2019-01-24 16:01:46.265000,1.13533,1.13532,4500000,1120000
2019-01-24 16:01:46.367000,1.13535,1.13532,2250000,2250000
2019-01-24 16:01:47.135000,1.13535,1.13533,1500000,1800000
2019-01-24 16:01:47.238000,1.13539,1.13537,7500000,1850000
2019-01-24 16:01:47.340000,1.13539,1.13537,1500000,4910000
2019-01-24 16:01:47.465000,1.13539,1.13538,1500000,1500000
2019-01-24 16:01:47.619000,1.13541,1.1354,3000000,1500000
2019-01-24 16:01:47.670000,1.13542,1.1354,1000000,2320000
2019-01-24 16:01:47.773000,1.13543,1.1354,3370000,1120000
2019-01-24 16:01:48.743000,1.13542,1.13541,1500000,1000000
2019-01-24 16:01:48.896000,1.13542,1.1354,1500000,1000000
2019-01-24 16:01:49.158000,1.13542,1.13541,1500000,1000000
2019-01-24 16:01:49.552000,1.13541,1.1354,2250000,1000000
2019-01-24 16:01:49.656000,1.1354,1.13539,2250000,1000000
2019-01-24 16:01:49.758000,1.1354,1.13538,1500000,1000000
2019-01-24 16:01:49.861000,1.1354,1.13539,1000000,1500000
2019-01-24 16:01:49.963000,1.13541,1.13538,3000000,2810000
2019-01-24 16:01:50.167000,1.13541,1.13539,2250000,1000000
2019-01-24 16:01:50.269000,1.13541,1.13538,2250000,2060000
2019-01-24 16:01:50.373000,1.13536,1.13534,3100000,3000000
2019-01-24 16:01:50.485000,1.13532,1.13531,8620000,1500000
2019-01-24 16:01:50.588000,1.13531,1.13529,10120000,1000000
2019-01-24 16:01:50.641000,1.1353,1.13528,1120000,1500000
2019-01-24 16:01:50.744000,1.1353,1.13527,1120000,1870000
2019-01-24 16:01:51.407000,1.13531,1.13527,6190000,5250000
2019-01-24 16:01:51.510000,1.13531,1.13528,3000000,1500000
2019-01-24 16:01:51.612000,1.1353,1.13528,1000000,1500000
2019-01-24 16:01:52.057000,1.1353,1.13529,1250000,3750000
2019-01-24 16:01:52.159000,1.13532,1.13531,1000000,3750000
2019-01-24 16:01:52.262000,1.13531,1.13529,1250000,3750000
2019-01-24 16:01:52.370000,1.1353,1.13529,1000000,3750000
2019-01-24 16:01:53.416000,1.1353,1.13528,1000000,3750000
2019-01-24 16:01:53.722000,1.1353,1.13529,1000000,1000000
2019-01-24 16:01:53.826000,1.13533,1.13532,7870000,2250000
2019-01-24 16:01:53.929000,1.13534,1.13532,1870000,2250000
2019-01-24 16:01:54.032000,1.13535,1.13532,6150000,1120000
2019-01-24 16:01:54.148000,1.13535,1.13534,1000000,1000000
2019-01-24 16:01:54.548000,1.13536,1.13535,3000000,1000000
2019-01-24 16:01:54.652000,1.13541,1.13539,1000000,1000000
2019-01-24 16:01:54.947000,1.13541,1.1354,1000000,2250000
2019-01-24 16:01:55.049000,1.13541,1.13539,1000000,2250000
2019-01-24 16:01:55.102000,1.13543,1.13541,3560000,1000000
2019-01-24 16:01:55.205000,1.13543,1.13542,1000000,2250000
2019-01-24 16:01:55.951000,1.13543,1.13541,2250000,2250000
2019-01-24 16:01:56.002000,1.13545,1.13542,1000000,2620000
2019-01-24 16:01:57.535000,1.13542,1.13541,1500000,5620000
2019-01-24 16:01:57.700000,1.13537,1.13536,1000000,2250000
2019-01-24 16:01:57.905000,1.13539,1.13537,4310000,2250000
2019-01-24 16:01:58.070000,1.13539,1.13538,1000000,4500000
2019-01-24 16:01:58.174000,1.13542,1.1354,1000000,1500000
2019-01-24 16:01:58.226000,1.13543,1.1354,2440000,1500000
2019-01-24 16:01:58.278000,1.13541,1.13539,4560000,3450000
2019-01-24 16:01:58.329000,1.13539,1.13538,1000000,4120000
2019-01-24 16:01:58.648000,1.13539,1.13537,1000000,3000000
