time,ask,bid,ask_volume,bid_volume
2018-12-12 10:25:00.618000,1.13342,1.13339,1000000,2250000
2018-12-12 10:25:02.522000,1.13342,1.1334,1000000,1250000
2018-12-12 10:25:03.141000,1.13342,1.13339,1000000,2620000
2018-12-12 10:25:04.021000,1.13342,1.1334,1000000,1000000
2018-12-12 10:25:04.686000,1.13342,1.13339,1000000,2620000
2018-12-12 10:25:06.082000,1.13342,1.13339,1000000,1940000
2018-12-12 10:25:07.374000,1.13342,1.13339,1000000,1500000
2018-12-12 10:25:10.402000,1.13342,1.1334,1000000,1000000
2018-12-12 10:25:10.454000,1.13343,1.13342,1250000,1000000
2018-12-12 10:25:10.559000,1.13344,1.13342,1000000,7660000
2018-12-12 10:25:10.765000,1.13346,1.13341,5890000,8000000
2018-12-12 10:25:10.869000,1.13344,1.13341,1000000,9500000
2018-12-12 10:25:11.238000,1.13343,1.1334,1000000,3790000
2018-12-12 10:25:11.514000,1.13343,1.13341,1000000,4000000
2018-12-12 10:25:11.672000,1.13343,1.1334,1000000,1690000
2018-12-12 10:25:12.217000,1.13343,1.1334,1500000,3250000
2018-12-12 10:25:12.729000,1.13343,1.13342,1000000,1250000
2018-12-12 10:25:12.938000,1.13347,1.13346,4200000,5100000
2018-12-12 10:25:13.068000,1.13351,1.13347,10720000,1310000
2018-12-12 10:25:13.613000,1.1335,1.13348,1000000,1000000
2018-12-12 10:25:14.207000,1.13351,1.13347,2700000,1010000
2018-12-12 10:25:14.720000,1.13351,1.13348,1500000,1000000
2018-12-12 10:25:15.398000,1.13351,1.13349,1000000,3000000
2018-12-12 10:25:15.505000,1.13352,1.13349,1500000,3250000
2018-12-12 10:25:16.021000,1.13353,1.1335,1570000,1370000
2018-12-12 10:25:16.553000,1.13353,1.13349,1000000,5620000
2018-12-12 10:25:18.300000,1.13354,1.1335,1100000,3850000
2018-12-12 10:25:18.457000,1.13354,1.1335,1500000,2470000
2018-12-12 10:25:18.960000,1.13353,1.1335,1000000,2620000
2018-12-12 10:25:19.493000,1.13353,1.1335,1000000,2120000
2018-12-12 10:25:21.510000,1.13353,1.1335,1000000,1870000
2018-12-12 10:25:22.032000,1.13353,1.1335,1000000,2120000
2018-12-12 10:25:23.741000,1.13353,1.1335,1000000,1500000
2018-12-12 10:25:31.125000,1.13353,1.1335,1500000,1750000
2018-12-12 10:25:31.644000,1.13353,1.1335,1500000,1690000
2018-12-12 10:25:32.785000,1.13353,1.1335,1000000,2500000
2018-12-12 10:25:33.389000,1.13353,1.1335,1000000,1250000
2018-12-12 10:25:34.258000,1.13353,1.1335,1000000,1750000
2018-12-12 10:25:34.804000,1.13353,1.1335,1000000,1250000
2018-12-12 10:25:34.858000,1.13354,1.13351,1000000,6060000
2018-12-12 10:25:35.168000,1.13357,1.13353,8510000,4620000
2018-12-12 10:25:35.976000,1.13357,1.13355,1000000,3940000
2018-12-12 10:25:36.030000,1.13359,1.13355,3190000,3120000
2018-12-12 10:25:36.941000,1.1336,1.13355,5570000,3750000
2018-12-12 10:25:38.178000,1.1336,1.13355,4760000,4120000
2018-12-12 10:25:38.704000,1.13359,1.13355,1250000,3750000
2018-12-12 10:25:41.290000,1.1336,1.13355,5760000,4190000
2018-12-12 10:25:42.216000,1.1336,1.13355,8200000,4870000
2018-12-12 10:25:42.767000,1.1336,1.13357,7750000,1000000
2018-12-12 10:25:43.281000,1.13359,1.13356,1250000,4870000
2018-12-12 10:25:43.803000,1.13359,1.13356,1370000,1000000
2018-12-12 10:25:47.621000,1.13359,1.13355,1500000,4950000
2018-12-12 10:25:48.151000,1.1336,1.13355,4940000,4950000
2018-12-12 10:25:48.819000,1.1336,1.13357,2440000,1500000
2018-12-12 10:25:49.404000,1.1336,1.13356,4570000,1390000
2018-12-12 10:25:53.425000,1.13359,1.13356,1000000,1950000
2018-12-12 10:25:54.080000,1.1336,1.13356,4570000,1200000
2018-12-12 10:25:54.789000,1.13359,1.13356,1000000,1200000
2018-12-12 10:26:01.951000,1.13358,1.13356,1000000,2320000
2018-12-12 10:26:02.006000,1.13349,1.13347,1300000,3070000
2018-12-12 10:26:02.226000,1.13348,1.13345,1000000,1690000
2018-12-12 10:26:02.330000,1.13347,1.13344,4440000,4500000
2018-12-12 10:26:02.507000,1.13345,1.13342,1000000,3190000
2018-12-12 10:26:03.027000,1.13345,1.13343,1000000,1000000
2018-12-12 10:26:03.232000,1.13345,1.13341,2810000,1870000
2018-12-12 10:26:03.755000,1.13344,1.13341,1310000,1120000
2018-12-12 10:26:04.286000,1.13344,1.1334,3000000,1870000
2018-12-12 10:26:05.081000,1.13343,1.1334,1000000,2620000
2018-12-12 10:26:05.600000,1.13344,1.1334,2060000,2620000
2018-12-12 10:26:06.138000,1.13344,1.13341,1310000,1000000
2018-12-12 10:26:09.032000,1.13344,1.1334,2810000,2620000
2018-12-12 10:26:09.957000,1.13343,1.1334,1000000,2250000
2018-12-12 10:26:11.076000,1.13343,1.1334,1500000,1250000
2018-12-12 10:26:11.674000,1.13343,1.1334,1500000,1250000
2018-12-12 10:26:18.847000,1.13344,1.1334,2140000,2140000
2018-12-12 10:26:19.310000,1.13345,1.13342,1250000,1500000
2018-12-12 10:26:20.661000,1.13345,1.13341,2060000,1250000
2018-12-12 10:26:22.238000,1.13344,1.13341,1690000,1100000
2018-12-12 10:26:22.756000,1.13344,1.1334,6000000,1250000
2018-12-12 10:26:23.531000,1.13343,1.1334,1250000,1000000
2018-12-12 10:26:24.070000,1.13344,1.1334,7870000,1250000
2018-12-12 10:26:24.733000,1.13344,1.13339,4690000,7570000
2018-12-12 10:26:25.253000,1.13344,1.13339,4120000,9700000
2018-12-12 10:26:26.073000,1.13344,1.13339,3190000,7390000
2018-12-12 10:26:28.520000,1.13344,1.1334,3190000,2250000
2018-12-12 10:26:29.035000,1.13344,1.13339,3190000,9260000
2018-12-12 10:26:29.425000,1.13343,1.13341,1000000,1000000
2018-12-12 10:26:31.179000,1.13344,1.1334,1690000,1120000
2018-12-12 10:26:33.062000,1.13343,1.13339,1250000,8320000
2018-12-12 10:26:33.331000,1.13342,1.13338,2170000,1500000
2018-12-12 10:26:33.384000,1.13342,1.1334,2170000,1000000
2018-12-12 10:26:33.889000,1.13343,1.1334,3940000,1500000
2018-12-12 10:26:35.015000,1.13342,1.13339,1120000,1690000
2018-12-12 10:26:35.610000,1.13342,1.13339,1310000,2500000
2018-12-12 10:26:36.146000,1.13343,1.13339,5220000,1690000
2018-12-12 10:26:36.778000,1.13342,1.13339,1310000,1750000
2018-12-12 10:26:37.328000,1.13343,1.13339,5470000,2250000
2018-12-12 10:26:37.995000,1.13342,1.13339,1250000,2500000
2018-12-12 10:26:39.037000,1.13342,1.13339,1000000,1000000
2018-12-12 10:26:39.649000,1.13343,1.13339,7540000,1500000
2018-12-12 10:26:40.186000,1.13343,1.13338,12040000,10050000
2018-12-12 10:26:40.689000,1.13343,1.13339,11290000,1120000
2018-12-12 10:26:41.001000,1.13341,1.13337,3370000,2060000
2018-12-12 10:26:41.389000,1.13339,1.13337,1250000,1000000
2018-12-12 10:26:41.673000,1.13338,1.13335,1310000,1250000
2018-12-12 10:26:43.594000,1.13339,1.13334,9490000,2440000
2018-12-12 10:26:44.031000,1.13336,1.13334,1500000,1000000
2018-12-12 10:26:45.597000,1.13337,1.13333,3870000,1000000
2018-12-12 10:26:47.261000,1.13336,1.13332,1120000,3820000
2018-12-12 10:26:47.562000,1.13337,1.13334,2000000,1100000
2018-12-12 10:26:51.642000,1.13337,1.13333,6500000,1570000
2018-12-12 10:26:52.297000,1.13334,1.13332,1250000,1100000
2018-12-12 10:26:52.587000,1.13333,1.1333,1500000,4870000
2018-12-12 10:26:53.104000,1.13334,1.1333,1690000,4410000
2018-12-12 10:26:53.648000,1.13334,1.1333,1690000,2620000
2018-12-12 10:26:54.192000,1.13333,1.13329,7500000,1100000
2018-12-12 10:26:54.245000,1.13334,1.13331,11070000,1000000
2018-12-12 10:26:54.778000,1.13334,1.13332,3000000,1000000
2018-12-12 10:26:56.080000,1.13335,1.13333,2620000,1000000
2018-12-12 10:26:56.135000,1.13337,1.13333,4200000,3070000
2018-12-12 10:26:56.693000,1.13336,1.13332,1760000,6490000
2018-12-12 10:26:57.218000,1.13337,1.13332,6940000,6300000
2018-12-12 10:26:57.724000,1.13337,1.13334,3320000,1310000
2018-12-12 10:26:58.037000,1.13338,1.13335,2440000,1000000
2018-12-12 10:26:58.548000,1.13339,1.13338,1000000,1310000
2018-12-12 10:26:58.739000,1.13344,1.13339,5560000,4760000
2018-12-12 10:26:58.947000,1.13344,1.13339,5810000,8610000
2018-12-12 10:26:59.102000,1.13344,1.13339,4870000,6300000
2018-12-12 10:27:00.136000,1.13344,1.1334,5620000,1100000
2018-12-12 10:27:00.684000,1.13342,1.13339,1000000,2700000
2018-12-12 10:27:01.178000,1.13339,1.13337,1000000,2720000
2018-12-12 10:27:01.708000,1.1334,1.13337,2250000,1200000
2018-12-12 10:27:03.488000,1.13339,1.13337,1000000,1570000
2018-12-12 10:27:03.802000,1.13341,1.13339,1500000,1220000
2018-12-12 10:27:04.199000,1.13341,1.13338,1500000,1000000
2018-12-12 10:27:04.733000,1.1334,1.13338,1000000,2320000
2018-12-12 10:27:05.071000,1.13339,1.13336,1000000,1690000
2018-12-12 10:27:06.088000,1.1334,1.13335,8060000,5510000
2018-12-12 10:27:06.800000,1.13339,1.13336,1120000,1250000
2018-12-12 10:27:07.347000,1.13339,1.13335,1120000,4010000
2018-12-12 10:27:07.846000,1.1334,1.13337,1690000,1000000
2018-12-12 10:27:08.176000,1.13341,1.1334,1120000,1250000
2018-12-12 10:27:08.727000,1.13341,1.13339,1120000,2140000
2018-12-12 10:27:09.269000,1.13341,1.13339,1000000,12450000
2018-12-12 10:27:09.809000,1.13341,1.1334,1500000,1200000
2018-12-12 10:27:11.098000,1.13341,1.13339,1500000,3070000
2018-12-12 10:27:11.638000,1.13342,1.13339,1120000,2700000
2018-12-12 10:27:15.026000,1.13342,1.13339,1120000,2350000
2018-12-12 10:27:15.961000,1.13342,1.13339,1120000,2060000
2018-12-12 10:27:16.508000,1.13342,1.1334,1870000,1000000
2018-12-12 10:27:17.058000,1.13342,1.13339,1870000,3260000
2018-12-12 10:27:20.394000,1.13342,1.1334,1870000,1000000
2018-12-12 10:27:20.896000,1.13342,1.13339,1120000,4760000
2018-12-12 10:27:21.743000,1.13341,1.13339,1250000,1000000
2018-12-12 10:27:22.250000,1.1334,1.13338,1500000,1000000
2018-12-12 10:27:22.776000,1.13339,1.13338,1000000,1100000
2018-12-12 10:27:23.414000,1.1334,1.13338,1500000,1100000
2018-12-12 10:27:24.989000,1.13342,1.13338,6070000,1000000
2018-12-12 10:27:25.657000,1.13342,1.13339,4690000,1000000
2018-12-12 10:27:25.893000,1.13344,1.1334,3190000,1870000
2018-12-12 10:27:27.050000,1.13345,1.13343,1690000,1500000
2018-12-12 10:27:27.244000,1.13345,1.13341,3190000,1500000
2018-12-12 10:27:27.641000,1.13343,1.13341,1250000,1570000
2018-12-12 10:27:28.227000,1.13343,1.1334,1690000,2250000
2018-12-12 10:27:33.318000,1.13342,1.1334,1000000,1000000
2018-12-12 10:27:33.834000,1.13342,1.13337,6940000,4200000
2018-12-12 10:27:33.888000,1.13342,1.13339,2060000,1500000
2018-12-12 10:27:34.214000,1.13343,1.13341,1000000,1000000
2018-12-12 10:27:34.318000,1.13344,1.13341,3940000,1000000
2018-12-12 10:27:35.715000,1.13343,1.1334,1250000,1000000
2018-12-12 10:27:35.768000,1.13342,1.1334,2870000,1000000
2018-12-12 10:27:35.820000,1.13342,1.13338,4370000,1120000
2018-12-12 10:27:41.107000,1.13342,1.13339,2000000,1870000
2018-12-12 10:27:41.163000,1.13343,1.1334,2700000,1000000
2018-12-12 10:27:42.048000,1.13343,1.13341,1000000,1000000
2018-12-12 10:27:42.844000,1.13343,1.1334,1000000,3370000
2018-12-12 10:27:43.002000,1.13341,1.13339,5500000,1000000
2018-12-12 10:27:43.107000,1.13338,1.13336,1250000,2250000
2018-12-12 10:27:43.375000,1.1334,1.13336,4800000,1100000
2018-12-12 10:27:43.536000,1.13341,1.13339,1000000,4440000
2018-12-12 10:27:43.589000,1.13343,1.13339,5810000,6100000
2018-12-12 10:27:44.101000,1.13343,1.13339,2500000,1500000
2018-12-12 10:27:44.398000,1.13343,1.13341,1500000,1000000
2018-12-12 10:27:44.928000,1.13344,1.13342,2000000,1000000
2018-12-12 10:27:45.032000,1.13344,1.1334,2190000,5100000
2018-12-12 10:27:45.550000,1.13344,1.13341,2750000,1250000
2018-12-12 10:27:47.035000,1.13344,1.1334,2560000,3560000
2018-12-12 10:27:49.315000,1.13343,1.13341,1870000,1570000
2018-12-12 10:27:49.947000,1.13343,1.1334,1870000,3940000
2018-12-12 10:27:51.319000,1.13343,1.1334,1870000,4750000
2018-12-12 10:27:52.094000,1.13344,1.13343,1000000,1500000
2018-12-12 10:27:52.626000,1.13345,1.13343,1000000,1200000
2018-12-12 10:27:53.402000,1.13346,1.13343,1120000,1100000
2018-12-12 10:27:59.935000,1.13347,1.13342,6750000,6260000
2018-12-12 10:28:00.473000,1.13347,1.13343,6870000,1250000
2018-12-12 10:28:00.809000,1.13348,1.13345,1500000,1000000
2018-12-12 10:28:01.445000,1.13347,1.13344,4500000,1500000
2018-12-12 10:28:01.508000,1.13346,1.13342,3560000,1390000
2018-12-12 10:28:01.769000,1.13346,1.13344,1000000,1810000
2018-12-12 10:28:01.935000,1.13348,1.13344,3820000,2140000
2018-12-12 10:28:01.989000,1.13347,1.13345,2560000,1000000
2018-12-12 10:28:02.041000,1.13346,1.13343,1120000,1570000
2018-12-12 10:28:02.580000,1.13346,1.13342,1870000,3070000
2018-12-12 10:28:03.190000,1.13346,1.13343,1000000,1250000
2018-12-12 10:28:03.853000,1.13347,1.13343,2620000,1120000
2018-12-12 10:28:04.257000,1.13345,1.13342,1000000,3750000
2018-12-12 10:28:04.634000,1.13346,1.13343,1870000,3120000
2018-12-12 10:28:04.791000,1.13348,1.13344,4540000,1310000
2018-12-12 10:28:05.294000,1.13347,1.13344,2250000,1870000
2018-12-12 10:28:06.749000,1.13347,1.13343,1500000,4390000
2018-12-12 10:28:07.257000,1.13347,1.13345,1500000,1500000
2018-12-12 10:28:07.796000,1.13348,1.13345,4500000,1000000
2018-12-12 10:28:08.372000,1.13347,1.13345,1000000,1000000
2018-12-12 10:28:09.028000,1.13346,1.13343,2440000,1570000
2018-12-12 10:28:09.537000,1.13346,1.13342,1500000,3000000
2018-12-12 10:28:11.205000,1.13346,1.13343,1120000,3070000
2018-12-12 10:28:11.348000,1.13348,1.13344,4610000,1950000
2018-12-12 10:28:11.923000,1.13348,1.13345,3750000,1250000
2018-12-12 10:28:12.460000,1.13348,1.13344,3560000,6000000
2018-12-12 10:28:13.121000,1.13348,1.13345,5440000,1000000
2018-12-12 10:28:13.720000,1.13348,1.13344,1500000,4500000
2018-12-12 10:28:14.253000,1.13348,1.13345,3750000,1000000
2018-12-12 10:28:16.339000,1.13348,1.13344,3000000,2250000
2018-12-12 10:28:19.939000,1.13348,1.13344,4500000,5020000
2018-12-12 10:28:20.753000,1.13348,1.13344,2250000,3300000
2018-12-12 10:28:24.098000,1.13348,1.13345,3750000,1000000
2018-12-12 10:28:24.208000,1.13346,1.13344,1000000,2320000
2018-12-12 10:28:27.220000,1.13345,1.13343,2000000,2250000
2018-12-12 10:28:27.273000,1.13345,1.13342,1000000,2700000
2018-12-12 10:28:27.803000,1.13345,1.13341,8740000,2250000
2018-12-12 10:28:30.034000,1.13344,1.1334,3040000,7910000
2018-12-12 10:28:31.284000,1.13344,1.13341,3040000,1500000
2018-12-12 10:28:32.244000,1.13344,1.1334,2290000,5660000
2018-12-12 10:28:33.798000,1.13344,1.13341,2850000,1500000
2018-12-12 10:28:34.387000,1.13344,1.1334,2100000,5470000
2018-12-12 10:28:35.221000,1.13344,1.1334,4320000,4500000
2018-12-12 10:28:35.274000,1.13341,1.13339,1500000,4690000
2018-12-12 10:28:37.487000,1.13342,1.13339,1000000,1500000
2018-12-12 10:28:38.654000,1.13343,1.13339,2250000,1500000
2018-12-12 10:28:39.229000,1.13343,1.1334,2140000,1000000
2018-12-12 10:28:39.543000,1.13341,1.13338,1100000,2250000
2018-12-12 10:28:40.060000,1.13342,1.13338,1500000,3440000
2018-12-12 10:28:40.549000,1.1334,1.13338,1000000,1000000
2018-12-12 10:28:40.769000,1.13339,1.13336,2440000,1100000
2018-12-12 10:28:41.281000,1.13339,1.13335,3790000,1000000
2018-12-12 10:28:41.791000,1.13337,1.13335,1000000,1500000
2018-12-12 10:28:42.334000,1.13339,1.13335,3760000,1500000
2018-12-12 10:28:42.728000,1.13339,1.13337,3260000,1000000
2018-12-12 10:28:42.836000,1.13339,1.13335,3190000,2850000
2018-12-12 10:28:43.365000,1.13339,1.13335,3190000,10550000
2018-12-12 10:28:44.205000,1.13339,1.13335,1690000,3000000
2018-12-12 10:28:44.725000,1.13339,1.13335,3120000,1500000
2018-12-12 10:28:48.034000,1.13339,1.13336,2940000,1000000
2018-12-12 10:28:48.088000,1.1334,1.13339,1100000,1000000
2018-12-12 10:28:48.278000,1.13342,1.1334,1000000,1000000
2018-12-12 10:28:49.424000,1.13344,1.13341,3070000,1000000
2018-12-12 10:28:49.823000,1.13344,1.13342,3000000,1000000
2018-12-12 10:28:49.981000,1.13346,1.13342,2850000,1000000
2018-12-12 10:28:50.568000,1.13346,1.13342,5220000,4500000
2018-12-12 10:28:51.112000,1.13346,1.13343,1500000,1500000
2018-12-12 10:28:51.268000,1.13348,1.13344,4310000,3370000
2018-12-12 10:28:51.372000,1.13348,1.13346,2440000,1000000
2018-12-12 10:28:51.905000,1.13348,1.13345,3820000,1500000
2018-12-12 10:28:52.277000,1.13345,1.13342,1000000,2810000
2018-12-12 10:28:52.538000,1.13343,1.1334,1000000,7200000
2018-12-12 10:28:53.073000,1.13344,1.13341,1000000,1000000
2018-12-12 10:28:54.052000,1.13344,1.1334,2100000,6190000
2018-12-12 10:28:54.888000,1.13344,1.13341,2850000,1000000
2018-12-12 10:28:55.413000,1.13344,1.1334,2850000,3000000
2018-12-12 10:28:57.166000,1.13344,1.1334,3720000,3000000
2018-12-12 10:28:58.017000,1.13341,1.13339,3190000,1100000
2018-12-12 10:28:58.121000,1.1334,1.13337,1870000,3940000
2018-12-12 10:28:59.141000,1.13341,1.13337,3190000,1250000
2018-12-12 10:29:01.530000,1.1334,1.13337,1250000,1000000
2018-12-12 10:29:02.078000,1.1334,1.13338,2690000,1000000
2018-12-12 10:29:02.448000,1.13339,1.13335,1310000,11700000
2018-12-12 10:29:02.681000,1.13337,1.13334,3310000,1000000
2018-12-12 10:29:03.202000,1.13337,1.13334,1000000,1870000
2018-12-12 10:29:05.993000,1.13337,1.13335,1000000,1000000
2018-12-12 10:29:06.866000,1.13337,1.13334,1000000,3370000
2018-12-12 10:29:07.377000,1.13337,1.13334,1000000,2000000
2018-12-12 10:29:08.114000,1.13337,1.13334,1000000,1870000
2018-12-12 10:29:10.256000,1.13337,1.13334,1000000,5750000
2018-12-12 10:29:10.773000,1.13339,1.13335,5940000,1870000
2018-12-12 10:29:11.126000,1.1334,1.13337,2720000,1500000
2018-12-12 10:29:11.286000,1.13341,1.13337,2620000,1500000
2018-12-12 10:29:13.968000,1.13342,1.13339,3940000,1000000
2018-12-12 10:29:14.387000,1.13344,1.1334,5620000,1000000
2018-12-12 10:29:15.042000,1.13344,1.13341,3820000,1000000
2018-12-12 10:29:19.262000,1.13345,1.13341,3600000,6440000
2018-12-12 10:29:19.813000,1.13345,1.13341,1500000,7010000
2018-12-12 10:29:20.396000,1.13345,1.13342,5440000,1000000
2018-12-12 10:29:20.936000,1.13345,1.13343,1000000,4540000
2018-12-12 10:29:21.043000,1.13348,1.13344,2000000,2250000
2018-12-12 10:29:21.096000,1.13348,1.13346,2000000,1000000
2018-12-12 10:29:21.385000,1.13349,1.13345,2320000,5700000
2018-12-12 10:29:23.469000,1.13349,1.13346,1500000,1000000
2018-12-12 10:29:24.105000,1.13349,1.13345,1000000,7390000
2018-12-12 10:29:24.637000,1.13349,1.13345,1870000,3760000
2018-12-12 10:29:32.284000,1.1335,1.13348,4870000,1120000
2018-12-12 10:29:32.389000,1.13353,1.1335,3750000,1000000
2018-12-12 10:29:32.564000,1.13351,1.13349,1250000,1500000
2018-12-12 10:29:32.721000,1.13349,1.13346,1000000,11700000
2018-12-12 10:29:34.911000,1.13349,1.13347,1120000,2250000
2018-12-12 10:29:35.229000,1.13351,1.13349,1500000,2250000
2018-12-12 10:29:35.281000,1.13352,1.1335,1570000,1000000
2018-12-12 10:29:35.814000,1.13352,1.13349,1250000,5440000
2018-12-12 10:29:36.363000,1.13352,1.1335,1000000,1120000
2018-12-12 10:29:37.251000,1.13352,1.13349,1690000,1500000
2018-12-12 10:29:37.616000,1.13351,1.13347,1500000,1760000
2018-12-12 10:29:37.781000,1.13351,1.13349,1500000,1000000
2018-12-12 10:29:38.307000,1.13352,1.13349,1500000,2440000
2018-12-12 10:29:38.826000,1.13351,1.13348,2810000,1500000
2018-12-12 10:29:39.303000,1.13352,1.13349,2250000,1810000
2018-12-12 10:29:41.782000,1.13353,1.1335,1000000,1870000
2018-12-12 10:29:42.354000,1.13354,1.13351,4250000,1500000
2018-12-12 10:29:50.332000,1.13351,1.13349,1000000,11890000
2018-12-12 10:29:50.438000,1.13349,1.13346,5970000,2320000
2018-12-12 10:29:50.597000,1.13348,1.13344,2600000,3940000
2018-12-12 10:29:51.107000,1.13348,1.13345,2750000,1100000
2018-12-12 10:29:51.625000,1.13346,1.13344,2250000,1000000
2018-12-12 10:29:51.721000,1.13346,1.13343,2250000,1500000
2018-12-12 10:29:56.938000,1.13347,1.13345,7500000,1000000
2018-12-12 10:29:57.638000,1.13348,1.13345,2440000,1500000
2018-12-12 10:29:59.079000,1.13348,1.13343,7570000,3750000
2018-12-12 10:29:59.629000,1.13346,1.13343,1000000,1870000
2018-12-12 10:30:00.030000,1.13344,1.13342,1000000,1500000
2018-12-12 10:30:00.346000,1.13346,1.13342,2850000,1500000
2018-12-12 10:30:00.635000,1.13344,1.13341,1500000,1570000
2018-12-12 10:30:01.454000,1.13345,1.13341,4690000,1500000
2018-12-12 10:30:01.964000,1.13345,1.13342,4120000,1250000
2018-12-12 10:30:02.499000,1.13345,1.13342,5000000,1310000
2018-12-12 10:30:02.604000,1.13346,1.13342,4870000,3640000
2018-12-12 10:30:02.656000,1.13346,1.13344,1000000,1000000
2018-12-12 10:30:03.171000,1.13347,1.13345,1000000,1500000
2018-12-12 10:30:03.672000,1.13349,1.13345,5370000,1870000
2018-12-12 10:30:03.977000,1.13346,1.13343,1000000,5140000
2018-12-12 10:30:05.384000,1.13347,1.13343,1500000,7060000
2018-12-12 10:30:05.934000,1.13347,1.13345,1000000,1500000
2018-12-12 10:30:10.441000,1.13348,1.13345,1500000,2620000
2018-12-12 10:30:11.211000,1.13349,1.13344,8390000,7160000
2018-12-12 10:30:12.199000,1.13348,1.13345,3190000,1000000
2018-12-12 10:30:12.722000,1.13348,1.13345,5120000,1690000
2018-12-12 10:30:13.067000,1.13344,1.13342,1500000,1000000
2018-12-12 10:30:13.628000,1.13344,1.13341,2250000,3750000
2018-12-12 10:30:15.863000,1.13345,1.13342,1000000,1690000
2018-12-12 10:30:16.384000,1.13345,1.13342,1120000,2560000
2018-12-12 10:30:19.184000,1.13344,1.13342,1000000,1690000
2018-12-12 10:30:19.711000,1.13344,1.13341,2810000,1000000
2018-12-12 10:30:20.254000,1.13344,1.1334,3370000,4810000
2018-12-12 10:30:22.042000,1.13344,1.1334,8260000,1000000
2018-12-12 10:30:22.543000,1.13344,1.1334,2320000,5320000
2018-12-12 10:30:25.449000,1.13344,1.1334,6440000,2060000
2018-12-12 10:30:25.960000,1.13343,1.13339,1690000,9670000
2018-12-12 10:30:26.271000,1.13341,1.13339,1500000,1000000
2018-12-12 10:30:26.815000,1.13341,1.13338,1120000,3190000
2018-12-12 10:30:27.366000,1.13341,1.13337,3570000,2700000
2018-12-12 10:30:28.429000,1.13341,1.13338,4320000,1000000
2018-12-12 10:30:29.020000,1.13341,1.13339,1220000,1500000
2018-12-12 10:30:29.092000,1.13343,1.1334,1000000,1690000
2018-12-12 10:30:29.685000,1.13344,1.1334,4120000,1120000
2018-12-12 10:30:30.132000,1.13343,1.1334,1890000,1000000
2018-12-12 10:30:30.705000,1.13343,1.13339,1250000,6110000
2018-12-12 10:30:31.246000,1.13343,1.1334,1120000,2250000
2018-12-12 10:30:32.434000,1.13344,1.13341,3000000,1000000
2018-12-12 10:30:32.955000,1.13344,1.1334,3000000,3750000
2018-12-12 10:30:33.293000,1.13346,1.13343,1000000,2250000
2018-12-12 10:30:33.809000,1.13346,1.13342,3750000,4310000
2018-12-12 10:30:34.384000,1.13345,1.13342,1000000,4310000
2018-12-12 10:30:34.900000,1.13345,1.13343,1250000,1250000
2018-12-12 10:30:35.578000,1.13345,1.13342,1000000,4310000
2018-12-12 10:30:36.140000,1.13345,1.13343,1120000,1250000
2018-12-12 10:30:36.669000,1.13345,1.13342,1250000,1870000
2018-12-12 10:30:37.433000,1.13347,1.13344,2250000,2250000
2018-12-12 10:30:38.430000,1.13348,1.13345,2190000,1000000
2018-12-12 10:30:40.517000,1.13348,1.13345,1500000,2000000
2018-12-12 10:30:41.746000,1.13348,1.13347,1120000,1000000
2018-12-12 10:30:41.803000,1.13351,1.13348,5100000,8810000
2018-12-12 10:30:42.073000,1.13349,1.13346,1500000,2250000
2018-12-12 10:30:42.651000,1.13349,1.13346,4250000,1000000
2018-12-12 10:30:44.468000,1.13347,1.13346,1000000,1000000
2018-12-12 10:30:44.619000,1.13347,1.13344,1870000,5250000
2018-12-12 10:30:48.046000,1.13347,1.13343,2250000,10350000
2018-12-12 10:30:48.152000,1.13345,1.13343,1000000,1720000
2018-12-12 10:30:48.498000,1.13348,1.13345,2250000,1120000
2018-12-12 10:30:49.016000,1.13348,1.13344,2250000,4720000
2018-12-12 10:30:49.774000,1.13347,1.13344,1000000,9140000
2018-12-12 10:30:49.879000,1.13349,1.13346,3450000,1500000
2018-12-12 10:30:52.370000,1.13349,1.13345,2250000,5140000
2018-12-12 10:30:53.135000,1.13349,1.13346,2620000,1000000
2018-12-12 10:30:53.576000,1.13349,1.13345,1500000,5060000
2018-12-12 10:30:55.398000,1.13349,1.13346,1500000,1100000
2018-12-12 10:30:56.170000,1.13348,1.13346,1000000,1570000
2018-12-12 10:30:56.722000,1.13349,1.13346,3190000,1100000
2018-12-12 10:31:02.831000,1.13348,1.13344,3620000,4120000
2018-12-12 10:31:03.161000,1.13345,1.13342,1000000,1500000
2018-12-12 10:31:04.807000,1.13347,1.13343,3970000,4540000
2018-12-12 10:31:05.121000,1.13347,1.13344,1000000,5310000
2018-12-12 10:31:11.011000,1.13346,1.13344,1000000,3620000
2018-12-12 10:31:11.116000,1.13346,1.13344,1690000,1000000
2018-12-12 10:31:12.028000,1.13347,1.13343,3290000,3370000
2018-12-12 10:31:12.255000,1.13348,1.13344,1000000,2810000
2018-12-12 10:31:12.772000,1.13348,1.13345,1000000,1250000
2018-12-12 10:31:14.849000,1.13349,1.13345,4390000,1310000
2018-12-12 10:31:15.410000,1.13348,1.13345,1000000,1310000
2018-12-12 10:31:16.642000,1.13347,1.13345,1000000,1310000
2018-12-12 10:31:17.721000,1.13347,1.13344,3000000,1000000
2018-12-12 10:31:18.241000,1.13348,1.13345,1120000,1000000
2018-12-12 10:31:24.969000,1.13347,1.13345,1000000,1500000
2018-12-12 10:31:30.918000,1.13348,1.13345,1950000,1000000
2018-12-12 10:31:32.030000,1.13347,1.13344,1000000,5660000
2018-12-12 10:31:32.586000,1.13348,1.13344,1950000,6720000
2018-12-12 10:31:35.254000,1.13348,1.13346,1570000,1350000
2018-12-12 10:31:39.841000,1.13346,1.13345,1500000,1500000
2018-12-12 10:31:40,1.13345,1.13342,1500000,1690000
2018-12-12 10:31:40.221000,1.13346,1.13343,1000000,10750000
2018-12-12 10:31:41.162000,1.13347,1.13343,1100000,9290000
2018-12-12 10:31:41.523000,1.13348,1.13345,1950000,1250000
2018-12-12 10:31:43.120000,1.13348,1.13344,1570000,2060000
2018-12-12 10:31:43.660000,1.13348,1.13345,4570000,1000000
2018-12-12 10:31:44.143000,1.13346,1.13344,1000000,1000000
2018-12-12 10:31:44.508000,1.13348,1.13345,5700000,1690000
2018-12-12 10:31:45.016000,1.13348,1.13345,5350000,1690000
2018-12-12 10:31:45.632000,1.13348,1.13345,5700000,1000000
2018-12-12 10:31:46.184000,1.13348,1.13344,3790000,1250000
2018-12-12 10:31:47.572000,1.13345,1.13344,1310000,2250000
2018-12-12 10:31:47.679000,1.13344,1.13341,1000000,2620000
2018-12-12 10:31:48.213000,1.13344,1.13341,2720000,2250000
2018-12-12 10:31:48.717000,1.13344,1.1334,1100000,6970000
2018-12-12 10:31:49.263000,1.13344,1.13341,3070000,3000000
2018-12-12 10:31:50.237000,1.13345,1.13343,2700000,2060000
2018-12-12 10:31:50.395000,1.13347,1.13343,1500000,12160000
2018-12-12 10:31:51.176000,1.13347,1.13345,1000000,2250000
2018-12-12 10:31:51.721000,1.13348,1.13345,2320000,2250000
2018-12-12 10:31:52.226000,1.13348,1.13344,2320000,6190000
2018-12-12 10:31:54.342000,1.13348,1.13345,4570000,1000000
2018-12-12 10:31:55.105000,1.13348,1.13346,1950000,1500000
2018-12-12 10:31:55.671000,1.13349,1.13345,5100000,3370000
2018-12-12 10:31:56.214000,1.13349,1.13346,5850000,1000000
2018-12-12 10:31:56.870000,1.13349,1.13345,2850000,6370000
2018-12-12 10:31:57.480000,1.13349,1.13346,5850000,1500000
2018-12-12 10:31:58.087000,1.13349,1.13345,2850000,4870000
2018-12-12 10:31:58.929000,1.13349,1.13346,2470000,1000000
2018-12-12 10:32:00.172000,1.13348,1.13346,1600000,1000000
2018-12-12 10:32:01.969000,1.13347,1.13344,4600000,3000000
2018-12-12 10:32:02.487000,1.13348,1.13344,2850000,3750000
2018-12-12 10:32:02.994000,1.13348,1.13345,4350000,1000000
2018-12-12 10:32:04.139000,1.13348,1.13345,4010000,1000000
2018-12-12 10:32:04.657000,1.13347,1.13343,4690000,2920000
2018-12-12 10:32:05.170000,1.13346,1.13343,1000000,4540000
2018-12-12 10:32:05.708000,1.13346,1.13344,1100000,1000000
2018-12-12 10:32:08.626000,1.13345,1.13344,1000000,2250000
2018-12-12 10:32:08.678000,1.13346,1.13342,11060000,1120000
2018-12-12 10:32:09.216000,1.13345,1.13342,1690000,3790000
2018-12-12 10:32:09.765000,1.13345,1.13343,3190000,1500000
2018-12-12 10:32:10.007000,1.13344,1.13341,1100000,3000000
2018-12-12 10:32:11.928000,1.13344,1.13341,2250000,5500000
2018-12-12 10:32:12.188000,1.13345,1.1334,5850000,9490000
2018-12-12 10:32:12.697000,1.13345,1.13341,7350000,1500000
2018-12-12 10:32:13.249000,1.13345,1.13342,2350000,1540000
2018-12-12 10:32:13.757000,1.13345,1.13342,1570000,1500000
2018-12-12 10:32:14.474000,1.13344,1.13342,3190000,2100000
2018-12-12 10:32:15.680000,1.13345,1.13341,10200000,4550000
2018-12-12 10:32:15.836000,1.13346,1.13343,1720000,2220000
2018-12-12 10:32:16.042000,1.13347,1.13345,1950000,1000000
2018-12-12 10:32:16.549000,1.13347,1.13345,1600000,1000000
2018-12-12 10:32:18.817000,1.13348,1.13345,10420000,1000000
2018-12-12 10:32:21.778000,1.13345,1.13343,1000000,1870000
2018-12-12 10:32:22.112000,1.13348,1.13345,4160000,1250000
2018-12-12 10:32:23.041000,1.13348,1.13344,3950000,1310000
2018-12-12 10:32:23.958000,1.13348,1.13345,3950000,1500000
2018-12-12 10:32:26.612000,1.13346,1.13344,5370000,1000000
2018-12-12 10:32:26.666000,1.13346,1.13342,4000000,2620000
2018-12-12 10:32:27.190000,1.13345,1.13342,1000000,2370000
2018-12-12 10:32:27.659000,1.13347,1.13343,1100000,6850000
2018-12-12 10:32:29.609000,1.13348,1.13345,7200000,1000000
2018-12-12 10:32:30.216000,1.13348,1.13344,6220000,4690000
2018-12-12 10:32:31.431000,1.13348,1.13344,3450000,3190000
2018-12-12 10:32:32.065000,1.13348,1.13344,3970000,3190000
2018-12-12 10:32:32.646000,1.13348,1.13345,3970000,1000000
2018-12-12 10:32:33.149000,1.13348,1.13344,3970000,1690000
2018-12-12 10:32:33.253000,1.13348,1.13346,5540000,1000000
2018-12-12 10:32:33.791000,1.13348,1.13346,4570000,1250000
2018-12-12 10:32:37.999000,1.13348,1.13345,2510000,1300000
2018-12-12 10:32:43.672000,1.13348,1.13344,1570000,9040000
2018-12-12 10:32:45.299000,1.13348,1.13345,5320000,1500000
2018-12-12 10:32:45.838000,1.13346,1.13345,4120000,2250000
2018-12-12 10:32:46.001000,1.13342,1.13339,1500000,4690000
2018-12-12 10:32:47.199000,1.13342,1.13338,2510000,3370000
2018-12-12 10:32:47.252000,1.1334,1.13337,1000000,3750000
2018-12-12 10:32:47.585000,1.13342,1.13339,1120000,3940000
2018-12-12 10:32:48.125000,1.13342,1.1334,1120000,1000000
2018-12-12 10:32:48.513000,1.13344,1.13341,6450000,1000000
2018-12-12 10:32:49.042000,1.13343,1.1334,1000000,3000000
2018-12-12 10:32:49.544000,1.13344,1.1334,4200000,1500000
2018-12-12 10:32:49.904000,1.13344,1.13342,3070000,1000000
2018-12-12 10:32:50.222000,1.13346,1.13344,1000000,1540000
2018-12-12 10:32:50.782000,1.13345,1.13343,1000000,1120000
2018-12-12 10:32:52.394000,1.13346,1.13342,4800000,3910000
2018-12-12 10:32:52.926000,1.13345,1.13342,1000000,1810000
2018-12-12 10:32:54.074000,1.13347,1.13342,9700000,3190000
2018-12-12 10:32:54.649000,1.13346,1.13342,6470000,1310000
2018-12-12 10:32:55.179000,1.13346,1.13341,4570000,8790000
2018-12-12 10:32:55.593000,1.13347,1.13344,4420000,1000000
2018-12-12 10:32:57.391000,1.13346,1.13344,1000000,2250000
2018-12-12 10:32:58.017000,1.13345,1.13343,1000000,5470000
2018-12-12 10:32:58.708000,1.13345,1.13344,1000000,1250000
2018-12-12 10:32:59.466000,1.13345,1.13343,1000000,7720000
2018-12-12 10:32:59.839000,1.13347,1.13344,3850000,1620000
2018-12-12 10:33:01.848000,1.13346,1.13344,1000000,1500000
2018-12-12 10:33:02.318000,1.13347,1.13344,1870000,1620000
2018-12-12 10:33:02.839000,1.13347,1.13344,3640000,1690000
2018-12-12 10:33:03.388000,1.13346,1.13344,1000000,1000000
2018-12-12 10:33:04.065000,1.13347,1.13344,3450000,1000000
2018-12-12 10:33:04.570000,1.13347,1.13343,1950000,5290000
2018-12-12 10:33:05.115000,1.13347,1.13344,1200000,1310000
2018-12-12 10:33:05.631000,1.13347,1.13343,4070000,4540000
2018-12-12 10:33:06.170000,1.13346,1.13342,1910000,2060000
2018-12-12 10:33:06.889000,1.13346,1.13343,1910000,1000000
2018-12-12 10:33:07.700000,1.13346,1.13343,1760000,1000000
2018-12-12 10:33:08.213000,1.13346,1.13342,2510000,3560000
2018-12-12 10:33:09.022000,1.13345,1.13343,1000000,1000000
2018-12-12 10:33:09.526000,1.13346,1.13342,2510000,4310000
2018-12-12 10:33:10.238000,1.13344,1.13341,3050000,3000000
2018-12-12 10:33:10.343000,1.13343,1.13339,2920000,13690000
2018-12-12 10:33:10.847000,1.13343,1.1334,2920000,1500000
2018-12-12 10:33:11.348000,1.13343,1.13339,2170000,4690000
2018-12-12 10:33:12.218000,1.13343,1.13339,2320000,7060000
2018-12-12 10:33:12.995000,1.13342,1.1334,1000000,1120000
2018-12-12 10:33:14.603000,1.1334,1.13338,2850000,1000000
2018-12-12 10:33:14.763000,1.13339,1.13336,3070000,1870000
2018-12-12 10:33:15.293000,1.13339,1.13335,5450000,1000000
2018-12-12 10:33:16.036000,1.13337,1.13335,1500000,1500000
2018-12-12 10:33:16.556000,1.13337,1.13335,1570000,1000000
2018-12-12 10:33:17.173000,1.13338,1.13334,2750000,2440000
2018-12-12 10:33:23.476000,1.13338,1.13335,4700000,1000000
2018-12-12 10:33:25.426000,1.13338,1.13334,1700000,4310000
2018-12-12 10:33:26.016000,1.13338,1.13335,1120000,1250000
2018-12-12 10:33:27.398000,1.13338,1.13337,1120000,1000000
2018-12-12 10:33:27.504000,1.13342,1.1334,1500000,1000000
2018-12-12 10:33:28.064000,1.13344,1.13341,4250000,1000000
2018-12-12 10:33:28.582000,1.13344,1.1334,3500000,1690000
2018-12-12 10:33:29.093000,1.13344,1.13341,1500000,1120000
2018-12-12 10:33:29.691000,1.13344,1.1334,3220000,7060000
2018-12-12 10:33:38.372000,1.13343,1.1334,4240000,2250000
2018-12-12 10:33:38.581000,1.1334,1.13338,1100000,2100000
2018-12-12 10:33:38.798000,1.13338,1.13335,1200000,4500000
2018-12-12 10:33:39.327000,1.13339,1.13336,5660000,1000000
2018-12-12 10:33:40.505000,1.13338,1.13335,1200000,2250000
2018-12-12 10:33:41.045000,1.13339,1.13335,4570000,2440000
2018-12-12 10:33:41.492000,1.13338,1.13337,1000000,1000000
2018-12-12 10:33:42.038000,1.13339,1.13337,3450000,1000000
2018-12-12 10:33:42.142000,1.13338,1.13335,1000000,6190000
2018-12-12 10:33:42.663000,1.13339,1.13335,4800000,3000000
2018-12-12 10:33:42.768000,1.13339,1.13336,2810000,1000000
2018-12-12 10:33:43.099000,1.13341,1.13339,1000000,3370000
2018-12-12 10:33:45.793000,1.13342,1.13339,3820000,1000000
2018-12-12 10:33:46.414000,1.13341,1.13339,1000000,2250000
2018-12-12 10:33:47.070000,1.13342,1.13339,3450000,2250000
2018-12-12 10:33:47.761000,1.13341,1.13339,1000000,3000000
2018-12-12 10:33:48.394000,1.13342,1.13339,3070000,3000000
2018-12-12 10:33:50.257000,1.13342,1.1334,1200000,2250000
2018-12-12 10:33:51.515000,1.13344,1.13342,5820000,1000000
2018-12-12 10:33:51.671000,1.13345,1.13341,6640000,3500000
2018-12-12 10:33:52.186000,1.13344,1.13341,1500000,2250000
2018-12-12 10:33:54.097000,1.13344,1.13341,2440000,2310000
2018-12-12 10:33:54.653000,1.13344,1.13341,1500000,2250000
2018-12-12 10:33:56.250000,1.13344,1.13343,1500000,1120000
2018-12-12 10:33:56.778000,1.13345,1.13342,1570000,2370000
2018-12-12 10:34:00.062000,1.13344,1.13341,1120000,2810000
2018-12-12 10:34:00.592000,1.13343,1.13341,1000000,1000000
2018-12-12 10:34:01.600000,1.13343,1.13342,1000000,1000000
2018-12-12 10:34:02.104000,1.13343,1.13341,1000000,1000000
2018-12-12 10:34:03.293000,1.13345,1.13342,4970000,2290000
2018-12-12 10:34:03.812000,1.13346,1.13343,1200000,1250000
2018-12-12 10:34:04.407000,1.13346,1.13344,1200000,1500000
2018-12-12 10:34:04.824000,1.13346,1.13342,6820000,1870000
2018-12-12 10:34:05.289000,1.13344,1.13341,1500000,1500000
2018-12-12 10:34:05.705000,1.13346,1.13344,1720000,1500000
2018-12-12 10:34:05.819000,1.13346,1.13343,1000000,5850000
2018-12-12 10:34:05.923000,1.13347,1.13346,1000000,1000000
2018-12-12 10:34:05.975000,1.13347,1.13344,1570000,3000000
2018-12-12 10:34:06.569000,1.13348,1.13345,3070000,1000000
2018-12-12 10:34:08.917000,1.13348,1.13345,2100000,1120000
2018-12-12 10:34:12.126000,1.13348,1.13344,3820000,4060000
2018-12-12 10:34:18.968000,1.13347,1.13345,1000000,2250000
2018-12-12 10:34:21.268000,1.13347,1.13345,1000000,2750000
2018-12-12 10:34:21.688000,1.1335,1.13347,8820000,1500000
2018-12-12 10:34:23.840000,1.1335,1.13347,4390000,1000000
2018-12-12 10:34:24.344000,1.1335,1.13346,2510000,8290000
2018-12-12 10:34:25.595000,1.1335,1.13347,4760000,1500000
2018-12-12 10:34:26.125000,1.13351,1.13348,6760000,1370000
2018-12-12 10:34:26.420000,1.13351,1.13347,5700000,2850000
2018-12-12 10:34:26.525000,1.13351,1.13348,1500000,6160000
2018-12-12 10:34:30.691000,1.13351,1.13349,1000000,3100000
2018-12-12 10:34:31.208000,1.13351,1.13349,1000000,2620000
2018-12-12 10:34:33.259000,1.13351,1.1335,1000000,2440000
2018-12-12 10:34:35.232000,1.13352,1.13351,1500000,1000000
2018-12-12 10:34:37.290000,1.13352,1.1335,1000000,2620000
2018-12-12 10:34:42.167000,1.13351,1.13349,1000000,3190000
2018-12-12 10:34:42.845000,1.13351,1.1335,1500000,1000000
2018-12-12 10:34:43.380000,1.13351,1.13349,1000000,4310000
2018-12-12 10:34:43.931000,1.13351,1.13349,1000000,2870000
2018-12-12 10:34:44.791000,1.13351,1.13349,1000000,4870000
2018-12-12 10:34:45.677000,1.13352,1.13351,1000000,2250000
2018-12-12 10:34:51.132000,1.13354,1.13351,1950000,2440000
2018-12-12 10:34:51.688000,1.13355,1.13352,6260000,1000000
2018-12-12 10:34:54.143000,1.13352,1.1335,1000000,8060000
2018-12-12 10:35:02.468000,1.13355,1.13351,6850000,1690000
2018-12-12 10:35:02.976000,1.13353,1.1335,1000000,6040000
2018-12-12 10:35:03.035000,1.13355,1.13351,6850000,1690000
2018-12-12 10:35:03.626000,1.13355,1.13351,14320000,1690000
2018-12-12 10:35:04.161000,1.13355,1.13351,19600000,1690000
2018-12-12 10:35:05.345000,1.13352,1.13351,1000000,1000000
2018-12-12 10:35:05.546000,1.1335,1.13347,1000000,3760000
2018-12-12 10:35:06.084000,1.13351,1.13348,3600000,4190000
2018-12-12 10:35:08.288000,1.13351,1.13348,1500000,1120000
2018-12-12 10:35:09.333000,1.13351,1.13348,3870000,1000000
2018-12-12 10:35:12.079000,1.13351,1.13348,8000000,4060000
2018-12-12 10:35:12.642000,1.13351,1.13348,2850000,1870000
2018-12-12 10:35:13.537000,1.13351,1.13348,2100000,1940000
2018-12-12 10:35:15.106000,1.13352,1.1335,1000000,3940000
2018-12-12 10:35:15.658000,1.13352,1.13351,1000000,1500000
2018-12-12 10:35:17.890000,1.13352,1.1335,1000000,3750000
2018-12-12 10:35:18.490000,1.13352,1.13351,1000000,1000000
2018-12-12 10:35:19.656000,1.13351,1.13349,1000000,10010000
2018-12-12 10:35:20.303000,1.13352,1.13351,3000000,1500000
2018-12-12 10:35:20.967000,1.13351,1.1335,1500000,4120000
2018-12-12 10:35:21.800000,1.13351,1.1335,1500000,4870000
2018-12-12 10:35:22.194000,1.13355,1.13353,2400000,1120000
2018-12-12 10:35:22.418000,1.13355,1.13351,4120000,1870000
2018-12-12 10:35:23.149000,1.13354,1.13351,1000000,1000000
2018-12-12 10:35:23.202000,1.13353,1.1335,3720000,2620000
2018-12-12 10:35:23.809000,1.13353,1.13351,1620000,1000000
2018-12-12 10:35:24.388000,1.13353,1.1335,1000000,2620000
2018-12-12 10:35:25.236000,1.13353,1.13351,1000000,1000000
2018-12-12 10:35:25.739000,1.13353,1.1335,1100000,2620000
2018-12-12 10:35:27.237000,1.13353,1.13351,1000000,1500000
2018-12-12 10:35:27.887000,1.13355,1.13354,8510000,4200000
2018-12-12 10:35:27.940000,1.13358,1.13355,5260000,2620000
2018-12-12 10:35:28.096000,1.13358,1.13356,3370000,1000000
2018-12-12 10:35:28.204000,1.1336,1.13358,1250000,2250000
2018-12-12 10:35:28.449000,1.13359,1.13356,1000000,1000000
2018-12-12 10:35:29.007000,1.13359,1.13357,1500000,1000000
2018-12-12 10:35:29.535000,1.13359,1.13356,1000000,1500000
2018-12-12 10:35:30.372000,1.13359,1.13357,1500000,1000000
2018-12-12 10:35:31.010000,1.13359,1.13356,1000000,2250000
2018-12-12 10:35:32.133000,1.1336,1.13356,4690000,1500000
2018-12-12 10:35:32.811000,1.1336,1.13357,9190000,1000000
2018-12-12 10:35:33.339000,1.1336,1.13356,5060000,1500000
2018-12-12 10:35:33.914000,1.13359,1.13357,1500000,1500000
2018-12-12 10:35:36.950000,1.13361,1.13357,10580000,1370000
2018-12-12 10:35:37.002000,1.13361,1.13356,9260000,5700000
2018-12-12 10:35:37.054000,1.13359,1.13356,1000000,3450000
2018-12-12 10:35:37.614000,1.13359,1.13357,1000000,1000000
2018-12-12 10:35:38.253000,1.13359,1.13356,1000000,2620000
2018-12-12 10:35:40.210000,1.13358,1.13355,3940000,1570000
2018-12-12 10:35:40.762000,1.13357,1.13355,1000000,3950000
2018-12-12 10:35:42.268000,1.13359,1.13356,4120000,3000000
2018-12-12 10:35:43.316000,1.13358,1.13355,1000000,1690000
2018-12-12 10:35:43.834000,1.13357,1.13355,1500000,1000000
2018-12-12 10:35:43.993000,1.13356,1.13353,4470000,1500000
2018-12-12 10:35:44.525000,1.13355,1.13353,1750000,1120000
2018-12-12 10:35:47.982000,1.13355,1.13353,1870000,2750000
2018-12-12 10:35:48.120000,1.13356,1.13354,1000000,5000000
2018-12-12 10:35:48.644000,1.13358,1.13354,4620000,2750000
2018-12-12 10:35:57.166000,1.13358,1.13354,5450000,2440000
2018-12-12 10:36:01.013000,1.13356,1.13354,1700000,1120000
2018-12-12 10:36:01.117000,1.13357,1.13353,1570000,2750000
2018-12-12 10:36:01.681000,1.13357,1.13354,1600000,1000000
2018-12-12 10:36:04.350000,1.13358,1.13356,1950000,1120000
2018-12-12 10:36:04.661000,1.1336,1.13359,1200000,1000000
2018-12-12 10:36:04.764000,1.13361,1.13359,1500000,1690000
2018-12-12 10:36:05.138000,1.13362,1.1336,1100000,1620000
2018-12-12 10:36:05.190000,1.13363,1.1336,5700000,1690000
2018-12-12 10:36:06.687000,1.13363,1.1336,1720000,1310000
2018-12-12 10:36:07.238000,1.13363,1.13361,1500000,1250000
2018-12-12 10:36:07.893000,1.13364,1.1336,5320000,2810000
2018-12-12 10:36:08.443000,1.13364,1.13362,4500000,1000000
2018-12-12 10:36:08.913000,1.13364,1.1336,1100000,5440000
2018-12-12 10:36:09.703000,1.13364,1.13361,2770000,1000000
2018-12-12 10:36:10.212000,1.13364,1.1336,3070000,3940000
2018-12-12 10:36:10.265000,1.13365,1.13363,3450000,2180000
2018-12-12 10:36:10.370000,1.13367,1.13364,3100000,3190000
2018-12-12 10:36:10.892000,1.13367,1.13365,2250000,1810000
2018-12-12 10:36:11.107000,1.13367,1.13364,1500000,4120000
2018-12-12 10:36:11.659000,1.13367,1.13365,1500000,1250000
2018-12-12 10:36:13.630000,1.13366,1.13364,1000000,1690000
2018-12-12 10:36:14.318000,1.13366,1.13365,1000000,1250000
2018-12-12 10:36:14.970000,1.13367,1.13364,1120000,1690000
2018-12-12 10:36:15.508000,1.13367,1.13365,1120000,1690000
2018-12-12 10:36:16.029000,1.13367,1.13364,1120000,1500000
2018-12-12 10:36:16.577000,1.13368,1.13364,8510000,1690000
2018-12-12 10:36:17.348000,1.13367,1.13364,1500000,2440000
2018-12-12 10:36:17.867000,1.13366,1.13363,1000000,8700000
2018-12-12 10:36:18.402000,1.13367,1.13364,1000000,1500000
2018-12-12 10:36:19.163000,1.13366,1.13364,1000000,1000000
2018-12-12 10:36:19.281000,1.13365,1.13362,1000000,8140000
2018-12-12 10:36:19.386000,1.13366,1.13364,2700000,1000000
2018-12-12 10:36:20.273000,1.13367,1.13364,1870000,1250000
2018-12-12 10:36:21.883000,1.13366,1.13364,1000000,3000000
2018-12-12 10:36:22.197000,1.13365,1.13362,4510000,1120000
2018-12-12 10:36:22.635000,1.13364,1.1336,1950000,1870000
2018-12-12 10:36:23.760000,1.13364,1.13361,2700000,1000000
2018-12-12 10:36:24.517000,1.13364,1.1336,1950000,2620000
2018-12-12 10:36:25.394000,1.13364,1.13362,2550000,1500000
2018-12-12 10:36:25.717000,1.13367,1.13364,2820000,1370000
2018-12-12 10:36:27.219000,1.13366,1.13363,1000000,3640000
2018-12-12 10:36:28.414000,1.13367,1.13363,2700000,6390000
2018-12-12 10:36:28.950000,1.13367,1.13364,4200000,3620000
2018-12-12 10:36:30.490000,1.13367,1.13364,2700000,2620000
2018-12-12 10:36:34.295000,1.13367,1.13363,2700000,9260000
2018-12-12 10:36:35.503000,1.13367,1.13364,4950000,1000000
2018-12-12 10:36:36.034000,1.13367,1.13363,2700000,5510000
2018-12-12 10:36:36.948000,1.13367,1.13364,2700000,1000000
2018-12-12 10:36:37.480000,1.13366,1.13364,1000000,1500000
2018-12-12 10:36:39.900000,1.13365,1.13363,1000000,2440000
2018-12-12 10:36:40.056000,1.13364,1.13361,2250000,3370000
2018-12-12 10:36:40.793000,1.13364,1.1336,3070000,5810000
2018-12-12 10:36:41.466000,1.13364,1.1336,3450000,5120000
2018-12-12 10:36:42.003000,1.13363,1.1336,4950000,2250000
2018-12-12 10:36:43.588000,1.13363,1.13359,2320000,4870000
2018-12-12 10:36:44.089000,1.13361,1.13359,1120000,1000000
2018-12-12 10:36:44.402000,1.13358,1.13357,1000000,1000000
2018-12-12 10:36:45.282000,1.13358,1.13356,1000000,3560000
2018-12-12 10:36:45.867000,1.13358,1.13357,1000000,1000000
2018-12-12 10:36:46.137000,1.13358,1.13355,1200000,1120000
2018-12-12 10:36:46.344000,1.13358,1.13357,1120000,1500000
2018-12-12 10:36:48.723000,1.13358,1.13355,1870000,3370000
2018-12-12 10:36:51.205000,1.13358,1.13354,1120000,5810000
2018-12-12 10:36:51.743000,1.13357,1.13355,1000000,1000000
2018-12-12 10:36:53.221000,1.13357,1.13354,1000000,1870000
2018-12-12 10:36:55.799000,1.13357,1.13355,1000000,1000000
2018-12-12 10:36:56.594000,1.13357,1.13354,1120000,3560000
2018-12-12 10:36:58.016000,1.13356,1.13354,1000000,4500000
2018-12-12 10:36:58.632000,1.13356,1.13355,1000000,1500000
2018-12-12 10:36:59.791000,1.13356,1.13354,1000000,5250000
2018-12-12 10:37:00.246000,1.13358,1.13357,1570000,1120000
2018-12-12 10:37:00.503000,1.13363,1.13359,3450000,3000000
2018-12-12 10:37:01.290000,1.13363,1.1336,2320000,1000000
2018-12-12 10:37:02.440000,1.13363,1.13359,3070000,1500000
2018-12-12 10:37:02.866000,1.13364,1.13361,1220000,4000000
2018-12-12 10:37:02.920000,1.13365,1.13362,1870000,1870000
2018-12-12 10:37:03.025000,1.13363,1.13362,1000000,1000000
2018-12-12 10:37:03.117000,1.13363,1.1336,1000000,3450000
2018-12-12 10:37:03.637000,1.13362,1.13359,1000000,1870000
2018-12-12 10:37:04.170000,1.13362,1.13359,1000000,2690000
2018-12-12 10:37:04.734000,1.13363,1.13359,3950000,4500000
2018-12-12 10:37:06.408000,1.13362,1.13358,1120000,6940000
2018-12-12 10:37:06.968000,1.13362,1.13359,1870000,2250000
2018-12-12 10:37:07.500000,1.13362,1.13358,1000000,9000000
2018-12-12 10:37:08.201000,1.13362,1.13359,1500000,1500000
2018-12-12 10:37:08.424000,1.13363,1.13362,1000000,2620000
2018-12-12 10:37:08.477000,1.13365,1.13362,4390000,2250000
2018-12-12 10:37:08.989000,1.13365,1.13361,2060000,4690000
2018-12-12 10:37:09.514000,1.13365,1.13362,5810000,1000000
2018-12-12 10:37:10.035000,1.13365,1.13361,5140000,4120000
2018-12-12 10:37:10.749000,1.13364,1.13361,1000000,7120000
2018-12-12 10:37:11.529000,1.13365,1.13361,3260000,6370000
2018-12-12 10:37:12.066000,1.13365,1.13361,1870000,4310000
2018-12-12 10:37:13.473000,1.13366,1.13362,3450000,1250000
2018-12-12 10:37:13.981000,1.13367,1.13364,3000000,1120000
2018-12-12 10:37:20.541000,1.13367,1.13364,3120000,1310000
2018-12-12 10:37:21.124000,1.13367,1.13365,1000000,1250000
2018-12-12 10:37:26.707000,1.13367,1.13364,1000000,3000000
2018-12-12 10:37:27.364000,1.13367,1.13365,1000000,1000000
2018-12-12 10:37:27.993000,1.13368,1.13365,4310000,1000000
2018-12-12 10:37:28.501000,1.13368,1.13364,2060000,2440000
2018-12-12 10:37:29.978000,1.13368,1.13365,2250000,1250000
2018-12-12 10:37:30.492000,1.13368,1.13364,4120000,4690000
2018-12-12 10:37:31.888000,1.13368,1.13365,2620000,1000000
2018-12-12 10:37:32.393000,1.13368,1.13364,2060000,2440000
2018-12-12 10:37:32.549000,1.13364,1.13363,2100000,1500000
2018-12-12 10:37:32.710000,1.13364,1.13361,1120000,6000000
2018-12-12 10:37:33.674000,1.13364,1.13362,2620000,1500000
2018-12-12 10:37:34.205000,1.13365,1.13361,13920000,3000000
2018-12-12 10:37:34.726000,1.13365,1.13361,1570000,11700000
2018-12-12 10:37:35.259000,1.13365,1.13362,1200000,3190000
2018-12-12 10:37:40.322000,1.13365,1.13362,1120000,1250000
2018-12-12 10:37:40.983000,1.13365,1.13361,1120000,15290000
2018-12-12 10:37:44.158000,1.13366,1.13363,3560000,2120000
2018-12-12 10:37:44.592000,1.13366,1.13362,4570000,3750000
2018-12-12 10:37:44.647000,1.13364,1.13362,1000000,1500000
2018-12-12 10:37:45.173000,1.13365,1.13363,1120000,3220000
2018-12-12 10:37:46.562000,1.13366,1.13363,1870000,2500000
2018-12-12 10:37:47.083000,1.13366,1.13363,1870000,3560000
2018-12-12 10:37:48.107000,1.13367,1.13364,3220000,1000000
2018-12-12 10:37:48.630000,1.13367,1.13363,2750000,5250000
2018-12-12 10:37:49.297000,1.13367,1.13364,2370000,1000000
2018-12-12 10:37:49.897000,1.13367,1.13363,2750000,3750000
2018-12-12 10:37:50.698000,1.13367,1.13364,3500000,1000000
2018-12-12 10:37:51.864000,1.13367,1.13363,2000000,3000000
2018-12-12 10:37:52.238000,1.13365,1.13361,10670000,1250000
2018-12-12 10:37:53.080000,1.13365,1.1336,10670000,5810000
2018-12-12 10:37:53.586000,1.13364,1.13361,2060000,1000000
2018-12-12 10:37:54.120000,1.13364,1.1336,2060000,7120000
2018-12-12 10:37:54.794000,1.13364,1.13361,4390000,1000000
2018-12-12 10:37:55.814000,1.1336,1.13359,2250000,1870000
2018-12-12 10:37:55.991000,1.13359,1.13357,3220000,1000000
2018-12-12 10:37:56.149000,1.13359,1.13355,2170000,6410000
2018-12-12 10:37:56.962000,1.13359,1.13356,2550000,1000000
2018-12-12 10:37:57.464000,1.13359,1.13355,1800000,9040000
2018-12-12 10:37:57.517000,1.13359,1.13358,1100000,2250000
2018-12-12 10:37:57.776000,1.1336,1.13356,2820000,5810000
2018-12-12 10:37:58.559000,1.13359,1.13357,1310000,1000000
2018-12-12 10:37:59.078000,1.13359,1.13356,1310000,1000000
2018-12-12 10:38:00.917000,1.13359,1.13357,2060000,1000000
2018-12-12 10:38:01.515000,1.13359,1.13356,1120000,7120000
2018-12-12 10:38:02.027000,1.13359,1.13357,1500000,1000000
2018-12-12 10:38:05.472000,1.1336,1.13356,6760000,4120000
2018-12-12 10:38:06.081000,1.1336,1.13357,10510000,1000000
2018-12-12 10:38:06.610000,1.13359,1.13356,1120000,2620000
2018-12-12 10:38:08.368000,1.13359,1.13355,1200000,10120000
2018-12-12 10:38:08.885000,1.1336,1.13356,9600000,2250000
2018-12-12 10:38:09.406000,1.13359,1.13355,1100000,6370000
2018-12-12 10:38:11.291000,1.13358,1.13356,1000000,1000000
2018-12-12 10:38:11.810000,1.13359,1.13357,1720000,1000000
2018-12-12 10:38:14.414000,1.13359,1.13356,3000000,3000000
2018-12-12 10:38:14.938000,1.13359,1.13357,1000000,3370000
2018-12-12 10:38:15.465000,1.1336,1.13357,3260000,3000000
2018-12-12 10:38:16.389000,1.13359,1.13357,1000000,3000000
2018-12-12 10:38:17.036000,1.1336,1.13357,6260000,1000000
2018-12-12 10:38:17.573000,1.13359,1.13357,1000000,1500000
2018-12-12 10:38:18.111000,1.13359,1.13357,1500000,1620000
2018-12-12 10:38:18.653000,1.1336,1.13356,5140000,3750000
2018-12-12 10:38:19.382000,1.1336,1.13356,6660000,3370000
2018-12-12 10:38:20.041000,1.1336,1.13357,9640000,1000000
2018-12-12 10:38:20.557000,1.1336,1.13356,3640000,3370000
2018-12-12 10:38:21.238000,1.13359,1.13357,3750000,1000000
2018-12-12 10:38:21.810000,1.13359,1.13356,1200000,1000000
2018-12-12 10:38:23.012000,1.13359,1.13357,1100000,1120000
2018-12-12 10:38:23.428000,1.13358,1.13355,1000000,2250000
2018-12-12 10:38:23.957000,1.13359,1.13356,7800000,1000000
2018-12-12 10:38:24.461000,1.13358,1.13356,1500000,1000000
2018-12-12 10:38:25.190000,1.13358,1.13355,1500000,2250000
2018-12-12 10:38:25.338000,1.13357,1.13354,1970000,2620000
2018-12-12 10:38:25.550000,1.13354,1.13351,2060000,1000000
2018-12-12 10:38:26.068000,1.13354,1.1335,5740000,1120000
2018-12-12 10:38:27.032000,1.13353,1.1335,2250000,1500000
2018-12-12 10:38:30.969000,1.13353,1.13349,1100000,2620000
2018-12-12 10:38:33.223000,1.13353,1.13349,1760000,4190000
2018-12-12 10:38:33.446000,1.13354,1.13351,2700000,1750000
2018-12-12 10:38:33.764000,1.13357,1.13354,3600000,1870000
2018-12-12 10:38:34.287000,1.13356,1.13353,1100000,5440000
2018-12-12 10:38:34.791000,1.13357,1.13353,3000000,7690000
2018-12-12 10:38:36.218000,1.13357,1.13353,7510000,4690000
2018-12-12 10:38:37.077000,1.13355,1.13353,1000000,4690000
2018-12-12 10:38:37.623000,1.13355,1.13353,4250000,1500000
2018-12-12 10:38:37.728000,1.13354,1.1335,7610000,3820000
2018-12-12 10:38:37.991000,1.13352,1.13349,1690000,4750000
2018-12-12 10:38:38.548000,1.13352,1.13349,1000000,3940000
2018-12-12 10:38:39.092000,1.13352,1.13349,1690000,5500000
2018-12-12 10:38:39.610000,1.13352,1.13351,1000000,1000000
2018-12-12 10:38:41.387000,1.13353,1.13351,1250000,2440000
2018-12-12 10:38:41.493000,1.13355,1.13352,2440000,1500000
2018-12-12 10:38:42.004000,1.13355,1.13352,2810000,1620000
2018-12-12 10:38:42.551000,1.13356,1.13353,2250000,5620000
2018-12-12 10:38:42.658000,1.13354,1.13352,3440000,1100000
2018-12-12 10:38:42.764000,1.13353,1.1335,1250000,1500000
2018-12-12 10:38:43.101000,1.13353,1.13348,7170000,7050000
2018-12-12 10:38:43.557000,1.1335,1.13348,1000000,1000000
2018-12-12 10:38:43.838000,1.13348,1.13344,1760000,5620000
2018-12-12 10:38:43.942000,1.13347,1.13344,1250000,4560000
2018-12-12 10:38:44.046000,1.13347,1.13344,1250000,4500000
2018-12-12 10:38:44.453000,1.13349,1.13348,1200000,2810000
2018-12-12 10:38:44.507000,1.13351,1.13348,1000000,4000000
2018-12-12 10:38:45.023000,1.13352,1.13348,1500000,5470000
2018-12-12 10:38:45.553000,1.13352,1.13349,1500000,1000000
2018-12-12 10:38:46.092000,1.13353,1.1335,4510000,1500000
2018-12-12 10:38:46.799000,1.13352,1.1335,1310000,2120000
2018-12-12 10:38:47.343000,1.13352,1.1335,1310000,1310000
2018-12-12 10:38:48.620000,1.13352,1.1335,1310000,1370000
2018-12-12 10:38:49.166000,1.13352,1.1335,2060000,1370000
2018-12-12 10:38:50.040000,1.13352,1.1335,2060000,2060000
2018-12-12 10:38:52.562000,1.13352,1.1335,1310000,1250000
2018-12-12 10:38:53.113000,1.13353,1.1335,5070000,1000000
2018-12-12 10:38:56.584000,1.13354,1.13351,5640000,2250000
2018-12-12 10:38:56.690000,1.13355,1.13352,1500000,3000000
2018-12-12 10:38:57.196000,1.13354,1.13353,1250000,1310000
2018-12-12 10:38:57.794000,1.13354,1.13352,2940000,1500000
2018-12-12 10:38:57.901000,1.13353,1.13349,2250000,4940000
2018-12-12 10:38:58.544000,1.13353,1.13349,1000000,4690000
2018-12-12 10:38:59.078000,1.13353,1.13349,1120000,4750000
2018-12-12 10:38:59.595000,1.13353,1.13349,1120000,5440000
2018-12-12 10:39:00.118000,1.13353,1.1335,2810000,1500000
2018-12-12 10:39:00.614000,1.13354,1.13352,1000000,2440000
2018-12-12 10:39:01.124000,1.13354,1.13351,2440000,1500000
2018-12-12 10:39:01.565000,1.13353,1.1335,2600000,2250000
2018-12-12 10:39:03.262000,1.13351,1.1335,1250000,1500000
2018-12-12 10:39:03.783000,1.13352,1.1335,1120000,1000000
2018-12-12 10:39:04.144000,1.13349,1.13348,1500000,6370000
2018-12-12 10:39:04.315000,1.13347,1.13345,2940000,3750000
2018-12-12 10:39:04.424000,1.13348,1.13345,2250000,1500000
2018-12-12 10:39:04.972000,1.13348,1.13346,1950000,1000000
2018-12-12 10:39:05.500000,1.13348,1.13345,4320000,1000000
2018-12-12 10:39:06.300000,1.13348,1.13344,4550000,2620000
2018-12-12 10:39:06.924000,1.13348,1.13344,6860000,2620000
2018-12-12 10:39:07.467000,1.13348,1.13344,2620000,6440000
2018-12-12 10:39:07.979000,1.13348,1.13344,3560000,7000000
2018-12-12 10:39:08.517000,1.13347,1.13344,2560000,2500000
2018-12-12 10:39:08.803000,1.13343,1.13341,1250000,4120000
2018-12-12 10:39:09.399000,1.13344,1.13341,1250000,4310000
2018-12-12 10:39:09.920000,1.13344,1.13342,1250000,1000000
2018-12-12 10:39:10.452000,1.13344,1.13341,1500000,1870000
2018-12-12 10:39:14.294000,1.13344,1.13343,1250000,3370000
2018-12-12 10:39:14.431000,1.13347,1.13346,1250000,1250000
2018-12-12 10:39:14.797000,1.13347,1.13343,2250000,5060000
2018-12-12 10:39:14.988000,1.13345,1.13343,1250000,1500000
2018-12-12 10:39:16.087000,1.13345,1.13342,1010000,1000000
2018-12-12 10:39:17.058000,1.13346,1.13343,1870000,1750000
2018-12-12 10:39:17.579000,1.13346,1.13343,1250000,6250000
2018-12-12 10:39:18.277000,1.13346,1.13343,1250000,4750000
2018-12-12 10:39:19.351000,1.13346,1.13343,1000000,5810000
2018-12-12 10:39:19.530000,1.13345,1.13343,1000000,1200000
2018-12-12 10:39:19.634000,1.13345,1.13341,3940000,1000000
2018-12-12 10:39:19.893000,1.13345,1.13343,1000000,1120000
2018-12-12 10:39:20.399000,1.13344,1.13341,1500000,5250000
2018-12-12 10:39:21.481000,1.13345,1.13342,6100000,1000000
2018-12-12 10:39:22.005000,1.13345,1.13341,5350000,2810000
2018-12-12 10:39:22.508000,1.13345,1.13342,3260000,1000000
2018-12-12 10:39:23.038000,1.13345,1.13341,3000000,1690000
2018-12-12 10:39:23.570000,1.13344,1.13341,1000000,1500000
2018-12-12 10:39:25.118000,1.13344,1.13342,1000000,2250000
2018-12-12 10:39:25.650000,1.13344,1.13341,1000000,1310000
2018-12-12 10:39:26.833000,1.13346,1.13343,3070000,2060000
2018-12-12 10:39:28.042000,1.13347,1.13343,3750000,5440000
2018-12-12 10:39:28.360000,1.13348,1.13345,7140000,1000000
2018-12-12 10:39:29.405000,1.13346,1.13345,1000000,1000000
2018-12-12 10:39:29.510000,1.13345,1.13343,1000000,8440000
2018-12-12 10:39:29.687000,1.13343,1.13341,1000000,3750000
2018-12-12 10:39:30.208000,1.13343,1.1334,2000000,2060000
2018-12-12 10:39:30.819000,1.13344,1.1334,4840000,2620000
2018-12-12 10:39:30.977000,1.13345,1.1334,5890000,11600000
2018-12-12 10:39:31.845000,1.13344,1.13341,1250000,1160000
2018-12-12 10:39:33.496000,1.13345,1.13341,3560000,1300000
2018-12-12 10:39:36.311000,1.13345,1.13344,1120000,1000000
2018-12-12 10:39:36.825000,1.13345,1.13343,1120000,1500000
2018-12-12 10:39:37.379000,1.13346,1.13344,3120000,1000000
2018-12-12 10:39:38.127000,1.13346,1.13343,3120000,1570000
2018-12-12 10:39:40.619000,1.13347,1.13345,11140000,1000000
2018-12-12 10:39:40.725000,1.13349,1.13347,2250000,1000000
2018-12-12 10:39:40.831000,1.13348,1.13345,1500000,5620000
2018-12-12 10:39:41.409000,1.13348,1.13344,1000000,7350000
2018-12-12 10:39:41.933000,1.13348,1.13345,1000000,1310000
2018-12-12 10:39:42.444000,1.13349,1.13346,2440000,1000000
2018-12-12 10:39:42.654000,1.1335,1.13346,3940000,5810000
2018-12-12 10:39:42.821000,1.1335,1.13346,1690000,7050000
2018-12-12 10:39:43.473000,1.13349,1.13346,1000000,2640000
2018-12-12 10:39:44.694000,1.13348,1.13346,1250000,1890000
2018-12-12 10:39:45.652000,1.13349,1.13346,1690000,1890000
2018-12-12 10:39:45.814000,1.13351,1.13347,1000000,6390000
2018-12-12 10:39:46.702000,1.1335,1.13348,1000000,4120000
2018-12-12 10:39:48.641000,1.1335,1.13347,1000000,1120000
2018-12-12 10:39:49.181000,1.1335,1.13345,4690000,6260000
2018-12-12 10:39:49.391000,1.13348,1.13346,1000000,1870000
2018-12-12 10:39:49.497000,1.13347,1.13344,1500000,8060000
2018-12-12 10:39:50.048000,1.13346,1.13344,1500000,1250000
2018-12-12 10:39:51.906000,1.13345,1.13344,1000000,1250000
2018-12-12 10:39:52.010000,1.13343,1.13341,1000000,16389999
2018-12-12 10:39:52.247000,1.13341,1.13339,1120000,1000000
2018-12-12 10:39:52.407000,1.1334,1.13338,2000000,1000000
2018-12-12 10:39:54.068000,1.13339,1.13337,2370000,3000000
2018-12-12 10:39:54.121000,1.13339,1.13336,2750000,3000000
2018-12-12 10:39:55.088000,1.13339,1.13337,2750000,1000000
2018-12-12 10:39:56.008000,1.13338,1.13336,3870000,2250000
2018-12-12 10:39:56.061000,1.13338,1.13334,3120000,4570000
2018-12-12 10:39:56.748000,1.13338,1.13335,2750000,1250000
2018-12-12 10:39:56.853000,1.13338,1.13337,1120000,1000000
2018-12-12 10:39:57.006000,1.13339,1.13337,1000000,2500000
2018-12-12 10:39:59.087000,1.1334,1.13338,1500000,1500000
2018-12-12 10:40:00.452000,1.1334,1.13337,1500000,4870000
2018-12-12 10:40:01.012000,1.13339,1.13337,1000000,5440000
2018-12-12 10:40:01.599000,1.13339,1.13338,1000000,1000000
2018-12-12 10:40:02.418000,1.13339,1.13337,1000000,4690000
2018-12-12 10:40:04.149000,1.13339,1.13338,1000000,1500000
2018-12-12 10:40:04.463000,1.13337,1.13336,1870000,1000000
2018-12-12 10:40:05.057000,1.13337,1.13334,2070000,3370000
2018-12-12 10:40:06.033000,1.13337,1.13335,2000000,1000000
2018-12-12 10:40:06.563000,1.13337,1.13334,2000000,3370000
2018-12-12 10:40:06.903000,1.13333,1.13331,1500000,4500000
2018-12-12 10:40:08.645000,1.13332,1.13331,1000000,1000000
2018-12-12 10:40:09.405000,1.13332,1.1333,1500000,1800000
2018-12-12 10:40:09.918000,1.13332,1.13331,1870000,1500000
2018-12-12 10:40:10.552000,1.13332,1.1333,1000000,3110000
2018-12-12 10:40:11.070000,1.13332,1.13331,1000000,1000000
2018-12-12 10:40:11.572000,1.13332,1.1333,1000000,1250000
2018-12-12 10:40:12.195000,1.13332,1.1333,1000000,2560000
2018-12-12 10:40:16.714000,1.13332,1.13329,1500000,2270000
2018-12-12 10:40:17.280000,1.13333,1.13331,3940000,1000000
2018-12-12 10:40:17.333000,1.13335,1.13333,1500000,2440000
2018-12-12 10:40:17.759000,1.13334,1.13332,1500000,3820000
2018-12-12 10:40:18.325000,1.13333,1.1333,1000000,2060000
2018-12-12 10:40:22.355000,1.13333,1.13332,1500000,2440000
2018-12-12 10:40:22.896000,1.13335,1.13333,2000000,1500000
2018-12-12 10:40:23.493000,1.13335,1.13332,2000000,7240000
2018-12-12 10:40:24.027000,1.13335,1.13333,1870000,1000000
2018-12-12 10:40:25.153000,1.13338,1.13336,7200000,4350000
2018-12-12 10:40:25.669000,1.13337,1.13335,1120000,1250000
2018-12-12 10:40:26.337000,1.13337,1.13336,1120000,1000000
2018-12-12 10:40:26.990000,1.13337,1.13335,1120000,1250000
2018-12-12 10:40:27.378000,1.13336,1.13333,1000000,5620000
2018-12-12 10:40:30.403000,1.13336,1.13333,1120000,9200000
2018-12-12 10:40:30.458000,1.13338,1.13337,1950000,2250000
2018-12-12 10:40:30.959000,1.13339,1.13337,2620000,4000000
2018-12-12 10:40:31.371000,1.13336,1.13334,1000000,1760000
2018-12-12 10:40:32.138000,1.13336,1.13333,1500000,3750000
2018-12-12 10:40:32.190000,1.13335,1.13333,1000000,3190000
2018-12-12 10:40:34.091000,1.13333,1.13332,1120000,4950000
2018-12-12 10:40:34.265000,1.13333,1.13331,1500000,1000000
2018-12-12 10:40:34.787000,1.13333,1.1333,1500000,3560000
2018-12-12 10:40:35.343000,1.13333,1.13331,1500000,1000000
2018-12-12 10:40:36.770000,1.13333,1.13331,1000000,3720000
2018-12-12 10:40:37.299000,1.13335,1.13333,1120000,9000000
2018-12-12 10:40:37.928000,1.13335,1.13334,1000000,1500000
2018-12-12 10:40:38.188000,1.13334,1.13332,1500000,5290000
2018-12-12 10:40:38.738000,1.13333,1.13331,2000000,3000000
2018-12-12 10:40:41.642000,1.13333,1.13332,1120000,1000000
2018-12-12 10:40:45.798000,1.13332,1.13331,1120000,2250000
2018-12-12 10:40:48.080000,1.13333,1.13332,1870000,1000000
2018-12-12 10:40:48.236000,1.13335,1.13333,1570000,1000000
2018-12-12 10:40:48.541000,1.13333,1.13332,1120000,1500000
2018-12-12 10:40:51.197000,1.13334,1.13333,1120000,1120000
2018-12-12 10:40:51.733000,1.13334,1.13333,1500000,3940000
2018-12-12 10:40:52.279000,1.13335,1.13334,1500000,1500000
2018-12-12 10:40:55.504000,1.13334,1.13333,1120000,1000000
2018-12-12 10:40:55.831000,1.13333,1.13331,2250000,1000000
2018-12-12 10:40:55.884000,1.13332,1.1333,1120000,1950000
2018-12-12 10:40:56.831000,1.13332,1.13329,1500000,7200000
2018-12-12 10:40:57.333000,1.13332,1.1333,1500000,1000000
2018-12-12 10:40:59.501000,1.13332,1.13331,1500000,1000000
2018-12-12 10:41:00.227000,1.13332,1.1333,1500000,1000000
2018-12-12 10:41:00.786000,1.13331,1.1333,1000000,1570000
2018-12-12 10:41:01.336000,1.13332,1.1333,1000000,1570000
2018-12-12 10:41:01.847000,1.13332,1.13329,1500000,5890000
2018-12-12 10:41:02.368000,1.13332,1.1333,1000000,1000000
2018-12-12 10:41:02.575000,1.13333,1.13331,3000000,1000000
2018-12-12 10:41:02.881000,1.13332,1.1333,1000000,3070000
2018-12-12 10:41:03.348000,1.13333,1.13332,1120000,1000000
2018-12-12 10:41:03.888000,1.13334,1.13333,1120000,1000000
2018-12-12 10:41:04.472000,1.13335,1.13334,1120000,1000000
2018-12-12 10:41:05.607000,1.13335,1.13334,1000000,2250000
2018-12-12 10:41:07.436000,1.13335,1.13333,1870000,1000000
2018-12-12 10:41:07.487000,1.13333,1.13332,1000000,1000000
2018-12-12 10:41:07.998000,1.13333,1.13331,1000000,1000000
2018-12-12 10:41:08.515000,1.13333,1.13332,1000000,2250000
2018-12-12 10:41:09.491000,1.13333,1.13331,1000000,3000000
2018-12-12 10:41:11.919000,1.13334,1.13332,1500000,1000000
2018-12-12 10:41:12.438000,1.13335,1.13333,2000000,2250000
2018-12-12 10:41:13.966000,1.13335,1.13334,2620000,1000000
2018-12-12 10:41:20.891000,1.13336,1.13334,1000000,3000000
2018-12-12 10:41:21.468000,1.13335,1.13334,1000000,1000000
2018-12-12 10:41:22.563000,1.13336,1.13334,1870000,1500000
2018-12-12 10:41:26.846000,1.13335,1.13333,1000000,3190000
2018-12-12 10:41:27.003000,1.13335,1.13332,3500000,1690000
2018-12-12 10:41:27.056000,1.13335,1.13334,1870000,3750000
2018-12-12 10:41:31.060000,1.13336,1.13334,3000000,4000000
2018-12-12 10:41:33.198000,1.13335,1.13334,1000000,1870000
2018-12-12 10:41:33.718000,1.13335,1.13333,2000000,3750000
2018-12-12 10:41:34.229000,1.13335,1.13333,2000000,3000000
2018-12-12 10:41:34.921000,1.13336,1.13333,2970000,4500000
2018-12-12 10:41:35.561000,1.13336,1.13334,3910000,1000000
2018-12-12 10:41:35.872000,1.13334,1.13332,1000000,6450000
2018-12-12 10:41:40.478000,1.13333,1.13332,1000000,1500000
2018-12-12 10:41:41.261000,1.13333,1.13331,1000000,3560000
2018-12-12 10:41:41.786000,1.13333,1.13332,1000000,1000000
2018-12-12 10:41:42.432000,1.13334,1.13333,1000000,1690000
2018-12-12 10:41:42.484000,1.13335,1.13333,1120000,1690000
2018-12-12 10:41:42.999000,1.13335,1.13333,1000000,2640000
2018-12-12 10:41:43.349000,1.13334,1.13331,1620000,3070000
2018-12-12 10:41:43.935000,1.13332,1.13331,1000000,2250000
2018-12-12 10:41:44.823000,1.13333,1.13332,1120000,1000000
2018-12-12 10:41:45.348000,1.13332,1.13331,1000000,2250000
2018-12-12 10:41:46.143000,1.13333,1.13332,1120000,1000000
2018-12-12 10:41:46.664000,1.13332,1.13331,1000000,1500000
2018-12-12 10:41:47.535000,1.13333,1.13332,1120000,1000000
2018-12-12 10:41:48.772000,1.13332,1.13331,1000000,3000000
2018-12-12 10:41:49.476000,1.13333,1.13331,1120000,3000000
2018-12-12 10:41:50.986000,1.13334,1.13332,3750000,1120000
2018-12-12 10:41:51.527000,1.13333,1.13331,1500000,3000000
2018-12-12 10:41:52.467000,1.13334,1.13332,1870000,1000000
2018-12-12 10:41:53.150000,1.13334,1.13331,1500000,3000000
2018-12-12 10:41:54.688000,1.13334,1.13332,4390000,1500000
2018-12-12 10:41:55,1.13331,1.1333,1200000,3000000
2018-12-12 10:41:55.346000,1.13327,1.13324,1870000,4950000
2018-12-12 10:41:55.864000,1.13328,1.13325,6670000,1000000
2018-12-12 10:41:57.143000,1.13328,1.13325,4350000,4320000
2018-12-12 10:41:57.653000,1.13328,1.13325,5290000,1500000
2018-12-12 10:41:58.441000,1.13328,1.13325,3000000,2720000
2018-12-12 10:41:58.955000,1.13328,1.13325,3000000,4950000
2018-12-12 10:42:00.299000,1.13328,1.13326,3000000,1000000
2018-12-12 10:42:00.834000,1.13328,1.13325,2250000,2700000
2018-12-12 10:42:01.448000,1.13328,1.13326,2250000,1000000
2018-12-12 10:42:01.989000,1.13328,1.13325,2250000,2700000
2018-12-12 10:42:03.103000,1.13328,1.13325,2250000,6850000
2018-12-12 10:42:03.634000,1.13327,1.13325,1000000,1570000
2018-12-12 10:42:04.203000,1.13327,1.13324,1000000,4200000
2018-12-12 10:42:06.034000,1.13328,1.13324,3370000,3820000
2018-12-12 10:42:06.549000,1.13327,1.13325,1000000,1500000
2018-12-12 10:42:07.094000,1.13328,1.13324,6000000,3070000
2018-12-12 10:42:07.604000,1.13327,1.13324,1310000,2890000
2018-12-12 10:42:08.129000,1.13327,1.13324,3000000,3950000
2018-12-12 10:42:10.638000,1.13327,1.13324,2440000,4390000
2018-12-12 10:42:11.765000,1.13327,1.13324,2250000,3660000
2018-12-12 10:42:12.286000,1.13327,1.13324,1350000,4010000
2018-12-12 10:42:19.118000,1.13328,1.13325,3800000,1570000
2018-12-12 10:42:19.326000,1.13329,1.13328,1000000,1120000
2018-12-12 10:42:19.379000,1.13331,1.13329,1500000,1500000
2018-12-12 10:42:19.431000,1.13333,1.13329,7390000,1500000
2018-12-12 10:42:19.967000,1.13333,1.1333,1690000,1100000
2018-12-12 10:42:22.384000,1.13333,1.1333,2810000,6600000
2018-12-12 10:42:22.541000,1.13335,1.13332,2060000,1100000
2018-12-12 10:42:25.461000,1.13335,1.13333,3190000,1000000
2018-12-12 10:42:25.985000,1.13337,1.13334,1500000,1950000
2018-12-12 10:42:26.434000,1.13338,1.13335,1000000,2320000
2018-12-12 10:42:26.942000,1.13339,1.13335,2250000,3600000
2018-12-12 10:42:27.459000,1.13338,1.13336,1120000,1100000
2018-12-12 10:42:27.618000,1.1334,1.13337,2370000,2370000
2018-12-12 10:42:27.773000,1.13339,1.13336,8410000,1870000
2018-12-12 10:42:28.319000,1.13339,1.13336,4120000,2700000
2018-12-12 10:42:31.163000,1.13339,1.13336,3000000,2350000
2018-12-12 10:42:31.720000,1.13339,1.13336,3000000,1950000
2018-12-12 10:42:34.276000,1.13338,1.13335,4120000,1200000
2018-12-12 10:42:34.845000,1.13338,1.13335,5350000,1000000
2018-12-12 10:42:35.013000,1.13335,1.13332,1000000,2850000
2018-12-12 10:42:35.066000,1.13334,1.13332,1000000,1000000
2018-12-12 10:42:35.642000,1.13335,1.13332,1690000,1000000
2018-12-12 10:42:36.599000,1.13334,1.13332,1000000,1000000
2018-12-12 10:42:38.027000,1.13334,1.13331,3000000,3000000
2018-12-12 10:42:38.441000,1.13336,1.13331,10310000,7970000
2018-12-12 10:42:38.887000,1.13334,1.13332,1250000,1570000
2018-12-12 10:42:42.871000,1.13335,1.13332,3190000,1000000
2018-12-12 10:42:43.184000,1.13335,1.13333,1690000,2290000
2018-12-12 10:42:43.236000,1.13335,1.13332,6000000,1100000
2018-12-12 10:42:43.739000,1.13334,1.13331,1000000,4320000
2018-12-12 10:42:44.277000,1.13334,1.1333,3560000,5320000
2018-12-12 10:42:44.813000,1.13334,1.13331,2620000,1000000
2018-12-12 10:42:45.580000,1.13334,1.1333,1500000,6450000
2018-12-12 10:42:46.135000,1.13334,1.13331,1120000,1000000
2018-12-12 10:42:46.825000,1.13334,1.13332,3370000,1000000
2018-12-12 10:42:47.473000,1.13334,1.13331,1120000,1500000
2018-12-12 10:42:47.978000,1.13334,1.13332,1690000,1000000
2018-12-12 10:42:48.132000,1.13333,1.1333,1000000,6640000
2018-12-12 10:42:49.123000,1.13333,1.13331,1000000,1000000
2018-12-12 10:42:49.578000,1.13335,1.13331,3790000,3070000
2018-12-12 10:42:50.117000,1.13335,1.13332,1000000,3750000
2018-12-12 10:42:50.275000,1.13337,1.13333,3750000,7760000
2018-12-12 10:42:50.942000,1.13337,1.13334,1500000,1800000
2018-12-12 10:42:51.631000,1.13338,1.13335,5470000,1000000
2018-12-12 10:42:52.235000,1.13338,1.13335,5120000,1000000
2018-12-12 10:42:52.895000,1.13338,1.13335,10870000,1000000
2018-12-12 10:42:53.509000,1.13337,1.13335,1000000,1000000
2018-12-12 10:42:55.218000,1.13338,1.13334,5250000,5370000
2018-12-12 10:42:56.364000,1.13338,1.13335,2370000,1120000
2018-12-12 10:42:56.891000,1.13338,1.13334,1500000,5640000
2018-12-12 10:42:57.512000,1.13338,1.13335,1870000,1000000
2018-12-12 10:43:01.128000,1.13338,1.13335,6750000,1000000
2018-12-12 10:43:02.080000,1.13338,1.13335,3000000,3100000
2018-12-12 10:43:03.064000,1.13338,1.13335,1500000,1950000
2018-12-12 10:43:04.084000,1.13338,1.13334,1620000,6760000
2018-12-12 10:43:05.404000,1.13338,1.13335,1000000,2320000
2018-12-12 10:43:05.767000,1.13339,1.13337,1120000,1120000
2018-12-12 10:43:06.276000,1.1334,1.13337,1870000,6260000
2018-12-12 10:43:06.763000,1.13339,1.13337,2000000,1100000
2018-12-12 10:43:06.816000,1.13339,1.13335,6120000,3820000
2018-12-12 10:43:07.520000,1.13338,1.13334,1250000,4950000
2018-12-12 10:43:08.550000,1.13337,1.13334,1000000,2140000
2018-12-12 10:43:10.599000,1.13337,1.13335,1000000,1000000
2018-12-12 10:43:16.210000,1.13338,1.13335,6220000,4500000
2018-12-12 10:43:17.362000,1.13337,1.13335,1500000,1000000
2018-12-12 10:43:18.051000,1.13338,1.13335,7350000,1000000
2018-12-12 10:43:18.484000,1.13337,1.13335,1620000,1000000
2018-12-12 10:43:20.233000,1.13337,1.13335,3750000,1000000
2018-12-12 10:43:21.936000,1.13337,1.13334,3000000,4570000
2018-12-12 10:43:27.045000,1.13337,1.13335,2250000,1000000
2018-12-12 10:43:28.069000,1.13337,1.13334,2250000,3370000
2018-12-12 10:43:28.674000,1.13336,1.13334,1000000,3370000
2018-12-12 10:43:33.183000,1.13337,1.13334,2100000,1000000
2018-12-12 10:43:35.143000,1.13338,1.13335,5670000,2250000
2018-12-12 10:43:40.094000,1.13339,1.13338,2620000,1000000
2018-12-12 10:43:40.429000,1.13338,1.13336,1250000,1000000
2018-12-12 10:43:40.741000,1.13336,1.13334,1500000,2270000
2018-12-12 10:43:40.794000,1.13336,1.13332,4500000,9470000
2018-12-12 10:43:41.721000,1.13336,1.13332,1690000,2320000
2018-12-12 10:43:42.240000,1.13336,1.13333,2440000,1500000
2018-12-12 10:43:42.870000,1.13335,1.13333,1000000,1950000
2018-12-12 10:43:45.886000,1.13336,1.13334,1500000,1000000
2018-12-12 10:43:46.405000,1.13337,1.13335,1000000,1570000
2018-12-12 10:43:47.248000,1.13338,1.13336,1120000,1000000
2018-12-12 10:43:48.393000,1.13337,1.13336,1000000,1000000
2018-12-12 10:43:48.944000,1.13338,1.13336,1310000,1000000
2018-12-12 10:43:50.061000,1.13338,1.13335,1120000,3070000
2018-12-12 10:43:50.529000,1.1334,1.13338,1870000,1000000
2018-12-12 10:43:50.663000,1.13342,1.13338,1500000,8700000
2018-12-12 10:43:52.948000,1.13343,1.13339,2620000,4820000
2018-12-12 10:43:53.233000,1.13344,1.13342,1690000,1500000
2018-12-12 10:43:53.342000,1.13346,1.13343,1000000,1500000
2018-12-12 10:43:53.885000,1.13347,1.13344,4310000,1000000
2018-12-12 10:43:55.074000,1.13347,1.13343,2620000,2700000
2018-12-12 10:43:55.670000,1.13347,1.13344,3370000,1200000
2018-12-12 10:43:56.631000,1.13348,1.13344,7100000,1220000
2018-12-12 10:44:01.017000,1.13348,1.13345,1000000,1000000
2018-12-12 10:44:01.567000,1.13348,1.13345,1000000,1220000
2018-12-12 10:44:02.212000,1.13349,1.13346,3070000,1500000
2018-12-12 10:44:03.223000,1.13349,1.13346,2370000,1000000
2018-12-12 10:44:03.350000,1.1335,1.13348,4500000,3540000
2018-12-12 10:44:03.404000,1.13352,1.13349,1000000,8000000
2018-12-12 10:44:03.458000,1.13354,1.13349,5560000,6070000
2018-12-12 10:44:03.511000,1.13353,1.13349,1120000,6600000
2018-12-12 10:44:03.564000,1.13353,1.13349,1120000,6450000
2018-12-12 10:44:04.258000,1.13353,1.1335,1120000,1000000
2018-12-12 10:44:04.761000,1.13353,1.13349,1120000,2320000
2018-12-12 10:44:07.295000,1.13353,1.13349,1870000,3760000
2018-12-12 10:44:07.501000,1.13351,1.13348,2620000,1720000
2018-12-12 10:44:08.033000,1.1335,1.13348,1250000,1000000
2018-12-12 10:44:08.542000,1.13351,1.13347,4700000,1010000
2018-12-12 10:44:15.179000,1.13351,1.13346,10510000,4500000
2018-12-12 10:44:15.746000,1.13349,1.13346,4170000,3370000
2018-12-12 10:44:15.906000,1.13347,1.13343,1350000,5690000
2018-12-12 10:44:16.419000,1.13347,1.13344,5600000,1000000
2018-12-12 10:44:17.082000,1.13347,1.13343,2100000,7570000
2018-12-12 10:44:17.920000,1.13347,1.13344,2850000,1000000
2018-12-12 10:44:23.701000,1.13347,1.13345,4720000,1000000
2018-12-12 10:44:24.847000,1.13347,1.13344,4720000,1000000
2018-12-12 10:44:25.957000,1.13347,1.13345,4160000,1250000
2018-12-12 10:44:26.589000,1.13348,1.13346,1120000,1000000
2018-12-12 10:44:26.643000,1.13349,1.13347,2250000,1000000
2018-12-12 10:44:27.180000,1.13349,1.13348,1000000,1000000
2018-12-12 10:44:28.103000,1.1335,1.13348,5470000,1000000
2018-12-12 10:44:28.364000,1.1335,1.13346,4720000,10120000
2018-12-12 10:44:28.902000,1.1335,1.13347,6970000,1000000
2018-12-12 10:44:29.657000,1.1335,1.13346,5100000,10120000
2018-12-12 10:44:31.934000,1.1335,1.13347,5100000,1000000
2018-12-12 10:44:32.610000,1.1335,1.13346,4350000,4120000
2018-12-12 10:44:33.578000,1.13349,1.13346,1000000,7120000
2018-12-12 10:44:34.110000,1.1335,1.13347,5100000,1000000
2018-12-12 10:44:34.625000,1.13347,1.13345,1000000,3820000
2018-12-12 10:44:34.912000,1.13344,1.13341,1500000,11140000
2018-12-12 10:44:35.993000,1.13343,1.13341,1000000,7500000
2018-12-12 10:44:36.516000,1.13344,1.13341,1500000,3750000
2018-12-12 10:44:36.725000,1.13342,1.13341,1000000,1500000
2018-12-12 10:44:37.252000,1.13343,1.1334,1500000,5560000
2018-12-12 10:44:37.613000,1.13344,1.13342,1100000,3310000
2018-12-12 10:44:37.782000,1.13347,1.13343,4250000,4870000
2018-12-12 10:44:38.327000,1.13347,1.13344,4250000,2250000
2018-12-12 10:44:39.793000,1.13347,1.13345,2000000,1000000
2018-12-12 10:44:39.901000,1.13349,1.13346,7240000,2250000
2018-12-12 10:44:40.198000,1.13347,1.13345,1000000,1500000
2018-12-12 10:44:40.972000,1.13348,1.13345,3040000,1000000
2018-12-12 10:44:41.295000,1.13345,1.13343,1690000,1100000
2018-12-12 10:44:41.837000,1.13344,1.13342,2620000,1000000
2018-12-12 10:44:43.952000,1.13343,1.13342,1120000,1120000
2018-12-12 10:44:44.617000,1.13344,1.1334,6540000,3000000
2018-12-12 10:44:46.160000,1.13344,1.13341,6540000,1000000
2018-12-12 10:44:48.009000,1.13343,1.1334,1870000,6750000
2018-12-12 10:44:49.647000,1.13342,1.1334,1250000,1500000
2018-12-12 10:44:49.991000,1.13344,1.13341,5700000,2250000
2018-12-12 10:44:50.525000,1.13343,1.1334,1000000,1500000
2018-12-12 10:44:51.137000,1.13344,1.1334,4350000,1500000
2018-12-12 10:44:51.626000,1.13342,1.13339,1500000,5620000
2018-12-12 10:44:52.148000,1.13343,1.13339,1120000,5950000
2018-12-12 10:44:55.120000,1.13343,1.13339,2370000,11020000
2018-12-12 10:44:56.112000,1.13343,1.13341,1000000,1000000
2018-12-12 10:44:56.697000,1.13344,1.1334,3600000,2440000
2018-12-12 10:44:57.143000,1.13343,1.13342,1000000,1500000
2018-12-12 10:44:57.196000,1.13345,1.13342,2250000,1810000
2018-12-12 10:44:57.300000,1.13345,1.13341,1690000,3790000
2018-12-12 10:44:57.802000,1.13344,1.13341,1000000,3940000
2018-12-12 10:44:58.321000,1.13345,1.13341,1500000,3190000
2018-12-12 10:44:59.086000,1.13344,1.13341,1000000,1500000
2018-12-12 10:44:59.683000,1.13345,1.13341,7950000,1500000
