time,ask,bid,ask_volume,bid_volume
2019-12-12 13:25:02.138000,1.11374,1.11373,750000,2250000
2019-12-12 13:25:11.756000,1.11375,1.11373,6940000,750000
2019-12-12 13:25:12.035000,1.11374,1.11373,1500000,1500000
2019-12-12 13:25:12.284000,1.11375,1.11373,3260000,750000
2019-12-12 13:25:12.649000,1.11374,1.11372,4490000,2250000
2019-12-12 13:25:14.077000,1.11375,1.11373,11020000,1500000
2019-12-12 13:25:14.128000,1.11373,1.11371,12260000,750000
2019-12-12 13:25:14.179000,1.11371,1.1137,940000,750000
2019-12-12 13:25:14.281000,1.11372,1.11369,3940000,820000
2019-12-12 13:25:14.383000,1.11371,1.1137,1500000,190000
2019-12-12 13:25:16.567000,1.11372,1.11369,1500000,6070000
2019-12-12 13:25:16.719000,1.11371,1.11369,1500000,5770000
2019-12-12 13:25:17.581000,1.11371,1.1137,1500000,190000
2019-12-12 13:25:17.693000,1.11371,1.11369,1500000,5320000
2019-12-12 13:25:18.086000,1.11371,1.1137,1500000,750000
2019-12-12 13:25:18.634000,1.11371,1.11369,1500000,3940000
2019-12-12 13:25:18.735000,1.11372,1.11369,5320000,3940000
2019-12-12 13:25:18.836000,1.11371,1.1137,1500000,750000
2019-12-12 13:25:19.698000,1.11371,1.11369,1500000,8250000
2019-12-12 13:25:19.800000,1.11372,1.11369,4570000,7690000
2019-12-12 13:25:19.901000,1.11371,1.11369,2250000,6940000
2019-12-12 13:25:20.525000,1.11371,1.1137,1500000,190000
2019-12-12 13:25:20.676000,1.11372,1.1137,3370000,190000
2019-12-12 13:25:21.310000,1.11372,1.11371,2250000,750000
2019-12-12 13:25:21.412000,1.11371,1.11369,750000,4840000
2019-12-12 13:25:21.514000,1.11372,1.1137,5440000,750000
2019-12-12 13:25:21.615000,1.11372,1.11369,4690000,5960000
2019-12-12 13:25:21.788000,1.11372,1.1137,5440000,750000
2019-12-12 13:25:21.891000,1.11371,1.11369,1500000,750000
2019-12-12 13:25:22.384000,1.1137,1.11369,750000,1500000
2019-12-12 13:25:23.095000,1.11371,1.11369,2250000,750000
2019-12-12 13:25:25.694000,1.1137,1.11369,750000,2250000
2019-12-12 13:25:25.795000,1.11371,1.11369,4010000,1500000
2019-12-12 13:25:28.027000,1.1137,1.11369,750000,1500000
2019-12-12 13:25:28.129000,1.11371,1.11369,4090000,1500000
2019-12-12 13:25:29.825000,1.11369,1.11368,750000,1500000
2019-12-12 13:25:30.055000,1.1137,1.11368,3340000,750000
2019-12-12 13:25:30.157000,1.1137,1.11367,4840000,1500000
2019-12-12 13:25:30.278000,1.11369,1.11367,750000,2250000
2019-12-12 13:25:30.582000,1.1137,1.11367,6340000,2250000
2019-12-12 13:25:31.246000,1.11369,1.11367,750000,2250000
2019-12-12 13:25:33.502000,1.11368,1.11367,750000,3000000
2019-12-12 13:25:33.654000,1.11369,1.11367,3070000,3750000
2019-12-12 13:25:33.803000,1.11368,1.11367,750000,3750000
2019-12-12 13:25:34.454000,1.11369,1.11367,2250000,3000000
2019-12-12 13:25:35.786000,1.11369,1.11368,2250000,750000
2019-12-12 13:25:38.912000,1.1137,1.11367,4010000,750000
2019-12-12 13:25:41.756000,1.11369,1.11367,1500000,2250000
2019-12-12 13:25:48.479000,1.1137,1.11367,4760000,2250000
2019-12-12 13:26:00.535000,1.11369,1.11367,820000,750000
2019-12-12 13:26:01.526000,1.11368,1.11367,750000,820000
2019-12-12 13:26:02.376000,1.11369,1.11367,1200000,1570000
2019-12-12 13:26:07.699000,1.1137,1.11367,4570000,1500000
2019-12-12 13:26:08.405000,1.1137,1.11368,4690000,1500000
2019-12-12 13:26:08.506000,1.1137,1.11367,5250000,3340000
2019-12-12 13:26:08.897000,1.11369,1.11367,750000,3340000
2019-12-12 13:26:09.413000,1.1137,1.11367,4010000,1200000
2019-12-12 13:26:09.666000,1.11369,1.11367,750000,190000
2019-12-12 13:26:10.435000,1.11369,1.11366,1500000,5590000
2019-12-12 13:26:14.802000,1.1137,1.11366,9040000,4010000
2019-12-12 13:26:14.903000,1.11369,1.11366,1500000,3640000
2019-12-12 13:26:15.998000,1.11369,1.11367,1500000,450000
2019-12-12 13:26:24.863000,1.11368,1.11367,750000,1460000
2019-12-12 13:26:26.187000,1.11369,1.11368,1500000,100000
2019-12-12 13:26:29.833000,1.11368,1.11367,750000,1310000
2019-12-12 13:26:38.818000,1.11368,1.11366,750000,1840000
2019-12-12 13:26:45.383000,1.11368,1.11367,750000,100000
2019-12-12 13:26:46.238000,1.11368,1.11366,1500000,2320000
2019-12-12 13:26:46.969000,1.11366,1.11365,1570000,3260000
2019-12-12 13:26:47.071000,1.11364,1.11363,2250000,300000
2019-12-12 13:26:47.173000,1.11365,1.11364,2440000,1500000
2019-12-12 13:26:49.802000,1.11365,1.11363,2440000,750000
2019-12-12 13:26:50.063000,1.11364,1.11363,750000,520000
2019-12-12 13:26:50.164000,1.11365,1.11363,1500000,450000
2019-12-12 13:26:52.895000,1.11365,1.11363,2250000,900000
2019-12-12 13:26:54.234000,1.11366,1.11363,750000,6710000
2019-12-12 13:26:54.335000,1.11366,1.11364,750000,1460000
2019-12-12 13:26:54.436000,1.11366,1.11363,750000,6070000
2019-12-12 13:26:54.538000,1.11366,1.11363,4690000,5510000
2019-12-12 13:26:55.574000,1.11366,1.11363,2440000,4390000
2019-12-12 13:26:56.593000,1.11366,1.11364,1690000,1310000
2019-12-12 13:26:56.695000,1.11366,1.11363,1690000,3640000
2019-12-12 13:26:56.796000,1.11365,1.11364,750000,750000
2019-12-12 13:26:57.409000,1.11366,1.11363,2440000,3260000
2019-12-12 13:26:57.578000,1.11365,1.11364,750000,750000
2019-12-12 13:26:57.780000,1.11366,1.11363,2440000,3260000
2019-12-12 13:26:57.984000,1.11365,1.11364,750000,750000
2019-12-12 13:26:58.086000,1.11366,1.11363,2440000,3260000
2019-12-12 13:27:00.076000,1.11365,1.11363,750000,1010000
2019-12-12 13:27:00.179000,1.11364,1.11362,1500000,3260000
2019-12-12 13:27:00.757000,1.11364,1.11363,1500000,190000
2019-12-12 13:27:01.310000,1.11364,1.11362,1500000,2700000
2019-12-12 13:27:05.225000,1.11364,1.11363,750000,1500000
2019-12-12 13:27:05.503000,1.11364,1.11362,750000,3820000
2019-12-12 13:27:05.808000,1.11364,1.11363,1500000,750000
2019-12-12 13:27:05.960000,1.11364,1.11362,750000,1310000
2019-12-12 13:27:07.712000,1.11364,1.11361,1500000,3640000
2019-12-12 13:27:08.273000,1.11363,1.11361,750000,3640000
2019-12-12 13:27:09.974000,1.11363,1.11362,750000,100000
2019-12-12 13:27:11.009000,1.11364,1.11362,1870000,100000
2019-12-12 13:27:11.435000,1.11364,1.11361,1870000,3640000
2019-12-12 13:27:12.966000,1.11363,1.11361,750000,3640000
2019-12-12 13:27:13.239000,1.11363,1.11362,750000,560000
2019-12-12 13:27:13.340000,1.11364,1.11362,2250000,100000
2019-12-12 13:27:13.507000,1.11363,1.11362,750000,100000
2019-12-12 13:27:14.829000,1.11363,1.11361,750000,3640000
2019-12-12 13:27:17.826000,1.11363,1.11362,750000,750000
2019-12-12 13:27:21.826000,1.11364,1.11362,2250000,750000
2019-12-12 13:27:22.448000,1.11363,1.11362,750000,750000
2019-12-12 13:27:23.788000,1.11363,1.11361,750000,3640000
2019-12-12 13:27:25.342000,1.11362,1.11361,370000,4570000
2019-12-12 13:27:25.577000,1.11363,1.11361,750000,3710000
2019-12-12 13:27:37.114000,1.11363,1.11362,2810000,100000
2019-12-12 13:27:39.849000,1.11363,1.11361,2440000,2320000
2019-12-12 13:27:39.950000,1.11363,1.11362,2440000,100000
2019-12-12 13:27:41.062000,1.11363,1.11361,2440000,2320000
2019-12-12 13:27:41.164000,1.11362,1.11361,750000,2320000
2019-12-12 13:27:43.081000,1.11363,1.11361,750000,2400000
2019-12-12 13:27:45.221000,1.11364,1.11362,3000000,1500000
2019-12-12 13:27:45.343000,1.11364,1.11361,3750000,820000
2019-12-12 13:27:46.678000,1.11364,1.11362,3000000,370000
2019-12-12 13:27:46.780000,1.11363,1.11362,750000,1010000
2019-12-12 13:27:51.058000,1.11364,1.11362,4500000,100000
2019-12-12 13:27:52.770000,1.11363,1.1136,750000,7090000
2019-12-12 13:27:53.018000,1.11363,1.11361,750000,750000
2019-12-12 13:27:53.119000,1.11364,1.11361,3750000,750000
2019-12-12 13:27:53.601000,1.11364,1.11362,3750000,100000
2019-12-12 13:27:56.213000,1.11363,1.11362,750000,940000
2019-12-12 13:27:57.810000,1.11364,1.11362,3750000,1500000
2019-12-12 13:28:00.207000,1.11364,1.11361,2250000,4840000
2019-12-12 13:28:00.644000,1.11363,1.11361,750000,750000
2019-12-12 13:28:00.746000,1.11364,1.11362,2250000,2250000
2019-12-12 13:28:00.949000,1.11364,1.11362,750000,1570000
2019-12-12 13:28:01.628000,1.11364,1.11363,750000,100000
2019-12-12 13:28:02.177000,1.11365,1.11363,3560000,100000
2019-12-12 13:28:02.854000,1.11365,1.11362,2060000,2250000
2019-12-12 13:28:06.911000,1.11366,1.11363,5810000,1570000
2019-12-12 13:28:07.015000,1.11367,1.11366,4310000,1570000
2019-12-12 13:28:07.067000,1.11368,1.11367,750000,6070000
2019-12-12 13:28:07.118000,1.1137,1.11369,1500000,1500000
2019-12-12 13:28:07.219000,1.11371,1.1137,1120000,1500000
2019-12-12 13:28:07.422000,1.11372,1.1137,3000000,4090000
2019-12-12 13:28:07.524000,1.11373,1.11371,750000,4840000
2019-12-12 13:28:07.575000,1.11375,1.11372,2810000,1500000
2019-12-12 13:28:07.929000,1.11375,1.11373,3000000,750000
2019-12-12 13:28:08.425000,1.11375,1.11371,750000,6520000
2019-12-12 13:28:08.766000,1.11373,1.11371,750000,6520000
2019-12-12 13:28:08.869000,1.11374,1.11371,750000,2400000
2019-12-12 13:28:09.030000,1.11372,1.1137,1500000,5140000
2019-12-12 13:28:09.485000,1.11373,1.11371,750000,1760000
2019-12-12 13:28:09.595000,1.11373,1.11372,750000,750000
2019-12-12 13:28:10.909000,1.11373,1.11371,750000,4010000
2019-12-12 13:28:11.318000,1.11374,1.11371,3000000,2440000
2019-12-12 13:28:14.641000,1.11372,1.11371,1570000,370000
2019-12-12 13:28:14.742000,1.11371,1.11369,750000,2250000
2019-12-12 13:28:16.406000,1.11371,1.11368,1500000,4500000
2019-12-12 13:28:20.004000,1.1137,1.11368,370000,7310000
2019-12-12 13:28:20.640000,1.1137,1.11369,1500000,1570000
2019-12-12 13:28:20.792000,1.11371,1.11368,2810000,4200000
2019-12-12 13:28:20.893000,1.11371,1.11369,2810000,100000
2019-12-12 13:28:20.995000,1.11371,1.11368,2810000,5140000
2019-12-12 13:28:23.449000,1.1137,1.11368,750000,2620000
2019-12-12 13:28:23.565000,1.11371,1.11369,750000,3450000
2019-12-12 13:28:24.121000,1.11372,1.11369,2250000,4200000
2019-12-12 13:28:24.537000,1.11372,1.1137,3000000,100000
2019-12-12 13:28:24.638000,1.11372,1.11371,2250000,750000
2019-12-12 13:28:24.841000,1.11371,1.1137,750000,1760000
2019-12-12 13:28:25.104000,1.11371,1.11369,750000,2140000
2019-12-12 13:28:32.113000,1.1137,1.11367,750000,4200000
2019-12-12 13:28:32.214000,1.11371,1.11367,6150000,2620000
2019-12-12 13:28:32.600000,1.1137,1.11367,3000000,1870000
2019-12-12 13:28:35.528000,1.1137,1.11366,3820000,4690000
2019-12-12 13:28:35.630000,1.11368,1.11366,1500000,1500000
2019-12-12 13:28:35.731000,1.11367,1.11363,3070000,4870000
2019-12-12 13:28:36.599000,1.11366,1.11362,1690000,5890000
2019-12-12 13:28:39.032000,1.11365,1.11361,1760000,8890000
2019-12-12 13:28:40.758000,1.11365,1.11362,5510000,370000
2019-12-12 13:28:41.663000,1.11364,1.11362,1500000,1120000
2019-12-12 13:28:44.174000,1.11363,1.11362,750000,1870000
2019-12-12 13:28:44.430000,1.11363,1.11361,750000,2250000
2019-12-12 13:28:44.505000,1.11362,1.1136,2250000,3370000
2019-12-12 13:28:44.556000,1.11361,1.11359,750000,5060000
2019-12-12 13:28:45.457000,1.11362,1.11359,1500000,3560000
2019-12-12 13:28:45.560000,1.11361,1.11359,750000,2810000
2019-12-12 13:28:45.712000,1.11362,1.11359,2250000,4310000
2019-12-12 13:28:47.928000,1.11361,1.11359,750000,4310000
2019-12-12 13:28:49.363000,1.1136,1.11359,750000,1500000
2019-12-12 13:28:49.515000,1.1136,1.11358,1500000,1120000
2019-12-12 13:28:49.617000,1.11359,1.11358,190000,750000
2019-12-12 13:28:49.718000,1.11359,1.11357,100000,1570000
2019-12-12 13:28:50.214000,1.11357,1.11356,750000,750000
2019-12-12 13:28:50.416000,1.11357,1.11355,1690000,1310000
2019-12-12 13:28:50.822000,1.11356,1.11355,750000,1120000
2019-12-12 13:28:51.153000,1.11357,1.11355,1120000,370000
2019-12-12 13:28:54.038000,1.11357,1.11354,1120000,3940000
2019-12-12 13:28:56.197000,1.11357,1.11355,2250000,190000
2019-12-12 13:28:56.299000,1.11356,1.11354,750000,3370000
2019-12-12 13:28:56.400000,1.11355,1.11354,750000,1500000
2019-12-12 13:28:56.501000,1.11355,1.11353,750000,7120000
2019-12-12 13:28:58.012000,1.11356,1.11353,1500000,3000000
2019-12-12 13:29:00.274000,1.11357,1.11353,6260000,2250000
2019-12-12 13:29:00.628000,1.11357,1.11354,2440000,190000
2019-12-12 13:29:01.024000,1.11357,1.11355,750000,2250000
2019-12-12 13:29:01.126000,1.11358,1.11356,1570000,100000
2019-12-12 13:29:01.481000,1.11357,1.11356,750000,100000
2019-12-12 13:29:01.583000,1.11358,1.11356,3260000,100000
2019-12-12 13:29:02.178000,1.11357,1.11356,370000,100000
2019-12-12 13:29:03.149000,1.11357,1.11355,370000,940000
2019-12-12 13:29:03.888000,1.11356,1.11355,370000,190000
2019-12-12 13:29:04.712000,1.11357,1.11355,1570000,190000
2019-12-12 13:29:04.918000,1.11356,1.11355,1500000,190000
2019-12-12 13:29:05.019000,1.11356,1.11354,190000,190000
2019-12-12 13:29:06.125000,1.11357,1.11355,2250000,940000
2019-12-12 13:29:08.339000,1.11357,1.11354,1120000,1500000
2019-12-12 13:29:09.103000,1.11357,1.11355,1200000,100000
2019-12-12 13:29:14.764000,1.11358,1.11355,1870000,1570000
2019-12-12 13:29:22.863000,1.11358,1.11356,3820000,750000
2019-12-12 13:29:22.999000,1.11359,1.11357,750000,370000
2019-12-12 13:29:23.151000,1.1136,1.11357,6820000,750000
2019-12-12 13:29:23.376000,1.11359,1.11356,750000,2620000
2019-12-12 13:29:23.490000,1.1136,1.11356,6940000,1870000
2019-12-12 13:29:23.992000,1.11359,1.11356,750000,1690000
2019-12-12 13:29:24.101000,1.11358,1.11356,750000,750000
2019-12-12 13:29:24.203000,1.11357,1.11354,820000,1760000
2019-12-12 13:29:24.305000,1.11357,1.11355,750000,940000
2019-12-12 13:29:25.197000,1.11358,1.11355,2250000,940000
2019-12-12 13:29:26.227000,1.11358,1.11356,750000,370000
2019-12-12 13:29:26.329000,1.11359,1.11356,2620000,370000
2019-12-12 13:29:27.229000,1.1136,1.11356,4500000,190000
2019-12-12 13:29:27.624000,1.1136,1.11357,3750000,190000
2019-12-12 13:29:28.021000,1.1136,1.11356,3750000,1690000
2019-12-12 13:29:28.412000,1.1136,1.11355,6940000,7950000
2019-12-12 13:29:28.805000,1.1136,1.11356,8250000,1310000
2019-12-12 13:29:29.336000,1.11359,1.11355,750000,4950000
2019-12-12 13:29:30.091000,1.11359,1.11356,750000,450000
2019-12-12 13:29:30.522000,1.11359,1.11355,750000,6260000
2019-12-12 13:29:31.609000,1.11359,1.11356,1500000,1500000
2019-12-12 13:29:32.961000,1.1136,1.11355,3190000,3260000
2019-12-12 13:29:33.074000,1.11359,1.11357,750000,190000
2019-12-12 13:29:35.008000,1.11359,1.11356,750000,450000
2019-12-12 13:29:37.030000,1.11356,1.11354,1500000,4950000
2019-12-12 13:29:37.132000,1.11355,1.11352,190000,560000
2019-12-12 13:29:37.233000,1.11356,1.11352,2250000,1120000
2019-12-12 13:29:38.949000,1.11356,1.11352,1500000,1680000
2019-12-12 13:29:40.161000,1.11356,1.11353,1500000,1120000
2019-12-12 13:29:42.562000,1.11355,1.11354,750000,190000
2019-12-12 13:29:43.129000,1.11356,1.11354,750000,2060000
2019-12-12 13:29:43.231000,1.11357,1.11355,750000,1690000
2019-12-12 13:29:43.332000,1.11358,1.11356,750000,1200000
2019-12-12 13:29:44.091000,1.11359,1.11357,2250000,2250000
2019-12-12 13:29:45.227000,1.1136,1.11356,3560000,2320000
2019-12-12 13:29:45.785000,1.11359,1.11356,750000,2510000
2019-12-12 13:29:45.988000,1.11359,1.11357,750000,750000
2019-12-12 13:29:46.677000,1.11359,1.11356,750000,1010000
2019-12-12 13:29:46.780000,1.11358,1.11355,2620000,940000
2019-12-12 13:29:46.882000,1.11357,1.11354,190000,260000
2019-12-12 13:29:46.983000,1.11358,1.11355,750000,190000
2019-12-12 13:29:47.035000,1.11356,1.11355,750000,190000
2019-12-12 13:29:47.136000,1.11356,1.11354,750000,100000
2019-12-12 13:29:47.187000,1.11358,1.11353,3370000,2140000
2019-12-12 13:29:47.289000,1.11357,1.11354,750000,750000
2019-12-12 13:29:47.629000,1.11356,1.11354,750000,750000
2019-12-12 13:29:47.730000,1.11356,1.11353,750000,750000
2019-12-12 13:29:48.570000,1.11356,1.11352,750000,2140000
2019-12-12 13:29:48.621000,1.11354,1.11352,190000,1570000
2019-12-12 13:29:48.798000,1.11354,1.11351,940000,1010000
2019-12-12 13:29:50.123000,1.11353,1.1135,190000,940000
2019-12-12 13:29:51.672000,1.11353,1.11351,750000,750000
2019-12-12 13:29:51.806000,1.11354,1.11351,1200000,750000
2019-12-12 13:29:52.780000,1.11353,1.11351,1200000,750000
2019-12-12 13:29:54.657000,1.11356,1.11351,1500000,750000
2019-12-12 13:29:55.092000,1.11357,1.11356,750000,750000
2019-12-12 13:29:55.144000,1.11358,1.11356,750000,750000
2019-12-12 13:29:55.246000,1.11359,1.11356,4500000,750000
2019-12-12 13:29:55.873000,1.11358,1.11356,2250000,750000
2019-12-12 13:29:56.982000,1.11359,1.11356,5250000,750000
2019-12-12 13:29:57.033000,1.11358,1.11355,2250000,820000
2019-12-12 13:29:57.085000,1.11359,1.11355,2250000,2880000
2019-12-12 13:29:57.186000,1.11362,1.11355,3750000,2320000
2019-12-12 13:29:58.067000,1.11361,1.11355,1500000,2320000
2019-12-12 13:29:59.368000,1.11361,1.11356,1500000,750000
2019-12-12 13:29:59.419000,1.11359,1.11355,750000,820000
2019-12-12 13:29:59.521000,1.11359,1.11353,1050000,1500000
2019-12-12 13:29:59.740000,1.1136,1.11355,3000000,1500000
2019-12-12 13:29:59.863000,1.11362,1.11355,2250000,1500000
2019-12-12 13:29:59.963000,1.11359,1.11355,750000,750000
2019-12-12 13:30:00.065000,1.11359,1.11354,1500000,750000
2019-12-12 13:30:00.166000,1.11359,1.11353,1500000,1500000
2019-12-12 13:30:00.267000,1.11359,1.11354,2250000,750000
2019-12-12 13:30:00.318000,1.11358,1.11351,750000,1200000
2019-12-12 13:30:00.421000,1.11358,1.11352,750000,100000
2019-12-12 13:30:00.522000,1.11358,1.1135,750000,750000
2019-12-12 13:30:00.643000,1.11356,1.1135,750000,750000
2019-12-12 13:30:00.846000,1.11356,1.11351,750000,740000
2019-12-12 13:30:01.117000,1.11357,1.11354,750000,740000
2019-12-12 13:30:01.219000,1.11357,1.11353,750000,750000
2019-12-12 13:30:01.320000,1.11357,1.11354,750000,1310000
2019-12-12 13:30:01.468000,1.11357,1.11356,750000,370000
2019-12-12 13:30:01.519000,1.11359,1.11358,1500000,750000
2019-12-12 13:30:01.672000,1.1136,1.11359,1500000,1310000
2019-12-12 13:30:01.824000,1.11366,1.11364,750000,740000
2019-12-12 13:30:02.026000,1.11369,1.11363,370000,740000
2019-12-12 13:30:02.182000,1.11368,1.11364,750000,740000
2019-12-12 13:30:02.614000,1.11367,1.11362,750000,750000
2019-12-12 13:30:02.716000,1.11367,1.11361,1500000,740000
2019-12-12 13:30:03.204000,1.11367,1.11363,3000000,750000
2019-12-12 13:30:03.891000,1.11367,1.11362,3000000,750000
2019-12-12 13:30:04.356000,1.11367,1.11361,2250000,750000
2019-12-12 13:30:04.675000,1.11367,1.1136,2250000,2250000
2019-12-12 13:30:07.265000,1.11367,1.1136,4310000,2250000
2019-12-12 13:30:07.367000,1.11367,1.11361,2250000,1500000
2019-12-12 13:30:07.544000,1.11367,1.1136,3000000,3750000
2019-12-12 13:30:08.154000,1.11367,1.11361,2250000,750000
2019-12-12 13:30:10.061000,1.11367,1.1136,2890000,4390000
2019-12-12 13:30:10.163000,1.11366,1.1136,370000,4950000
2019-12-12 13:30:10.464000,1.11367,1.1136,2320000,4950000
2019-12-12 13:30:10.736000,1.11367,1.11363,1500000,820000
2019-12-12 13:30:10.837000,1.11367,1.11364,2810000,100000
2019-12-12 13:30:11.039000,1.11367,1.11363,1500000,750000
2019-12-12 13:30:11.181000,1.11367,1.11362,1500000,820000
2019-12-12 13:30:11.326000,1.11366,1.11362,750000,1570000
2019-12-12 13:30:11.562000,1.11367,1.11362,1500000,820000
2019-12-12 13:30:11.747000,1.11367,1.11364,1690000,100000
2019-12-12 13:30:11.891000,1.11367,1.11365,750000,100000
2019-12-12 13:30:11.993000,1.1137,1.11367,750000,100000
2019-12-12 13:30:12.094000,1.11371,1.11369,1270000,1870000
2019-12-12 13:30:12.197000,1.11372,1.1137,750000,4690000
2019-12-12 13:30:12.357000,1.11373,1.11371,750000,190000
2019-12-12 13:30:12.469000,1.11372,1.1137,940000,3000000
2019-12-12 13:30:12.520000,1.11372,1.11368,1690000,1500000
2019-12-12 13:30:13.536000,1.11372,1.11369,940000,100000
2019-12-12 13:30:14.490000,1.11372,1.11368,940000,820000
2019-12-12 13:30:14.654000,1.11371,1.11367,190000,2320000
2019-12-12 13:30:15.103000,1.11371,1.11366,1690000,4760000
2019-12-12 13:30:15.205000,1.11371,1.11368,940000,750000
2019-12-12 13:30:15.517000,1.1137,1.11368,210000,820000
2019-12-12 13:30:15.930000,1.11371,1.11368,190000,1570000
2019-12-12 13:30:16.032000,1.11372,1.11368,2810000,2280000
2019-12-12 13:30:16.185000,1.11372,1.11369,750000,1200000
2019-12-12 13:30:16.287000,1.11374,1.11373,750000,190000
2019-12-12 13:30:16.375000,1.11375,1.11373,750000,190000
2019-12-12 13:30:16.477000,1.11375,1.11371,190000,1010000
2019-12-12 13:30:16.614000,1.11375,1.11373,190000,100000
2019-12-12 13:30:16.817000,1.11376,1.11374,190000,100000
2019-12-12 13:30:17.933000,1.11375,1.11373,1500000,100000
2019-12-12 13:30:17.984000,1.11376,1.11373,1760000,100000
2019-12-12 13:30:18.537000,1.11375,1.11373,750000,100000
2019-12-12 13:30:18.754000,1.11376,1.11373,2510000,820000
2019-12-12 13:30:19.492000,1.11375,1.11373,1500000,820000
2019-12-12 13:30:19.593000,1.11376,1.11373,2700000,820000
2019-12-12 13:30:21.740000,1.11377,1.11375,2250000,820000
2019-12-12 13:30:21.842000,1.11379,1.11376,2810000,750000
2019-12-12 13:30:21.994000,1.11379,1.11375,3190000,1570000
2019-12-12 13:30:23.361000,1.11379,1.11376,1500000,1500000
2019-12-12 13:30:23.876000,1.1138,1.11376,4010000,750000
2019-12-12 13:30:26.156000,1.11379,1.11376,370000,1570000
2019-12-12 13:30:28.470000,1.1138,1.11376,5250000,3150000
2019-12-12 13:30:30.098000,1.11378,1.11376,750000,3820000
2019-12-12 13:30:30.200000,1.11376,1.11375,940000,1570000
2019-12-12 13:30:30.251000,1.11375,1.11373,370000,750000
2019-12-12 13:30:30.511000,1.11375,1.11372,370000,1010000
2019-12-12 13:30:30.696000,1.11376,1.11372,1500000,1390000
2019-12-12 13:30:31.045000,1.11375,1.11372,1500000,1010000
2019-12-12 13:30:31.432000,1.11374,1.11372,750000,100000
2019-12-12 13:30:32.049000,1.11374,1.11373,1120000,750000
2019-12-12 13:30:32.150000,1.11375,1.11372,750000,820000
2019-12-12 13:30:32.403000,1.11375,1.11371,1690000,3820000
2019-12-12 13:30:32.960000,1.11374,1.11371,820000,1500000
2019-12-12 13:30:33.089000,1.11374,1.11372,100000,750000
2019-12-12 13:30:33.241000,1.11374,1.11373,820000,750000
2019-12-12 13:30:34.064000,1.11374,1.11372,100000,2250000
2019-12-12 13:30:34.480000,1.11372,1.11371,2250000,750000
2019-12-12 13:30:34.581000,1.11371,1.1137,940000,1500000
2019-12-12 13:30:34.632000,1.1137,1.11368,370000,4310000
2019-12-12 13:30:34.835000,1.11371,1.11368,1690000,750000
2019-12-12 13:30:36.637000,1.11371,1.11367,1690000,3750000
2019-12-12 13:30:36.955000,1.11371,1.11369,940000,370000
2019-12-12 13:30:37.367000,1.11371,1.11368,1570000,750000
2019-12-12 13:30:37.469000,1.1137,1.11368,820000,750000
2019-12-12 13:30:37.979000,1.1137,1.11367,1570000,2250000
2019-12-12 13:30:38.081000,1.11367,1.11366,1500000,2810000
2019-12-12 13:30:38.184000,1.11368,1.11365,2810000,750000
2019-12-12 13:30:38.245000,1.11368,1.11366,4690000,740000
2019-12-12 13:30:38.347000,1.11369,1.11367,260000,370000
2019-12-12 13:30:38.846000,1.11369,1.11366,1010000,3820000
2019-12-12 13:30:39.025000,1.11369,1.11367,1010000,750000
2019-12-12 13:30:39.128000,1.11373,1.11372,3640000,750000
2019-12-12 13:30:39.179000,1.11375,1.11372,2440000,3000000
2019-12-12 13:30:39.331000,1.11376,1.11372,2440000,6750000
2019-12-12 13:30:40.061000,1.11375,1.11373,750000,1500000
2019-12-12 13:30:40.973000,1.11376,1.11373,1010000,750000
2019-12-12 13:30:43.609000,1.11374,1.11373,750000,750000
2019-12-12 13:30:43.660000,1.11373,1.11371,2250000,3000000
2019-12-12 13:30:43.711000,1.1137,1.11369,1690000,750000
2019-12-12 13:30:43.812000,1.11369,1.11368,2250000,3750000
2019-12-12 13:30:43.914000,1.11366,1.11365,750000,750000
2019-12-12 13:30:44.015000,1.11366,1.11365,750000,750000
2019-12-12 13:30:44.589000,1.11368,1.11365,2810000,820000
2019-12-12 13:30:44.986000,1.11368,1.11366,940000,100000
2019-12-12 13:30:45.087000,1.11368,1.11367,1500000,820000
2019-12-12 13:30:45.206000,1.11369,1.11368,750000,260000
2019-12-12 13:30:45.257000,1.11371,1.11368,2060000,940000
2019-12-12 13:30:46.345000,1.1137,1.11368,750000,1760000
2019-12-12 13:30:46.396000,1.11367,1.11366,1690000,4310000
2019-12-12 13:30:46.447000,1.11366,1.11364,2060000,2060000
2019-12-12 13:30:46.498000,1.11365,1.11363,940000,750000
2019-12-12 13:30:46.599000,1.11364,1.11363,1500000,1500000
2019-12-12 13:30:47.220000,1.11365,1.11363,190000,750000
2019-12-12 13:30:49.764000,1.11366,1.11363,1690000,2320000
2019-12-12 13:30:50.105000,1.11367,1.11366,750000,820000
2019-12-12 13:30:50.206000,1.1137,1.11368,450000,1120000
2019-12-12 13:30:50.307000,1.11371,1.11368,190000,1120000
2019-12-12 13:30:50.409000,1.1137,1.11368,1010000,1200000
2019-12-12 13:30:50.959000,1.11369,1.11367,750000,3450000
2019-12-12 13:30:51.010000,1.11367,1.11366,3640000,1500000
2019-12-12 13:30:51.061000,1.11364,1.11363,1500000,1500000
2019-12-12 13:30:51.112000,1.11363,1.11361,750000,2140000
2019-12-12 13:30:51.264000,1.11364,1.11362,2250000,820000
2019-12-12 13:30:51.599000,1.11365,1.11362,3940000,820000
2019-12-12 13:30:53.332000,1.11364,1.11363,750000,750000
2019-12-12 13:30:53.483000,1.11365,1.11363,190000,190000
2019-12-12 13:30:53.587000,1.11366,1.11363,940000,190000
2019-12-12 13:30:53.638000,1.11369,1.11366,2320000,4010000
2019-12-12 13:30:53.740000,1.1137,1.11368,750000,100000
2019-12-12 13:30:53.841000,1.11371,1.11368,1120000,820000
2019-12-12 13:30:54.094000,1.11372,1.11368,9000000,1200000
2019-12-12 13:30:54.318000,1.1137,1.11368,260000,1200000
2019-12-12 13:30:55.953000,1.11369,1.11367,2250000,820000
2019-12-12 13:30:56.054000,1.11369,1.11366,750000,1500000
2019-12-12 13:30:56.155000,1.11368,1.11366,190000,2250000
2019-12-12 13:30:56.269000,1.11368,1.11367,190000,750000
2019-12-12 13:30:56.384000,1.11368,1.11365,3940000,2620000
2019-12-12 13:30:56.485000,1.11368,1.11366,190000,100000
2019-12-12 13:30:56.587000,1.11369,1.11366,3000000,820000
2019-12-12 13:30:57.102000,1.11369,1.11368,940000,1200000
2019-12-12 13:30:57.204000,1.11372,1.11369,5060000,1570000
2019-12-12 13:30:57.407000,1.11372,1.1137,3000000,1500000
2019-12-12 13:30:57.559000,1.11372,1.11371,1500000,750000
2019-12-12 13:30:57.661000,1.11373,1.11371,1500000,750000
2019-12-12 13:30:58.255000,1.11372,1.11371,750000,750000
2019-12-12 13:30:58.411000,1.11373,1.11371,750000,750000
2019-12-12 13:30:58.778000,1.11373,1.11371,1500000,750000
2019-12-12 13:30:58.879000,1.11375,1.11374,1120000,750000
2019-12-12 13:30:58.981000,1.11377,1.11374,1500000,750000
2019-12-12 13:30:59.083000,1.11377,1.11373,1120000,2250000
2019-12-12 13:30:59.184000,1.11377,1.11373,1500000,2770000
2019-12-12 13:30:59.572000,1.11377,1.11374,2250000,370000
2019-12-12 13:30:59.673000,1.11377,1.11374,3560000,750000
2019-12-12 13:30:59.775000,1.11377,1.11374,3560000,750000
2019-12-12 13:30:59.876000,1.11377,1.11374,1120000,3070000
2019-12-12 13:30:59.978000,1.11377,1.11374,3630000,750000
2019-12-12 13:31:00.272000,1.11377,1.11374,4570000,750000
2019-12-12 13:31:01.028000,1.11377,1.11373,3640000,1570000
2019-12-12 13:31:01.180000,1.11376,1.11373,100000,1500000
2019-12-12 13:31:02.753000,1.11375,1.11373,1500000,750000
2019-12-12 13:31:02.854000,1.11374,1.11371,1500000,1950000
2019-12-12 13:31:03.006000,1.11375,1.11371,2510000,1390000
2019-12-12 13:31:03.108000,1.11375,1.11372,2440000,370000
2019-12-12 13:31:03.432000,1.11375,1.11373,190000,190000
2019-12-12 13:31:03.533000,1.11376,1.11372,4010000,1690000
2019-12-12 13:31:03.888000,1.11376,1.11373,750000,100000
2019-12-12 13:31:07.407000,1.11376,1.11373,3990000,1500000
2019-12-12 13:31:07.458000,1.11376,1.11372,4360000,3340000
2019-12-12 13:31:07.559000,1.11376,1.11373,800000,1500000
2019-12-12 13:31:07.661000,1.11376,1.11373,750000,1500000
2019-12-12 13:31:08.077000,1.11377,1.11373,3750000,1870000
2019-12-12 13:31:08.710000,1.11377,1.11374,1500000,820000
2019-12-12 13:31:10.720000,1.11378,1.11376,2250000,820000
2019-12-12 13:31:10.821000,1.11379,1.11376,1870000,820000
2019-12-12 13:31:12.111000,1.11379,1.11377,750000,750000
2019-12-12 13:31:12.213000,1.11379,1.11376,750000,4010000
2019-12-12 13:31:12.319000,1.11379,1.11377,750000,750000
2019-12-12 13:31:12.430000,1.11379,1.11376,750000,4010000
2019-12-12 13:31:13.046000,1.1138,1.11377,2440000,2320000
2019-12-12 13:31:13.166000,1.11379,1.11377,1500000,2320000
2019-12-12 13:31:13.442000,1.1138,1.11377,3190000,2250000
2019-12-12 13:31:15.744000,1.11379,1.11377,3750000,750000
2019-12-12 13:31:15.795000,1.11378,1.11376,1500000,1500000
2019-12-12 13:31:15.896000,1.11377,1.11376,750000,750000
2019-12-12 13:31:16.040000,1.11378,1.11375,2440000,940000
2019-12-12 13:31:16.308000,1.11379,1.11377,820000,100000
2019-12-12 13:31:16.612000,1.1138,1.11377,2440000,1500000
2019-12-12 13:31:16.846000,1.1138,1.11376,2810000,4090000
2019-12-12 13:31:18.775000,1.1138,1.11377,2060000,750000
2019-12-12 13:31:22.317000,1.11378,1.11376,190000,1390000
2019-12-12 13:31:22.418000,1.11379,1.11376,4690000,1760000
2019-12-12 13:31:23.261000,1.11378,1.11376,750000,940000
2019-12-12 13:31:24.169000,1.11379,1.11376,2440000,1390000
2019-12-12 13:31:24.321000,1.11379,1.11377,1690000,1500000
2019-12-12 13:31:25.916000,1.1138,1.11378,370000,820000
2019-12-12 13:31:25.967000,1.11382,1.11381,3190000,750000
2019-12-12 13:31:26.096000,1.11383,1.11381,560000,3260000
2019-12-12 13:31:26.147000,1.11384,1.11383,750000,750000
2019-12-12 13:31:26.248000,1.11385,1.11383,750000,750000
2019-12-12 13:31:26.350000,1.11384,1.11383,750000,750000
2019-12-12 13:31:26.552000,1.11385,1.11383,820000,750000
2019-12-12 13:31:26.829000,1.11386,1.11383,4390000,750000
2019-12-12 13:31:26.930000,1.11385,1.11383,750000,750000
2019-12-12 13:31:27.291000,1.11386,1.11383,4010000,750000
2019-12-12 13:31:27.524000,1.11386,1.11382,4010000,3000000
2019-12-12 13:31:28.593000,1.11385,1.11382,750000,2320000
2019-12-12 13:31:29.084000,1.11385,1.11383,750000,100000
2019-12-12 13:31:29.186000,1.11385,1.11382,750000,2250000
2019-12-12 13:31:30.433000,1.11386,1.11383,2250000,2810000
2019-12-12 13:31:30.535000,1.11386,1.11382,3820000,1760000
2019-12-12 13:31:30.637000,1.11385,1.11382,750000,1690000
2019-12-12 13:31:30.749000,1.11386,1.11383,3120000,1500000
2019-12-12 13:31:30.801000,1.11386,1.11382,4570000,3150000
2019-12-12 13:31:30.903000,1.11385,1.11382,750000,2060000
2019-12-12 13:31:31.508000,1.11385,1.11382,750000,2610000
2019-12-12 13:31:31.611000,1.11386,1.11382,3750000,2210000
2019-12-12 13:31:31.662000,1.11386,1.11382,3050000,2210000
2019-12-12 13:31:31.713000,1.11386,1.11382,3750000,2210000
2019-12-12 13:31:31.815000,1.11386,1.11382,3050000,1840000
2019-12-12 13:31:31.947000,1.11386,1.11382,2250000,1840000
2019-12-12 13:31:32.402000,1.11387,1.11383,2250000,1200000
2019-12-12 13:31:32.504000,1.11387,1.11384,750000,2960000
2019-12-12 13:31:32.606000,1.11388,1.11384,750000,5140000
2019-12-12 13:31:32.790000,1.11385,1.11384,190000,1500000
2019-12-12 13:31:32.891000,1.11385,1.11383,1690000,1120000
2019-12-12 13:31:34.009000,1.11386,1.11383,3000000,2320000
2019-12-12 13:31:34.111000,1.11388,1.11384,1500000,5320000
2019-12-12 13:31:34.515000,1.11387,1.11383,3750000,5210000
2019-12-12 13:31:34.616000,1.11386,1.11383,2250000,2590000
2019-12-12 13:31:35.039000,1.11387,1.11383,3000000,3710000
2019-12-12 13:31:35.365000,1.11387,1.11383,3000000,1300000
2019-12-12 13:31:35.467000,1.11387,1.11383,3000000,820000
2019-12-12 13:31:35.569000,1.11387,1.11383,5250000,1600000
2019-12-12 13:31:36.631000,1.11387,1.11383,6000000,1570000
2019-12-12 13:31:36.734000,1.11387,1.11384,2250000,100000
2019-12-12 13:31:37.182000,1.11387,1.11385,750000,820000
2019-12-12 13:31:39.443000,1.11387,1.11386,750000,100000
2019-12-12 13:31:39.783000,1.11388,1.11387,750000,100000
2019-12-12 13:31:39.834000,1.11389,1.11387,2250000,100000
2019-12-12 13:31:39.935000,1.1139,1.11387,4690000,1650000
2019-12-12 13:31:40.037000,1.11389,1.11387,750000,1570000
2019-12-12 13:31:40.138000,1.1139,1.11387,3190000,820000
2019-12-12 13:31:40.240000,1.11389,1.11387,190000,340000
2019-12-12 13:31:40.342000,1.11391,1.1139,1500000,100000
2019-12-12 13:31:40.393000,1.11392,1.11391,750000,1570000
2019-12-12 13:31:40.495000,1.11393,1.11392,750000,150000
2019-12-12 13:31:40.596000,1.11391,1.1139,370000,3820000
2019-12-12 13:31:40.698000,1.11391,1.11388,820000,750000
2019-12-12 13:31:40.799000,1.1139,1.11387,2250000,940000
2019-12-12 13:31:42.187000,1.1139,1.11386,2250000,820000
2019-12-12 13:31:42.238000,1.11387,1.11386,1690000,100000
2019-12-12 13:31:42.340000,1.11386,1.11384,750000,1570000
2019-12-12 13:31:42.850000,1.11387,1.11384,5440000,100000
2019-12-12 13:31:42.952000,1.11387,1.11383,5510000,1760000
2019-12-12 13:31:43.245000,1.11387,1.11384,5440000,100000
2019-12-12 13:31:43.346000,1.11386,1.11384,750000,100000
2019-12-12 13:31:43.962000,1.11386,1.11383,750000,190000
2019-12-12 13:31:44.114000,1.11385,1.11383,940000,750000
2019-12-12 13:31:44.215000,1.11385,1.11382,1690000,150000
2019-12-12 13:31:45.897000,1.11385,1.11381,1690000,5210000
2019-12-12 13:31:47.285000,1.11385,1.11382,2440000,100000
2019-12-12 13:31:49.385000,1.11385,1.11381,2440000,4760000
2019-12-12 13:31:49.844000,1.11385,1.11381,2440000,7600000
2019-12-12 13:31:49.947000,1.11385,1.11381,2440000,7650000
2019-12-12 13:31:50.048000,1.11385,1.11381,3190000,6150000
2019-12-12 13:31:50.149000,1.11385,1.11381,2440000,3260000
2019-12-12 13:31:51.900000,1.11385,1.11382,3190000,750000
2019-12-12 13:31:52.006000,1.11385,1.11381,3190000,3260000
2019-12-12 13:31:52.624000,1.11384,1.11381,750000,1390000
2019-12-12 13:31:52.726000,1.11382,1.1138,1310000,820000
2019-12-12 13:31:52.828000,1.11384,1.11381,4690000,1010000
2019-12-12 13:31:52.980000,1.11384,1.11382,1690000,750000
2019-12-12 13:31:53.082000,1.11383,1.11381,1500000,750000
2019-12-12 13:31:53.185000,1.11383,1.1138,1120000,2250000
2019-12-12 13:31:53.287000,1.11384,1.11381,1950000,260000
2019-12-12 13:31:53.389000,1.11384,1.11382,750000,1570000
2019-12-12 13:31:53.497000,1.11385,1.11382,2140000,820000
2019-12-12 13:31:55.446000,1.11385,1.11383,1500000,1500000
2019-12-12 13:31:55.547000,1.11386,1.11384,2060000,100000
2019-12-12 13:31:55.833000,1.11387,1.11386,750000,750000
2019-12-12 13:31:55.883000,1.11389,1.11386,750000,2060000
2019-12-12 13:31:56.036000,1.11389,1.11387,750000,750000
2019-12-12 13:31:56.137000,1.1139,1.11387,940000,1570000
2019-12-12 13:31:57.359000,1.11389,1.11388,750000,1500000
2019-12-12 13:31:57.714000,1.11389,1.11387,560000,4090000
2019-12-12 13:31:58.860000,1.1139,1.11388,1500000,1500000
2019-12-12 13:32:00.392000,1.11391,1.11388,3190000,820000
2019-12-12 13:32:00.729000,1.11389,1.11387,1010000,750000
2019-12-12 13:32:00.780000,1.11389,1.11386,1200000,1570000
2019-12-12 13:32:00.882000,1.1139,1.11386,2440000,1690000
2019-12-12 13:32:01.461000,1.1139,1.11387,3750000,820000
2019-12-12 13:32:01.851000,1.11391,1.1139,1500000,820000
2019-12-12 13:32:01.902000,1.11392,1.11391,1120000,820000
2019-12-12 13:32:02.229000,1.11396,1.11392,2810000,4840000
2019-12-12 13:32:03.449000,1.11395,1.11392,370000,1010000
2019-12-12 13:32:03.954000,1.11394,1.11391,1500000,2590000
2019-12-12 13:32:04.056000,1.11393,1.1139,750000,2590000
2019-12-12 13:32:04.491000,1.11392,1.1139,750000,100000
2019-12-12 13:32:04.592000,1.11395,1.11392,3940000,370000
2019-12-12 13:32:06.413000,1.11395,1.11393,4760000,100000
2019-12-12 13:32:08.717000,1.11395,1.11392,940000,1270000
2019-12-12 13:32:08.831000,1.11396,1.11393,2440000,100000
2019-12-12 13:32:08.932000,1.11396,1.11392,3750000,2960000
2019-12-12 13:32:09.034000,1.11395,1.11392,190000,820000
2019-12-12 13:32:09.639000,1.11396,1.11392,3260000,820000
2019-12-12 13:32:09.740000,1.11395,1.11393,190000,710000
2019-12-12 13:32:09.791000,1.11397,1.11393,4120000,1840000
2019-12-12 13:32:09.892000,1.11397,1.11394,3750000,100000
2019-12-12 13:32:10.019000,1.11397,1.11393,3750000,2960000
2019-12-12 13:32:10.454000,1.11398,1.11396,2250000,260000
2019-12-12 13:32:10.557000,1.11399,1.11397,2250000,1500000
2019-12-12 13:32:10.659000,1.11399,1.11398,1120000,190000
2019-12-12 13:32:12.502000,1.114,1.11398,1500000,190000
2019-12-12 13:32:13.073000,1.11399,1.11398,750000,190000
2019-12-12 13:32:13.918000,1.11401,1.11399,1640000,750000
2019-12-12 13:32:14.431000,1.11402,1.11401,940000,1500000
2019-12-12 13:32:14.532000,1.11405,1.11402,2620000,1570000
2019-12-12 13:32:14.972000,1.11404,1.11402,1200000,3000000
2019-12-12 13:32:15.023000,1.11403,1.11401,370000,820000
2019-12-12 13:32:15.074000,1.11404,1.114,3700000,2020000
2019-12-12 13:32:15.175000,1.11404,1.11401,3940000,1570000
2019-12-12 13:32:15.327000,1.11404,1.114,1500000,5210000
2019-12-12 13:32:15.479000,1.11404,1.11401,1500000,750000
2019-12-12 13:32:15.910000,1.11403,1.11401,1500000,640000
2019-12-12 13:32:16.044000,1.11403,1.114,750000,2250000
2019-12-12 13:32:16.247000,1.11403,1.11401,750000,750000
2019-12-12 13:32:16.298000,1.11404,1.11403,3000000,100000
2019-12-12 13:32:16.399000,1.11405,1.11403,370000,100000
2019-12-12 13:32:16.857000,1.11405,1.11402,370000,2320000
2019-12-12 13:32:17.009000,1.11405,1.11403,370000,750000
2019-12-12 13:32:17.110000,1.11405,1.11402,370000,3070000
2019-12-12 13:32:17.262000,1.11406,1.11402,940000,3520000
2019-12-12 13:32:17.589000,1.11406,1.11403,4120000,100000
2019-12-12 13:32:17.721000,1.11405,1.11403,370000,100000
2019-12-12 13:32:17.873000,1.11404,1.11401,1690000,1500000
2019-12-12 13:32:18.077000,1.11402,1.11399,940000,820000
2019-12-12 13:32:18.461000,1.11402,1.114,190000,100000
2019-12-12 13:32:18.967000,1.11403,1.11401,1120000,1570000
2019-12-12 13:32:19.095000,1.11405,1.11402,2440000,820000
2019-12-12 13:32:21.321000,1.11404,1.11401,1690000,3750000
2019-12-12 13:32:21.446000,1.11403,1.114,1120000,750000
2019-12-12 13:32:21.852000,1.11404,1.11402,5500000,100000
2019-12-12 13:32:22.670000,1.11404,1.11402,190000,3260000
2019-12-12 13:32:22.772000,1.11404,1.11402,190000,3340000
2019-12-12 13:32:23.071000,1.11406,1.11403,3750000,1010000
2019-12-12 13:32:23.200000,1.11407,1.11404,3190000,750000
2019-12-12 13:32:23.610000,1.11406,1.11404,1500000,850000
2019-12-12 13:32:23.662000,1.11408,1.11406,4500000,3640000
2019-12-12 13:32:23.763000,1.11411,1.11407,4690000,2320000
2019-12-12 13:32:23.891000,1.11411,1.11407,4780000,2770000
2019-12-12 13:32:23.992000,1.11409,1.11407,560000,2210000
2019-12-12 13:32:24.096000,1.1141,1.11407,440000,1570000
2019-12-12 13:32:24.222000,1.1141,1.11407,440000,2050000
2019-12-12 13:32:24.807000,1.1141,1.11407,630000,1570000
2019-12-12 13:32:24.908000,1.1141,1.11408,560000,100000
2019-12-12 13:32:25.009000,1.11411,1.11408,1690000,100000
2019-12-12 13:32:25.110000,1.1141,1.11407,1500000,2250000
2019-12-12 13:32:25.212000,1.1141,1.11408,750000,100000
2019-12-12 13:32:25.538000,1.1141,1.11407,750000,2770000
2019-12-12 13:32:25.851000,1.11411,1.11407,2810000,900000
2019-12-12 13:32:26.119000,1.11412,1.11411,750000,100000
2019-12-12 13:32:26.170000,1.11415,1.11413,3940000,100000
2019-12-12 13:32:26.322000,1.11415,1.11414,3000000,100000
2019-12-12 13:32:26.373000,1.11417,1.11414,940000,1570000
2019-12-12 13:32:26.475000,1.11418,1.11417,190000,100000
2019-12-12 13:32:26.576000,1.11416,1.11415,190000,4950000
2019-12-12 13:32:26.678000,1.11416,1.11413,190000,820000
2019-12-12 13:32:27.790000,1.11416,1.11414,1690000,750000
2019-12-12 13:32:27.892000,1.11416,1.11413,1690000,2250000
2019-12-12 13:32:28.432000,1.11417,1.11413,3750000,3150000
2019-12-12 13:32:28.756000,1.11418,1.11413,8770000,4650000
2019-12-12 13:32:28.857000,1.11417,1.11413,750000,5400000
2019-12-12 13:32:28.908000,1.11418,1.11415,2250000,1950000
2019-12-12 13:32:29.010000,1.11419,1.11417,820000,4760000
2019-12-12 13:32:29.111000,1.11421,1.11417,370000,7570000
2019-12-12 13:32:29.213000,1.11422,1.11419,3630000,100000
2019-12-12 13:32:29.327000,1.11421,1.11419,750000,820000
2019-12-12 13:32:29.428000,1.11422,1.11419,4380000,100000
2019-12-12 13:32:29.602000,1.11421,1.11419,750000,100000
2019-12-12 13:32:29.849000,1.1142,1.11418,1120000,750000
2019-12-12 13:32:30.002000,1.11421,1.11419,1950000,100000
2019-12-12 13:32:30.053000,1.11422,1.1142,5060000,100000
2019-12-12 13:32:30.344000,1.11421,1.1142,750000,100000
2019-12-12 13:32:30.445000,1.11422,1.11418,5810000,2320000
2019-12-12 13:32:30.547000,1.11421,1.11418,750000,2320000
2019-12-12 13:32:30.940000,1.11422,1.11418,4310000,1570000
2019-12-12 13:32:31.095000,1.11421,1.11418,1010000,1120000
2019-12-12 13:32:31.197000,1.11419,1.11416,4500000,2510000
2019-12-12 13:32:31.299000,1.11419,1.11416,6940000,100000
2019-12-12 13:32:31.400000,1.11419,1.11416,7240000,100000
2019-12-12 13:32:31.501000,1.11417,1.11415,190000,190000
2019-12-12 13:32:31.603000,1.11417,1.11414,3930000,100000
2019-12-12 13:32:32.273000,1.11417,1.11414,7010000,100000
2019-12-12 13:32:32.375000,1.11417,1.11415,750000,100000
2019-12-12 13:32:32.476000,1.11417,1.11414,1500000,100000
2019-12-12 13:32:33.211000,1.11416,1.11413,190000,2700000
2019-12-12 13:32:34.457000,1.11416,1.11412,1690000,1650000
2019-12-12 13:32:34.610000,1.11412,1.11411,750000,1200000
2019-12-12 13:32:34.712000,1.11412,1.11411,1500000,750000
2019-12-12 13:32:34.864000,1.11413,1.11411,3000000,750000
2019-12-12 13:32:35.016000,1.11412,1.11411,190000,100000
2019-12-12 13:32:35.122000,1.11413,1.11411,4120000,100000
2019-12-12 13:32:35.223000,1.11413,1.1141,2060000,1090000
2019-12-12 13:32:36.223000,1.11413,1.11411,2060000,100000
2019-12-12 13:32:36.325000,1.11414,1.11411,4610000,520000
2019-12-12 13:32:36.426000,1.11414,1.11412,750000,100000
2019-12-12 13:32:36.528000,1.11415,1.11413,3750000,100000
2019-12-12 13:32:36.680000,1.11415,1.11414,1500000,100000
2019-12-12 13:32:37.022000,1.11415,1.11413,450000,150000
2019-12-12 13:32:37.123000,1.11416,1.11413,2700000,100000
2019-12-12 13:32:37.224000,1.11416,1.11414,3450000,100000
2019-12-12 13:32:37.326000,1.11416,1.11413,4200000,2020000
2019-12-12 13:32:37.477000,1.11416,1.11414,2700000,150000
2019-12-12 13:32:37.579000,1.11415,1.11414,450000,100000
2019-12-12 13:32:37.680000,1.11416,1.11414,1200000,100000
2019-12-12 13:32:38.521000,1.11416,1.11413,1200000,1570000
2019-12-12 13:32:38.723000,1.11414,1.11412,1870000,100000
2019-12-12 13:32:38.826000,1.11412,1.11411,560000,450000
2019-12-12 13:32:38.927000,1.11412,1.11408,2250000,2400000
2019-12-12 13:32:39.029000,1.11412,1.1141,1500000,820000
2019-12-12 13:32:39.131000,1.11413,1.11411,1500000,100000
2019-12-12 13:32:40.114000,1.11414,1.11411,3190000,150000
2019-12-12 13:32:40.970000,1.11415,1.11412,2250000,1570000
2019-12-12 13:32:41.239000,1.11415,1.11413,3450000,750000
2019-12-12 13:32:41.341000,1.11415,1.11412,2250000,1650000
2019-12-12 13:32:41.647000,1.11414,1.11412,640000,100000
2019-12-12 13:32:41.749000,1.11412,1.11411,1690000,100000
2019-12-12 13:32:41.855000,1.11412,1.11409,1870000,1500000
2019-12-12 13:32:42.880000,1.11412,1.1141,750000,520000
2019-12-12 13:32:43.019000,1.11413,1.11412,1120000,260000
2019-12-12 13:32:43.120000,1.11414,1.11412,750000,100000
2019-12-12 13:32:43.222000,1.11414,1.11411,750000,900000
2019-12-12 13:32:43.323000,1.11413,1.11411,1500000,820000
2019-12-12 13:32:43.475000,1.11413,1.1141,1500000,820000
2019-12-12 13:32:43.577000,1.11411,1.1141,750000,450000
2019-12-12 13:32:43.628000,1.11411,1.11408,750000,100000
2019-12-12 13:32:47.675000,1.11411,1.11407,2440000,1950000
2019-12-12 13:32:47.978000,1.1141,1.11407,750000,3260000
2019-12-12 13:32:48.431000,1.11411,1.11407,1690000,2510000
2019-12-12 13:32:48.533000,1.11412,1.11409,5620000,100000
2019-12-12 13:32:48.700000,1.11411,1.11409,100000,100000
2019-12-12 13:32:49.230000,1.11412,1.11409,4390000,100000
2019-12-12 13:32:49.739000,1.11411,1.11409,1500000,100000
2019-12-12 13:32:50.842000,1.11411,1.11408,1500000,2140000
2019-12-12 13:32:51.797000,1.1141,1.11408,750000,820000
2019-12-12 13:32:51.899000,1.11411,1.11408,2060000,820000
2019-12-12 13:32:52.154000,1.1141,1.11408,750000,150000
2019-12-12 13:32:52.281000,1.11411,1.11408,2060000,100000
2019-12-12 13:32:52.860000,1.11412,1.1141,5320000,100000
2019-12-12 13:32:52.962000,1.11411,1.1141,750000,100000
2019-12-12 13:32:53.376000,1.11411,1.11408,1690000,2590000
2019-12-12 13:32:53.512000,1.11411,1.11409,1500000,450000
2019-12-12 13:32:53.614000,1.11411,1.11408,750000,1500000
2019-12-12 13:32:55.041000,1.1141,1.11408,750000,2700000
2019-12-12 13:32:55.092000,1.11408,1.11407,750000,2810000
2019-12-12 13:32:55.194000,1.11408,1.11405,4310000,750000
2019-12-12 13:32:55.295000,1.11407,1.11405,940000,750000
2019-12-12 13:32:55.498000,1.11408,1.11405,3560000,100000
2019-12-12 13:32:55.615000,1.11408,1.11406,1310000,1010000
2019-12-12 13:32:55.717000,1.11408,1.11407,750000,100000
2019-12-12 13:32:55.836000,1.11409,1.11407,750000,100000
2019-12-12 13:32:56.306000,1.11409,1.11406,750000,2960000
2019-12-12 13:32:56.478000,1.11409,1.11407,1500000,750000
2019-12-12 13:32:57.378000,1.11408,1.11407,750000,100000
2019-12-12 13:32:57.429000,1.11406,1.11405,1690000,2810000
2019-12-12 13:32:57.530000,1.11403,1.11402,2250000,1310000
2019-12-12 13:32:57.632000,1.11403,1.11401,2440000,750000
2019-12-12 13:32:57.842000,1.11403,1.114,750000,2210000
2019-12-12 13:32:57.994000,1.11404,1.11401,1910000,710000
2019-12-12 13:32:58.095000,1.11403,1.11402,750000,750000
2019-12-12 13:32:58.196000,1.11404,1.11402,940000,1200000
2019-12-12 13:32:58.304000,1.11402,1.11401,2440000,1200000
2019-12-12 13:32:58.355000,1.11401,1.11398,750000,2280000
2019-12-12 13:32:59.055000,1.11398,1.11397,820000,3190000
2019-12-12 13:32:59.152000,1.11395,1.11394,750000,4090000
2019-12-12 13:32:59.255000,1.11394,1.11391,940000,3490000
2019-12-12 13:32:59.356000,1.11394,1.11392,940000,450000
2019-12-12 13:32:59.755000,1.11393,1.11392,750000,450000
2019-12-12 13:32:59.857000,1.11393,1.11391,750000,190000
2019-12-12 13:32:59.958000,1.11395,1.11393,1500000,100000
2019-12-12 13:33:00.331000,1.11395,1.11392,1500000,2020000
2019-12-12 13:33:00.433000,1.11391,1.1139,750000,1010000
2019-12-12 13:33:00.536000,1.11391,1.11387,1870000,1840000
2019-12-12 13:33:00.638000,1.1139,1.11387,750000,1090000
2019-12-12 13:33:00.891000,1.11391,1.11387,1870000,2210000
2019-12-12 13:33:01.001000,1.11391,1.11388,1690000,100000
2019-12-12 13:33:01.558000,1.11391,1.11387,940000,1570000
2019-12-12 13:33:01.697000,1.11391,1.11388,750000,450000
2019-12-12 13:33:02.394000,1.11391,1.11387,750000,3150000
2019-12-12 13:33:02.495000,1.1139,1.11388,370000,1200000
2019-12-12 13:33:02.597000,1.11391,1.11389,1500000,150000
2019-12-12 13:33:02.915000,1.1139,1.11387,750000,2140000
2019-12-12 13:33:03.905000,1.11391,1.11388,6190000,1570000
2019-12-12 13:33:04.006000,1.1139,1.11389,750000,450000
2019-12-12 13:33:04.107000,1.11391,1.11389,1690000,450000
2019-12-12 13:33:04.259000,1.11391,1.11388,3370000,1760000
2019-12-12 13:33:04.475000,1.1139,1.11387,820000,3450000
2019-12-12 13:33:04.526000,1.1139,1.11389,100000,100000
2019-12-12 13:33:04.627000,1.11391,1.11389,2440000,100000
2019-12-12 13:33:07.053000,1.11391,1.11388,3160000,100000
2019-12-12 13:33:07.300000,1.11392,1.11391,750000,2320000
2019-12-12 13:33:07.352000,1.11394,1.11392,3000000,3710000
2019-12-12 13:33:07.403000,1.11396,1.11395,560000,3340000
2019-12-12 13:33:07.506000,1.11398,1.11396,2140000,750000
2019-12-12 13:33:07.708000,1.11397,1.11396,370000,750000
2019-12-12 13:33:07.759000,1.11397,1.11394,560000,450000
2019-12-12 13:33:07.898000,1.11396,1.11393,190000,2400000
2019-12-12 13:33:08.109000,1.11396,1.11394,190000,450000
2019-12-12 13:33:08.329000,1.11396,1.11393,190000,6340000
2019-12-12 13:33:08.742000,1.11398,1.11396,2140000,100000
2019-12-12 13:33:08.944000,1.11398,1.11395,190000,6340000
2019-12-12 13:33:09.853000,1.11398,1.11397,190000,750000
2019-12-12 13:33:09.954000,1.11399,1.11398,370000,820000
2019-12-12 13:33:10.056000,1.114,1.11398,190000,1950000
2019-12-12 13:33:10.366000,1.11401,1.11399,2250000,820000
2019-12-12 13:33:10.420000,1.11403,1.11402,1310000,14770000
2019-12-12 13:33:10.471000,1.11405,1.11404,1120000,450000
2019-12-12 13:33:10.623000,1.11404,1.11402,190000,6640000
2019-12-12 13:33:10.725000,1.11404,1.11403,940000,100000
2019-12-12 13:33:10.826000,1.11402,1.11401,370000,750000
2019-12-12 13:33:10.877000,1.11404,1.11403,640000,820000
2019-12-12 13:33:11.015000,1.11405,1.11403,1310000,2210000
2019-12-12 13:33:11.116000,1.11406,1.11404,3750000,450000
2019-12-12 13:33:11.230000,1.11405,1.11404,750000,450000
2019-12-12 13:33:11.333000,1.11405,1.11403,750000,2770000
2019-12-12 13:33:11.434000,1.11406,1.11403,3820000,1500000
2019-12-12 13:33:11.536000,1.11405,1.11403,2440000,750000
2019-12-12 13:33:11.637000,1.11404,1.11403,190000,750000
2019-12-12 13:33:11.899000,1.11405,1.11403,1500000,750000
2019-12-12 13:33:12.906000,1.11406,1.11404,3750000,750000
2019-12-12 13:33:13.159000,1.11406,1.11403,750000,3070000
2019-12-12 13:33:13.742000,1.11406,1.11403,1310000,1200000
2019-12-12 13:33:15,1.11405,1.11403,2440000,750000
2019-12-12 13:33:15.103000,1.11404,1.11401,4760000,750000
2019-12-12 13:33:15.235000,1.11404,1.11402,3190000,750000
2019-12-12 13:33:16.351000,1.11403,1.11402,190000,750000
2019-12-12 13:33:18.709000,1.11404,1.11402,1690000,2250000
2019-12-12 13:33:19.140000,1.11405,1.11403,2440000,750000
2019-12-12 13:33:19.242000,1.11405,1.11404,2060000,450000
2019-12-12 13:33:19.362000,1.11407,1.11405,1500000,820000
2019-12-12 13:33:19.463000,1.11408,1.11405,6070000,450000
2019-12-12 13:33:19.565000,1.11408,1.11406,2320000,2320000
2019-12-12 13:33:19.667000,1.1141,1.11409,2440000,750000
2019-12-12 13:33:19.721000,1.11411,1.11409,2510000,750000
2019-12-12 13:33:19.822000,1.11411,1.1141,2440000,450000
2019-12-12 13:33:19.939000,1.11411,1.11409,940000,1570000
2019-12-12 13:33:20.615000,1.11412,1.11409,190000,2020000
2019-12-12 13:33:20.718000,1.11412,1.1141,1500000,750000
2019-12-12 13:33:20.820000,1.11413,1.11411,2250000,1200000
2019-12-12 13:33:20.922000,1.11415,1.11412,2440000,750000
2019-12-12 13:33:21.023000,1.11415,1.11412,2630000,820000
2019-12-12 13:33:21.225000,1.11415,1.11412,1690000,1390000
2019-12-12 13:33:22.568000,1.11413,1.11412,190000,750000
2019-12-12 13:33:23.184000,1.11414,1.11413,940000,750000
2019-12-12 13:33:23.285000,1.11413,1.11411,190000,7570000
2019-12-12 13:33:23.477000,1.11413,1.11412,190000,750000
2019-12-12 13:33:23.578000,1.11413,1.11411,190000,3190000
2019-12-12 13:33:24.265000,1.11413,1.11412,190000,750000
2019-12-12 13:33:24.417000,1.11414,1.11413,1690000,750000
2019-12-12 13:33:24.518000,1.11415,1.11413,1690000,750000
2019-12-12 13:33:24.619000,1.11414,1.11413,750000,750000
2019-12-12 13:33:24.721000,1.11415,1.11412,1690000,3640000
2019-12-12 13:33:24.850000,1.11414,1.11411,1690000,3260000
2019-12-12 13:33:24.953000,1.11412,1.11411,1500000,100000
2019-12-12 13:33:25.056000,1.11412,1.11409,1690000,750000
2019-12-12 13:33:25.208000,1.11412,1.1141,1690000,750000
2019-12-12 13:33:25.360000,1.11412,1.11409,1840000,1270000
2019-12-12 13:33:25.461000,1.11411,1.11409,190000,750000
2019-12-12 13:33:26.481000,1.11411,1.11408,1690000,750000
2019-12-12 13:33:26.839000,1.11411,1.11407,190000,5890000
2019-12-12 13:33:26.941000,1.1141,1.11407,1010000,100000
2019-12-12 13:33:26.992000,1.11407,1.11406,1760000,3750000
2019-12-12 13:33:27.042000,1.11405,1.11404,940000,1310000
2019-12-12 13:33:27.144000,1.11405,1.11402,940000,2250000
2019-12-12 13:33:27.296000,1.11405,1.11403,940000,750000
2019-12-12 13:33:28.013000,1.11405,1.11404,750000,100000
2019-12-12 13:33:28.114000,1.11405,1.11403,750000,2250000
2019-12-12 13:33:31.061000,1.11405,1.11402,1760000,4270000
2019-12-12 13:33:31.213000,1.11404,1.11402,1200000,2250000
2019-12-12 13:33:31.366000,1.11404,1.11403,1500000,1500000
2019-12-12 13:33:31.473000,1.11404,1.11402,750000,3750000
2019-12-12 13:33:31.777000,1.11406,1.11403,6260000,750000
2019-12-12 13:33:32.686000,1.11405,1.11403,1010000,750000
2019-12-12 13:33:32.787000,1.11403,1.11402,2320000,2250000
2019-12-12 13:33:32.838000,1.11401,1.114,750000,1200000
2019-12-12 13:33:32.940000,1.11402,1.11399,2140000,750000
2019-12-12 13:33:33.573000,1.11402,1.11401,750000,100000
2019-12-12 13:33:33.675000,1.11404,1.11403,1500000,100000
2019-12-12 13:33:33.776000,1.11405,1.11403,1690000,100000
2019-12-12 13:33:33.979000,1.11405,1.11402,2440000,750000
2019-12-12 13:33:34.665000,1.11405,1.11401,750000,7840000
2019-12-12 13:33:34.768000,1.11405,1.11402,750000,1500000
2019-12-12 13:33:34.928000,1.11405,1.11401,750000,6340000
2019-12-12 13:33:35.091000,1.11405,1.11402,750000,750000
2019-12-12 13:33:35.192000,1.11405,1.11401,820000,7010000
2019-12-12 13:33:35.294000,1.11405,1.11402,1570000,750000
2019-12-12 13:33:35.395000,1.11405,1.11403,1500000,1500000
2019-12-12 13:33:37.352000,1.11404,1.11402,750000,750000
2019-12-12 13:33:37.453000,1.11402,1.11401,750000,750000
2019-12-12 13:33:37.555000,1.11403,1.11401,1570000,750000
2019-12-12 13:33:37.656000,1.11402,1.11401,1310000,750000
2019-12-12 13:33:37.777000,1.11403,1.11401,1760000,750000
2019-12-12 13:33:37.929000,1.11402,1.11401,1200000,750000
2019-12-12 13:33:37.980000,1.11402,1.11399,3070000,2400000
2019-12-12 13:33:38.081000,1.11401,1.11399,750000,750000
2019-12-12 13:33:38.385000,1.11403,1.11399,4950000,2250000
2019-12-12 13:33:38.436000,1.11402,1.11401,750000,750000
2019-12-12 13:33:38.739000,1.11404,1.11401,940000,3070000
2019-12-12 13:33:38.841000,1.11405,1.11403,1950000,1500000
2019-12-12 13:33:39.278000,1.11405,1.11404,940000,750000
2019-12-12 13:33:39.379000,1.11405,1.11403,940000,3190000
2019-12-12 13:33:39.481000,1.11407,1.11403,1650000,3070000
2019-12-12 13:33:39.900000,1.11405,1.11403,1500000,1500000
2019-12-12 13:33:40.027000,1.11404,1.11402,640000,750000
2019-12-12 13:33:40.129000,1.11404,1.11401,4270000,1500000
2019-12-12 13:33:41.142000,1.11402,1.11401,190000,1500000
2019-12-12 13:33:41.194000,1.11401,1.11399,2250000,750000
2019-12-12 13:33:41.296000,1.11401,1.11398,560000,2890000
2019-12-12 13:33:41.440000,1.11402,1.11399,5250000,750000
2019-12-12 13:33:41.869000,1.11402,1.11398,3070000,1570000
2019-12-12 13:33:41.920000,1.11402,1.114,1570000,100000
2019-12-12 13:33:42.123000,1.11403,1.114,2510000,2320000
2019-12-12 13:33:42.226000,1.11404,1.11401,2700000,2440000
2019-12-12 13:33:42.445000,1.11403,1.11401,750000,1500000
2019-12-12 13:33:42.596000,1.11404,1.11401,1690000,750000
2019-12-12 13:33:42.719000,1.11403,1.11401,750000,750000
2019-12-12 13:33:42.936000,1.11404,1.11401,1690000,750000
2019-12-12 13:33:43.043000,1.11404,1.11402,260000,100000
2019-12-12 13:33:43.195000,1.11405,1.11402,4090000,100000
2019-12-12 13:33:43.397000,1.11403,1.11401,100000,750000
2019-12-12 13:33:46.041000,1.11403,1.114,3190000,2250000
2019-12-12 13:33:46.658000,1.11402,1.11401,1010000,750000
2019-12-12 13:33:46.873000,1.11402,1.11401,820000,750000
2019-12-12 13:33:47.026000,1.11403,1.11401,4050000,750000
2019-12-12 13:33:47.331000,1.11403,1.114,2250000,2320000
2019-12-12 13:33:48.717000,1.11403,1.11402,750000,820000
2019-12-12 13:33:48.818000,1.11405,1.11403,750000,750000
2019-12-12 13:33:48.920000,1.11403,1.11401,100000,8140000
2019-12-12 13:33:49.022000,1.11403,1.11402,100000,750000
2019-12-12 13:33:49.174000,1.11403,1.114,1010000,750000
2019-12-12 13:33:49.276000,1.11402,1.114,750000,2060000
2019-12-12 13:33:49.665000,1.11401,1.11399,100000,2890000
2019-12-12 13:33:49.868000,1.11402,1.11399,1500000,1570000
2019-12-12 13:33:49.969000,1.11401,1.114,1500000,750000
2019-12-12 13:33:50.113000,1.114,1.11399,100000,750000
2019-12-12 13:33:50.218000,1.114,1.11397,3260000,750000
2019-12-12 13:33:50.269000,1.11398,1.11397,750000,750000
2019-12-12 13:33:50.370000,1.11397,1.11396,750000,750000
2019-12-12 13:33:50.472000,1.11397,1.11395,1760000,1500000
2019-12-12 13:33:50.573000,1.11395,1.11393,1200000,1500000
2019-12-12 13:33:50.674000,1.11396,1.11393,3820000,2320000
2019-12-12 13:33:51.351000,1.11396,1.11394,3940000,100000
2019-12-12 13:33:52.529000,1.11397,1.11394,1500000,820000
2019-12-12 13:33:52.632000,1.11398,1.11397,820000,100000
2019-12-12 13:33:52.752000,1.11399,1.11397,750000,3820000
2019-12-12 13:33:52.803000,1.11401,1.11398,3070000,450000
2019-12-12 13:33:53.189000,1.11401,1.11397,750000,5770000
2019-12-12 13:33:53.240000,1.11402,1.11399,3450000,820000
2019-12-12 13:33:53.341000,1.11403,1.11402,2510000,190000
2019-12-12 13:33:53.443000,1.11404,1.11402,190000,1760000
2019-12-12 13:33:53.558000,1.11406,1.11403,4570000,750000
2019-12-12 13:33:53.659000,1.11405,1.11403,750000,750000
2019-12-12 13:33:53.760000,1.11406,1.11403,6000000,750000
2019-12-12 13:33:53.862000,1.11405,1.11403,100000,750000
2019-12-12 13:33:54.015000,1.11406,1.11403,4500000,750000
2019-12-12 13:33:55.741000,1.11405,1.11402,1030000,2700000
2019-12-12 13:33:55.793000,1.11404,1.11402,190000,2250000
2019-12-12 13:33:55.930000,1.11402,1.114,3190000,750000
2019-12-12 13:33:55.981000,1.11402,1.11398,4950000,3750000
2019-12-12 13:33:56.099000,1.11401,1.11398,190000,2810000
2019-12-12 13:33:56.301000,1.11401,1.11399,190000,750000
2019-12-12 13:33:56.413000,1.11401,1.11398,190000,2250000
2019-12-12 13:33:57.149000,1.11401,1.11399,190000,820000
2019-12-12 13:33:57.252000,1.11401,1.11398,190000,3070000
2019-12-12 13:33:57.354000,1.114,1.11398,750000,750000
2019-12-12 13:33:57.457000,1.11399,1.11397,190000,190000
2019-12-12 13:33:57.559000,1.11399,1.11395,2210000,2810000
2019-12-12 13:33:57.660000,1.11397,1.11394,100000,1570000
2019-12-12 13:33:57.791000,1.11396,1.11394,4690000,100000
2019-12-12 13:33:57.842000,1.11395,1.11392,2250000,2440000
2019-12-12 13:33:57.943000,1.11395,1.11393,750000,3000000
2019-12-12 13:33:58.095000,1.11396,1.11393,2690000,5250000
2019-12-12 13:34:01.813000,1.11396,1.11394,750000,750000
2019-12-12 13:34:01.914000,1.11396,1.11393,750000,3000000
2019-12-12 13:34:03.114000,1.11397,1.11395,2760000,260000
2019-12-12 13:34:03.216000,1.11397,1.11394,3260000,3450000
2019-12-12 13:34:03.345000,1.11397,1.11394,8960000,750000
2019-12-12 13:34:03.497000,1.11397,1.11392,5960000,5700000
2019-12-12 13:34:03.599000,1.11397,1.11393,4280000,2510000
2019-12-12 13:34:03.823000,1.11397,1.11394,5320000,3000000
2019-12-12 13:34:05.946000,1.11396,1.11393,1500000,4460000
2019-12-12 13:34:06.831000,1.11396,1.11394,1570000,1500000
2019-12-12 13:34:06.944000,1.11397,1.11394,3070000,1500000
2019-12-12 13:34:07.783000,1.11397,1.11394,3640000,2060000
2019-12-12 13:34:07.885000,1.11397,1.11393,7640000,370000
2019-12-12 13:34:08.431000,1.11395,1.11392,640000,2770000
2019-12-12 13:34:08.532000,1.11393,1.11391,2250000,750000
2019-12-12 13:34:08.621000,1.11391,1.11389,1500000,190000
2019-12-12 13:34:08.724000,1.11391,1.11388,4940000,1870000
2019-12-12 13:34:08.826000,1.11389,1.11387,3070000,900000
2019-12-12 13:34:08.928000,1.11388,1.11384,7570000,2510000
2019-12-12 13:34:09.030000,1.11387,1.11385,3260000,560000
2019-12-12 13:34:09.133000,1.11387,1.11384,2020000,1650000
2019-12-12 13:34:09.236000,1.11389,1.11386,2250000,1500000
2019-12-12 13:34:09.489000,1.11388,1.11385,4690000,470000
2019-12-12 13:34:09.541000,1.11387,1.11384,2400000,1310000
2019-12-12 13:34:09.633000,1.11385,1.11383,3150000,750000
2019-12-12 13:34:09.685000,1.11384,1.11381,1570000,2250000
2019-12-12 13:34:09.939000,1.11384,1.1138,3640000,2890000
2019-12-12 13:34:09.990000,1.11382,1.11379,1690000,8890000
2019-12-12 13:34:10.131000,1.11381,1.11377,3070000,1760000
2019-12-12 13:34:10.233000,1.11381,1.11379,2810000,750000
2019-12-12 13:34:10.436000,1.11382,1.11381,1690000,1500000
2019-12-12 13:34:10.537000,1.11384,1.11381,4570000,1570000
2019-12-12 13:34:10.588000,1.11383,1.11381,3000000,370000
2019-12-12 13:34:10.692000,1.11383,1.11379,6750000,640000
2019-12-12 13:34:10.795000,1.11381,1.11378,3000000,1390000
2019-12-12 13:34:10.896000,1.11381,1.11377,6330000,750000
2019-12-12 13:34:10.998000,1.11381,1.11376,9520000,6260000
2019-12-12 13:34:11.150000,1.1138,1.11377,4460000,100000
2019-12-12 13:34:11.252000,1.11379,1.11377,750000,100000
2019-12-12 13:34:11.390000,1.1138,1.11377,3710000,100000
2019-12-12 13:34:11.876000,1.11378,1.11377,750000,370000
2019-12-12 13:34:11.978000,1.1138,1.11378,1500000,750000
2019-12-12 13:34:12.081000,1.1138,1.11377,1500000,750000
2019-12-12 13:34:12.183000,1.1138,1.11378,750000,820000
2019-12-12 13:34:12.285000,1.11382,1.11381,820000,1500000
2019-12-12 13:34:12.337000,1.11384,1.11381,2810000,4010000
2019-12-12 13:34:12.439000,1.11383,1.11381,150000,940000
2019-12-12 13:34:12.490000,1.11381,1.1138,820000,1760000
2019-12-12 13:34:12.541000,1.11381,1.11379,1570000,1500000
2019-12-12 13:34:12.674000,1.11379,1.11378,750000,750000
2019-12-12 13:34:12.776000,1.11379,1.11377,750000,3640000
2019-12-12 13:34:12.877000,1.1138,1.11378,820000,750000
2019-12-12 13:34:12.979000,1.1138,1.11377,750000,5700000
2019-12-12 13:34:13.081000,1.11381,1.11378,1650000,900000
2019-12-12 13:34:13.182000,1.1138,1.11376,2510000,5700000
2019-12-12 13:34:13.233000,1.11377,1.11376,820000,1310000
2019-12-12 13:34:13.334000,1.11375,1.11374,750000,450000
2019-12-12 13:34:13.385000,1.11375,1.11373,3260000,100000
2019-12-12 13:34:13.487000,1.11375,1.11372,3750000,370000
2019-12-12 13:34:13.589000,1.11374,1.11372,1500000,450000
2019-12-12 13:34:14.381000,1.11375,1.11374,6940000,750000
2019-12-12 13:34:14.432000,1.1138,1.11378,14770000,1500000
2019-12-12 13:34:14.534000,1.11381,1.1138,7500000,1570000
2019-12-12 13:34:14.585000,1.11384,1.11382,4200000,1500000
2019-12-12 13:34:14.699000,1.11384,1.11382,2250000,750000
2019-12-12 13:34:14.800000,1.11386,1.11384,3000000,450000
2019-12-12 13:34:14.902000,1.11385,1.11384,750000,820000
2019-12-12 13:34:15.003000,1.11386,1.11384,750000,820000
2019-12-12 13:34:15.206000,1.11387,1.11384,1570000,5020000
2019-12-12 13:34:15.307000,1.11393,1.11391,1870000,1200000
2019-12-12 13:34:15.409000,1.11393,1.11392,190000,1570000
2019-12-12 13:34:15.510000,1.11394,1.11392,750000,1540000
2019-12-12 13:34:15.611000,1.11395,1.11393,190000,1310000
2019-12-12 13:34:15.713000,1.11396,1.11394,2510000,470000
2019-12-12 13:34:15.763000,1.11395,1.11393,190000,1350000
2019-12-12 13:34:15.865000,1.11396,1.11394,940000,100000
2019-12-12 13:34:15.978000,1.11398,1.11396,750000,640000
2019-12-12 13:34:16.079000,1.114,1.11398,750000,100000
2019-12-12 13:34:16.130000,1.11402,1.114,3370000,1500000
2019-12-12 13:34:16.232000,1.11404,1.11403,560000,1500000
2019-12-12 13:34:16.283000,1.11405,1.11404,450000,750000
2019-12-12 13:34:16.384000,1.11404,1.11403,750000,1350000
2019-12-12 13:34:16.533000,1.11402,1.11401,3000000,150000
2019-12-12 13:34:16.585000,1.11402,1.114,190000,1570000
2019-12-12 13:34:16.686000,1.11403,1.11401,750000,2320000
2019-12-12 13:34:16.737000,1.11406,1.11403,2140000,170000
2019-12-12 13:34:16.889000,1.11411,1.11409,6640000,940000
2019-12-12 13:34:17.001000,1.11412,1.11411,190000,3070000
2019-12-12 13:34:17.053000,1.11414,1.11412,1690000,2100000
2019-12-12 13:34:17.104000,1.11415,1.11413,2250000,1200000
2019-12-12 13:34:17.155000,1.11417,1.11416,640000,190000
2019-12-12 13:34:17.206000,1.11419,1.11416,1500000,3520000
2019-12-12 13:34:17.257000,1.11423,1.11422,2620000,100000
2019-12-12 13:34:17.310000,1.11429,1.11428,1690000,1570000
2019-12-12 13:34:17.412000,1.11431,1.11429,750000,1200000
2019-12-12 13:34:17.516000,1.11433,1.11431,4310000,4090000
2019-12-12 13:34:17.618000,1.11431,1.1143,940000,3260000
2019-12-12 13:34:17.720000,1.11431,1.1143,190000,450000
2019-12-12 13:34:17.821000,1.11431,1.11429,190000,450000
2019-12-12 13:34:17.872000,1.11433,1.1143,2250000,450000
2019-12-12 13:34:18.015000,1.11435,1.11432,3640000,2140000
2019-12-12 13:34:18.117000,1.11435,1.11434,750000,1200000
2019-12-12 13:34:18.269000,1.11436,1.11434,2700000,1010000
2019-12-12 13:34:18.370000,1.11434,1.11433,1500000,1950000
2019-12-12 13:34:18.441000,1.11432,1.11431,1010000,3640000
2019-12-12 13:34:18.492000,1.11431,1.11429,3260000,1200000
2019-12-12 13:34:18.593000,1.1143,1.11429,100000,100000
2019-12-12 13:34:18.695000,1.1143,1.11427,100000,2700000
2019-12-12 13:34:18.747000,1.11432,1.11431,3340000,1500000
2019-12-12 13:34:18.849000,1.11432,1.11431,820000,1200000
2019-12-12 13:34:18.900000,1.11434,1.11432,1120000,2320000
2019-12-12 13:34:19.153000,1.11433,1.1143,4090000,1010000
2019-12-12 13:34:19.255000,1.11434,1.11431,1500000,1390000
2019-12-12 13:34:19.441000,1.11435,1.11432,940000,750000
2019-12-12 13:34:19.543000,1.11435,1.11433,750000,100000
2019-12-12 13:34:19.645000,1.11436,1.11435,1570000,750000
2019-12-12 13:34:19.696000,1.11438,1.11437,5250000,1500000
2019-12-12 13:34:19.797000,1.11442,1.1144,1500000,750000
2019-12-12 13:34:19.913000,1.11445,1.11443,24340000,1500000
2019-12-12 13:34:19.966000,1.11447,1.11445,2060000,2700000
2019-12-12 13:34:20.079000,1.11447,1.11445,2060000,750000
2019-12-12 13:34:20.130000,1.11443,1.11441,820000,4390000
2019-12-12 13:34:20.232000,1.11444,1.11442,8960000,750000
2019-12-12 13:34:20.373000,1.11444,1.11442,2250000,100000
2019-12-12 13:34:20.474000,1.11445,1.11441,2810000,1570000
2019-12-12 13:34:20.576000,1.11447,1.11445,1310000,1690000
2019-12-12 13:34:20.677000,1.11447,1.11446,750000,1200000
2019-12-12 13:34:20.781000,1.11449,1.11446,2400000,450000
2019-12-12 13:34:20.883000,1.11454,1.11453,750000,1500000
2019-12-12 13:34:20.934000,1.11459,1.11456,560000,820000
2019-12-12 13:34:20.985000,1.11462,1.1146,1690000,750000
2019-12-12 13:34:21.085000,1.11463,1.11459,750000,1120000
2019-12-12 13:34:21.136000,1.11465,1.11462,100000,100000
2019-12-12 13:34:21.248000,1.11462,1.11459,750000,3370000
2019-12-12 13:34:21.448000,1.11464,1.11462,560000,1570000
2019-12-12 13:34:21.499000,1.11465,1.11463,1500000,100000
2019-12-12 13:34:21.600000,1.11467,1.11466,750000,100000
2019-12-12 13:34:21.702000,1.11469,1.11466,190000,2020000
2019-12-12 13:34:21.826000,1.11469,1.11468,190000,100000
2019-12-12 13:34:21.928000,1.11469,1.11467,190000,100000
2019-12-12 13:34:22.030000,1.1147,1.11467,190000,2510000
2019-12-12 13:34:22.133000,1.11471,1.11469,1870000,1570000
2019-12-12 13:34:22.235000,1.11471,1.11468,1690000,820000
2019-12-12 13:34:22.337000,1.11469,1.11466,1570000,2060000
2019-12-12 13:34:22.387000,1.11467,1.11463,1500000,1390000
2019-12-12 13:34:22.489000,1.11466,1.11464,750000,100000
2019-12-12 13:34:22.585000,1.11467,1.11464,4030000,100000
2019-12-12 13:34:22.636000,1.11466,1.11463,1500000,400000
2019-12-12 13:34:22.737000,1.11466,1.11463,9070000,750000
2019-12-12 13:34:22.789000,1.11463,1.1146,210000,190000
2019-12-12 13:34:22.890000,1.11458,1.11456,2830000,1010000
2019-12-12 13:34:22.992000,1.11459,1.11456,3190000,750000
2019-12-12 13:34:23.097000,1.11459,1.11456,3000000,820000
2019-12-12 13:34:23.201000,1.11459,1.11455,4200000,1010000
2019-12-12 13:34:23.302000,1.11457,1.11455,750000,100000
2019-12-12 13:34:23.404000,1.11456,1.11453,960000,2250000
2019-12-12 13:34:23.556000,1.11455,1.11453,190000,750000
2019-12-12 13:34:23.681000,1.11455,1.11453,640000,750000
2019-12-12 13:34:23.782000,1.11455,1.11453,640000,750000
2019-12-12 13:34:23.884000,1.11455,1.11454,640000,750000
2019-12-12 13:34:24.086000,1.11455,1.11453,190000,750000
2019-12-12 13:34:24.187000,1.11457,1.11453,1010000,2250000
2019-12-12 13:34:24.326000,1.11456,1.11453,750000,1200000
2019-12-12 13:34:24.427000,1.11456,1.11453,1760000,820000
2019-12-12 13:34:24.528000,1.11457,1.11455,100000,100000
2019-12-12 13:34:24.632000,1.11462,1.11461,750000,1570000
2019-12-12 13:34:24.683000,1.11464,1.11463,190000,1570000
2019-12-12 13:34:24.735000,1.11468,1.11467,750000,100000
2019-12-12 13:34:24.875000,1.11468,1.11467,750000,100000
2019-12-12 13:34:24.978000,1.11469,1.11466,750000,260000
2019-12-12 13:34:25.080000,1.11469,1.11465,2890000,710000
2019-12-12 13:34:25.183000,1.11467,1.11464,1500000,1500000
2019-12-12 13:34:25.285000,1.11467,1.11463,750000,150000
2019-12-12 13:34:25.336000,1.1147,1.11469,7690000,1010000
2019-12-12 13:34:25.438000,1.11471,1.1147,2060000,2250000
2019-12-12 13:34:25.489000,1.11476,1.11473,190000,1270000
2019-12-12 13:34:25.540000,1.11476,1.11475,190000,100000
2019-12-12 13:34:25.590000,1.11478,1.11477,100000,100000
2019-12-12 13:34:25.695000,1.11479,1.11476,940000,100000
2019-12-12 13:34:25.797000,1.11479,1.11475,820000,560000
2019-12-12 13:34:25.899000,1.11479,1.11476,1120000,450000
2019-12-12 13:34:26.044000,1.11479,1.11478,750000,100000
2019-12-12 13:34:26.145000,1.1148,1.11478,750000,470000
2019-12-12 13:34:26.297000,1.1148,1.11478,3000000,560000
2019-12-12 13:34:26.348000,1.11477,1.11475,940000,1760000
2019-12-12 13:34:26.492000,1.11478,1.11476,450000,190000
2019-12-12 13:34:26.543000,1.11482,1.11481,1310000,520000
2019-12-12 13:34:26.696000,1.11483,1.11481,2250000,520000
2019-12-12 13:34:26.849000,1.11481,1.11479,2440000,1950000
2019-12-12 13:34:26.985000,1.11481,1.11478,1950000,2510000
2019-12-12 13:34:27.086000,1.11483,1.11482,3640000,100000
2019-12-12 13:34:27.188000,1.11484,1.11483,450000,1010000
2019-12-12 13:34:27.239000,1.11486,1.11484,1200000,100000
2019-12-12 13:34:27.290000,1.11487,1.11483,1410000,100000
2019-12-12 13:34:27.392000,1.11485,1.11482,3070000,100000
2019-12-12 13:34:27.541000,1.11482,1.1148,750000,820000
2019-12-12 13:34:27.592000,1.11479,1.11477,2140000,1500000
2019-12-12 13:34:27.643000,1.11477,1.11475,1390000,8320000
2019-12-12 13:34:27.745000,1.11476,1.11474,2250000,100000
2019-12-12 13:34:27.796000,1.11477,1.11476,1310000,100000
2019-12-12 13:34:27.897000,1.11477,1.11475,370000,100000
2019-12-12 13:34:28.040000,1.11479,1.11474,1780000,2590000
2019-12-12 13:34:28.142000,1.11479,1.11475,750000,1270000
2019-12-12 13:34:28.244000,1.11477,1.11474,190000,1950000
2019-12-12 13:34:28.345000,1.11477,1.11473,260000,2320000
2019-12-12 13:34:28.447000,1.11473,1.11472,3750000,2060000
2019-12-12 13:34:28.498000,1.1147,1.11469,750000,450000
2019-12-12 13:34:28.628000,1.11469,1.11467,370000,750000
2019-12-12 13:34:28.679000,1.11467,1.11465,750000,1570000
2019-12-12 13:34:28.781000,1.11464,1.11463,190000,2250000
2019-12-12 13:34:28.884000,1.1146,1.11458,1870000,3370000
2019-12-12 13:34:28.986000,1.11458,1.11457,1030000,750000
2019-12-12 13:34:29.038000,1.11456,1.11455,940000,750000
2019-12-12 13:34:29.200000,1.11456,1.11454,560000,100000
2019-12-12 13:34:29.302000,1.11457,1.11455,100000,1570000
2019-12-12 13:34:29.403000,1.11455,1.11453,750000,1650000
2019-12-12 13:34:29.505000,1.11454,1.11452,370000,1570000
2019-12-12 13:34:29.710000,1.11453,1.1145,190000,4460000
2019-12-12 13:34:29.913000,1.11454,1.1145,3070000,1570000
2019-12-12 13:34:30.015000,1.11452,1.1145,100000,1570000
2019-12-12 13:34:30.117000,1.11454,1.1145,3070000,2320000
2019-12-12 13:34:30.263000,1.11453,1.11451,830000,1570000
2019-12-12 13:34:30.314000,1.11454,1.11453,560000,1570000
2019-12-12 13:34:30.415000,1.11456,1.11452,640000,1570000
2019-12-12 13:34:30.517000,1.11457,1.11455,1200000,1570000
2019-12-12 13:34:30.618000,1.11457,1.11455,190000,1570000
2019-12-12 13:34:30.816000,1.11458,1.11454,660000,1570000
2019-12-12 13:34:30.918000,1.11454,1.11452,750000,1950000
2019-12-12 13:34:31.020000,1.11452,1.1145,750000,2320000
2019-12-12 13:34:31.121000,1.11453,1.11451,1310000,1570000
2019-12-12 13:34:31.172000,1.11454,1.11451,3820000,1950000
2019-12-12 13:34:31.274000,1.11453,1.1145,1500000,1390000
2019-12-12 13:34:31.375000,1.11454,1.1145,3450000,1570000
2019-12-12 13:34:31.426000,1.11454,1.11452,560000,1570000
2019-12-12 13:34:31.527000,1.11455,1.11452,1690000,1570000
2019-12-12 13:34:31.629000,1.11456,1.11455,750000,1570000
2019-12-12 13:34:31.680000,1.11462,1.1146,2810000,1570000
2019-12-12 13:34:31.731000,1.11463,1.11461,1500000,100000
2019-12-12 13:34:31.832000,1.11464,1.11462,750000,150000
2019-12-12 13:34:31.964000,1.11465,1.11462,2890000,3260000
2019-12-12 13:34:32.066000,1.11466,1.11462,560000,3340000
2019-12-12 13:34:32.633000,1.11461,1.11459,220000,2440000
2019-12-12 13:34:32.684000,1.11457,1.11456,940000,450000
2019-12-12 13:34:32.786000,1.11455,1.11453,750000,3260000
2019-12-12 13:34:32.888000,1.11455,1.11452,750000,4460000
2019-12-12 13:34:33.091000,1.11453,1.11451,1690000,750000
2019-12-12 13:34:33.193000,1.11451,1.11449,190000,2320000
2019-12-12 13:34:33.294000,1.11452,1.11451,820000,750000
2019-12-12 13:34:33.396000,1.11453,1.11451,190000,4390000
2019-12-12 13:34:33.553000,1.11453,1.11452,190000,150000
2019-12-12 13:34:33.604000,1.11455,1.11452,1500000,820000
2019-12-12 13:34:33.757000,1.11456,1.11454,1970000,100000
2019-12-12 13:34:33.858000,1.11454,1.11453,190000,450000
2019-12-12 13:34:33.960000,1.11455,1.11452,190000,100000
2019-12-12 13:34:34.061000,1.11455,1.11453,190000,100000
2019-12-12 13:34:34.210000,1.11456,1.11455,1500000,100000
2019-12-12 13:34:34.414000,1.1146,1.11458,1120000,1600000
2019-12-12 13:34:34.516000,1.11461,1.1146,1420000,2890000
2019-12-12 13:34:34.567000,1.11469,1.11468,560000,820000
2019-12-12 13:34:34.757000,1.11468,1.11467,1500000,100000
2019-12-12 13:34:34.859000,1.11466,1.11465,940000,450000
2019-12-12 13:34:34.910000,1.11464,1.11463,1690000,560000
2019-12-12 13:34:34.961000,1.11464,1.11461,3750000,560000
2019-12-12 13:34:35.062000,1.11462,1.11461,750000,750000
2019-12-12 13:34:35.113000,1.11462,1.1146,940000,750000
2019-12-12 13:34:35.216000,1.1146,1.11459,190000,450000
2019-12-12 13:34:35.357000,1.1146,1.11458,190000,820000
2019-12-12 13:34:35.459000,1.11462,1.11459,1500000,520000
2019-12-12 13:34:35.561000,1.11462,1.1146,750000,450000
2019-12-12 13:34:35.612000,1.11461,1.11458,940000,1010000
2019-12-12 13:34:35.714000,1.11461,1.11459,1690000,100000
2019-12-12 13:34:36.086000,1.11463,1.1146,3940000,520000
2019-12-12 13:34:36.189000,1.11461,1.11459,12190000,1680000
2019-12-12 13:34:36.241000,1.11459,1.11457,750000,100000
2019-12-12 13:34:36.344000,1.11458,1.11457,1500000,100000
2019-12-12 13:34:36.497000,1.11458,1.11456,750000,520000
2019-12-12 13:34:36.599000,1.1146,1.11458,5060000,1600000
2019-12-12 13:34:36.742000,1.11461,1.11459,750000,710000
2019-12-12 13:34:36.844000,1.11462,1.11459,750000,710000
2019-12-12 13:34:36.996000,1.1146,1.11459,750000,1010000
2019-12-12 13:34:37.047000,1.11456,1.11455,2060000,1500000
2019-12-12 13:34:37.098000,1.11455,1.11453,1690000,560000
2019-12-12 13:34:37.149000,1.11452,1.11451,750000,190000
2019-12-12 13:34:37.284000,1.11451,1.11449,190000,1270000
2019-12-12 13:34:37.385000,1.11452,1.11449,100000,2020000
2019-12-12 13:34:37.487000,1.1145,1.11449,190000,1200000
2019-12-12 13:34:37.588000,1.11449,1.11448,940000,520000
2019-12-12 13:34:37.639000,1.11451,1.11448,2250000,520000
2019-12-12 13:34:37.791000,1.11449,1.11447,1690000,450000
2019-12-12 13:34:37.842000,1.11446,1.11444,940000,2210000
2019-12-12 13:34:37.944000,1.11447,1.11445,190000,520000
2019-12-12 13:34:38.046000,1.11448,1.11445,2250000,100000
2019-12-12 13:34:38.147000,1.11447,1.11445,370000,100000
2019-12-12 13:34:38.249000,1.11448,1.11446,1310000,100000
2019-12-12 13:34:38.350000,1.11447,1.11445,370000,100000
2019-12-12 13:34:38.553000,1.11446,1.11443,750000,1650000
2019-12-12 13:34:38.654000,1.11446,1.11445,190000,100000
2019-12-12 13:34:38.705000,1.11446,1.11443,750000,670000
2019-12-12 13:34:39.251000,1.11447,1.11444,5020000,100000
2019-12-12 13:34:39.353000,1.11448,1.11444,5440000,520000
2019-12-12 13:34:39.405000,1.11446,1.11444,750000,520000
2019-12-12 13:34:39.456000,1.11448,1.11444,3750000,520000
2019-12-12 13:34:39.557000,1.11447,1.11445,750000,100000
2019-12-12 13:34:39.659000,1.11447,1.11444,2250000,520000
2019-12-12 13:34:40.170000,1.11446,1.11444,100000,100000
2019-12-12 13:34:40.272000,1.11447,1.11444,750000,100000
2019-12-12 13:34:40.373000,1.11446,1.11443,450000,2320000
2019-12-12 13:34:41.838000,1.11448,1.11447,4950000,3000000
2019-12-12 13:34:41.889000,1.11451,1.11449,940000,1570000
2019-12-12 13:34:41.991000,1.11452,1.11449,1500000,1010000
2019-12-12 13:34:42.143000,1.11452,1.1145,1200000,100000
2019-12-12 13:34:42.245000,1.11453,1.1145,3820000,100000
2019-12-12 13:34:42.488000,1.11452,1.11451,750000,100000
2019-12-12 13:34:42.590000,1.11453,1.11451,750000,100000
2019-12-12 13:34:42.691000,1.11451,1.11449,5660000,560000
2019-12-12 13:34:42.793000,1.11449,1.11448,8700000,100000
2019-12-12 13:34:42.894000,1.11449,1.11448,2250000,100000
2019-12-12 13:34:43.030000,1.1145,1.11448,2250000,100000
2019-12-12 13:34:43.132000,1.11453,1.11451,5960000,750000
2019-12-12 13:34:43.183000,1.11452,1.1145,820000,3070000
2019-12-12 13:34:43.285000,1.11453,1.1145,750000,2320000
2019-12-12 13:34:43.336000,1.11451,1.1145,190000,1570000
2019-12-12 13:34:43.387000,1.11453,1.11452,1870000,1570000
2019-12-12 13:34:43.488000,1.11454,1.11452,750000,100000
2019-12-12 13:34:43.589000,1.11453,1.11451,4950000,100000
2019-12-12 13:34:43.729000,1.11452,1.1145,1500000,1600000
2019-12-12 13:34:43.831000,1.11451,1.1145,750000,1570000
2019-12-12 13:34:43.882000,1.11451,1.11449,750000,260000
2019-12-12 13:34:43.933000,1.11453,1.11449,6260000,2510000
2019-12-12 13:34:44.085000,1.1145,1.11449,750000,100000
2019-12-12 13:34:44.396000,1.11451,1.11449,820000,1570000
2019-12-12 13:34:44.497000,1.11451,1.1145,190000,2700000
2019-12-12 13:34:44.548000,1.11453,1.11451,3640000,1600000
2019-12-12 13:34:44.599000,1.11451,1.1145,1500000,1650000
2019-12-12 13:34:44.702000,1.11452,1.1145,2440000,450000
2019-12-12 13:34:44.753000,1.11453,1.11451,2250000,3100000
2019-12-12 13:34:44.804000,1.11452,1.1145,940000,520000
2019-12-12 13:34:44.949000,1.11451,1.1145,750000,1570000
2019-12-12 13:34:45.052000,1.11453,1.11449,4690000,1460000
2019-12-12 13:34:45.154000,1.11452,1.11449,3070000,820000
2019-12-12 13:34:45.256000,1.11451,1.11449,1500000,820000
2019-12-12 13:34:45.502000,1.11452,1.11449,2320000,2510000
2019-12-12 13:34:45.603000,1.11453,1.11451,750000,3370000
2019-12-12 13:34:45.705000,1.11455,1.11451,3190000,7830000
2019-12-12 13:34:45.808000,1.11455,1.11452,640000,1760000
2019-12-12 13:34:45.909000,1.11455,1.11453,190000,750000
2019-12-12 13:34:46.231000,1.11455,1.11453,190000,820000
2019-12-12 13:34:46.484000,1.11455,1.11453,260000,3640000
2019-12-12 13:34:46.536000,1.11457,1.11455,750000,6070000
2019-12-12 13:34:46.637000,1.11458,1.11456,750000,1200000
2019-12-12 13:34:46.739000,1.11459,1.11456,750000,4080000
2019-12-12 13:34:46.832000,1.11461,1.11457,1760000,1500000
2019-12-12 13:34:46.935000,1.11461,1.11458,2700000,1090000
2019-12-12 13:34:47.138000,1.11462,1.11459,1200000,370000
2019-12-12 13:34:47.239000,1.11463,1.1146,1500000,2440000
2019-12-12 13:34:47.341000,1.11464,1.11462,750000,1500000
2019-12-12 13:34:47.442000,1.11465,1.11462,2140000,2400000
2019-12-12 13:34:47.904000,1.11466,1.11462,750000,4670000
2019-12-12 13:34:48.501000,1.11467,1.11463,3820000,560000
2019-12-12 13:34:48.602000,1.11466,1.11463,1570000,820000
2019-12-12 13:34:48.805000,1.11467,1.11463,5140000,820000
2019-12-12 13:34:48.906000,1.11466,1.11463,1310000,820000
2019-12-12 13:34:49.226000,1.11467,1.11463,8510000,100000
2019-12-12 13:34:49.328000,1.11465,1.11462,750000,1010000
2019-12-12 13:34:49.430000,1.11462,1.11461,1500000,100000
2019-12-12 13:34:49.481000,1.11464,1.11463,1690000,100000
2019-12-12 13:34:49.532000,1.11465,1.11463,750000,100000
2019-12-12 13:34:49.634000,1.11466,1.11463,1310000,640000
2019-12-12 13:34:49.735000,1.11467,1.11463,3450000,260000
2019-12-12 13:34:49.837000,1.11466,1.11463,750000,260000
2019-12-12 13:34:49.938000,1.11466,1.11465,750000,100000
2019-12-12 13:34:49.990000,1.11467,1.11463,3820000,260000
2019-12-12 13:34:50.041000,1.11467,1.11465,3640000,100000
2019-12-12 13:34:50.348000,1.11468,1.11467,1310000,820000
2019-12-12 13:34:50.450000,1.11473,1.11472,560000,750000
2019-12-12 13:34:50.552000,1.11474,1.11473,560000,100000
2019-12-12 13:34:50.667000,1.11476,1.11473,1570000,820000
2019-12-12 13:34:51.076000,1.11476,1.11475,1120000,820000
2019-12-12 13:34:51.181000,1.11477,1.11476,1390000,100000
2019-12-12 13:34:51.288000,1.11478,1.11477,560000,340000
2019-12-12 13:34:51.390000,1.1148,1.11477,820000,710000
2019-12-12 13:34:51.492000,1.11481,1.11478,2140000,100000
2019-12-12 13:34:51.593000,1.11481,1.11477,2320000,2700000
2019-12-12 13:34:51.806000,1.1148,1.11478,100000,100000
2019-12-12 13:34:51.908000,1.11481,1.11478,1570000,820000
2019-12-12 13:34:52.009000,1.11481,1.11477,1760000,820000
2019-12-12 13:34:52.111000,1.11481,1.11479,1870000,100000
2019-12-12 13:34:52.263000,1.11482,1.1148,1760000,100000
2019-12-12 13:34:52.509000,1.11482,1.1148,1500000,640000
2019-12-12 13:34:52.610000,1.11483,1.11482,1200000,100000
2019-12-12 13:34:52.711000,1.11484,1.11482,560000,150000
2019-12-12 13:34:52.813000,1.11483,1.11481,940000,1650000
2019-12-12 13:34:52.914000,1.11484,1.11481,1690000,450000
2019-12-12 13:34:53.020000,1.11483,1.11481,190000,1200000
2019-12-12 13:34:53.071000,1.11485,1.11483,2700000,100000
2019-12-12 13:34:53.173000,1.11486,1.11484,790000,100000
2019-12-12 13:34:53.275000,1.11487,1.11484,940000,100000
2019-12-12 13:34:53.427000,1.11488,1.11487,1570000,100000
2019-12-12 13:34:53.560000,1.1149,1.11488,820000,100000
2019-12-12 13:34:53.662000,1.11488,1.11486,1310000,900000
2019-12-12 13:34:53.764000,1.11486,1.11484,940000,560000
2019-12-12 13:34:53.865000,1.11486,1.11483,940000,820000
2019-12-12 13:34:53.968000,1.11488,1.11487,100000,100000
2019-12-12 13:34:54.108000,1.11489,1.11486,750000,2890000
2019-12-12 13:34:54.211000,1.1149,1.11489,260000,100000
2019-12-12 13:34:54.313000,1.1149,1.11488,260000,750000
2019-12-12 13:34:54.718000,1.1149,1.11489,260000,100000
2019-12-12 13:34:54.842000,1.1149,1.11488,190000,820000
2019-12-12 13:34:55.047000,1.11491,1.11489,190000,100000
2019-12-12 13:34:55.149000,1.11492,1.11489,190000,1570000
2019-12-12 13:34:55.251000,1.11493,1.1149,750000,2320000
2019-12-12 13:34:55.379000,1.11493,1.1149,1800000,2890000
2019-12-12 13:34:55.481000,1.11494,1.11492,100000,3070000
2019-12-12 13:34:55.532000,1.11496,1.11495,100000,100000
2019-12-12 13:34:55.583000,1.11496,1.11493,1200000,1270000
2019-12-12 13:34:55.807000,1.11495,1.11494,100000,100000
2019-12-12 13:34:55.909000,1.11496,1.11494,1870000,100000
2019-12-12 13:34:56.011000,1.11496,1.11493,260000,750000
2019-12-12 13:34:56.062000,1.11496,1.11494,1570000,100000
2019-12-12 13:34:56.164000,1.11495,1.11493,190000,750000
2019-12-12 13:34:56.407000,1.11494,1.11492,1500000,100000
2019-12-12 13:34:56.509000,1.11495,1.11494,1760000,100000
2019-12-12 13:34:56.561000,1.11495,1.11492,1760000,2770000
2019-12-12 13:34:56.713000,1.11496,1.11494,640000,100000
2019-12-12 13:34:56.915000,1.11495,1.11494,750000,100000
2019-12-12 13:34:57.055000,1.11496,1.11494,940000,100000
2019-12-12 13:34:57.411000,1.11494,1.11492,190000,1570000
2019-12-12 13:34:57.513000,1.11495,1.11493,750000,100000
2019-12-12 13:34:57.654000,1.11495,1.11494,750000,100000
2019-12-12 13:34:57.705000,1.11497,1.11494,2890000,100000
2019-12-12 13:34:57.858000,1.11497,1.11495,190000,100000
2019-12-12 13:34:57.960000,1.11497,1.11494,190000,1270000
2019-12-12 13:34:58.011000,1.11499,1.11496,3450000,150000
2019-12-12 13:34:58.112000,1.11499,1.11495,750000,1570000
2019-12-12 13:34:58.508000,1.11499,1.11495,2510000,2250000
2019-12-12 13:34:58.610000,1.11499,1.11496,1500000,750000
2019-12-12 13:34:58.711000,1.11498,1.11495,750000,750000
2019-12-12 13:34:58.814000,1.11497,1.11494,4390000,100000
2019-12-12 13:34:58.915000,1.11497,1.11494,3820000,100000
2019-12-12 13:34:59.016000,1.11497,1.11494,2890000,100000
2019-12-12 13:34:59.118000,1.11498,1.11496,750000,100000
2019-12-12 13:34:59.169000,1.11498,1.11494,820000,3820000
2019-12-12 13:34:59.270000,1.11498,1.11494,3820000,1570000
2019-12-12 13:34:59.574000,1.11497,1.11495,2890000,100000
2019-12-12 13:34:59.676000,1.11499,1.11497,3640000,1500000
2019-12-12 13:34:59.728000,1.11499,1.11496,3260000,750000
2019-12-12 13:34:59.830000,1.11499,1.11496,1010000,820000
2019-12-12 13:34:59.931000,1.115,1.11496,5700000,820000
2019-12-12 13:35:00.033000,1.115,1.11496,4200000,820000
2019-12-12 13:35:00.155000,1.11499,1.11495,4120000,100000
2019-12-12 13:35:00.257000,1.11499,1.11494,12070000,100000
2019-12-12 13:35:00.359000,1.11499,1.11497,3450000,190000
2019-12-12 13:35:00.413000,1.115,1.11496,940000,4090000
2019-12-12 13:35:00.565000,1.11499,1.11496,5810000,750000
2019-12-12 13:35:00.615000,1.11498,1.11494,3560000,4390000
2019-12-12 13:35:00.717000,1.11498,1.11494,5140000,820000
2019-12-12 13:35:00.818000,1.11498,1.11494,3660000,520000
2019-12-12 13:35:00.869000,1.11496,1.11492,1570000,3450000
2019-12-12 13:35:00.970000,1.11496,1.11493,1310000,100000
2019-12-12 13:35:01.114000,1.11496,1.11493,5250000,2140000
2019-12-12 13:35:01.266000,1.11496,1.11494,3000000,100000
2019-12-12 13:35:01.469000,1.11497,1.11495,1570000,100000
2019-12-12 13:35:01.570000,1.11497,1.11494,3190000,1200000
2019-12-12 13:35:01.831000,1.11497,1.11495,2440000,100000
2019-12-12 13:35:02.084000,1.11496,1.11493,750000,820000
2019-12-12 13:35:02.186000,1.11496,1.11494,750000,100000
2019-12-12 13:35:02.706000,1.11496,1.11493,2810000,150000
2019-12-12 13:35:03.111000,1.11496,1.11494,750000,100000
2019-12-12 13:35:03.212000,1.11497,1.11495,5250000,260000
2019-12-12 13:35:03.263000,1.11498,1.11496,2320000,290000
2019-12-12 13:35:04.005000,1.11497,1.11496,750000,190000
2019-12-12 13:35:04.156000,1.11499,1.11496,2140000,260000
2019-12-12 13:35:04.258000,1.11499,1.11497,2250000,750000
2019-12-12 13:35:04.388000,1.11496,1.11495,260000,750000
2019-12-12 13:35:04.489000,1.11496,1.11494,750000,1650000
2019-12-12 13:35:04.591000,1.11497,1.11495,1570000,100000
2019-12-12 13:35:05.075000,1.11497,1.11496,820000,100000
2019-12-12 13:35:05.178000,1.11499,1.11496,2320000,1460000
2019-12-12 13:35:05.280000,1.11499,1.11497,1500000,260000
2019-12-12 13:35:05.431000,1.11499,1.11496,750000,190000
2019-12-12 13:35:05.786000,1.11497,1.11495,940000,2960000
2019-12-12 13:35:05.888000,1.11496,1.11495,1690000,750000
2019-12-12 13:35:05.990000,1.11496,1.11494,2060000,100000
2019-12-12 13:35:06.042000,1.11497,1.11496,1390000,100000
2019-12-12 13:35:06.196000,1.11497,1.11495,750000,1840000
2019-12-12 13:35:06.653000,1.11497,1.11496,750000,260000
2019-12-12 13:35:06.704000,1.11499,1.11496,3450000,260000
2019-12-12 13:35:06.857000,1.11499,1.11497,750000,190000
2019-12-12 13:35:07.110000,1.11499,1.11496,4970000,100000
2019-12-12 13:35:07.261000,1.11498,1.11495,1570000,100000
2019-12-12 13:35:07.312000,1.11497,1.11493,2060000,5700000
2019-12-12 13:35:07.414000,1.11496,1.11494,6450000,190000
2019-12-12 13:35:08.035000,1.11496,1.11492,3000000,2770000
2019-12-12 13:35:08.136000,1.11496,1.11493,5250000,100000
2019-12-12 13:35:08.440000,1.11496,1.11492,3750000,1090000
2019-12-12 13:35:08.744000,1.11496,1.11492,3440000,1840000
2019-12-12 13:35:09.331000,1.11493,1.11491,2440000,1200000
2019-12-12 13:35:09.382000,1.11491,1.11489,3750000,560000
2019-12-12 13:35:09.585000,1.11492,1.1149,1500000,100000
2019-12-12 13:35:09.788000,1.11492,1.11489,2250000,1760000
2019-12-12 13:35:09.941000,1.11492,1.11489,1570000,1950000
2019-12-12 13:35:10.042000,1.11493,1.11492,2140000,820000
2019-12-12 13:35:10.143000,1.11494,1.11492,750000,2890000
2019-12-12 13:35:10.297000,1.11494,1.11491,7500000,450000
2019-12-12 13:35:10.399000,1.11492,1.1149,3190000,750000
2019-12-12 13:35:10.501000,1.11492,1.11489,3260000,820000
2019-12-12 13:35:10.676000,1.11492,1.1149,1200000,100000
2019-12-12 13:35:10.879000,1.11492,1.11489,2060000,260000
2019-12-12 13:35:10.981000,1.11493,1.11491,2360000,100000
2019-12-12 13:35:11.031000,1.11495,1.11494,3260000,820000
2019-12-12 13:35:11.133000,1.11495,1.11494,560000,820000
2019-12-12 13:35:11.284000,1.11496,1.11494,2250000,1010000
2019-12-12 13:35:12.093000,1.11494,1.11492,5250000,2140000
2019-12-12 13:35:12.194000,1.11492,1.1149,1500000,1310000
2019-12-12 13:35:12.245000,1.1149,1.11489,750000,1390000
2019-12-12 13:35:12.347000,1.11491,1.1149,750000,750000
2019-12-12 13:35:12.398000,1.11491,1.11488,940000,1090000
2019-12-12 13:35:12.516000,1.1149,1.11488,750000,2320000
2019-12-12 13:35:12.617000,1.11491,1.11488,1690000,2510000
2019-12-12 13:35:12.821000,1.11491,1.1149,1500000,100000
2019-12-12 13:35:12.923000,1.11491,1.11488,1500000,1650000
2019-12-12 13:35:13.218000,1.1149,1.11488,370000,100000
2019-12-12 13:35:13.270000,1.11488,1.11487,1500000,1200000
2019-12-12 13:35:13.405000,1.11486,1.11484,750000,1390000
2019-12-12 13:35:13.710000,1.11485,1.11484,750000,100000
2019-12-12 13:35:13.814000,1.11485,1.11483,750000,450000
2019-12-12 13:35:13.865000,1.11483,1.11481,2250000,1870000
2019-12-12 13:35:13.968000,1.1148,1.11479,750000,260000
2019-12-12 13:35:14.120000,1.11481,1.11479,750000,820000
2019-12-12 13:35:14.172000,1.11482,1.11481,2250000,2320000
2019-12-12 13:35:14.274000,1.11484,1.11482,1500000,750000
2019-12-12 13:35:14.354000,1.11483,1.11482,750000,100000
2019-12-12 13:35:14.457000,1.11484,1.11482,750000,150000
2019-12-12 13:35:14.559000,1.11485,1.11483,750000,100000
2019-12-12 13:35:14.663000,1.11485,1.11482,940000,100000
2019-12-12 13:35:14.765000,1.11485,1.11481,940000,2960000
2019-12-12 13:35:14.853000,1.11484,1.11482,1500000,100000
2019-12-12 13:35:14.957000,1.11484,1.11481,3070000,190000
2019-12-12 13:35:15.109000,1.11484,1.1148,3640000,1760000
2019-12-12 13:35:15.381000,1.11483,1.1148,2320000,100000
2019-12-12 13:35:15.988000,1.11483,1.1148,3260000,750000
2019-12-12 13:35:16.089000,1.11483,1.11479,2620000,5020000
2019-12-12 13:35:16.227000,1.11482,1.1148,2320000,750000
2019-12-12 13:35:16.279000,1.11481,1.11478,1500000,100000
2019-12-12 13:35:16.481000,1.11481,1.11479,3750000,100000
2019-12-12 13:35:16.583000,1.11481,1.11478,2440000,750000
2019-12-12 13:35:16.684000,1.1148,1.11477,2440000,2320000
2019-12-12 13:35:16.928000,1.11478,1.11476,2510000,750000
2019-12-12 13:35:16.979000,1.11478,1.11474,5880000,3370000
2019-12-12 13:35:17.080000,1.11477,1.11475,3260000,750000
2019-12-12 13:35:17.326000,1.11477,1.11474,5880000,2060000
2019-12-12 13:35:17.478000,1.11477,1.11473,7570000,940000
2019-12-12 13:35:17.580000,1.11476,1.11472,2620000,1650000
2019-12-12 13:35:17.682000,1.11475,1.11472,5250000,100000
2019-12-12 13:35:17.784000,1.11475,1.11471,8690000,4950000
2019-12-12 13:35:17.936000,1.11474,1.11472,3940000,750000
2019-12-12 13:35:18.038000,1.11474,1.11471,2440000,5890000
2019-12-12 13:35:18.191000,1.11473,1.11471,750000,4500000
2019-12-12 13:35:18.293000,1.11471,1.11469,1950000,750000
2019-12-12 13:35:18.395000,1.11473,1.11471,940000,100000
2019-12-12 13:35:18.497000,1.11474,1.11472,1500000,640000
2019-12-12 13:35:18.803000,1.11475,1.11473,3750000,820000
2019-12-12 13:35:18.904000,1.11475,1.11472,1500000,4090000
2019-12-12 13:35:19.006000,1.11475,1.11473,2250000,750000
2019-12-12 13:35:19.410000,1.11475,1.11472,1870000,1870000
2019-12-12 13:35:19.713000,1.11475,1.11473,3750000,750000
2019-12-12 13:35:19.814000,1.11475,1.11472,260000,2320000
2019-12-12 13:35:19.916000,1.11476,1.11473,2510000,820000
2019-12-12 13:35:20.522000,1.11475,1.11473,190000,750000
2019-12-12 13:35:20.623000,1.11475,1.11472,190000,1570000
2019-12-12 13:35:20.826000,1.11475,1.11473,190000,560000
2019-12-12 13:35:20.972000,1.11476,1.11475,1120000,190000
2019-12-12 13:35:21.023000,1.11478,1.11475,2060000,3070000
2019-12-12 13:35:21.226000,1.11476,1.11475,750000,750000
2019-12-12 13:35:21.327000,1.11476,1.11473,750000,3260000
2019-12-12 13:35:21.581000,1.11477,1.11474,750000,1500000
2019-12-12 13:35:21.721000,1.11477,1.11476,100000,190000
2019-12-12 13:35:21.822000,1.11478,1.11476,1310000,190000
2019-12-12 13:35:21.924000,1.11478,1.11475,1120000,1090000
2019-12-12 13:35:22.025000,1.11478,1.11476,1690000,560000
2019-12-12 13:35:22.607000,1.11477,1.11475,750000,1010000
2019-12-12 13:35:22.708000,1.11476,1.11474,750000,750000
2019-12-12 13:35:22.810000,1.11476,1.11473,2250000,1310000
2019-12-12 13:35:22.912000,1.11476,1.11472,2250000,3340000
2019-12-12 13:35:23.017000,1.11476,1.11473,3450000,100000
2019-12-12 13:35:23.118000,1.11475,1.11473,750000,100000
2019-12-12 13:35:23.220000,1.11475,1.11472,750000,1840000
2019-12-12 13:35:23.364000,1.11475,1.11473,750000,100000
2019-12-12 13:35:23.467000,1.11475,1.11471,750000,5590000
2019-12-12 13:35:23.618000,1.11475,1.11472,750000,750000
2019-12-12 13:35:23.720000,1.11473,1.11471,750000,1200000
2019-12-12 13:35:24.297000,1.11469,1.11468,190000,4010000
2019-12-12 13:35:24.399000,1.11468,1.11467,2440000,560000
2019-12-12 13:35:24.450000,1.11468,1.11465,3820000,370000
2019-12-12 13:35:24.551000,1.11468,1.11466,5810000,750000
2019-12-12 13:35:24.602000,1.11469,1.11467,5620000,2800000
2019-12-12 13:35:24.703000,1.1147,1.11469,750000,1200000
2019-12-12 13:35:24.754000,1.11471,1.11469,750000,1390000
2019-12-12 13:35:24.806000,1.11469,1.11468,2250000,1690000
2019-12-12 13:35:24.907000,1.1147,1.11468,1120000,100000
2019-12-12 13:35:25.008000,1.1147,1.11469,370000,100000
2019-12-12 13:35:25.110000,1.11471,1.11469,940000,100000
2019-12-12 13:35:25.211000,1.1147,1.11469,370000,100000
2019-12-12 13:35:25.369000,1.1147,1.11468,370000,520000
2019-12-12 13:35:26.616000,1.1147,1.11467,1500000,2810000
2019-12-12 13:35:26.919000,1.11469,1.11467,940000,2440000
2019-12-12 13:35:27.020000,1.11467,1.11465,750000,1760000
2019-12-12 13:35:27.140000,1.11466,1.11465,750000,190000
2019-12-12 13:35:27.242000,1.11466,1.11464,750000,1650000
2019-12-12 13:35:27.597000,1.11466,1.11465,820000,750000
2019-12-12 13:35:27.698000,1.11464,1.11461,820000,820000
2019-12-12 13:35:27.812000,1.11463,1.11462,750000,560000
2019-12-12 13:35:27.914000,1.11462,1.11461,750000,750000
2019-12-12 13:35:28.015000,1.1146,1.11459,190000,940000
2019-12-12 13:35:28.117000,1.1146,1.11456,1390000,1760000
2019-12-12 13:35:28.219000,1.11457,1.11456,750000,100000
2019-12-12 13:35:28.360000,1.11458,1.11456,750000,820000
2019-12-12 13:35:28.613000,1.11458,1.11457,750000,100000
2019-12-12 13:35:28.714000,1.11458,1.11455,750000,3820000
2019-12-12 13:35:28.765000,1.11455,1.11454,260000,2620000
2019-12-12 13:35:28.816000,1.11454,1.11453,750000,560000
2019-12-12 13:35:28.918000,1.11453,1.11451,750000,1650000
2019-12-12 13:35:29.019000,1.11454,1.11452,750000,100000
2019-12-12 13:35:29.071000,1.11453,1.1145,750000,3340000
2019-12-12 13:35:29.173000,1.11454,1.1145,5700000,4760000
2019-12-12 13:35:29.274000,1.11453,1.1145,750000,4650000
2019-12-12 13:35:29.375000,1.11453,1.11451,750000,900000
2019-12-12 13:35:30.187000,1.11453,1.11452,750000,100000
2019-12-12 13:35:30.343000,1.11453,1.11451,750000,1870000
2019-12-12 13:35:30.445000,1.11451,1.11449,190000,750000
2019-12-12 13:35:30.546000,1.1145,1.11447,820000,1270000
2019-12-12 13:35:30.649000,1.11449,1.11447,190000,710000
2019-12-12 13:35:30.751000,1.11447,1.11446,370000,100000
2019-12-12 13:35:30.853000,1.11448,1.11445,1690000,370000
2019-12-12 13:35:30.965000,1.11448,1.11446,1690000,190000
2019-12-12 13:35:31.067000,1.11447,1.11446,190000,1500000
2019-12-12 13:35:31.169000,1.11447,1.11445,750000,560000
2019-12-12 13:35:31.271000,1.11445,1.11444,940000,710000
2019-12-12 13:35:31.625000,1.11444,1.11443,1010000,750000
2019-12-12 13:35:31.676000,1.11442,1.11441,3000000,3750000
2019-12-12 13:35:31.726000,1.1144,1.11438,2140000,3560000
2019-12-12 13:35:31.828000,1.11441,1.1144,3190000,2170000
2019-12-12 13:35:31.969000,1.11442,1.11441,750000,1650000
2019-12-12 13:35:32.020000,1.11444,1.11441,1200000,1840000
2019-12-12 13:35:32.122000,1.11444,1.11443,750000,100000
2019-12-12 13:35:32.224000,1.11445,1.11442,1390000,820000
2019-12-12 13:35:32.326000,1.11442,1.1144,750000,370000
2019-12-12 13:35:32.444000,1.11443,1.1144,3070000,260000
2019-12-12 13:35:32.546000,1.11444,1.11443,750000,100000
2019-12-12 13:35:32.648000,1.11446,1.11443,2440000,710000
2019-12-12 13:35:32.749000,1.11445,1.11443,1500000,560000
2019-12-12 13:35:33.183000,1.11445,1.11444,1500000,100000
2019-12-12 13:35:33.437000,1.11446,1.11445,2810000,750000
2019-12-12 13:35:33.639000,1.11447,1.11445,750000,750000
2019-12-12 13:35:33.893000,1.11447,1.11444,750000,100000
2019-12-12 13:35:33.994000,1.11446,1.11442,2620000,4010000
2019-12-12 13:35:34.045000,1.11444,1.11442,190000,3640000
2019-12-12 13:35:34.197000,1.11445,1.11442,750000,100000
2019-12-12 13:35:34.652000,1.11445,1.11443,750000,1200000
2019-12-12 13:35:34.758000,1.11446,1.11443,1690000,900000
2019-12-12 13:35:34.859000,1.11446,1.11444,750000,100000
2019-12-12 13:35:34.961000,1.11445,1.11444,750000,560000
2019-12-12 13:35:35.011000,1.11445,1.11442,1200000,1570000
2019-12-12 13:35:35.315000,1.11444,1.11442,450000,750000
2019-12-12 13:35:35.636000,1.11445,1.11442,1570000,750000
2019-12-12 13:35:35.738000,1.11445,1.11443,750000,940000
2019-12-12 13:35:36.120000,1.11445,1.11441,750000,5140000
2019-12-12 13:35:36.222000,1.11444,1.11441,560000,1760000
2019-12-12 13:35:36.323000,1.11444,1.11442,3260000,370000
2019-12-12 13:35:36.748000,1.11444,1.11443,750000,1500000
2019-12-12 13:35:37.153000,1.11444,1.11442,750000,2440000
2019-12-12 13:35:37.305000,1.11445,1.11443,100000,3000000
2019-12-12 13:35:37.429000,1.11448,1.11445,750000,750000
2019-12-12 13:35:37.531000,1.11449,1.11446,2700000,820000
2019-12-12 13:35:37.848000,1.1145,1.11446,5770000,3000000
2019-12-12 13:35:37.900000,1.11447,1.11445,2250000,750000
2019-12-12 13:35:38.017000,1.11445,1.11443,450000,750000
2019-12-12 13:35:38.119000,1.11446,1.11443,3940000,3000000
2019-12-12 13:35:38.852000,1.11445,1.11443,450000,2250000
2019-12-12 13:35:38.953000,1.11446,1.11443,2890000,2250000
2019-12-12 13:35:39.105000,1.11445,1.11443,820000,1500000
2019-12-12 13:35:39.308000,1.11445,1.11443,450000,6260000
2019-12-12 13:35:39.359000,1.11447,1.11443,3450000,7950000
2019-12-12 13:35:39.460000,1.11447,1.11443,1200000,4200000
2019-12-12 13:35:39.613000,1.11447,1.11445,820000,3070000
2019-12-12 13:35:39.664000,1.11449,1.11447,3750000,5440000
2019-12-12 13:35:39.766000,1.11451,1.11448,750000,3260000
2019-12-12 13:35:39.854000,1.11452,1.11449,2250000,2060000
2019-12-12 13:35:39.955000,1.11454,1.1145,820000,2620000
2019-12-12 13:35:40.057000,1.11455,1.11451,1010000,820000
2019-12-12 13:35:40.209000,1.11454,1.11451,750000,940000
2019-12-12 13:35:40.310000,1.11453,1.11451,370000,750000
2019-12-12 13:35:40.444000,1.11455,1.11451,560000,4840000
2019-12-12 13:35:40.596000,1.11455,1.11453,100000,1500000
2019-12-12 13:35:40.698000,1.11456,1.11453,750000,5320000
2019-12-12 13:35:40.799000,1.11457,1.11455,100000,3190000
2019-12-12 13:35:40.850000,1.11459,1.11456,2250000,4310000
2019-12-12 13:35:40.952000,1.11462,1.1146,3260000,1500000
2019-12-12 13:35:41.105000,1.11462,1.1146,750000,4790000
2019-12-12 13:35:41.208000,1.11462,1.1146,820000,750000
2019-12-12 13:35:41.309000,1.1146,1.11458,100000,2060000
2019-12-12 13:35:41.411000,1.11461,1.11459,100000,750000
2019-12-12 13:35:42.148000,1.11461,1.1146,450000,100000
2019-12-12 13:35:42.250000,1.11463,1.1146,2700000,750000
2019-12-12 13:35:42.301000,1.11461,1.11458,1500000,4760000
2019-12-12 13:35:42.402000,1.11457,1.11455,470000,940000
2019-12-12 13:35:42.484000,1.11456,1.11454,100000,1390000
2019-12-12 13:35:42.586000,1.11457,1.11455,450000,6750000
2019-12-12 13:35:42.637000,1.11459,1.11457,450000,2700000
2019-12-12 13:35:42.791000,1.11459,1.11458,450000,1500000
2019-12-12 13:35:42.893000,1.11459,1.11457,190000,940000
2019-12-12 13:35:42.995000,1.11458,1.11457,100000,940000
2019-12-12 13:35:43.147000,1.11457,1.11456,370000,750000
2019-12-12 13:35:43.248000,1.11456,1.11454,100000,750000
2019-12-12 13:35:43.711000,1.11457,1.11454,3450000,750000
2019-12-12 13:35:43.916000,1.11457,1.11455,750000,750000
2019-12-12 13:35:44.018000,1.11457,1.11454,820000,820000
2019-12-12 13:35:44.299000,1.11456,1.11454,100000,2140000
2019-12-12 13:35:44.401000,1.11457,1.11454,1500000,820000
2019-12-12 13:35:44.503000,1.11457,1.11455,820000,1690000
2019-12-12 13:35:44.605000,1.11459,1.11456,1570000,190000
2019-12-12 13:35:44.737000,1.1146,1.11457,1390000,1500000
2019-12-12 13:35:45.242000,1.1146,1.11456,640000,7760000
2019-12-12 13:35:45.343000,1.11459,1.11457,370000,750000
2019-12-12 13:35:45.445000,1.11457,1.11455,1200000,940000
2019-12-12 13:35:45.553000,1.11456,1.11455,450000,750000
2019-12-12 13:35:45.655000,1.11457,1.11455,820000,750000
2019-12-12 13:35:46.704000,1.11457,1.11454,1010000,5060000
2019-12-12 13:35:46.856000,1.11456,1.11454,100000,3750000
2019-12-12 13:35:47.009000,1.11455,1.11452,1950000,820000
2019-12-12 13:35:47.111000,1.11453,1.11451,750000,1500000
2019-12-12 13:35:47.236000,1.11453,1.1145,1760000,190000
2019-12-12 13:35:47.337000,1.11451,1.11449,450000,1690000
2019-12-12 13:35:47.489000,1.11451,1.1145,450000,750000
2019-12-12 13:35:47.706000,1.11451,1.11449,450000,1690000
2019-12-12 13:35:48.010000,1.11451,1.1145,450000,750000
2019-12-12 13:35:48.161000,1.11451,1.11449,450000,1690000
2019-12-12 13:35:48.747000,1.11452,1.11449,100000,1690000
2019-12-12 13:35:48.990000,1.11452,1.1145,100000,1570000
2019-12-12 13:35:49.092000,1.11453,1.1145,640000,5210000
2019-12-12 13:35:49.193000,1.11454,1.11451,100000,2060000
2019-12-12 13:35:49.455000,1.11453,1.1145,1390000,1500000
2019-12-12 13:35:49.557000,1.11452,1.11449,1200000,3000000
2019-12-12 13:35:49.710000,1.11452,1.1145,100000,750000
2019-12-12 13:35:49.812000,1.11453,1.1145,2320000,750000
2019-12-12 13:35:49.914000,1.11452,1.1145,640000,750000
2019-12-12 13:35:50.015000,1.11453,1.11449,2140000,6820000
2019-12-12 13:35:50.561000,1.11453,1.1145,2890000,750000
2019-12-12 13:35:50.663000,1.11453,1.11452,100000,750000
2019-12-12 13:35:50.764000,1.11454,1.11452,940000,750000
2019-12-12 13:35:50.960000,1.11456,1.11455,1200000,1500000
