time,ask,bid,ask_volume,bid_volume
2022-12-14 15:25:00.309000,1.06516,1.06512,4500000,440000
2022-12-14 15:25:00.412000,1.06517,1.06512,900000,4040000
2022-12-14 15:25:00.729000,1.06518,1.06513,5400000,1340000
2022-12-14 15:25:01.136000,1.06518,1.06514,4500000,440000
2022-12-14 15:25:01.187000,1.0652,1.06516,5400000,900000
2022-12-14 15:25:01.392000,1.0652,1.06515,440000,11780000
2022-12-14 15:25:01.646000,1.06519,1.06515,440000,4940000
2022-12-14 15:25:01.971000,1.06519,1.06516,440000,440000
2022-12-14 15:25:02.327000,1.0652,1.06516,900000,4040000
2022-12-14 15:25:02.479000,1.06521,1.06516,1340000,4040000
2022-12-14 15:25:03.748000,1.06523,1.06518,5940000,4940000
2022-12-14 15:25:03.851000,1.06527,1.06523,1340000,4040000
2022-12-14 15:25:03.953000,1.06526,1.06522,440000,4500000
2022-12-14 15:25:04.553000,1.06527,1.06524,2240000,4040000
2022-12-14 15:25:04.604000,1.06525,1.06521,1340000,5940000
2022-12-14 15:25:05.576000,1.06528,1.06523,670000,440000
2022-12-14 15:25:05.678000,1.06529,1.06523,10880000,4040000
2022-12-14 15:25:05.831000,1.06527,1.06524,440000,4040000
2022-12-14 15:25:06.485000,1.06528,1.06522,7640000,4940000
2022-12-14 15:25:06.537000,1.06524,1.06522,4940000,900000
2022-12-14 15:25:07.116000,1.06526,1.06521,3600000,2240000
2022-12-14 15:25:07.218000,1.06528,1.06523,900000,4040000
2022-12-14 15:25:07.473000,1.06527,1.06522,4040000,900000
2022-12-14 15:25:07.775000,1.06526,1.06522,440000,900000
2022-12-14 15:25:07.877000,1.06525,1.06521,4040000,900000
2022-12-14 15:25:08.014000,1.06525,1.0652,4040000,900000
2022-12-14 15:25:08.546000,1.06525,1.06521,4500000,1340000
2022-12-14 15:25:08.649000,1.06527,1.06522,900000,4040000
2022-12-14 15:25:09.061000,1.06527,1.06521,4940000,5840000
2022-12-14 15:25:09.715000,1.06526,1.06521,3600000,1340000
2022-12-14 15:25:09.817000,1.06524,1.06519,900000,9980000
2022-12-14 15:25:09.919000,1.06524,1.0652,900000,900000
2022-12-14 15:25:10.406000,1.06524,1.06519,900000,5840000
2022-12-14 15:25:10.558000,1.06524,1.0652,900000,900000
2022-12-14 15:25:10.660000,1.06524,1.06521,4940000,900000
2022-12-14 15:25:10.762000,1.06525,1.06519,4940000,5840000
2022-12-14 15:25:11.614000,1.06526,1.06522,8640000,440000
2022-12-14 15:25:11.716000,1.06527,1.06522,1340000,4040000
2022-12-14 15:25:12.405000,1.06529,1.06523,11780000,4040000
2022-12-14 15:25:12.507000,1.06528,1.06523,900000,4940000
2022-12-14 15:25:14.499000,1.06528,1.06527,1340000,900000
2022-12-14 15:25:14.658000,1.06529,1.06523,5840000,9540000
2022-12-14 15:25:14.862000,1.06529,1.06524,5400000,440000
2022-12-14 15:25:14.964000,1.06529,1.06523,5840000,5400000
2022-12-14 15:25:15.066000,1.06528,1.06522,6740000,4940000
2022-12-14 15:25:15.168000,1.06527,1.06522,440000,4040000
2022-12-14 15:25:15.904000,1.06525,1.0652,4940000,920000
2022-12-14 15:25:16.006000,1.06525,1.06519,6070000,9980000
2022-12-14 15:25:17.170000,1.06526,1.06521,7740000,4040000
2022-12-14 15:25:17.425000,1.06525,1.06521,4040000,900000
2022-12-14 15:25:17.588000,1.06526,1.06521,4040000,900000
2022-12-14 15:25:17.741000,1.06527,1.06522,5040000,4040000
2022-12-14 15:25:17.843000,1.06528,1.06523,900000,4040000
2022-12-14 15:25:17.996000,1.06528,1.06522,4940000,4940000
2022-12-14 15:25:18.200000,1.06526,1.06522,3600000,440000
2022-12-14 15:25:18.302000,1.06527,1.06522,5940000,4040000
2022-12-14 15:25:18.404000,1.06527,1.06523,4140000,5400000
2022-12-14 15:25:18.456000,1.06529,1.06523,5840000,5840000
2022-12-14 15:25:18.951000,1.06529,1.06524,9540000,440000
2022-12-14 15:25:19.053000,1.06529,1.06523,5840000,5840000
2022-12-14 15:25:19.328000,1.06528,1.06523,900000,4040000
2022-12-14 15:25:19.430000,1.06527,1.06522,440000,5840000
2022-12-14 15:25:19.838000,1.06528,1.06523,4580000,3600000
2022-12-14 15:25:19.890000,1.06526,1.06521,3600000,8180000
2022-12-14 15:25:19.992000,1.06527,1.06522,9980000,440000
2022-12-14 15:25:20.094000,1.06525,1.06519,4040000,11110000
2022-12-14 15:25:20.196000,1.06524,1.06519,440000,6070000
2022-12-14 15:25:20.520000,1.06526,1.06524,4140000,1210000
2022-12-14 15:25:20.572000,1.06528,1.06526,3650000,1340000
2022-12-14 15:25:20.623000,1.06531,1.06526,9230000,2240000
2022-12-14 15:25:22.011000,1.06531,1.06525,6300000,7740000
2022-12-14 15:25:22.113000,1.0653,1.06524,3600000,10670000
2022-12-14 15:25:22.237000,1.06531,1.06525,7200000,3600000
2022-12-14 15:25:22.740000,1.0653,1.06525,440000,3600000
2022-12-14 15:25:22.955000,1.06531,1.06525,6300000,4040000
2022-12-14 15:25:23.057000,1.0653,1.06525,440000,3600000
2022-12-14 15:25:23.159000,1.06529,1.06525,4040000,6070000
2022-12-14 15:25:23.292000,1.0653,1.06525,3600000,440000
2022-12-14 15:25:23.394000,1.06529,1.06524,3600000,7510000
2022-12-14 15:25:23.496000,1.0653,1.06525,440000,3600000
2022-12-14 15:25:25.050000,1.06529,1.06524,3600000,6610000
2022-12-14 15:25:25.152000,1.0653,1.06525,440000,3600000
2022-12-14 15:25:25.901000,1.06529,1.06524,4270000,4580000
2022-12-14 15:25:26.003000,1.06529,1.06523,4040000,10210000
2022-12-14 15:25:26.207000,1.06529,1.06524,3600000,1570000
2022-12-14 15:25:26.309000,1.0653,1.06525,1340000,3600000
2022-12-14 15:25:26.411000,1.0653,1.06524,4940000,5170000
2022-12-14 15:25:26.614000,1.0653,1.06525,1340000,3600000
2022-12-14 15:25:26.732000,1.06529,1.06524,4040000,1570000
2022-12-14 15:25:26.834000,1.06529,1.06525,440000,3600000
2022-12-14 15:25:27.018000,1.0653,1.06525,1340000,3600000
2022-12-14 15:25:27.394000,1.06531,1.06525,6970000,6740000
2022-12-14 15:25:27.547000,1.0653,1.06525,440000,4500000
2022-12-14 15:25:28.372000,1.06529,1.06525,3600000,900000
2022-12-14 15:25:28.474000,1.0653,1.06525,440000,4500000
2022-12-14 15:25:29.083000,1.06529,1.06525,3600000,1340000
2022-12-14 15:25:29.186000,1.0653,1.06525,900000,4940000
2022-12-14 15:25:30.292000,1.06531,1.06525,6070000,5840000
2022-12-14 15:25:30.394000,1.06529,1.06525,3600000,1800000
2022-12-14 15:25:30.496000,1.0653,1.06525,440000,5400000
2022-12-14 15:25:30.864000,1.06529,1.06525,3600000,900000
2022-12-14 15:25:31.016000,1.0653,1.06525,6070000,900000
2022-12-14 15:25:31.119000,1.06529,1.06525,3600000,900000
2022-12-14 15:25:31.221000,1.06527,1.06523,1800000,3600000
2022-12-14 15:25:31.323000,1.06528,1.06523,1340000,3600000
2022-12-14 15:25:32.986000,1.06529,1.06523,11780000,5840000
2022-12-14 15:25:33.962000,1.06529,1.06524,3600000,440000
2022-12-14 15:25:34.065000,1.06529,1.06527,4140000,1340000
2022-12-14 15:25:34.167000,1.06531,1.06526,5170000,900000
2022-12-14 15:25:34.472000,1.0653,1.06526,5170000,11780000
2022-12-14 15:25:34.574000,1.0653,1.06526,900000,900000
2022-12-14 15:25:34.676000,1.06528,1.06526,3600000,900000
2022-12-14 15:25:34.778000,1.06529,1.06524,3600000,1340000
2022-12-14 15:25:35.235000,1.06528,1.06524,440000,900000
2022-12-14 15:25:35.337000,1.06527,1.06522,440000,9540000
2022-12-14 15:25:36.063000,1.06528,1.06523,4140000,4040000
2022-12-14 15:25:36.114000,1.06529,1.06525,7970000,1340000
2022-12-14 15:25:36.217000,1.06531,1.06526,4940000,900000
2022-12-14 15:25:36.471000,1.06529,1.06526,3600000,900000
2022-12-14 15:25:36.573000,1.06529,1.06524,3600000,2240000
2022-12-14 15:25:37.111000,1.0653,1.06525,900000,5840000
2022-12-14 15:25:37.213000,1.06531,1.06525,6070000,5840000
2022-12-14 15:25:38.019000,1.06531,1.06526,4940000,900000
2022-12-14 15:25:38.121000,1.06531,1.06525,5170000,10880000
2022-12-14 15:25:39.146000,1.06531,1.06527,4500000,900000
2022-12-14 15:25:39.248000,1.06531,1.06526,4730000,2240000
2022-12-14 15:25:39.476000,1.06533,1.06528,11390000,2240000
2022-12-14 15:25:39.578000,1.06534,1.06529,900000,4040000
2022-12-14 15:25:39.895000,1.06535,1.06529,4940000,4040000
2022-12-14 15:25:41.152000,1.06533,1.0653,900000,4040000
2022-12-14 15:25:41.406000,1.06533,1.06529,3600000,440000
2022-12-14 15:25:41.751000,1.06534,1.06529,900000,4040000
2022-12-14 15:25:41.868000,1.06531,1.06529,900000,1340000
2022-12-14 15:25:41.970000,1.06531,1.06527,3600000,5940000
2022-12-14 15:25:42.199000,1.06532,1.06527,4040000,1340000
2022-12-14 15:25:42.301000,1.06533,1.06529,3600000,440000
2022-12-14 15:25:42.476000,1.06532,1.06529,3600000,440000
2022-12-14 15:25:42.578000,1.06533,1.06529,3600000,440000
2022-12-14 15:25:43.325000,1.06533,1.06528,3600000,1340000
2022-12-14 15:25:43.427000,1.06533,1.06529,3600000,440000
2022-12-14 15:25:44.542000,1.06534,1.06529,1800000,4040000
2022-12-14 15:25:44.644000,1.06533,1.06529,3600000,440000
2022-12-14 15:25:44.747000,1.06534,1.06529,5400000,440000
2022-12-14 15:25:45.828000,1.06534,1.0653,3600000,1340000
2022-12-14 15:25:45.930000,1.06536,1.06533,4140000,4940000
2022-12-14 15:25:45.981000,1.06539,1.06533,4940000,9080000
2022-12-14 15:25:46.084000,1.0654,1.06535,1340000,3600000
2022-12-14 15:25:46.186000,1.06539,1.06534,3600000,6380000
2022-12-14 15:25:46.516000,1.0654,1.06534,4940000,9980000
2022-12-14 15:25:46.783000,1.0654,1.06535,1340000,3600000
2022-12-14 15:25:46.967000,1.06538,1.06535,3600000,5480000
2022-12-14 15:25:47.070000,1.0654,1.06535,1340000,3600000
2022-12-14 15:25:47.287000,1.0654,1.06534,4940000,9980000
2022-12-14 15:25:47.473000,1.06539,1.06534,3600000,6380000
2022-12-14 15:25:47.575000,1.06538,1.06534,5840000,4140000
2022-12-14 15:25:47.677000,1.06537,1.06533,440000,900000
2022-12-14 15:25:47.779000,1.06538,1.06533,5840000,900000
2022-12-14 15:25:48.037000,1.06537,1.06533,440000,900000
2022-12-14 15:25:48.139000,1.06537,1.06532,440000,9080000
2022-12-14 15:25:48.564000,1.06535,1.06531,440000,5040000
2022-12-14 15:25:48.666000,1.06535,1.0653,440000,4500000
2022-12-14 15:25:48.768000,1.06535,1.06531,440000,900000
2022-12-14 15:25:49.238000,1.06535,1.0653,2240000,3600000
2022-12-14 15:25:49.551000,1.06535,1.06529,4940000,10210000
2022-12-14 15:25:49.704000,1.06535,1.0653,1340000,3600000
2022-12-14 15:25:50.069000,1.06535,1.06529,4940000,10210000
2022-12-14 15:25:50.206000,1.06535,1.0653,1340000,3600000
2022-12-14 15:25:50.315000,1.06534,1.06529,1340000,8640000
2022-12-14 15:25:50.417000,1.06531,1.06528,5400000,5040000
2022-12-14 15:25:50.520000,1.06531,1.06526,3600000,8180000
2022-12-14 15:25:50.622000,1.06532,1.06526,4040000,10880000
2022-12-14 15:25:50.774000,1.06532,1.06527,3600000,440000
2022-12-14 15:25:50.876000,1.06533,1.06528,5840000,900000
2022-12-14 15:25:50.978000,1.06532,1.06528,3600000,900000
2022-12-14 15:25:51.664000,1.06531,1.06528,3600000,900000
2022-12-14 15:25:51.766000,1.06532,1.06528,4040000,900000
2022-12-14 15:25:52.385000,1.06531,1.06528,3600000,900000
2022-12-14 15:25:52.490000,1.06532,1.06528,4040000,900000
2022-12-14 15:25:53.041000,1.06533,1.06528,5840000,1340000
2022-12-14 15:25:53.143000,1.06531,1.06529,440000,1340000
2022-12-14 15:25:54.210000,1.06533,1.06528,5840000,900000
2022-12-14 15:25:55.030000,1.06534,1.06529,4580000,4500000
2022-12-14 15:25:55.132000,1.06534,1.0653,4140000,4500000
2022-12-14 15:25:55.234000,1.06535,1.0653,1340000,3600000
2022-12-14 15:25:55.336000,1.06535,1.06529,4940000,9080000
2022-12-14 15:25:56.137000,1.06534,1.06529,440000,4500000
2022-12-14 15:25:57.068000,1.06533,1.06528,3600000,4580000
2022-12-14 15:25:57.398000,1.06534,1.06528,5840000,4040000
2022-12-14 15:25:57.500000,1.06534,1.06529,5840000,440000
2022-12-14 15:25:59.543000,1.06534,1.06528,5840000,4940000
2022-12-14 15:25:59.645000,1.06531,1.06527,3600000,4140000
2022-12-14 15:25:59.747000,1.0653,1.06526,900000,1340000
2022-12-14 15:25:59.900000,1.06531,1.06527,3600000,1340000
2022-12-14 15:26:00.002000,1.06533,1.06528,4500000,440000
2022-12-14 15:26:01.076000,1.06531,1.06526,4500000,3140000
2022-12-14 15:26:01.492000,1.06532,1.06529,9540000,440000
2022-12-14 15:26:01.644000,1.06534,1.06529,2240000,3600000
2022-12-14 15:26:01.789000,1.06533,1.06528,3600000,1340000
2022-12-14 15:26:02.362000,1.06534,1.06529,2240000,3600000
2022-12-14 15:26:02.586000,1.06533,1.06528,3600000,2240000
2022-12-14 15:26:02.688000,1.06532,1.06528,4040000,4140000
2022-12-14 15:26:02.790000,1.06532,1.06527,4040000,900000
2022-12-14 15:26:03.418000,1.06531,1.06527,4940000,9080000
2022-12-14 15:26:03.799000,1.06531,1.06526,900000,9080000
2022-12-14 15:26:05.849000,1.0653,1.06525,1340000,8210000
2022-12-14 15:26:05.951000,1.06529,1.06524,3600000,1570000
2022-12-14 15:26:06.154000,1.06529,1.06523,4040000,9310000
2022-12-14 15:26:06.256000,1.06528,1.06525,4040000,230000
2022-12-14 15:26:06.711000,1.06529,1.06523,4040000,9310000
2022-12-14 15:26:06.813000,1.06529,1.06524,4040000,230000
2022-12-14 15:26:07.044000,1.06529,1.06525,900000,5170000
2022-12-14 15:26:07.490000,1.06529,1.06524,4500000,5710000
2022-12-14 15:26:07.592000,1.06529,1.06525,1340000,3600000
2022-12-14 15:26:07.695000,1.06529,1.06524,4940000,670000
2022-12-14 15:26:08.315000,1.06528,1.06524,900000,1570000
2022-12-14 15:26:09.336000,1.06529,1.06524,4940000,1570000
2022-12-14 15:26:11.139000,1.0653,1.06526,900000,4940000
2022-12-14 15:26:11.241000,1.0653,1.06525,440000,4070000
2022-12-14 15:26:11.343000,1.06528,1.06525,900000,3600000
2022-12-14 15:26:11.579000,1.0653,1.06527,900000,900000
2022-12-14 15:26:11.681000,1.06531,1.06527,900000,900000
2022-12-14 15:26:11.820000,1.06529,1.06526,900000,5940000
2022-12-14 15:26:11.922000,1.06529,1.06525,900000,3600000
2022-12-14 15:26:12.098000,1.06528,1.06525,900000,3600000
2022-12-14 15:26:12.406000,1.06528,1.06524,900000,1570000
2022-12-14 15:26:13.209000,1.06528,1.06525,4500000,1570000
2022-12-14 15:26:13.311000,1.06529,1.06526,5040000,5840000
2022-12-14 15:26:14.233000,1.06529,1.06525,900000,3600000
2022-12-14 15:26:14.437000,1.0653,1.06525,900000,4140000
2022-12-14 15:26:14.654000,1.06529,1.06525,900000,4140000
2022-12-14 15:26:14.807000,1.06529,1.06524,4500000,1670000
2022-12-14 15:26:14.909000,1.06528,1.06526,900000,3600000
2022-12-14 15:26:15.452000,1.06529,1.06524,4500000,1670000
2022-12-14 15:26:15.565000,1.06529,1.06525,900000,3600000
2022-12-14 15:26:15.667000,1.06529,1.06524,5040000,900000
2022-12-14 15:26:15.769000,1.06528,1.06523,900000,9180000
2022-12-14 15:26:15.871000,1.06524,1.06522,440000,4140000
2022-12-14 15:26:15.923000,1.06523,1.06518,980000,9180000
2022-12-14 15:26:16.025000,1.06523,1.06519,980000,3600000
2022-12-14 15:26:16.127000,1.06523,1.06518,980000,5040000
2022-12-14 15:26:16.230000,1.06523,1.06519,980000,4040000
2022-12-14 15:26:17.435000,1.06524,1.06519,120000,5040000
2022-12-14 15:26:17.814000,1.06523,1.06521,120000,440000
2022-12-14 15:26:17.967000,1.06523,1.06518,1440000,9180000
2022-12-14 15:26:18.120000,1.06522,1.06518,1440000,3600000
2022-12-14 15:26:18.172000,1.0652,1.06517,540000,4140000
2022-12-14 15:26:18.274000,1.06519,1.06514,3680000,440000
2022-12-14 15:26:18.996000,1.06519,1.06513,5940000,10080000
2022-12-14 15:26:19.199000,1.06518,1.06513,3600000,2340000
2022-12-14 15:26:19.301000,1.06519,1.06516,900000,980000
2022-12-14 15:26:19.404000,1.06523,1.06518,1440000,4500000
2022-12-14 15:26:19.506000,1.06524,1.06519,4580000,1440000
2022-12-14 15:26:19.608000,1.06524,1.06521,900000,900000
2022-12-14 15:26:19.710000,1.06525,1.0652,5940000,120000
2022-12-14 15:26:20.980000,1.06524,1.06519,120000,4140000
2022-12-14 15:26:21.226000,1.06523,1.06519,120000,4040000
2022-12-14 15:26:26.728000,1.06521,1.06516,120000,10080000
2022-12-14 15:26:26.830000,1.0652,1.06515,540000,4140000
2022-12-14 15:26:27.650000,1.06519,1.06515,1340000,3600000
2022-12-14 15:26:27.752000,1.06519,1.06514,4940000,900000
2022-12-14 15:26:27.910000,1.0652,1.06516,14710000,4040000
2022-12-14 15:26:28.012000,1.0652,1.06515,440000,3600000
2022-12-14 15:26:28.338000,1.06521,1.06516,3600000,2240000
2022-12-14 15:26:28.440000,1.06522,1.06517,5710000,1340000
2022-12-14 15:26:28.796000,1.0652,1.06518,230000,4500000
2022-12-14 15:26:28.898000,1.0652,1.06516,900000,4140000
2022-12-14 15:26:29.005000,1.0652,1.06515,900000,4040000
2022-12-14 15:26:29.480000,1.06522,1.06516,10310000,4940000
2022-12-14 15:26:29.582000,1.06522,1.06517,10310000,1340000
2022-12-14 15:26:29.950000,1.06522,1.06516,5040000,11780000
2022-12-14 15:26:30.053000,1.06522,1.06517,5040000,1340000
2022-12-14 15:26:30.519000,1.0652,1.06516,440000,5940000
2022-12-14 15:26:30.622000,1.06518,1.06515,3600000,1570000
2022-12-14 15:26:30.808000,1.0652,1.06515,1340000,3600000
2022-12-14 15:26:31.819000,1.06519,1.06514,3600000,1340000
2022-12-14 15:26:31.921000,1.0652,1.06515,1340000,3600000
2022-12-14 15:26:32.806000,1.06519,1.06514,3600000,440000
2022-12-14 15:26:33.060000,1.0652,1.06515,440000,3600000
2022-12-14 15:26:33.264000,1.06522,1.06518,1800000,4500000
2022-12-14 15:26:33.366000,1.06523,1.06518,4140000,6740000
2022-12-14 15:26:33.458000,1.06525,1.06519,5840000,4940000
2022-12-14 15:26:36.943000,1.06525,1.06521,230000,1340000
2022-12-14 15:26:37.045000,1.06522,1.06518,670000,4940000
2022-12-14 15:26:37.147000,1.0652,1.06516,440000,3600000
2022-12-14 15:26:37.250000,1.0652,1.06515,2240000,4500000
2022-12-14 15:26:37.352000,1.06519,1.06515,3600000,900000
2022-12-14 15:26:37.628000,1.0652,1.06515,440000,4500000
2022-12-14 15:26:37.850000,1.06519,1.06515,3600000,900000
2022-12-14 15:26:38.068000,1.0652,1.06515,440000,4500000
2022-12-14 15:26:38.170000,1.06519,1.06514,4040000,1800000
2022-12-14 15:26:39.326000,1.06519,1.06513,4940000,9310000
2022-12-14 15:26:39.428000,1.06515,1.06514,4040000,4140000
2022-12-14 15:26:39.479000,1.06515,1.0651,440000,5400000
2022-12-14 15:26:40.161000,1.06518,1.06512,11780000,4040000
2022-12-14 15:26:40.263000,1.06517,1.06514,5840000,900000
2022-12-14 15:26:40.687000,1.06518,1.06512,4940000,4940000
2022-12-14 15:26:41.012000,1.06515,1.06511,440000,5400000
2022-12-14 15:26:41.317000,1.06516,1.06511,4040000,900000
2022-12-14 15:26:41.470000,1.06517,1.06513,4140000,900000
2022-12-14 15:26:41.572000,1.06518,1.06513,4940000,900000
2022-12-14 15:26:41.725000,1.06519,1.06513,4940000,9080000
2022-12-14 15:26:42.243000,1.06518,1.06513,3600000,5480000
2022-12-14 15:26:42.820000,1.06518,1.06512,5840000,6740000
2022-12-14 15:26:42.922000,1.06518,1.06513,4500000,1340000
2022-12-14 15:26:43.265000,1.06519,1.06513,4940000,9080000
2022-12-14 15:26:44.646000,1.06518,1.06513,4940000,5040000
2022-12-14 15:26:44.950000,1.06516,1.06514,440000,5040000
2022-12-14 15:26:45.053000,1.06516,1.06512,440000,7740000
2022-12-14 15:26:45.155000,1.06515,1.06511,440000,900000
2022-12-14 15:26:45.835000,1.06515,1.0651,4040000,900000
2022-12-14 15:26:45.938000,1.06518,1.06513,4940000,440000
2022-12-14 15:26:46.552000,1.06517,1.06512,440000,9540000
2022-12-14 15:26:46.654000,1.06518,1.06513,4500000,440000
2022-12-14 15:26:46.756000,1.06518,1.06512,4940000,9980000
2022-12-14 15:26:46.858000,1.06517,1.06514,4500000,440000
2022-12-14 15:26:48.174000,1.06518,1.06512,4940000,10440000
2022-12-14 15:26:48.378000,1.06516,1.06513,1340000,4500000
2022-12-14 15:26:48.480000,1.06516,1.06512,440000,900000
2022-12-14 15:26:48.582000,1.06518,1.06512,8640000,6300000
2022-12-14 15:26:48.684000,1.06518,1.06513,900000,4040000
2022-12-14 15:26:49.092000,1.06518,1.06512,4040000,11340000
2022-12-14 15:26:49.194000,1.06519,1.06513,6740000,3600000
2022-12-14 15:26:49.398000,1.06518,1.06512,3600000,11340000
2022-12-14 15:26:49.500000,1.06518,1.06513,3600000,1340000
2022-12-14 15:26:49.551000,1.06515,1.06512,5170000,4140000
2022-12-14 15:26:49.603000,1.06514,1.0651,440000,900000
2022-12-14 15:26:49.705000,1.06514,1.06509,440000,9080000
2022-12-14 15:26:52.143000,1.06513,1.06508,1570000,8640000
2022-12-14 15:26:52.194000,1.0651,1.06508,440000,900000
2022-12-14 15:26:52.316000,1.06508,1.06505,900000,900000
2022-12-14 15:26:52.369000,1.06508,1.06503,2240000,8640000
2022-12-14 15:26:52.880000,1.06505,1.06502,4040000,6840000
2022-12-14 15:26:52.982000,1.06505,1.06501,4040000,900000
2022-12-14 15:26:53.084000,1.06505,1.065,4040000,900000
2022-12-14 15:26:56.234000,1.06507,1.06502,5040000,5400000
2022-12-14 15:26:56.336000,1.06506,1.06502,4940000,900000
2022-12-14 15:26:56.489000,1.06507,1.06502,1340000,900000
2022-12-14 15:26:56.591000,1.06505,1.06503,4040000,900000
2022-12-14 15:26:56.643000,1.06504,1.06501,4940000,5040000
2022-12-14 15:26:56.948000,1.06504,1.06499,440000,8720000
2022-12-14 15:27:00.987000,1.06501,1.06499,230000,980000
2022-12-14 15:27:01.038000,1.065,1.06497,1340000,4140000
2022-12-14 15:27:01.090000,1.065,1.06495,1340000,4500000
2022-12-14 15:27:01.243000,1.06499,1.06495,3600000,900000
2022-12-14 15:27:01.570000,1.065,1.06495,1340000,900000
2022-12-14 15:27:01.881000,1.06499,1.06494,4940000,900000
2022-12-14 15:27:01.984000,1.06498,1.06493,4040000,900000
2022-12-14 15:27:02.471000,1.06499,1.06495,440000,4500000
2022-12-14 15:27:03.801000,1.06498,1.06495,3600000,900000
2022-12-14 15:27:03.852000,1.06497,1.06494,3600000,2700000
2022-12-14 15:27:04.005000,1.06499,1.06493,1340000,5400000
2022-12-14 15:27:04.107000,1.06497,1.06494,4040000,1340000
2022-12-14 15:27:04.360000,1.06499,1.06493,4940000,4940000
2022-12-14 15:27:04.856000,1.06498,1.06493,4040000,900000
2022-12-14 15:27:05.387000,1.06499,1.06493,1340000,5400000
2022-12-14 15:27:05.624000,1.06498,1.06493,4500000,5940000
2022-12-14 15:27:06.516000,1.06499,1.06493,1340000,6300000
2022-12-14 15:27:08.058000,1.06498,1.06493,3600000,6840000
2022-12-14 15:27:08.271000,1.06498,1.06494,1340000,10440000
2022-12-14 15:27:08.511000,1.06499,1.06494,440000,900000
2022-12-14 15:27:10.589000,1.06498,1.06493,440000,9080000
2022-12-14 15:27:10.743000,1.06497,1.06492,4040000,4140000
2022-12-14 15:27:10.845000,1.06499,1.06493,9980000,440000
2022-12-14 15:27:10.947000,1.06499,1.06494,9080000,900000
2022-12-14 15:27:12.072000,1.06501,1.06498,4140000,3600000
2022-12-14 15:27:12.175000,1.06502,1.06498,4140000,4940000
2022-12-14 15:27:12.226000,1.06504,1.06498,9460000,4940000
2022-12-14 15:27:13.169000,1.06506,1.06501,7740000,2240000
2022-12-14 15:27:13.272000,1.06508,1.06503,9540000,440000
2022-12-14 15:27:13.374000,1.06507,1.06502,440000,9980000
2022-12-14 15:27:13.476000,1.06508,1.06503,1340000,3600000
2022-12-14 15:27:14.345000,1.06507,1.06502,4940000,4140000
2022-12-14 15:27:14.447000,1.06506,1.06501,3600000,6380000
2022-12-14 15:27:16.073000,1.06506,1.06502,440000,3600000
2022-12-14 15:27:17.290000,1.06507,1.06502,1340000,3600000
2022-12-14 15:27:17.392000,1.06508,1.06503,1440000,3600000
2022-12-14 15:27:19.046000,1.06509,1.06503,5040000,6300000
2022-12-14 15:27:19.698000,1.06509,1.06505,3600000,1340000
2022-12-14 15:27:19.749000,1.06511,1.06506,5940000,4940000
2022-12-14 15:27:19.851000,1.0651,1.06506,900000,900000
2022-12-14 15:27:19.953000,1.0651,1.06505,1340000,4500000
2022-12-14 15:27:20.141000,1.06509,1.06505,440000,4500000
2022-12-14 15:27:21.110000,1.06511,1.06506,9080000,1800000
2022-12-14 15:27:21.415000,1.0651,1.06505,440000,4500000
2022-12-14 15:27:21.517000,1.06509,1.06505,440000,900000
2022-12-14 15:27:21.836000,1.06509,1.06504,4270000,900000
2022-12-14 15:27:22.832000,1.06509,1.06503,5840000,6070000
2022-12-14 15:27:22.934000,1.06509,1.06504,4040000,900000
2022-12-14 15:27:23.931000,1.06508,1.06504,440000,900000
2022-12-14 15:27:25.496000,1.06509,1.06504,4940000,900000
2022-12-14 15:27:26.049000,1.06508,1.06503,900000,4940000
2022-12-14 15:27:26.788000,1.06509,1.06503,6740000,5840000
2022-12-14 15:27:26.941000,1.06508,1.06503,440000,4500000
2022-12-14 15:27:27.068000,1.06509,1.06503,5840000,4940000
2022-12-14 15:27:27.677000,1.06509,1.06504,3600000,440000
2022-12-14 15:27:27.780000,1.0651,1.06505,440000,3600000
2022-12-14 15:27:28.236000,1.06509,1.06504,4500000,5040000
2022-12-14 15:27:28.338000,1.06508,1.06506,440000,3600000
2022-12-14 15:27:28.440000,1.06509,1.06503,4040000,10880000
2022-12-14 15:27:30.382000,1.06509,1.06504,5840000,4140000
2022-12-14 15:27:30.712000,1.06509,1.06503,5840000,9080000
2022-12-14 15:27:30.814000,1.06509,1.06504,5840000,4140000
2022-12-14 15:27:31.017000,1.06509,1.06503,5840000,9080000
2022-12-14 15:27:31.527000,1.06509,1.06504,5840000,4140000
2022-12-14 15:27:31.632000,1.06509,1.06503,5840000,9080000
2022-12-14 15:27:31.885000,1.06508,1.06503,900000,9080000
2022-12-14 15:27:33.224000,1.06508,1.06504,900000,440000
2022-12-14 15:27:33.479000,1.06508,1.06505,900000,3600000
2022-12-14 15:27:33.694000,1.06507,1.06505,900000,440000
2022-12-14 15:27:35.461000,1.0651,1.06505,2240000,4500000
2022-12-14 15:27:35.563000,1.0651,1.06506,1800000,440000
2022-12-14 15:27:36.132000,1.06509,1.06506,1800000,4940000
2022-12-14 15:27:36.877000,1.06509,1.06505,900000,4040000
2022-12-14 15:27:36.979000,1.06509,1.06506,2700000,4040000
2022-12-14 15:27:37.906000,1.06509,1.06505,900000,4040000
2022-12-14 15:27:39.633000,1.06508,1.06503,900000,9080000
2022-12-14 15:27:39.735000,1.06507,1.06503,900000,3600000
2022-12-14 15:27:39.787000,1.06505,1.06502,1340000,4140000
2022-12-14 15:27:39.838000,1.06504,1.065,4500000,900000
2022-12-14 15:27:40.514000,1.06504,1.06499,4940000,1800000
2022-12-14 15:27:44.176000,1.06504,1.06498,5840000,10210000
2022-12-14 15:27:44.876000,1.06504,1.06499,4940000,900000
2022-12-14 15:27:46.160000,1.06504,1.065,4500000,900000
2022-12-14 15:27:47.779000,1.06504,1.06501,4940000,900000
2022-12-14 15:27:47.881000,1.06505,1.06501,5840000,900000
2022-12-14 15:27:47.983000,1.06504,1.06501,900000,900000
2022-12-14 15:27:48.915000,1.06506,1.06503,900000,900000
2022-12-14 15:27:49.018000,1.06508,1.06505,410000,900000
2022-12-14 15:27:49.221000,1.06508,1.06506,5040000,900000
2022-12-14 15:27:49.735000,1.06507,1.06505,1440000,900000
2022-12-14 15:27:50.836000,1.06507,1.06506,120000,900000
2022-12-14 15:27:51.039000,1.06509,1.06505,5040000,900000
2022-12-14 15:27:51.456000,1.06507,1.06506,440000,900000
2022-12-14 15:27:52.161000,1.06506,1.06504,2240000,4500000
2022-12-14 15:27:52.263000,1.06506,1.06501,4940000,900000
2022-12-14 15:27:52.365000,1.06505,1.06501,440000,900000
2022-12-14 15:27:52.531000,1.06506,1.06501,4940000,900000
2022-12-14 15:27:52.633000,1.06505,1.06501,440000,900000
2022-12-14 15:27:52.735000,1.06505,1.065,440000,5630000
2022-12-14 15:27:53.255000,1.06506,1.06503,900000,4500000
2022-12-14 15:27:53.357000,1.06508,1.06504,410000,900000
2022-12-14 15:27:54.500000,1.06509,1.06505,4140000,900000
2022-12-14 15:27:55.007000,1.0651,1.06506,5040000,900000
2022-12-14 15:27:55.352000,1.06509,1.06506,4040000,900000
2022-12-14 15:27:55.897000,1.06508,1.06506,440000,900000
2022-12-14 15:27:55.949000,1.06506,1.06504,440000,900000
2022-12-14 15:27:56.051000,1.06509,1.06504,5840000,900000
2022-12-14 15:27:56.153000,1.06509,1.06505,5840000,900000
2022-12-14 15:27:57.300000,1.0651,1.06506,1340000,900000
2022-12-14 15:27:57.812000,1.06508,1.06507,440000,900000
2022-12-14 15:27:57.915000,1.06509,1.06505,4940000,900000
2022-12-14 15:28:01.769000,1.06511,1.06506,9310000,2240000
2022-12-14 15:28:01.872000,1.06512,1.06508,4730000,900000
2022-12-14 15:28:02.024000,1.06511,1.06508,5170000,900000
2022-12-14 15:28:02.126000,1.06511,1.06506,5170000,900000
2022-12-14 15:28:02.742000,1.0651,1.06506,440000,900000
2022-12-14 15:28:05.367000,1.06509,1.06506,440000,900000
2022-12-14 15:28:05.889000,1.0651,1.06506,2240000,900000
2022-12-14 15:28:06.114000,1.06511,1.06508,7970000,900000
2022-12-14 15:28:06.217000,1.06512,1.06508,4140000,900000
2022-12-14 15:28:06.319000,1.06513,1.06509,770000,5400000
2022-12-14 15:28:06.421000,1.06513,1.0651,440000,900000
2022-12-14 15:28:06.523000,1.06515,1.0651,5940000,900000
2022-12-14 15:28:07.173000,1.06514,1.0651,440000,900000
2022-12-14 15:28:08.806000,1.06514,1.06511,440000,900000
2022-12-14 15:28:08.908000,1.06515,1.06511,5040000,900000
2022-12-14 15:28:10.437000,1.06514,1.0651,1340000,900000
2022-12-14 15:28:10.539000,1.06513,1.0651,440000,4500000
2022-12-14 15:28:10.641000,1.06515,1.0651,4940000,900000
2022-12-14 15:28:10.875000,1.06515,1.06511,440000,900000
2022-12-14 15:28:11.028000,1.06515,1.06512,4940000,900000
2022-12-14 15:28:11.156000,1.06516,1.06512,4940000,900000
2022-12-14 15:28:11.259000,1.06516,1.06511,4940000,900000
2022-12-14 15:28:11.584000,1.06515,1.06511,440000,900000
2022-12-14 15:28:11.989000,1.06515,1.0651,440000,4500000
2022-12-14 15:28:13.758000,1.06517,1.06512,4040000,1340000
2022-12-14 15:28:13.860000,1.06518,1.06514,7740000,900000
2022-12-14 15:28:13.963000,1.06518,1.06516,900000,4500000
2022-12-14 15:28:14.066000,1.06521,1.06518,4140000,4500000
2022-12-14 15:28:14.168000,1.06522,1.06518,440000,4500000
2022-12-14 15:28:14.270000,1.06521,1.06518,440000,900000
2022-12-14 15:28:14.423000,1.06522,1.06518,9980000,900000
2022-12-14 15:28:14.525000,1.06523,1.06519,5480000,900000
2022-12-14 15:28:15.172000,1.06522,1.06519,4500000,900000
2022-12-14 15:28:15.274000,1.06521,1.06518,900000,900000
2022-12-14 15:28:16.004000,1.06523,1.0652,5040000,900000
2022-12-14 15:28:17.882000,1.06523,1.06519,3140000,900000
2022-12-14 15:28:17.984000,1.06522,1.06518,900000,900000
2022-12-14 15:28:18.109000,1.06522,1.06519,900000,4500000
2022-12-14 15:28:19.031000,1.06523,1.06519,900000,4500000
2022-12-14 15:28:20.746000,1.06513,1.06511,1800000,440000
2022-12-14 15:28:20.850000,1.06516,1.06513,4270000,4500000
2022-12-14 15:28:20.952000,1.06515,1.06513,4040000,4500000
2022-12-14 15:28:21.004000,1.06515,1.06511,4040000,900000
2022-12-14 15:28:21.055000,1.06517,1.06512,6380000,3600000
2022-12-14 15:28:21.163000,1.06516,1.06511,4040000,1800000
2022-12-14 15:28:21.266000,1.06517,1.06512,1340000,3600000
2022-12-14 15:28:21.470000,1.06518,1.06513,3600000,900000
2022-12-14 15:28:21.572000,1.06521,1.06517,2700000,4500000
2022-12-14 15:28:21.675000,1.06519,1.06517,900000,6170000
2022-12-14 15:28:21.777000,1.06515,1.06511,900000,4370000
2022-12-14 15:28:21.829000,1.06516,1.06514,1130000,900000
2022-12-14 15:28:21.880000,1.06516,1.06513,1340000,3600000
2022-12-14 15:28:21.932000,1.06516,1.0651,5400000,14940000
2022-12-14 15:28:22.085000,1.06516,1.06511,440000,900000
2022-12-14 15:28:22.238000,1.06515,1.06511,440000,900000
2022-12-14 15:28:23.732000,1.06516,1.06511,4040000,900000
2022-12-14 15:28:24.254000,1.06517,1.06511,9080000,5400000
2022-12-14 15:28:24.356000,1.06517,1.06512,5840000,900000
2022-12-14 15:28:24.510000,1.06519,1.06515,7280000,3600000
2022-12-14 15:28:25.151000,1.06519,1.06514,4940000,900000
2022-12-14 15:28:25.253000,1.06518,1.06514,900000,900000
2022-12-14 15:28:25.406000,1.06518,1.06513,900000,4940000
2022-12-14 15:28:25.936000,1.06517,1.06513,1340000,900000
2022-12-14 15:28:26.038000,1.06515,1.06512,440000,4140000
2022-12-14 15:28:26.089000,1.06515,1.0651,440000,4500000
2022-12-14 15:28:29.519000,1.06514,1.0651,440000,3600000
2022-12-14 15:28:29.621000,1.06513,1.0651,440000,3600000
2022-12-14 15:28:30.016000,1.06514,1.0651,440000,900000
2022-12-14 15:28:30.169000,1.06516,1.0651,11210000,4500000
2022-12-14 15:28:30.337000,1.06515,1.0651,440000,4500000
2022-12-14 15:28:30.541000,1.06516,1.0651,10310000,4500000
2022-12-14 15:28:30.829000,1.06514,1.0651,440000,4500000
2022-12-14 15:28:32.095000,1.06515,1.0651,1340000,4500000
2022-12-14 15:28:32.197000,1.06516,1.0651,9980000,5840000
2022-12-14 15:28:33.126000,1.06515,1.0651,1340000,8640000
2022-12-14 15:28:33.686000,1.06516,1.0651,6840000,6300000
2022-12-14 15:28:33.788000,1.06515,1.0651,1340000,4940000
2022-12-14 15:28:34.745000,1.06514,1.06509,900000,4500000
2022-12-14 15:28:38.293000,1.06514,1.06508,4040000,4940000
2022-12-14 15:28:38.480000,1.0651,1.06507,440000,5990000
2022-12-14 15:28:38.583000,1.06504,1.06503,900000,4580000
2022-12-14 15:28:38.634000,1.06502,1.065,900000,5040000
2022-12-14 15:28:38.736000,1.06501,1.06498,3600000,230000
2022-12-14 15:28:38.788000,1.065,1.06497,4940000,230000
2022-12-14 15:28:38.839000,1.065,1.06495,4940000,230000
2022-12-14 15:28:39.082000,1.06501,1.06496,6300000,1340000
2022-12-14 15:28:39.133000,1.06502,1.06498,8640000,440000
2022-12-14 15:28:39.236000,1.06503,1.06498,1340000,4940000
2022-12-14 15:28:39.338000,1.06504,1.06498,5840000,4940000
2022-12-14 15:28:40.236000,1.06502,1.06498,4500000,900000
2022-12-14 15:28:40.338000,1.06503,1.06498,2240000,4500000
2022-12-14 15:28:40.884000,1.065,1.06497,1340000,4140000
2022-12-14 15:28:41.022000,1.06499,1.06494,4040000,900000
2022-12-14 15:28:41.124000,1.06498,1.06493,900000,8180000
2022-12-14 15:28:41.735000,1.06498,1.06494,900000,440000
2022-12-14 15:28:42.167000,1.06499,1.06494,4940000,440000
2022-12-14 15:28:42.646000,1.06499,1.06495,440000,3600000
2022-12-14 15:28:43.479000,1.06499,1.06494,4040000,1340000
2022-12-14 15:28:43.683000,1.065,1.06496,900000,6740000
2022-12-14 15:28:43.787000,1.06503,1.06498,2240000,4040000
2022-12-14 15:28:43.889000,1.06502,1.06497,3600000,900000
2022-12-14 15:28:44.094000,1.06503,1.06498,2240000,3600000
2022-12-14 15:28:44.232000,1.06502,1.06498,900000,3600000
2022-12-14 15:28:44.424000,1.06503,1.06498,2240000,3600000
2022-12-14 15:28:45.255000,1.06503,1.06497,5840000,8180000
2022-12-14 15:28:45.357000,1.06503,1.06498,1800000,4040000
2022-12-14 15:28:46.152000,1.06502,1.06497,4500000,1340000
2022-12-14 15:28:46.254000,1.06503,1.06498,2240000,3600000
2022-12-14 15:28:46.711000,1.065,1.06496,440000,7740000
2022-12-14 15:28:46.817000,1.065,1.06495,440000,5400000
2022-12-14 15:28:47.382000,1.06499,1.06494,3600000,5040000
2022-12-14 15:28:48.719000,1.065,1.06495,2240000,3600000
2022-12-14 15:28:48.821000,1.06501,1.06496,9980000,1800000
2022-12-14 15:28:49.751000,1.065,1.06495,440000,5940000
2022-12-14 15:28:50.062000,1.06498,1.06496,4040000,900000
2022-12-14 15:28:50.316000,1.06501,1.06496,12240000,900000
2022-12-14 15:28:50.419000,1.06502,1.06498,440000,4940000
2022-12-14 15:28:50.521000,1.06505,1.06503,4140000,1340000
2022-12-14 15:28:50.572000,1.06511,1.06506,440000,5400000
2022-12-14 15:28:50.675000,1.06513,1.06509,900000,3600000
2022-12-14 15:28:50.777000,1.06515,1.06513,900000,900000
2022-12-14 15:28:50.829000,1.06516,1.06515,950000,900000
2022-12-14 15:28:50.880000,1.06518,1.06516,4140000,900000
2022-12-14 15:28:50.931000,1.0652,1.06516,230000,4500000
2022-12-14 15:28:50.983000,1.06522,1.06518,1130000,3600000
2022-12-14 15:28:51.085000,1.06522,1.06517,3830000,900000
2022-12-14 15:28:51.187000,1.06521,1.06516,440000,8640000
2022-12-14 15:28:51.290000,1.0652,1.06516,1340000,3600000
2022-12-14 15:28:51.392000,1.0652,1.06515,1340000,3600000
2022-12-14 15:28:51.494000,1.0652,1.06516,1340000,3600000
2022-12-14 15:28:51.697000,1.0652,1.06515,1340000,900000
2022-12-14 15:28:52.235000,1.06521,1.06517,900000,1340000
2022-12-14 15:28:52.337000,1.06521,1.06516,1340000,3600000
2022-12-14 15:28:52.439000,1.0652,1.06515,440000,4500000
2022-12-14 15:28:52.758000,1.06519,1.06515,3600000,900000
2022-12-14 15:28:52.875000,1.06519,1.06514,3600000,900000
2022-12-14 15:28:53.037000,1.0652,1.06515,2240000,3600000
2022-12-14 15:28:53.233000,1.06519,1.06514,3600000,900000
2022-12-14 15:28:53.335000,1.0652,1.06515,2240000,3600000
2022-12-14 15:28:53.479000,1.06519,1.06514,3600000,900000
2022-12-14 15:28:53.683000,1.0652,1.06515,2240000,3600000
2022-12-14 15:28:53.796000,1.06519,1.06514,3600000,900000
2022-12-14 15:28:54.201000,1.0652,1.06517,3140000,5400000
2022-12-14 15:28:54.303000,1.06522,1.06516,9080000,6300000
2022-12-14 15:28:54.628000,1.0652,1.06516,1340000,3600000
2022-12-14 15:28:54.730000,1.06519,1.06516,1340000,900000
2022-12-14 15:28:54.891000,1.06521,1.06516,2240000,5400000
2022-12-14 15:28:54.993000,1.06522,1.06516,4040000,6300000
2022-12-14 15:28:55.649000,1.0652,1.06516,440000,9540000
2022-12-14 15:28:56.108000,1.06521,1.06516,1340000,4500000
2022-12-14 15:28:56.210000,1.06524,1.06519,4090000,3600000
2022-12-14 15:28:56.312000,1.0652,1.06516,440000,7740000
2022-12-14 15:28:56.414000,1.0652,1.06515,440000,4500000
2022-12-14 15:28:56.719000,1.0652,1.06516,440000,3600000
2022-12-14 15:28:56.821000,1.0652,1.06515,440000,5400000
2022-12-14 15:28:56.993000,1.06522,1.06518,900000,4500000
2022-12-14 15:28:57.095000,1.06523,1.06518,1340000,4500000
2022-12-14 15:28:57.248000,1.06521,1.06519,3140000,3600000
2022-12-14 15:28:57.350000,1.0652,1.06515,440000,8640000
2022-12-14 15:28:57.452000,1.06521,1.06515,6300000,4500000
2022-12-14 15:28:57.554000,1.06519,1.06516,1340000,3600000
2022-12-14 15:28:58.696000,1.0652,1.06516,440000,3600000
2022-12-14 15:28:58.804000,1.06521,1.06516,1340000,3600000
2022-12-14 15:28:59.407000,1.06522,1.06517,4940000,900000
2022-12-14 15:28:59.509000,1.06523,1.06518,5040000,3600000
2022-12-14 15:28:59.611000,1.06524,1.06519,4580000,4500000
2022-12-14 15:28:59.713000,1.06525,1.06519,4940000,5400000
2022-12-14 15:28:59.866000,1.06526,1.06521,8640000,1340000
2022-12-14 15:28:59.968000,1.06527,1.06522,440000,4500000
2022-12-14 15:29:00.070000,1.06527,1.06521,1340000,4500000
2022-12-14 15:29:00.528000,1.06528,1.06523,8640000,2340000
2022-12-14 15:29:00.630000,1.06531,1.06526,8640000,3240000
2022-12-14 15:29:00.732000,1.06531,1.06525,5400000,8180000
2022-12-14 15:29:00.835000,1.06529,1.06525,440000,980000
2022-12-14 15:29:01.654000,1.0653,1.06527,11570000,440000
2022-12-14 15:29:01.766000,1.06531,1.06525,5840000,7070000
2022-12-14 15:29:02.020000,1.0653,1.06525,1340000,7820000
2022-12-14 15:29:02.437000,1.06528,1.06526,3600000,120000
2022-12-14 15:29:02.572000,1.0653,1.06525,4580000,120000
2022-12-14 15:29:02.675000,1.06529,1.06525,3600000,120000
2022-12-14 15:29:02.920000,1.06529,1.06526,440000,310000
2022-12-14 15:29:03.023000,1.0653,1.06526,9080000,7280000
2022-12-14 15:29:03.074000,1.06528,1.06526,3600000,2240000
2022-12-14 15:29:03.176000,1.06528,1.06523,1800000,5630000
2022-12-14 15:29:03.650000,1.06526,1.06522,440000,5940000
2022-12-14 15:29:03.752000,1.06525,1.06519,4040000,9540000
2022-12-14 15:29:04.057000,1.06522,1.06518,5840000,4140000
2022-12-14 15:29:04.159000,1.06521,1.06516,1340000,900000
2022-12-14 15:29:04.702000,1.06519,1.06513,4500000,9980000
2022-12-14 15:29:04.955000,1.06518,1.06512,4940000,5400000
2022-12-14 15:29:05.517000,1.06518,1.06513,5400000,900000
2022-12-14 15:29:05.670000,1.06518,1.06516,3600000,900000
2022-12-14 15:29:05.772000,1.0652,1.06515,1340000,3600000
2022-12-14 15:29:06.124000,1.06519,1.06514,3600000,2110000
2022-12-14 15:29:06.279000,1.0652,1.06515,2240000,3600000
2022-12-14 15:29:06.402000,1.06519,1.06514,1800000,4140000
2022-12-14 15:29:06.504000,1.06517,1.06512,4040000,5940000
2022-12-14 15:29:06.606000,1.06518,1.06513,4500000,440000
2022-12-14 15:29:06.712000,1.06518,1.06512,4940000,10080000
2022-12-14 15:29:07.085000,1.06518,1.06513,4040000,900000
2022-12-14 15:29:07.192000,1.06518,1.06514,4940000,5940000
2022-12-14 15:29:07.294000,1.06518,1.06513,3600000,1340000
2022-12-14 15:29:08.256000,1.06521,1.06518,12240000,1340000
2022-12-14 15:29:08.308000,1.06527,1.06523,4500000,4580000
2022-12-14 15:29:08.359000,1.06532,1.06529,3600000,900000
2022-12-14 15:29:08.410000,1.06534,1.0653,6070000,5400000
2022-12-14 15:29:08.513000,1.06534,1.06529,2700000,5630000
2022-12-14 15:29:08.615000,1.06535,1.06529,4940000,5630000
2022-12-14 15:29:08.822000,1.06535,1.0653,440000,3600000
2022-12-14 15:29:08.975000,1.06536,1.0653,11110000,3600000
2022-12-14 15:29:09.078000,1.06537,1.06531,9540000,2240000
2022-12-14 15:29:09.180000,1.06537,1.06532,900000,3600000
2022-12-14 15:29:09.445000,1.06537,1.06531,900000,5840000
2022-12-14 15:29:09.576000,1.06537,1.06532,900000,900000
2022-12-14 15:29:09.628000,1.06534,1.06533,900000,4500000
2022-12-14 15:29:09.730000,1.06535,1.06531,1340000,900000
2022-12-14 15:29:10.035000,1.06536,1.06532,900000,4500000
2022-12-14 15:29:10.138000,1.06538,1.06532,2240000,4500000
2022-12-14 15:29:10.443000,1.06538,1.06533,3600000,2240000
2022-12-14 15:29:10.545000,1.06539,1.06533,4500000,5840000
2022-12-14 15:29:10.791000,1.06539,1.06534,4500000,4140000
2022-12-14 15:29:11.035000,1.06539,1.06533,4500000,9980000
2022-12-14 15:29:11.595000,1.06537,1.06533,1340000,3600000
2022-12-14 15:29:11.697000,1.06537,1.06532,900000,4500000
2022-12-14 15:29:11.799000,1.06539,1.06533,5840000,4940000
2022-12-14 15:29:12.708000,1.06539,1.06534,900000,3600000
2022-12-14 15:29:12.810000,1.06539,1.06533,4500000,5840000
2022-12-14 15:29:14.368000,1.06541,1.06538,6380000,900000
2022-12-14 15:29:14.471000,1.06544,1.0654,4140000,5840000
2022-12-14 15:29:14.573000,1.06546,1.06544,4500000,2240000
2022-12-14 15:29:14.675000,1.06551,1.06546,3240000,5400000
2022-12-14 15:29:14.778000,1.06552,1.06548,3600000,1340000
2022-12-14 15:29:14.880000,1.06551,1.06547,900000,900000
2022-12-14 15:29:14.983000,1.06552,1.06549,1800000,3600000
2022-12-14 15:29:15.085000,1.06549,1.06546,3600000,900000
2022-12-14 15:29:15.136000,1.06549,1.06544,4500000,5040000
2022-12-14 15:29:15.238000,1.06548,1.06543,1340000,5630000
2022-12-14 15:29:15.391000,1.06548,1.06544,1340000,900000
2022-12-14 15:29:15.493000,1.06549,1.06544,5940000,900000
2022-12-14 15:29:15.646000,1.06547,1.06542,900000,12290000
2022-12-14 15:29:15.754000,1.06548,1.06542,5840000,6530000
2022-12-14 15:29:15.857000,1.06548,1.06543,3600000,900000
2022-12-14 15:29:16.442000,1.06549,1.06543,5940000,5400000
2022-12-14 15:29:16.950000,1.06548,1.06543,1340000,5840000
2022-12-14 15:29:17.053000,1.06549,1.06543,6840000,5840000
2022-12-14 15:29:19.544000,1.06549,1.06544,5940000,440000
2022-12-14 15:29:19.700000,1.06545,1.06543,4730000,5040000
2022-12-14 15:29:19.802000,1.06545,1.0654,4040000,900000
2022-12-14 15:29:20.006000,1.06544,1.06539,1440000,8640000
2022-12-14 15:29:20.480000,1.06545,1.0654,4040000,1800000
2022-12-14 15:29:21.106000,1.06544,1.06539,440000,9770000
2022-12-14 15:29:21.209000,1.06546,1.06543,4140000,980000
2022-12-14 15:29:21.260000,1.06549,1.06545,230000,3600000
2022-12-14 15:29:21.362000,1.06549,1.06546,900000,900000
2022-12-14 15:29:21.413000,1.06549,1.06544,900000,4730000
2022-12-14 15:29:24.360000,1.06549,1.06546,3600000,1340000
2022-12-14 15:29:24.462000,1.06552,1.06547,5400000,2240000
2022-12-14 15:29:24.591000,1.06552,1.06546,5400000,8770000
2022-12-14 15:29:24.693000,1.06552,1.06547,5400000,1340000
2022-12-14 15:29:26.583000,1.0655,1.06546,4940000,2700000
2022-12-14 15:29:26.787000,1.0655,1.06544,4940000,6070000
2022-12-14 15:29:28.571000,1.06549,1.06544,3600000,2470000
2022-12-14 15:29:30.239000,1.0655,1.06545,8640000,440000
2022-12-14 15:29:30.341000,1.06549,1.06544,3600000,2470000
2022-12-14 15:29:30.443000,1.0655,1.06544,9980000,6070000
2022-12-14 15:29:30.570000,1.06549,1.06544,3600000,2470000
2022-12-14 15:29:32.072000,1.06549,1.06543,5840000,4940000
2022-12-14 15:29:32.377000,1.06549,1.06545,3600000,440000
2022-12-14 15:29:32.479000,1.06549,1.06544,4040000,900000
2022-12-14 15:29:32.981000,1.06549,1.06546,4140000,900000
2022-12-14 15:29:33.032000,1.06551,1.06546,3140000,7200000
2022-12-14 15:29:33.135000,1.06555,1.06551,440000,2240000
2022-12-14 15:29:33.237000,1.06559,1.06558,2290000,1340000
2022-12-14 15:29:33.289000,1.06565,1.06562,900000,440000
2022-12-14 15:29:33.392000,1.06565,1.06561,3600000,900000
2022-12-14 15:29:33.494000,1.06566,1.06561,5400000,900000
2022-12-14 15:29:33.748000,1.06561,1.06559,900000,5940000
2022-12-14 15:29:33.851000,1.06557,1.06554,900000,900000
2022-12-14 15:29:33.953000,1.06553,1.0655,1340000,4140000
2022-12-14 15:29:34.056000,1.06553,1.06548,900000,4500000
2022-12-14 15:29:34.107000,1.06555,1.06549,12680000,4500000
2022-12-14 15:29:34.260000,1.06554,1.06551,900000,3600000
2022-12-14 15:29:34.634000,1.06551,1.0655,900000,900000
2022-12-14 15:29:34.736000,1.06552,1.06548,4940000,4140000
2022-12-14 15:29:34.787000,1.06552,1.06546,4940000,5840000
2022-12-14 15:29:34.889000,1.06551,1.06549,900000,900000
2022-12-14 15:29:34.992000,1.06551,1.06546,3600000,2240000
2022-12-14 15:29:35.094000,1.06549,1.06544,3600000,5940000
2022-12-14 15:29:35.196000,1.06549,1.06545,900000,9980000
2022-12-14 15:29:35.349000,1.06551,1.06545,5940000,1800000
2022-12-14 15:29:35.476000,1.06551,1.06546,1340000,3600000
2022-12-14 15:29:36.270000,1.0655,1.06545,3600000,900000
2022-12-14 15:29:36.655000,1.06551,1.06545,2340000,4500000
2022-12-14 15:29:36.757000,1.06551,1.06546,2340000,3600000
2022-12-14 15:29:36.885000,1.06551,1.06545,2340000,4500000
2022-12-14 15:29:36.987000,1.0655,1.06545,4040000,900000
2022-12-14 15:29:38.298000,1.06552,1.06548,1800000,1800000
2022-12-14 15:29:38.400000,1.06555,1.0655,5040000,3600000
2022-12-14 15:29:38.452000,1.06556,1.06554,900000,1340000
2022-12-14 15:29:38.503000,1.0656,1.06557,440000,900000
2022-12-14 15:29:38.606000,1.06562,1.06557,5040000,5400000
2022-12-14 15:29:38.657000,1.06562,1.0656,4140000,440000
2022-12-14 15:29:38.759000,1.06566,1.06561,8640000,1340000
2022-12-14 15:29:38.862000,1.06567,1.06565,4140000,440000
2022-12-14 15:29:38.964000,1.0657,1.06567,5040000,1340000
2022-12-14 15:29:39.067000,1.06573,1.06569,9000000,900000
2022-12-14 15:29:39.169000,1.06571,1.06569,900000,1340000
2022-12-14 15:29:39.271000,1.06571,1.06567,900000,2240000
2022-12-14 15:29:39.832000,1.0657,1.06565,900000,4940000
2022-12-14 15:29:40.043000,1.0657,1.06564,4940000,5400000
2022-12-14 15:29:40.602000,1.06569,1.06564,440000,4500000
2022-12-14 15:29:40.710000,1.0657,1.06564,6790000,4500000
2022-12-14 15:29:41.623000,1.0657,1.06566,3600000,900000
2022-12-14 15:29:41.674000,1.0657,1.06564,3600000,5840000
2022-12-14 15:29:41.827000,1.06571,1.06564,11340000,5840000
2022-12-14 15:29:41.980000,1.0657,1.06564,3600000,5840000
2022-12-14 15:29:42.031000,1.06565,1.06563,900000,4140000
2022-12-14 15:29:42.133000,1.06564,1.06559,900000,4500000
2022-12-14 15:29:42.235000,1.06565,1.06559,9980000,4500000
2022-12-14 15:29:42.479000,1.06564,1.06559,900000,3600000
2022-12-14 15:29:43.587000,1.06563,1.06557,5940000,5400000
2022-12-14 15:29:43.841000,1.06563,1.06558,4500000,1340000
2022-12-14 15:29:44.096000,1.0656,1.06557,3600000,4140000
2022-12-14 15:29:44.198000,1.0656,1.06555,4040000,1800000
2022-12-14 15:29:44.300000,1.06559,1.06555,3600000,1800000
2022-12-14 15:29:44.403000,1.0656,1.06555,9080000,900000
2022-12-14 15:29:44.847000,1.06559,1.06555,3600000,900000
2022-12-14 15:29:45.112000,1.0656,1.06555,9080000,900000
2022-12-14 15:29:46.134000,1.06559,1.06555,3600000,900000
2022-12-14 15:29:46.186000,1.06559,1.06553,4940000,5400000
2022-12-14 15:29:47.735000,1.06558,1.06553,3600000,2240000
2022-12-14 15:29:47.837000,1.06559,1.06553,5840000,5840000
2022-12-14 15:29:48.257000,1.06557,1.06553,120000,4940000
2022-12-14 15:29:48.309000,1.06552,1.06548,5400000,4940000
2022-12-14 15:29:48.411000,1.06552,1.06547,4940000,5400000
2022-12-14 15:29:48.514000,1.06548,1.06544,900000,900000
2022-12-14 15:29:48.616000,1.06549,1.06544,4500000,900000
2022-12-14 15:29:50,1.06551,1.06548,900000,900000
2022-12-14 15:29:50.102000,1.06552,1.06548,900000,900000
2022-12-14 15:29:50.784000,1.06553,1.06548,4500000,1800000
2022-12-14 15:29:51.313000,1.06555,1.06551,10440000,1800000
2022-12-14 15:29:51.365000,1.06558,1.06557,950000,900000
2022-12-14 15:29:51.416000,1.06562,1.06556,10360000,5840000
2022-12-14 15:29:51.518000,1.06562,1.06557,4960000,5400000
2022-12-14 15:29:51.620000,1.06563,1.06557,8640000,5840000
2022-12-14 15:29:51.672000,1.06561,1.06557,900000,4500000
2022-12-14 15:29:51.774000,1.06561,1.06556,900000,4500000
2022-12-14 15:29:51.876000,1.06562,1.06557,900000,4040000
2022-12-14 15:29:51.978000,1.06562,1.06556,4940000,9540000
2022-12-14 15:29:53.109000,1.06561,1.06556,900000,4500000
2022-12-14 15:29:53.211000,1.06559,1.06556,3600000,900000
2022-12-14 15:29:53.313000,1.06559,1.06555,4040000,900000
2022-12-14 15:29:54.717000,1.06561,1.06557,1800000,900000
2022-12-14 15:29:54.819000,1.06562,1.06559,7740000,900000
2022-12-14 15:29:55.818000,1.06563,1.06559,5400000,900000
2022-12-14 15:29:55.870000,1.0656,1.06557,4940000,1800000
2022-12-14 15:29:55.972000,1.06559,1.06556,3600000,4140000
2022-12-14 15:29:56.074000,1.06559,1.06555,3600000,900000
2022-12-14 15:29:56.394000,1.06557,1.06554,8120000,900000
2022-12-14 15:29:56.547000,1.06559,1.06553,900000,6300000
2022-12-14 15:29:56.649000,1.06555,1.06553,5400000,6840000
2022-12-14 15:29:56.751000,1.06555,1.06551,1340000,4140000
2022-12-14 15:29:56.853000,1.06556,1.06552,5040000,3600000
2022-12-14 15:29:56.955000,1.06558,1.06552,900000,6300000
2022-12-14 15:29:57.006000,1.06556,1.06552,3600000,1800000
2022-12-14 15:29:57.108000,1.06556,1.06551,3600000,1800000
2022-12-14 15:29:57.292000,1.06557,1.06551,1340000,4500000
2022-12-14 15:29:57.394000,1.06556,1.06551,3600000,900000
2022-12-14 15:29:57.445000,1.06558,1.06552,6740000,6300000
2022-12-14 15:29:57.547000,1.06558,1.06553,4500000,900000
2022-12-14 15:29:58.156000,1.06556,1.06553,900000,4500000
2022-12-14 15:29:58.258000,1.06553,1.0655,3600000,5040000
2022-12-14 15:29:58.360000,1.06553,1.06549,3600000,1800000
2022-12-14 15:29:58.411000,1.06555,1.06549,5480000,5400000
2022-12-14 15:29:58.529000,1.06554,1.06549,900000,900000
2022-12-14 15:29:58.682000,1.06553,1.06548,3600000,2240000
2022-12-14 15:29:58.784000,1.06554,1.06549,900000,4500000
2022-12-14 15:29:58.975000,1.06555,1.06549,2240000,5400000
2022-12-14 15:29:59.078000,1.06554,1.06549,440000,5840000
2022-12-14 15:29:59.729000,1.06555,1.06552,4140000,4940000
2022-12-14 15:29:59.831000,1.06556,1.06552,4040000,1800000
2022-12-14 15:29:59.934000,1.06554,1.06551,440000,5040000
2022-12-14 15:30:00.047000,1.06556,1.0655,9980000,5840000
2022-12-14 15:30:00.161000,1.06555,1.0655,1340000,900000
2022-12-14 15:30:00.244000,1.06552,1.06549,1800000,5040000
2022-12-14 15:30:00.378000,1.06551,1.06546,440000,6840000
2022-12-14 15:30:00.486000,1.0655,1.06544,2240000,8640000
2022-12-14 15:30:00.544000,1.06547,1.06544,440000,4500000
2022-12-14 15:30:00.646000,1.06546,1.06544,900000,3600000
2022-12-14 15:30:00.747000,1.06548,1.06543,900000,4040000
2022-12-14 15:30:00.981000,1.06549,1.06543,5400000,4940000
2022-12-14 15:30:01.184000,1.06546,1.06544,900000,7740000
2022-12-14 15:30:01.236000,1.06549,1.06543,5400000,9080000
2022-12-14 15:30:01.337000,1.06549,1.06544,3600000,900000
2022-12-14 15:30:01.490000,1.0655,1.06544,2240000,9540000
2022-12-14 15:30:01.703000,1.06549,1.06544,3600000,1800000
2022-12-14 15:30:01.805000,1.06549,1.06545,3600000,900000
2022-12-14 15:30:01.856000,1.06551,1.06547,4140000,3600000
2022-12-14 15:30:01.958000,1.06553,1.06547,6300000,7200000
2022-12-14 15:30:02.235000,1.06553,1.06549,1340000,3600000
2022-12-14 15:30:02.337000,1.06554,1.06548,1800000,4940000
2022-12-14 15:30:02.439000,1.06553,1.06548,900000,4500000
2022-12-14 15:30:02.642000,1.06553,1.06549,900000,3600000
2022-12-14 15:30:02.978000,1.06552,1.06549,2240000,3600000
2022-12-14 15:30:03.232000,1.06551,1.06547,440000,3600000
2022-12-14 15:30:03.334000,1.0655,1.06547,440000,5400000
2022-12-14 15:30:03.538000,1.06548,1.06545,4940000,5480000
2022-12-14 15:30:03.640000,1.06549,1.06543,6740000,440000
2022-12-14 15:30:03.792000,1.06549,1.06544,2240000,3600000
2022-12-14 15:30:03.894000,1.06548,1.06542,1340000,9080000
2022-12-14 15:30:03.996000,1.06548,1.06543,1340000,3600000
2022-12-14 15:30:04.098000,1.06548,1.06542,1340000,9980000
2022-12-14 15:30:04.200000,1.06548,1.06543,440000,4500000
2022-12-14 15:30:04.602000,1.06547,1.06542,900000,4940000
2022-12-14 15:30:04.704000,1.06546,1.0654,2240000,900000
2022-12-14 15:30:04.755000,1.06544,1.06539,900000,3600000
2022-12-14 15:30:05.041000,1.06541,1.06537,4940000,900000
2022-12-14 15:30:05.143000,1.0654,1.06534,2240000,4500000
2022-12-14 15:30:05.245000,1.06539,1.06534,3600000,900000
2022-12-14 15:30:05.538000,1.06539,1.06533,4500000,4940000
2022-12-14 15:30:05.865000,1.06537,1.06532,900000,4500000
2022-12-14 15:30:05.968000,1.06536,1.06531,440000,900000
2022-12-14 15:30:06.070000,1.06537,1.06532,1800000,3600000
2022-12-14 15:30:06.374000,1.06536,1.06531,440000,5040000
2022-12-14 15:30:06.527000,1.06537,1.06532,2240000,3600000
2022-12-14 15:30:06.724000,1.06536,1.06532,440000,3600000
2022-12-14 15:30:06.826000,1.06537,1.06532,2240000,3600000
2022-12-14 15:30:06.928000,1.06536,1.06532,2240000,4500000
2022-12-14 15:30:07.030000,1.06535,1.0653,3600000,900000
2022-12-14 15:30:07.133000,1.06534,1.06529,440000,900000
2022-12-14 15:30:07.236000,1.06533,1.06528,4940000,900000
2022-12-14 15:30:07.338000,1.06531,1.06526,440000,900000
2022-12-14 15:30:07.454000,1.0653,1.06526,440000,900000
2022-12-14 15:30:07.862000,1.0653,1.06524,4940000,900000
2022-12-14 15:30:07.977000,1.06529,1.06526,1340000,3600000
2022-12-14 15:30:08.405000,1.06529,1.06524,440000,900000
2022-12-14 15:30:08.508000,1.06531,1.06525,4940000,4500000
2022-12-14 15:30:08.610000,1.0653,1.06525,1440000,4500000
2022-12-14 15:30:09.183000,1.06531,1.06525,5840000,4500000
2022-12-14 15:30:09.285000,1.06531,1.06526,440000,4500000
2022-12-14 15:30:09.439000,1.06532,1.06526,2240000,4500000
2022-12-14 15:30:09.541000,1.06533,1.06529,900000,3600000
2022-12-14 15:30:09.643000,1.06533,1.06528,900000,4500000
2022-12-14 15:30:09.745000,1.06534,1.0653,900000,900000
2022-12-14 15:30:09.848000,1.06535,1.0653,1340000,4500000
2022-12-14 15:30:09.950000,1.06538,1.06533,5040000,4040000
2022-12-14 15:30:10.398000,1.06539,1.06534,5400000,540000
2022-12-14 15:30:10.450000,1.06541,1.06535,8540000,4500000
2022-12-14 15:30:10.553000,1.0654,1.06534,1800000,4940000
2022-12-14 15:30:10.706000,1.0654,1.06535,900000,1340000
2022-12-14 15:30:11.328000,1.06541,1.06536,1340000,4500000
2022-12-14 15:30:11.431000,1.0654,1.06534,2240000,4500000
2022-12-14 15:30:12.494000,1.06539,1.06536,900000,3600000
2022-12-14 15:30:12.605000,1.06539,1.06537,900000,3600000
2022-12-14 15:30:12.818000,1.06541,1.06536,2240000,3600000
2022-12-14 15:30:12.967000,1.06541,1.06535,5840000,4940000
2022-12-14 15:30:13.120000,1.06539,1.06535,900000,3600000
2022-12-14 15:30:13.222000,1.0654,1.06535,1340000,3600000
2022-12-14 15:30:13.581000,1.06539,1.06537,900000,3600000
2022-12-14 15:30:13.684000,1.0654,1.06535,1340000,3600000
2022-12-14 15:30:13.880000,1.06539,1.06535,900000,3600000
2022-12-14 15:30:14.232000,1.06539,1.06534,4500000,440000
2022-12-14 15:30:14.334000,1.06538,1.06536,900000,3600000
2022-12-14 15:30:14.436000,1.06539,1.06534,4500000,440000
2022-12-14 15:30:14.741000,1.06536,1.06535,900000,3600000
2022-12-14 15:30:14.793000,1.06537,1.06532,900000,5840000
2022-12-14 15:30:14.895000,1.06536,1.06532,900000,440000
2022-12-14 15:30:15.316000,1.06537,1.06532,1800000,440000
2022-12-14 15:30:15.418000,1.06536,1.06534,900000,1340000
2022-12-14 15:30:15.849000,1.06538,1.06533,4500000,1340000
2022-12-14 15:30:16.529000,1.06538,1.06536,900000,900000
2022-12-14 15:30:16.631000,1.06538,1.06535,900000,9080000
2022-12-14 15:30:16.937000,1.06538,1.06534,900000,9080000
2022-12-14 15:30:17.039000,1.06537,1.06536,900000,3600000
2022-12-14 15:30:18.246000,1.06537,1.06533,900000,3600000
2022-12-14 15:30:18.348000,1.06536,1.06532,900000,3600000
2022-12-14 15:30:18.451000,1.06535,1.06531,900000,900000
2022-12-14 15:30:18.603000,1.06533,1.06532,900000,900000
2022-12-14 15:30:18.706000,1.06537,1.06533,5040000,3600000
2022-12-14 15:30:18.859000,1.06537,1.06532,2240000,4940000
2022-12-14 15:30:18.910000,1.06535,1.06532,900000,3600000
2022-12-14 15:30:19.012000,1.06535,1.06531,900000,1340000
2022-12-14 15:30:19.114000,1.06535,1.06532,900000,3600000
2022-12-14 15:30:19.216000,1.06534,1.06531,900000,9080000
2022-12-14 15:30:19.318000,1.06535,1.06532,900000,3600000
2022-12-14 15:30:19.377000,1.06534,1.06531,900000,9080000
2022-12-14 15:30:19.428000,1.06535,1.06532,900000,3600000
2022-12-14 15:30:19.513000,1.06535,1.0653,900000,9080000
2022-12-14 15:30:19.565000,1.06535,1.06532,900000,3600000
2022-12-14 15:30:19.667000,1.06535,1.0653,900000,9080000
2022-12-14 15:30:20.355000,1.06534,1.0653,900000,900000
2022-12-14 15:30:20.763000,1.06532,1.06528,2240000,4140000
2022-12-14 15:30:20.866000,1.0653,1.06528,900000,4140000
2022-12-14 15:30:20.917000,1.0653,1.06525,900000,4940000
2022-12-14 15:30:21.019000,1.06529,1.06525,900000,4500000
2022-12-14 15:30:22.897000,1.06529,1.06526,900000,1800000
2022-12-14 15:30:22.999000,1.06529,1.06525,900000,9980000
2022-12-14 15:30:23.304000,1.06529,1.06527,900000,440000
2022-12-14 15:30:23.457000,1.06531,1.06527,900000,440000
2022-12-14 15:30:23.662000,1.06532,1.06527,900000,4040000
2022-12-14 15:30:23.764000,1.06532,1.06528,900000,440000
2022-12-14 15:30:24.248000,1.06531,1.06528,3140000,4140000
2022-12-14 15:30:24.350000,1.06531,1.06526,3600000,6380000
2022-12-14 15:30:24.452000,1.06532,1.06526,2240000,5840000
2022-12-14 15:30:24.969000,1.06531,1.06529,900000,3600000
2022-12-14 15:30:25.071000,1.06533,1.06529,900000,3600000
2022-12-14 15:30:25.768000,1.06531,1.06527,5840000,4140000
2022-12-14 15:30:25.820000,1.0653,1.06525,1440000,10130000
2022-12-14 15:30:25.981000,1.06529,1.06524,3600000,440000
2022-12-14 15:30:26.257000,1.0653,1.06526,900000,1340000
2022-12-14 15:30:26.359000,1.06532,1.06527,1800000,4940000
2022-12-14 15:30:26.468000,1.06532,1.06528,1800000,3600000
2022-12-14 15:30:26.570000,1.06533,1.06529,900000,3600000
2022-12-14 15:30:26.723000,1.06531,1.0653,900000,3600000
2022-12-14 15:30:26.774000,1.06532,1.06527,5840000,4140000
2022-12-14 15:30:26.876000,1.06532,1.06526,5840000,4940000
2022-12-14 15:30:27.131000,1.06533,1.06528,5400000,440000
2022-12-14 15:30:27.233000,1.06533,1.06529,900000,3600000
2022-12-14 15:30:28.448000,1.06533,1.06528,900000,5840000
2022-12-14 15:30:29.161000,1.06533,1.06529,900000,3600000
2022-12-14 15:30:29.314000,1.06534,1.06529,1340000,4040000
2022-12-14 15:30:29.827000,1.06534,1.0653,900000,3600000
2022-12-14 15:30:30.187000,1.06533,1.0653,2240000,4040000
2022-12-14 15:30:30.461000,1.06533,1.06529,900000,3600000
2022-12-14 15:30:30.564000,1.06533,1.0653,2240000,4040000
2022-12-14 15:30:31.238000,1.06532,1.0653,900000,3600000
2022-12-14 15:30:31.532000,1.06533,1.06528,900000,8180000
2022-12-14 15:30:31.636000,1.06533,1.06529,900000,3600000
2022-12-14 15:30:32.064000,1.06532,1.06529,900000,3600000
2022-12-14 15:30:32.115000,1.06533,1.06527,5840000,9980000
2022-12-14 15:30:32.167000,1.06533,1.06529,1800000,3600000
2022-12-14 15:30:32.575000,1.06534,1.06531,900000,900000
2022-12-14 15:30:32.677000,1.06535,1.06532,900000,3600000
2022-12-14 15:30:32.983000,1.06535,1.06531,2240000,5040000
2022-12-14 15:30:33.085000,1.06534,1.06529,900000,9080000
2022-12-14 15:30:33.187000,1.06535,1.0653,1340000,3600000
2022-12-14 15:30:33.696000,1.06535,1.06532,440000,3600000
2022-12-14 15:30:33.798000,1.06535,1.0653,440000,4500000
2022-12-14 15:30:36.697000,1.06534,1.0653,440000,3600000
2022-12-14 15:30:36.800000,1.06533,1.06528,4940000,900000
2022-12-14 15:30:37.413000,1.06532,1.06527,3600000,440000
2022-12-14 15:30:37.836000,1.06531,1.06527,4940000,6740000
2022-12-14 15:30:37.938000,1.06531,1.06526,440000,5400000
2022-12-14 15:30:38.142000,1.0653,1.06525,1340000,4500000
2022-12-14 15:30:39.108000,1.06528,1.06525,3600000,1340000
2022-12-14 15:30:39.261000,1.0653,1.06525,1340000,3600000
2022-12-14 15:30:39.363000,1.06529,1.06524,3600000,1340000
2022-12-14 15:30:39.465000,1.0653,1.06525,440000,3600000
2022-12-14 15:30:39.994000,1.06529,1.06524,440000,5840000
2022-12-14 15:30:40.337000,1.06531,1.06525,9050000,9980000
2022-12-14 15:30:40.439000,1.0653,1.06525,440000,3600000
2022-12-14 15:30:40.782000,1.06531,1.06525,3140000,4940000
2022-12-14 15:30:41.320000,1.06531,1.06526,900000,4040000
2022-12-14 15:30:42.132000,1.06531,1.06528,1340000,3600000
2022-12-14 15:30:42.234000,1.06533,1.06528,1340000,4040000
2022-12-14 15:30:42.336000,1.06533,1.06527,2240000,8180000
2022-12-14 15:30:43.032000,1.06533,1.06528,4500000,440000
2022-12-14 15:30:43.185000,1.06532,1.06528,440000,900000
2022-12-14 15:30:44.062000,1.0653,1.06527,1340000,900000
2022-12-14 15:30:44.113000,1.06525,1.06521,440000,3600000
2022-12-14 15:30:44.215000,1.06524,1.0652,440000,9000000
2022-12-14 15:30:44.318000,1.06523,1.0652,440000,4500000
2022-12-14 15:30:44.572000,1.06521,1.06519,1340000,900000
2022-12-14 15:30:44.624000,1.0652,1.06516,440000,8640000
2022-12-14 15:30:44.827000,1.06521,1.06516,1340000,4500000
2022-12-14 15:30:45.087000,1.06518,1.06517,1340000,900000
2022-12-14 15:30:45.189000,1.0652,1.06516,2240000,4500000
2022-12-14 15:30:45.291000,1.0652,1.06514,5840000,1340000
2022-12-14 15:30:45.453000,1.06519,1.06516,2240000,3600000
2022-12-14 15:30:45.814000,1.06519,1.06515,1340000,3600000
2022-12-14 15:30:46.265000,1.06516,1.06513,440000,4140000
2022-12-14 15:30:46.367000,1.06517,1.06512,440000,900000
2022-12-14 15:30:46.673000,1.06518,1.06513,1340000,3600000
2022-12-14 15:30:46.775000,1.06517,1.06512,1340000,4500000
2022-12-14 15:30:47.082000,1.06518,1.06513,3600000,440000
2022-12-14 15:30:47.184000,1.06518,1.06512,4040000,6300000
2022-12-14 15:30:47.642000,1.06518,1.06516,2240000,3600000
2022-12-14 15:30:47.795000,1.06519,1.06516,900000,3600000
2022-12-14 15:30:48.013000,1.06521,1.06515,6740000,900000
2022-12-14 15:30:48.115000,1.0652,1.06515,440000,3600000
2022-12-14 15:30:49.302000,1.06522,1.06518,4140000,4940000
2022-12-14 15:30:49.404000,1.06523,1.06519,900000,3600000
2022-12-14 15:30:49.507000,1.06527,1.06523,4500000,6300000
2022-12-14 15:30:49.609000,1.06528,1.06525,440000,3600000
2022-12-14 15:30:49.758000,1.06529,1.06524,5840000,440000
2022-12-14 15:30:49.860000,1.06531,1.06529,7070000,440000
2022-12-14 15:30:49.911000,1.06534,1.06532,230000,1340000
2022-12-14 15:30:50.014000,1.06537,1.06533,230000,4940000
2022-12-14 15:30:50.116000,1.06539,1.06534,900000,3600000
2022-12-14 15:30:50.230000,1.0654,1.06535,900000,2470000
2022-12-14 15:30:50.282000,1.06541,1.06537,4500000,900000
2022-12-14 15:30:50.384000,1.06544,1.06539,5270000,4500000
2022-12-14 15:30:50.639000,1.06543,1.06537,1340000,6300000
2022-12-14 15:30:50.741000,1.06543,1.06538,4040000,900000
2022-12-14 15:30:50.843000,1.06545,1.06539,6380000,3600000
2022-12-14 15:30:50.945000,1.06543,1.0654,900000,3600000
2022-12-14 15:30:51.258000,1.06544,1.06538,9310000,900000
2022-12-14 15:30:51.360000,1.06543,1.06537,3600000,5840000
2022-12-14 15:30:51.412000,1.06544,1.06539,1340000,3600000
2022-12-14 15:30:51.768000,1.0654,1.06539,1340000,900000
2022-12-14 15:30:51.820000,1.06539,1.06535,440000,4140000
2022-12-14 15:30:51.922000,1.06539,1.06533,4500000,5840000
2022-12-14 15:30:52.147000,1.06538,1.06533,1340000,3600000
2022-12-14 15:30:52.198000,1.06536,1.0653,1340000,1800000
2022-12-14 15:30:52.452000,1.06536,1.06531,900000,3600000
2022-12-14 15:30:52.554000,1.06535,1.06533,900000,3600000
2022-12-14 15:30:52.707000,1.06536,1.06531,900000,4040000
2022-12-14 15:30:52.921000,1.06535,1.06529,4500000,2240000
2022-12-14 15:30:53.023000,1.06534,1.06529,900000,4940000
2022-12-14 15:30:53.391000,1.06534,1.0653,900000,3600000
2022-12-14 15:30:53.635000,1.06534,1.06529,900000,900000
2022-12-14 15:30:54.055000,1.06535,1.0653,1340000,4500000
2022-12-14 15:30:54.208000,1.06535,1.06531,5840000,4500000
2022-12-14 15:30:54.310000,1.06535,1.0653,1340000,3600000
2022-12-14 15:30:54.937000,1.06535,1.06529,4940000,2240000
2022-12-14 15:30:55.084000,1.06535,1.0653,1340000,3600000
2022-12-14 15:30:55.432000,1.06534,1.06528,1340000,3600000
2022-12-14 15:30:55.534000,1.06534,1.06529,900000,3600000
2022-12-14 15:30:55.916000,1.06531,1.06528,900000,900000
2022-12-14 15:30:56.019000,1.06529,1.06524,4500000,2700000
2022-12-14 15:30:56.506000,1.0653,1.06525,1340000,3600000
2022-12-14 15:30:56.660000,1.0653,1.06524,1340000,5400000
2022-12-14 15:30:56.864000,1.0653,1.06525,1340000,3600000
2022-12-14 15:30:57.042000,1.06531,1.06524,9980000,5840000
2022-12-14 15:30:57.144000,1.06531,1.06525,5840000,3600000
2022-12-14 15:30:57.433000,1.0653,1.06525,1340000,3600000
2022-12-14 15:30:57.536000,1.06529,1.06524,3600000,900000
2022-12-14 15:30:57.689000,1.0653,1.06524,900000,4940000
2022-12-14 15:30:57.791000,1.0653,1.06525,900000,3600000
2022-12-14 15:30:57.944000,1.0653,1.06524,1340000,4500000
2022-12-14 15:30:58.048000,1.0653,1.06525,2240000,3600000
2022-12-14 15:30:58.150000,1.0653,1.06524,5840000,4500000
2022-12-14 15:30:58.404000,1.0653,1.06525,900000,3600000
2022-12-14 15:30:58.557000,1.0653,1.06524,1340000,4500000
2022-12-14 15:30:58.659000,1.0653,1.06525,2240000,3600000
2022-12-14 15:30:59.158000,1.06529,1.06525,900000,3600000
2022-12-14 15:30:59.260000,1.06529,1.06526,2240000,3600000
2022-12-14 15:30:59.362000,1.0653,1.06524,6300000,440000
2022-12-14 15:30:59.464000,1.06529,1.06523,4940000,4940000
2022-12-14 15:30:59.959000,1.06528,1.06523,1340000,3600000
2022-12-14 15:31:00.264000,1.06529,1.06523,4940000,4940000
2022-12-14 15:31:00.417000,1.06529,1.06524,4500000,440000
2022-12-14 15:31:00.519000,1.06529,1.06525,900000,3600000
2022-12-14 15:31:00.720000,1.0653,1.06525,2240000,3600000
2022-12-14 15:31:00.872000,1.06531,1.06526,2240000,3600000
2022-12-14 15:31:01.015000,1.06531,1.06525,4940000,2240000
2022-12-14 15:31:01.118000,1.06531,1.06526,1340000,3600000
2022-12-14 15:31:01.423000,1.0653,1.06524,2240000,5940000
2022-12-14 15:31:01.525000,1.06529,1.06526,2240000,3600000
2022-12-14 15:31:01.627000,1.0653,1.06524,2240000,4140000
2022-12-14 15:31:01.729000,1.0653,1.06525,2240000,3600000
2022-12-14 15:31:02.184000,1.06529,1.06525,440000,3600000
2022-12-14 15:31:02.286000,1.0653,1.06525,2240000,3600000
2022-12-14 15:31:02.388000,1.06527,1.06522,900000,4040000
2022-12-14 15:31:02.985000,1.06528,1.06523,5840000,440000
2022-12-14 15:31:03.931000,1.06528,1.06524,900000,440000
2022-12-14 15:31:04.446000,1.06529,1.06524,4940000,440000
2022-12-14 15:31:05.009000,1.06528,1.06523,1340000,3600000
2022-12-14 15:31:05.111000,1.06528,1.06522,6740000,4040000
2022-12-14 15:31:05.264000,1.06528,1.06523,6380000,3600000
2022-12-14 15:31:05.727000,1.06529,1.06523,5840000,440000
2022-12-14 15:31:07.075000,1.06525,1.06521,4940000,3600000
2022-12-14 15:31:07.177000,1.06525,1.06519,5840000,4940000
2022-12-14 15:31:07.279000,1.06523,1.06518,440000,4940000
2022-12-14 15:31:08.330000,1.06523,1.06519,440000,3600000
2022-12-14 15:31:08.584000,1.06524,1.06519,2240000,3600000
2022-12-14 15:31:08.831000,1.06523,1.06518,1800000,4040000
2022-12-14 15:31:08.933000,1.06521,1.06515,10440000,4040000
2022-12-14 15:31:09.137000,1.0652,1.06515,900000,4040000
2022-12-14 15:31:09.239000,1.06519,1.06514,4040000,1340000
2022-12-14 15:31:09.341000,1.06519,1.06515,440000,3600000
2022-12-14 15:31:09.443000,1.06519,1.06514,4040000,1340000
2022-12-14 15:31:09.591000,1.06519,1.06515,440000,3600000
2022-12-14 15:31:09.843000,1.0652,1.06517,2240000,4940000
2022-12-14 15:31:10.430000,1.0652,1.06516,900000,3600000
2022-12-14 15:31:10.532000,1.06519,1.06514,3600000,2240000
2022-12-14 15:31:10.837000,1.06519,1.06515,7280000,4940000
2022-12-14 15:31:10.939000,1.06519,1.06514,3600000,1340000
2022-12-14 15:31:11.043000,1.0652,1.06515,5480000,3600000
2022-12-14 15:31:11.145000,1.06519,1.06515,5480000,4940000
2022-12-14 15:31:11.298000,1.0652,1.06515,5480000,3600000
2022-12-14 15:31:11.400000,1.0652,1.06514,1340000,4940000
2022-12-14 15:31:11.689000,1.0652,1.06515,5480000,3600000
2022-12-14 15:31:12.227000,1.06521,1.06516,6610000,3600000
2022-12-14 15:31:12.329000,1.06521,1.06515,10210000,4940000
2022-12-14 15:31:12.533000,1.06521,1.06516,2470000,3600000
2022-12-14 15:31:13.629000,1.0652,1.06516,1340000,900000
2022-12-14 15:31:13.680000,1.0652,1.06514,2240000,4040000
2022-12-14 15:31:13.833000,1.0652,1.06515,2240000,3600000
2022-12-14 15:31:14.122000,1.0652,1.06514,2240000,4040000
2022-12-14 15:31:14.232000,1.0652,1.06515,2240000,3600000
2022-12-14 15:31:14.385000,1.0652,1.06514,2240000,4040000
2022-12-14 15:31:14.640000,1.0652,1.06515,6380000,3600000
2022-12-14 15:31:14.843000,1.0652,1.06516,900000,4040000
2022-12-14 15:31:14.945000,1.0652,1.06517,2240000,4040000
2022-12-14 15:31:15.367000,1.06521,1.06515,6070000,4040000
2022-12-14 15:31:15.469000,1.06519,1.06514,3600000,4580000
2022-12-14 15:31:15.572000,1.06521,1.06517,5040000,4940000
2022-12-14 15:31:15.674000,1.06523,1.0652,900000,900000
2022-12-14 15:31:15.777000,1.06525,1.06522,5040000,900000
2022-12-14 15:31:15.880000,1.06527,1.06523,4140000,4040000
2022-12-14 15:31:15.982000,1.06528,1.06523,1800000,4040000
2022-12-14 15:31:16.084000,1.06527,1.06522,1340000,3600000
2022-12-14 15:31:16.237000,1.06526,1.06521,3600000,1340000
2022-12-14 15:31:16.339000,1.06527,1.06522,1800000,440000
2022-12-14 15:31:16.543000,1.06527,1.06521,2240000,4940000
2022-12-14 15:31:16.654000,1.06527,1.06522,2240000,3600000
2022-12-14 15:31:16.756000,1.06525,1.0652,4940000,5040000
2022-12-14 15:31:16.872000,1.06524,1.06519,3600000,440000
2022-12-14 15:31:16.978000,1.06523,1.06518,2240000,3600000
2022-12-14 15:31:17.080000,1.06523,1.06519,2240000,3600000
2022-12-14 15:31:17.182000,1.06523,1.06518,440000,3600000
2022-12-14 15:31:17.284000,1.06523,1.06517,440000,5400000
2022-12-14 15:31:17.616000,1.06523,1.06518,440000,3600000
2022-12-14 15:31:17.809000,1.06523,1.06517,440000,5170000
2022-12-14 15:31:17.911000,1.06524,1.06518,9980000,1340000
2022-12-14 15:31:18.325000,1.06525,1.06519,5840000,5400000
2022-12-14 15:31:18.427000,1.06524,1.06519,1340000,4040000
2022-12-14 15:31:18.529000,1.06524,1.06518,4940000,6070000
2022-12-14 15:31:19.639000,1.06525,1.06519,5840000,440000
2022-12-14 15:31:19.741000,1.06524,1.06521,4500000,1340000
2022-12-14 15:31:20.051000,1.06524,1.06519,3600000,1340000
2022-12-14 15:31:20.153000,1.06525,1.06519,9980000,4040000
2022-12-14 15:31:21.161000,1.06524,1.06519,3600000,1340000
2022-12-14 15:31:21.269000,1.06524,1.06521,2240000,3600000
2022-12-14 15:31:21.422000,1.06525,1.06519,2240000,4040000
2022-12-14 15:31:21.787000,1.06523,1.0652,900000,4040000
2022-12-14 15:31:22.271000,1.06526,1.06522,4140000,4500000
2022-12-14 15:31:22.424000,1.06527,1.06522,2240000,4040000
2022-12-14 15:31:23.804000,1.06526,1.0652,4940000,9980000
2022-12-14 15:31:23.906000,1.06525,1.0652,3600000,1340000
2022-12-14 15:31:24.181000,1.06526,1.0652,9980000,440000
2022-12-14 15:31:24.283000,1.06525,1.06519,4940000,4500000
2022-12-14 15:31:24.385000,1.06524,1.06519,3600000,900000
2022-12-14 15:31:24.487000,1.06525,1.06519,4940000,5400000
2022-12-14 15:31:24.589000,1.06525,1.0652,3600000,440000
2022-12-14 15:31:24.793000,1.06526,1.0652,9980000,4040000
2022-12-14 15:31:24.895000,1.06526,1.06521,1800000,4040000
2022-12-14 15:31:25.048000,1.06526,1.0652,2240000,5840000
2022-12-14 15:31:25.820000,1.06524,1.06521,3600000,2240000
2022-12-14 15:31:26.596000,1.06526,1.0652,4940000,6970000
2022-12-14 15:31:26.698000,1.06526,1.06521,5400000,440000
2022-12-14 15:31:27.465000,1.06526,1.0652,5840000,7430000
2022-12-14 15:31:28.261000,1.06526,1.06522,900000,1130000
2022-12-14 15:31:28.363000,1.06526,1.06521,5400000,1340000
2022-12-14 15:31:28.611000,1.06526,1.06522,1800000,3600000
2022-12-14 15:31:28.713000,1.06527,1.06522,1800000,4500000
2022-12-14 15:31:28.815000,1.06525,1.06523,900000,900000
2022-12-14 15:31:28.917000,1.06526,1.06521,900000,5840000
2022-12-14 15:31:29.610000,1.06526,1.06522,900000,440000
2022-12-14 15:31:30.284000,1.06527,1.06522,11110000,440000
2022-12-14 15:31:30.386000,1.06526,1.06522,900000,4040000
2022-12-14 15:31:31.041000,1.06525,1.06521,5400000,1800000
2022-12-14 15:31:31.143000,1.06524,1.06519,3600000,440000
2022-12-14 15:31:32.254000,1.06522,1.06519,900000,3600000
2022-12-14 15:31:32.305000,1.06522,1.06517,900000,9080000
2022-12-14 15:31:32.357000,1.06519,1.06517,1800000,8640000
2022-12-14 15:31:32.459000,1.06522,1.06519,1800000,440000
2022-12-14 15:31:32.561000,1.06523,1.06518,900000,6840000
2022-12-14 15:31:32.742000,1.06523,1.06519,900000,120000
2022-12-14 15:31:32.844000,1.06523,1.0652,900000,120000
2022-12-14 15:31:33.432000,1.06524,1.0652,900000,120000
2022-12-14 15:31:34.056000,1.06524,1.06519,900000,1880000
2022-12-14 15:31:34.635000,1.06524,1.0652,900000,120000
2022-12-14 15:31:34.940000,1.06524,1.06519,2240000,4140000
2022-12-14 15:31:35.195000,1.06521,1.06519,2240000,3600000
2022-12-14 15:31:35.247000,1.06521,1.06516,5400000,5040000
2022-12-14 15:31:35.349000,1.0652,1.06515,900000,1440000
2022-12-14 15:31:35.451000,1.0652,1.06514,9980000,540000
2022-12-14 15:31:35.553000,1.0652,1.06515,6380000,440000
2022-12-14 15:31:35.819000,1.06518,1.06515,900000,1440000
2022-12-14 15:31:36.076000,1.06518,1.06514,3600000,900000
2022-12-14 15:31:36.178000,1.06519,1.06514,1340000,900000
2022-12-14 15:31:36.347000,1.06519,1.06513,2240000,5040000
2022-12-14 15:31:36.449000,1.06518,1.06514,900000,980000
2022-12-14 15:31:37.006000,1.06518,1.06515,900000,3600000
2022-12-14 15:31:37.108000,1.0652,1.06516,5040000,900000
2022-12-14 15:31:37.672000,1.0652,1.06517,900000,440000
2022-12-14 15:31:38.159000,1.0652,1.06516,900000,4040000
2022-12-14 15:31:38.261000,1.0652,1.06515,900000,5040000
2022-12-14 15:31:38.363000,1.06519,1.06515,900000,3600000
2022-12-14 15:31:38.465000,1.06518,1.06514,3600000,1440000
2022-12-14 15:31:38.567000,1.06519,1.06515,1800000,3600000
2022-12-14 15:31:38.854000,1.06518,1.06513,5840000,4140000
2022-12-14 15:31:38.956000,1.06517,1.06513,900000,4140000
2022-12-14 15:31:39.058000,1.06516,1.06513,900000,4140000
2022-12-14 15:31:39.211000,1.06517,1.06511,5840000,5040000
2022-12-14 15:31:39.364000,1.06516,1.06511,3600000,1440000
2022-12-14 15:31:39.466000,1.06515,1.06513,900000,3600000
2022-12-14 15:31:39.568000,1.06516,1.06511,900000,5040000
2022-12-14 15:31:39.671000,1.06517,1.06512,5940000,4140000
2022-12-14 15:31:39.773000,1.06516,1.06512,3600000,540000
2022-12-14 15:31:39.875000,1.06516,1.06513,900000,540000
2022-12-14 15:31:40.074000,1.06518,1.06512,6740000,1440000
2022-12-14 15:31:40.125000,1.06516,1.06512,3600000,1440000
2022-12-14 15:31:40.227000,1.06518,1.06514,4500000,440000
2022-12-14 15:31:40.920000,1.0652,1.06515,6380000,3600000
2022-12-14 15:31:41.127000,1.0652,1.06516,900000,3600000
2022-12-14 15:31:41.445000,1.0652,1.06515,1340000,4040000
2022-12-14 15:31:43.656000,1.06519,1.06514,3600000,1440000
2022-12-14 15:31:43.866000,1.0652,1.06515,2470000,3600000
2022-12-14 15:31:46.186000,1.06519,1.06514,3600000,540000
2022-12-14 15:31:46.288000,1.0652,1.06515,1800000,3600000
2022-12-14 15:31:46.417000,1.0652,1.06514,5400000,540000
2022-12-14 15:31:46.573000,1.0652,1.06515,1800000,3600000
2022-12-14 15:31:46.789000,1.0652,1.06514,5400000,540000
2022-12-14 15:31:47.010000,1.0652,1.06515,2030000,3600000
2022-12-14 15:31:47.617000,1.06518,1.06514,3600000,540000
2022-12-14 15:31:47.770000,1.0652,1.06514,9770000,540000
2022-12-14 15:31:47.890000,1.06516,1.06512,900000,900000
2022-12-14 15:31:47.992000,1.06514,1.06509,900000,9540000
2022-12-14 15:31:48.095000,1.06515,1.0651,5040000,4580000
2022-12-14 15:31:51.263000,1.06516,1.06512,6380000,3600000
2022-12-14 15:31:51.315000,1.06514,1.06511,5400000,5040000
2022-12-14 15:31:51.417000,1.06514,1.06508,900000,10080000
2022-12-14 15:31:51.468000,1.06511,1.06508,3600000,4140000
2022-12-14 15:31:51.628000,1.06512,1.06508,900000,4580000
2022-12-14 15:31:51.730000,1.06514,1.0651,230000,540000
2022-12-14 15:31:51.832000,1.06515,1.0651,5400000,540000
2022-12-14 15:31:52.386000,1.06515,1.06509,5400000,4140000
2022-12-14 15:31:54.101000,1.06516,1.06511,10440000,540000
2022-12-14 15:31:54.254000,1.06515,1.0651,5400000,120000
2022-12-14 15:31:54.407000,1.06511,1.06508,4500000,4140000
2022-12-14 15:31:54.509000,1.06511,1.06505,4500000,5940000
2022-12-14 15:31:55.108000,1.06509,1.06505,3600000,120000
2022-12-14 15:31:56.711000,1.06509,1.06504,3600000,5710000
2022-12-14 15:31:57.092000,1.06509,1.06505,980000,3600000
2022-12-14 15:31:57.195000,1.06509,1.06504,2340000,3600000
2022-12-14 15:31:57.297000,1.06505,1.06502,120000,4140000
2022-12-14 15:31:57.348000,1.06505,1.065,540000,7740000
2022-12-14 15:31:57.813000,1.06506,1.065,5480000,4940000
2022-12-14 15:31:58.254000,1.06504,1.065,3600000,900000
2022-12-14 15:31:58.681000,1.06502,1.06497,5270000,1340000
2022-12-14 15:31:58.733000,1.065,1.06496,1800000,4500000
2022-12-14 15:31:58.784000,1.065,1.06494,2340000,9080000
2022-12-14 15:31:58.886000,1.06499,1.06494,3600000,1340000
2022-12-14 15:31:59.039000,1.065,1.06495,6480000,3600000
2022-12-14 15:31:59.395000,1.06499,1.06495,3600000,900000
2022-12-14 15:32:00.215000,1.06501,1.06497,900000,440000
2022-12-14 15:32:00.571000,1.065,1.06496,2340000,900000
2022-12-14 15:32:00.673000,1.06499,1.06494,3600000,440000
2022-12-14 15:32:01.033000,1.06499,1.06493,1340000,4940000
2022-12-14 15:32:01.287000,1.06499,1.06494,440000,3600000
2022-12-14 15:32:01.389000,1.06499,1.06495,440000,3600000
2022-12-14 15:32:01.491000,1.06499,1.06493,440000,5400000
2022-12-14 15:32:01.542000,1.065,1.06495,2340000,3600000
2022-12-14 15:32:02.878000,1.06499,1.06495,900000,3600000
2022-12-14 15:32:02.980000,1.065,1.06494,5940000,4940000
2022-12-14 15:32:03.082000,1.06498,1.06496,900000,3600000
2022-12-14 15:32:03.184000,1.06499,1.06494,900000,4040000
2022-12-14 15:32:03.286000,1.06499,1.06495,900000,3600000
2022-12-14 15:32:03.524000,1.06499,1.06494,900000,440000
2022-12-14 15:32:03.706000,1.065,1.06494,5940000,1340000
2022-12-14 15:32:03.838000,1.065,1.06495,2340000,3600000
2022-12-14 15:32:03.940000,1.065,1.06494,5940000,4940000
2022-12-14 15:32:04.055000,1.065,1.06495,2340000,3600000
2022-12-14 15:32:04.218000,1.065,1.06494,5940000,4940000
2022-12-14 15:32:04.321000,1.06495,1.06492,1340000,3600000
2022-12-14 15:32:04.424000,1.06493,1.06489,900000,4140000
2022-12-14 15:32:04.526000,1.06494,1.06489,1440000,3600000
2022-12-14 15:32:04.831000,1.06494,1.0649,900000,900000
2022-12-14 15:32:04.933000,1.06495,1.0649,4500000,2240000
2022-12-14 15:32:05.752000,1.06494,1.0649,5940000,4500000
2022-12-14 15:32:06.193000,1.06495,1.0649,1440000,900000
2022-12-14 15:32:06.295000,1.06495,1.06491,1440000,3600000
2022-12-14 15:32:06.413000,1.06495,1.0649,5040000,900000
2022-12-14 15:32:06.564000,1.06495,1.06491,1440000,3600000
2022-12-14 15:32:06.997000,1.06495,1.0649,1800000,900000
2022-12-14 15:32:07.429000,1.06494,1.06489,1440000,4500000
2022-12-14 15:32:08.356000,1.06494,1.06492,900000,3600000
2022-12-14 15:32:08.458000,1.06495,1.0649,4500000,1800000
2022-12-14 15:32:11.062000,1.06495,1.06489,5940000,4940000
2022-12-14 15:32:11.165000,1.0649,1.06489,3600000,900000
2022-12-14 15:32:11.216000,1.06491,1.06486,3680000,5480000
2022-12-14 15:32:11.420000,1.06491,1.06485,5040000,6740000
2022-12-14 15:32:11.471000,1.06489,1.06484,2240000,8640000
2022-12-14 15:32:12.069000,1.06487,1.06483,900000,3600000
2022-12-14 15:32:12.171000,1.06488,1.06484,900000,440000
2022-12-14 15:32:12.291000,1.06486,1.06482,1210000,5940000
2022-12-14 15:32:12.395000,1.06485,1.06482,1880000,3600000
2022-12-14 15:32:12.497000,1.06485,1.0648,1440000,4500000
2022-12-14 15:32:12.599000,1.06484,1.06479,540000,4580000
2022-12-14 15:32:13.125000,1.06482,1.06478,1440000,3600000
2022-12-14 15:32:13.227000,1.06481,1.06478,1440000,3600000
2022-12-14 15:32:13.279000,1.06479,1.06476,540000,1800000
2022-12-14 15:32:13.381000,1.06479,1.06475,1880000,2240000
2022-12-14 15:32:13.483000,1.0648,1.06476,900000,3600000
2022-12-14 15:32:13.585000,1.0648,1.06475,900000,4500000
2022-12-14 15:32:13.688000,1.0648,1.06479,900000,3600000
2022-12-14 15:32:13.790000,1.06483,1.06478,1440000,3600000
2022-12-14 15:32:13.841000,1.0648,1.06477,1440000,440000
2022-12-14 15:32:13.944000,1.0648,1.06475,5480000,440000
2022-12-14 15:32:14.391000,1.0648,1.06474,5940000,4940000
2022-12-14 15:32:14.493000,1.0648,1.06475,6480000,3600000
2022-12-14 15:32:14.770000,1.06481,1.06477,4140000,900000
2022-12-14 15:32:14.873000,1.06482,1.06477,4500000,1340000
2022-12-14 15:32:15.895000,1.06482,1.06478,1440000,3600000
2022-12-14 15:32:15.997000,1.06482,1.06476,5480000,5840000
2022-12-14 15:32:16.099000,1.06482,1.06477,1880000,3600000
2022-12-14 15:32:16.723000,1.06482,1.06478,980000,3600000
2022-12-14 15:32:17.268000,1.06482,1.06476,6840000,9980000
2022-12-14 15:32:17.421000,1.06482,1.06477,4580000,440000
2022-12-14 15:32:18.025000,1.06483,1.06478,6020000,3600000
2022-12-14 15:32:18.397000,1.06483,1.0648,900000,4940000
2022-12-14 15:32:19.063000,1.06484,1.0648,900000,440000
2022-12-14 15:32:19.419000,1.06484,1.06482,1440000,3600000
2022-12-14 15:32:19.521000,1.06487,1.06485,6940000,440000
2022-12-14 15:32:19.623000,1.06488,1.06485,4140000,3600000
2022-12-14 15:32:19.725000,1.06489,1.06484,4580000,1340000
2022-12-14 15:32:19.918000,1.06489,1.06483,5480000,5840000
2022-12-14 15:32:20.021000,1.06489,1.06484,5040000,440000
2022-12-14 15:32:20.123000,1.0649,1.06485,4140000,5840000
2022-12-14 15:32:20.225000,1.06491,1.06486,980000,3600000
2022-12-14 15:32:20.479000,1.06491,1.06487,9180000,4940000
2022-12-14 15:32:20.581000,1.06493,1.06488,2780000,3600000
2022-12-14 15:32:20.734000,1.06492,1.06487,3240000,8640000
2022-12-14 15:32:21.344000,1.06492,1.06486,5040000,4940000
2022-12-14 15:32:21.952000,1.06491,1.06486,120000,4940000
2022-12-14 15:32:22.156000,1.06492,1.06488,440000,3600000
2022-12-14 15:32:22.258000,1.06493,1.06488,2340000,3600000
2022-12-14 15:32:22.360000,1.06493,1.06489,1880000,3600000
2022-12-14 15:32:22.462000,1.06494,1.06489,440000,3600000
2022-12-14 15:32:22.566000,1.06495,1.06489,5040000,5400000
2022-12-14 15:32:22.668000,1.06494,1.06489,440000,4940000
2022-12-14 15:32:22.770000,1.06495,1.06489,5040000,5400000
2022-12-14 15:32:23.122000,1.06495,1.0649,4040000,900000
2022-12-14 15:32:23.224000,1.06496,1.06491,440000,3600000
2022-12-14 15:32:23.326000,1.06497,1.06491,5940000,4040000
2022-12-14 15:32:23.428000,1.06497,1.06492,5940000,440000
2022-12-14 15:32:23.531000,1.06498,1.06493,1440000,4040000
2022-12-14 15:32:23.633000,1.06497,1.06492,980000,3600000
2022-12-14 15:32:23.836000,1.06497,1.06491,4580000,9980000
2022-12-14 15:32:24.975000,1.06498,1.06492,9180000,4940000
2022-12-14 15:32:25.077000,1.06498,1.06493,1440000,4040000
2022-12-14 15:32:25.231000,1.06495,1.06493,1440000,3600000
2022-12-14 15:32:25.333000,1.06496,1.06491,2240000,3600000
2022-12-14 15:32:25.765000,1.06497,1.06491,1440000,4940000
2022-12-14 15:32:25.867000,1.06497,1.06492,1440000,3600000
2022-12-14 15:32:26.021000,1.06497,1.06491,1440000,4940000
2022-12-14 15:32:26.173000,1.06498,1.06493,980000,4040000
2022-12-14 15:32:26.276000,1.06499,1.06493,5940000,4040000
2022-12-14 15:32:26.671000,1.06499,1.06494,4940000,440000
2022-12-14 15:32:27.103000,1.06501,1.06495,5940000,4940000
2022-12-14 15:32:27.306000,1.06503,1.06497,11880000,5400000
2022-12-14 15:32:27.561000,1.06502,1.06499,540000,3600000
2022-12-14 15:32:27.985000,1.06502,1.06498,440000,3600000
2022-12-14 15:32:28.403000,1.06502,1.06497,440000,3600000
2022-12-14 15:32:28.683000,1.06502,1.06498,440000,3600000
2022-12-14 15:32:28.836000,1.06501,1.06496,980000,9080000
2022-12-14 15:32:28.938000,1.06502,1.06496,5940000,4040000
2022-12-14 15:32:29.424000,1.06503,1.06498,1800000,4040000
2022-12-14 15:32:29.679000,1.06502,1.06497,1440000,7740000
2022-12-14 15:32:29.782000,1.06502,1.06496,5040000,4940000
2022-12-14 15:32:29.884000,1.065,1.06497,440000,3600000
2022-12-14 15:32:29.986000,1.06501,1.06495,4140000,3140000
2022-12-14 15:32:30.729000,1.065,1.06497,540000,3600000
2022-12-14 15:32:30.832000,1.06501,1.06497,6380000,4040000
2022-12-14 15:32:30.934000,1.06503,1.06498,900000,4040000
2022-12-14 15:32:31.036000,1.06504,1.06498,5940000,4040000
2022-12-14 15:32:31.138000,1.06504,1.06499,5840000,440000
2022-12-14 15:32:31.822000,1.06504,1.06498,5940000,4500000
2022-12-14 15:32:32.025000,1.06504,1.06499,2240000,4040000
2022-12-14 15:32:32.253000,1.06505,1.06499,5940000,4040000
2022-12-14 15:32:34.245000,1.06505,1.065,120000,5840000
2022-12-14 15:32:34.347000,1.06504,1.065,1440000,900000
2022-12-14 15:32:34.599000,1.06503,1.065,2340000,3600000
2022-12-14 15:32:35.143000,1.06504,1.06498,5940000,9540000
2022-12-14 15:32:35.321000,1.06504,1.06499,5940000,4140000
2022-12-14 15:32:35.423000,1.06502,1.06499,900000,8180000
2022-12-14 15:32:35.581000,1.06504,1.06498,5940000,8180000
2022-12-14 15:32:36.390000,1.06504,1.06499,5940000,4140000
2022-12-14 15:32:36.705000,1.06504,1.06498,5940000,8640000
2022-12-14 15:32:37.179000,1.06504,1.06499,2240000,3600000
2022-12-14 15:32:37.599000,1.06504,1.06498,5940000,9540000
2022-12-14 15:32:37.701000,1.06503,1.06498,900000,8640000
2022-12-14 15:32:37.803000,1.06502,1.06498,2340000,7740000
2022-12-14 15:32:37.905000,1.06501,1.06496,900000,4500000
2022-12-14 15:32:38.211000,1.06499,1.06495,900000,3600000
2022-12-14 15:32:38.364000,1.06499,1.06494,900000,4040000
2022-12-14 15:32:38.466000,1.06499,1.06495,900000,3600000
2022-12-14 15:32:39.178000,1.06498,1.06495,900000,3600000
2022-12-14 15:32:39.397000,1.06497,1.06495,900000,4940000
2022-12-14 15:32:39.499000,1.06499,1.06495,900000,3600000
2022-12-14 15:32:39.790000,1.06499,1.06496,900000,3600000
2022-12-14 15:32:39.945000,1.06499,1.06495,900000,4940000
2022-12-14 15:32:40.047000,1.06499,1.06496,900000,3600000
2022-12-14 15:32:40.099000,1.06501,1.06496,1340000,4040000
2022-12-14 15:32:40.201000,1.065,1.06496,900000,4040000
2022-12-14 15:32:40.494000,1.06501,1.06499,900000,440000
2022-12-14 15:32:40.596000,1.06503,1.06499,900000,440000
2022-12-14 15:32:41.298000,1.06503,1.06498,900000,5400000
2022-12-14 15:32:41.456000,1.06503,1.06499,900000,3600000
2022-12-14 15:32:41.558000,1.06503,1.06498,900000,5400000
2022-12-14 15:32:41.787000,1.06503,1.06499,900000,3600000
2022-12-14 15:32:41.941000,1.06504,1.06499,900000,9080000
2022-12-14 15:32:42.043000,1.06504,1.065,900000,3600000
2022-12-14 15:32:42.146000,1.06505,1.065,900000,4940000
2022-12-14 15:32:42.197000,1.06505,1.06502,900000,3600000
2022-12-14 15:32:42.299000,1.06505,1.06501,900000,3600000
2022-12-14 15:32:42.401000,1.06505,1.06502,900000,3600000
2022-12-14 15:32:42.604000,1.06505,1.06501,900000,3600000
2022-12-14 15:32:42.908000,1.06505,1.065,2240000,3600000
2022-12-14 15:32:43.061000,1.06505,1.06501,900000,1340000
2022-12-14 15:32:43.315000,1.06505,1.06502,900000,3600000
2022-12-14 15:32:43.417000,1.06506,1.06502,900000,3600000
2022-12-14 15:32:43.519000,1.06507,1.06503,5040000,4040000
2022-12-14 15:32:43.742000,1.06505,1.06501,3600000,5040000
2022-12-14 15:32:43.945000,1.06506,1.06502,1340000,3600000
2022-12-14 15:32:44.047000,1.06506,1.06501,1340000,4040000
2022-12-14 15:32:44.200000,1.06506,1.06502,900000,3600000
2022-12-14 15:32:44.527000,1.06507,1.06503,1800000,3600000
2022-12-14 15:32:44.629000,1.06509,1.06503,5840000,4940000
2022-12-14 15:32:45.137000,1.06508,1.06505,4940000,1340000
2022-12-14 15:32:45.239000,1.06509,1.06505,900000,3600000
2022-12-14 15:32:45.350000,1.0651,1.06505,1800000,4040000
2022-12-14 15:32:47.008000,1.06511,1.06505,5940000,4940000
2022-12-14 15:32:48.061000,1.06509,1.06504,2340000,440000
2022-12-14 15:32:48.163000,1.0651,1.06505,1440000,3600000
2022-12-14 15:32:49.786000,1.06509,1.06503,5940000,5840000
2022-12-14 15:32:49.888000,1.06508,1.06505,5480000,440000
2022-12-14 15:32:50.142000,1.06508,1.06503,1340000,4500000
2022-12-14 15:32:50.661000,1.06509,1.06503,5940000,4940000
2022-12-14 15:32:51.640000,1.06508,1.06506,1340000,3600000
2022-12-14 15:32:51.742000,1.06511,1.06506,6840000,440000
2022-12-14 15:32:51.846000,1.06511,1.06505,6380000,6530000
2022-12-14 15:32:52.493000,1.0651,1.06507,5400000,440000
2022-12-14 15:32:52.596000,1.06512,1.06509,900000,440000
2022-12-14 15:32:53.623000,1.06512,1.06508,900000,4500000
2022-12-14 15:32:53.725000,1.0651,1.06506,5040000,1800000
2022-12-14 15:32:53.828000,1.06509,1.06504,980000,440000
2022-12-14 15:32:54.045000,1.06509,1.06503,5040000,4040000
2022-12-14 15:32:54.147000,1.06508,1.06503,440000,4040000
2022-12-14 15:32:54.249000,1.06507,1.06505,900000,440000
2022-12-14 15:32:54.351000,1.06507,1.06506,4140000,3600000
2022-12-14 15:32:54.403000,1.06509,1.06503,4940000,4940000
2022-12-14 15:32:54.620000,1.06509,1.06505,3600000,440000
2022-12-14 15:32:54.723000,1.0651,1.06504,5940000,5400000
2022-12-14 15:32:54.825000,1.06509,1.06504,3600000,1800000
2022-12-14 15:32:55.028000,1.0651,1.06505,2340000,3600000
2022-12-14 15:32:55.080000,1.06509,1.06503,4940000,9080000
2022-12-14 15:32:55.283000,1.06508,1.06502,4940000,5400000
2022-12-14 15:32:55.436000,1.06508,1.06503,2240000,3600000
2022-12-14 15:32:55.833000,1.06509,1.06503,5940000,4500000
2022-12-14 15:32:55.934000,1.06508,1.06503,900000,4500000
2022-12-14 15:32:56.387000,1.06509,1.06503,5940000,4500000
2022-12-14 15:32:57.495000,1.06509,1.06504,5840000,440000
2022-12-14 15:32:58.621000,1.06508,1.06506,1800000,3600000
2022-12-14 15:32:58.723000,1.0651,1.06505,1440000,3600000
2022-12-14 15:32:58.953000,1.06511,1.06508,4140000,5400000
2022-12-14 15:32:59.055000,1.06513,1.06509,900000,3600000
2022-12-14 15:32:59.160000,1.06513,1.06508,900000,8640000
2022-12-14 15:32:59.284000,1.06513,1.06509,900000,3600000
2022-12-14 15:32:59.446000,1.06511,1.06506,3600000,5040000
2022-12-14 15:32:59.497000,1.06512,1.06508,1880000,3600000
2022-12-14 15:32:59.548000,1.06512,1.06506,5480000,4500000
2022-12-14 15:32:59.650000,1.06511,1.06506,3600000,900000
2022-12-14 15:33:00.097000,1.06512,1.06506,1880000,4500000
2022-12-14 15:33:01.474000,1.06512,1.06509,900000,3600000
2022-12-14 15:33:01.576000,1.06514,1.06509,2340000,3600000
2022-12-14 15:33:01.627000,1.06514,1.06512,900000,900000
2022-12-14 15:33:01.679000,1.06518,1.06512,5940000,4500000
2022-12-14 15:33:02.472000,1.06518,1.06513,3600000,900000
2022-12-14 15:33:02.574000,1.06519,1.06513,4940000,5400000
2022-12-14 15:33:02.688000,1.06519,1.06515,900000,3600000
2022-12-14 15:33:02.740000,1.06519,1.06513,4500000,5400000
2022-12-14 15:33:02.890000,1.06519,1.06514,900000,3600000
2022-12-14 15:33:02.992000,1.06519,1.06513,4500000,5400000
2022-12-14 15:33:03.043000,1.06519,1.06515,900000,3600000
2022-12-14 15:33:03.318000,1.06519,1.06513,4500000,5400000
2022-12-14 15:33:03.369000,1.06518,1.06516,900000,3600000
2022-12-14 15:33:03.471000,1.06518,1.06513,540000,3600000
2022-12-14 15:33:03.574000,1.06517,1.06512,900000,5840000
2022-12-14 15:33:03.727000,1.06517,1.06513,900000,3600000
2022-12-14 15:33:04.549000,1.06517,1.06512,900000,5400000
2022-12-14 15:33:04.651000,1.06517,1.06513,900000,3600000
2022-12-14 15:33:04.702000,1.06519,1.06513,5940000,4040000
2022-12-14 15:33:04.905000,1.06519,1.06514,4580000,900000
2022-12-14 15:33:05.211000,1.0652,1.06515,900000,4500000
2022-12-14 15:33:05.364000,1.06519,1.06514,3600000,5040000
2022-12-14 15:33:06.349000,1.0652,1.06515,1880000,4500000
2022-12-14 15:33:06.553000,1.06519,1.06515,1340000,3600000
2022-12-14 15:33:06.604000,1.06519,1.06513,1440000,9080000
2022-12-14 15:33:06.706000,1.06518,1.06513,3600000,1340000
2022-12-14 15:33:06.808000,1.06519,1.06513,5940000,3600000
2022-12-14 15:33:07.089000,1.06518,1.06512,3600000,6300000
2022-12-14 15:33:07.491000,1.06519,1.06513,5940000,3600000
2022-12-14 15:33:07.972000,1.06518,1.06513,440000,3600000
2022-12-14 15:33:08.074000,1.06519,1.06513,5940000,3600000
2022-12-14 15:33:09.464000,1.06508,1.06503,120000,3830000
2022-12-14 15:33:09.567000,1.06508,1.06505,900000,4140000
2022-12-14 15:33:09.619000,1.06508,1.06503,900000,3600000
2022-12-14 15:33:12.608000,1.06514,1.06511,8100000,900000
2022-12-14 15:33:12.660000,1.06516,1.06512,4500000,5940000
2022-12-14 15:33:12.813000,1.06515,1.06511,900000,2700000
2022-12-14 15:33:12.915000,1.06517,1.06512,5480000,4940000
2022-12-14 15:33:13.017000,1.06518,1.06512,4580000,6300000
2022-12-14 15:33:13.282000,1.06518,1.06513,5040000,4140000
2022-12-14 15:33:13.502000,1.06518,1.06512,5040000,4940000
2022-12-14 15:33:13.774000,1.06517,1.06514,4580000,440000
2022-12-14 15:33:14.114000,1.06519,1.06513,5940000,4040000
2022-12-14 15:33:14.226000,1.06519,1.06514,5040000,900000
2022-12-14 15:33:16.183000,1.06518,1.06516,900000,3600000
2022-12-14 15:33:16.408000,1.0652,1.06518,900000,900000
2022-12-14 15:33:16.510000,1.06523,1.06518,900000,4500000
2022-12-14 15:33:18.616000,1.06524,1.06518,1440000,4500000
2022-12-14 15:33:18.756000,1.06526,1.06523,980000,3600000
2022-12-14 15:33:18.867000,1.06527,1.06522,120000,5840000
2022-12-14 15:33:20.456000,1.06528,1.06523,7740000,1340000
2022-12-14 15:33:20.558000,1.06529,1.06523,5040000,4940000
2022-12-14 15:33:26.131000,1.0653,1.06527,900000,5400000
2022-12-14 15:33:26.234000,1.06532,1.06527,4940000,2700000
2022-12-14 15:33:26.596000,1.06528,1.06527,1440000,5040000
2022-12-14 15:33:26.648000,1.06528,1.06524,540000,900000
2022-12-14 15:33:26.750000,1.06527,1.06522,120000,9080000
2022-12-14 15:33:26.852000,1.06528,1.06523,2340000,3600000
2022-12-14 15:33:26.904000,1.06525,1.06522,3680000,900000
2022-12-14 15:33:26.955000,1.06525,1.0652,5040000,5040000
2022-12-14 15:33:27.058000,1.06524,1.06519,540000,3600000
2022-12-14 15:33:27.160000,1.06523,1.06519,900000,3600000
2022-12-14 15:33:27.711000,1.06523,1.06518,900000,4940000
2022-12-14 15:33:28.074000,1.06523,1.06519,900000,3600000
2022-12-14 15:33:28.176000,1.06523,1.06518,980000,4040000
2022-12-14 15:33:28.380000,1.06522,1.06518,2340000,3600000
2022-12-14 15:33:28.482000,1.06521,1.06516,900000,5840000
2022-12-14 15:33:29.192000,1.06521,1.06518,5940000,900000
2022-12-14 15:33:29.446000,1.06523,1.06518,2340000,3600000
2022-12-14 15:33:30.905000,1.06523,1.06519,900000,3600000
2022-12-14 15:33:30.956000,1.06525,1.0652,1440000,900000
2022-12-14 15:33:31.160000,1.06524,1.06519,120000,4040000
2022-12-14 15:33:31.262000,1.06524,1.06518,4140000,4940000
2022-12-14 15:33:31.781000,1.06525,1.06521,540000,1800000
2022-12-14 15:33:31.883000,1.06523,1.06519,120000,3600000
2022-12-14 15:33:34.025000,1.06522,1.06519,120000,4040000
2022-12-14 15:33:34.712000,1.06519,1.06516,980000,4140000
2022-12-14 15:33:34.816000,1.06517,1.06515,3680000,4500000
2022-12-14 15:33:34.867000,1.06518,1.06512,5040000,8180000
2022-12-14 15:33:35.050000,1.06517,1.06515,900000,1340000
2022-12-14 15:33:35.152000,1.06518,1.06513,5040000,1340000
2022-12-14 15:33:35.356000,1.06518,1.06512,5940000,5400000
2022-12-14 15:33:35.509000,1.06518,1.06513,4580000,1340000
2022-12-14 15:33:35.892000,1.06517,1.06512,440000,5840000
2022-12-14 15:33:35.994000,1.06516,1.06511,4500000,1340000
2022-12-14 15:33:36.300000,1.06516,1.0651,5940000,8180000
2022-12-14 15:33:36.402000,1.06515,1.06509,5940000,4940000
2022-12-14 15:33:36.764000,1.06515,1.0651,4040000,900000
2022-12-14 15:33:36.867000,1.06516,1.06514,5040000,440000
2022-12-14 15:33:37.275000,1.06518,1.06515,900000,440000
2022-12-14 15:33:37.377000,1.0652,1.06516,2340000,3600000
2022-12-14 15:33:37.479000,1.06519,1.06515,4040000,440000
2022-12-14 15:33:37.531000,1.06519,1.06513,5040000,9080000
2022-12-14 15:33:37.888000,1.06518,1.06513,3600000,2240000
2022-12-14 15:33:38.055000,1.06519,1.06514,4140000,440000
2022-12-14 15:33:38.178000,1.06519,1.06513,5040000,5840000
2022-12-14 15:33:38.382000,1.06518,1.06513,3600000,440000
2022-12-14 15:33:38.491000,1.06519,1.06513,5040000,4940000
2022-12-14 15:33:38.999000,1.06518,1.06513,3600000,1340000
2022-12-14 15:33:40.294000,1.06518,1.06512,4040000,7640000
2022-12-14 15:33:41.737000,1.06518,1.06513,3600000,1340000
2022-12-14 15:33:44.283000,1.06518,1.06512,5040000,5840000
2022-12-14 15:33:44.659000,1.06516,1.06511,4040000,5040000
2022-12-14 15:33:44.761000,1.06515,1.0651,540000,3600000
2022-12-14 15:33:44.863000,1.06514,1.06509,1340000,4040000
2022-12-14 15:33:46.484000,1.06514,1.06508,5940000,4940000
2022-12-14 15:33:46.586000,1.06513,1.06508,900000,4940000
2022-12-14 15:33:46.714000,1.06514,1.06508,5940000,4940000
2022-12-14 15:33:47.038000,1.06511,1.06507,4500000,4140000
2022-12-14 15:33:47.141000,1.06511,1.06506,4500000,1340000
2022-12-14 15:33:49.392000,1.06509,1.06504,4140000,4140000
2022-12-14 15:33:49.494000,1.06509,1.06503,4140000,4940000
2022-12-14 15:33:50.125000,1.06507,1.06504,900000,4940000
2022-12-14 15:33:50.702000,1.06507,1.06503,900000,4940000
2022-12-14 15:33:50.804000,1.06507,1.06502,1440000,4940000
2022-12-14 15:33:50.906000,1.06505,1.06501,440000,4140000
2022-12-14 15:33:51.008000,1.06506,1.065,5040000,5400000
2022-12-14 15:33:51.161000,1.06505,1.065,3600000,1340000
2022-12-14 15:33:51.285000,1.06506,1.065,5040000,4940000
2022-12-14 15:33:51.535000,1.06505,1.065,3600000,1340000
2022-12-14 15:33:51.809000,1.06507,1.06502,980000,4040000
2022-12-14 15:33:51.911000,1.06506,1.06501,5040000,440000
2022-12-14 15:33:52.013000,1.06505,1.06501,5040000,5840000
2022-12-14 15:33:52.242000,1.06504,1.06502,120000,440000
2022-12-14 15:33:52.293000,1.06501,1.06496,1440000,3600000
2022-12-14 15:33:52.345000,1.06499,1.06495,4500000,900000
2022-12-14 15:33:52.447000,1.06495,1.06493,900000,4580000
2022-12-14 15:33:52.550000,1.06496,1.06491,900000,5940000
2022-12-14 15:33:52.658000,1.06497,1.06493,900000,440000
2022-12-14 15:33:54.565000,1.06496,1.06493,980000,5400000
2022-12-14 15:33:54.667000,1.06494,1.0649,1440000,4140000
2022-12-14 15:33:54.769000,1.06491,1.06489,5040000,4140000
2022-12-14 15:33:54.820000,1.06489,1.06487,980000,4140000
2022-12-14 15:33:54.923000,1.06489,1.06483,4580000,5040000
2022-12-14 15:33:55.121000,1.06489,1.06484,4580000,1340000
2022-12-14 15:33:55.223000,1.0649,1.06485,980000,3680000
2022-12-14 15:33:55.325000,1.06488,1.06485,3680000,120000
2022-12-14 15:33:55.579000,1.06488,1.06484,900000,120000
2022-12-14 15:33:55.630000,1.06485,1.06483,120000,7740000
2022-12-14 15:33:55.732000,1.06486,1.06481,120000,3600000
2022-12-14 15:33:55.967000,1.06487,1.06481,5040000,3680000
2022-12-14 15:33:56.070000,1.06487,1.06483,4580000,5040000
2022-12-14 15:33:56.172000,1.06488,1.06483,120000,4500000
2022-12-14 15:33:56.380000,1.06489,1.06483,4580000,5040000
2022-12-14 15:33:56.482000,1.06489,1.06484,4580000,900000
2022-12-14 15:33:56.585000,1.06489,1.06483,4580000,5040000
2022-12-14 15:33:56.957000,1.06489,1.06484,4580000,440000
2022-12-14 15:33:57.059000,1.06489,1.06483,5040000,5040000
2022-12-14 15:33:57.460000,1.06487,1.06484,120000,4940000
2022-12-14 15:33:57.511000,1.0648,1.06476,230000,4500000
2022-12-14 15:33:57.563000,1.06482,1.06476,5040000,9900000
2022-12-14 15:33:57.665000,1.06483,1.06478,980000,3600000
2022-12-14 15:33:57.968000,1.06483,1.06479,5940000,3680000
2022-12-14 15:33:58.543000,1.06483,1.06478,900000,4140000
2022-12-14 15:34:02.126000,1.06484,1.06481,3600000,900000
2022-12-14 15:34:02.228000,1.0649,1.06486,8150000,900000
2022-12-14 15:34:02.330000,1.0649,1.06485,5400000,3600000
2022-12-14 15:34:02.991000,1.06491,1.06487,900000,440000
2022-12-14 15:34:03.094000,1.06492,1.06487,3680000,1340000
2022-12-14 15:34:03.247000,1.06492,1.06489,2340000,3600000
2022-12-14 15:34:03.400000,1.06489,1.06487,120000,8330000
2022-12-14 15:34:03.503000,1.06487,1.06485,3680000,4140000
2022-12-14 15:34:03.554000,1.06488,1.06483,3600000,900000
2022-12-14 15:34:03.656000,1.06489,1.06483,5940000,8640000
2022-12-14 15:34:03.758000,1.06487,1.06483,900000,8640000
2022-12-14 15:34:03.862000,1.06487,1.06482,3600000,440000
2022-12-14 15:34:03.964000,1.06488,1.06483,3600000,440000
2022-12-14 15:34:04.067000,1.06488,1.06484,5480000,9080000
2022-12-14 15:34:04.200000,1.06489,1.06484,5480000,4140000
2022-12-14 15:34:04.692000,1.06489,1.06483,4580000,4940000
2022-12-14 15:34:05.013000,1.06489,1.06484,4500000,1340000
2022-12-14 15:34:05.115000,1.06491,1.06485,4500000,5040000
2022-12-14 15:34:05.357000,1.06491,1.06486,4500000,4140000
2022-12-14 15:34:05.575000,1.06491,1.06485,4940000,5040000
2022-12-14 15:34:05.766000,1.0649,1.06487,3600000,440000
2022-12-14 15:34:06.446000,1.06492,1.06486,2340000,4040000
2022-12-14 15:34:07.095000,1.06493,1.06488,1340000,1340000
2022-12-14 15:34:07.198000,1.06493,1.06489,900000,3600000
2022-12-14 15:34:07.300000,1.06493,1.06488,900000,4040000
2022-12-14 15:34:07.402000,1.06493,1.06489,900000,4040000
2022-12-14 15:34:07.925000,1.06491,1.06488,980000,4140000
2022-12-14 15:34:07.977000,1.06489,1.06484,120000,9080000
2022-12-14 15:34:08.449000,1.06488,1.06484,3600000,440000
2022-12-14 15:34:08.906000,1.06488,1.06483,3600000,1340000
2022-12-14 15:34:11.799000,1.06487,1.06482,120000,5840000
2022-12-14 15:34:11.850000,1.06483,1.06481,900000,4140000
2022-12-14 15:34:11.902000,1.06484,1.06479,120000,1340000
2022-12-14 15:34:12.461000,1.06484,1.0648,3680000,900000
2022-12-14 15:34:12.767000,1.06484,1.06481,5040000,900000
2022-12-14 15:34:13.203000,1.06487,1.06482,8720000,440000
2022-12-14 15:34:13.305000,1.06487,1.06483,4140000,440000
2022-12-14 15:34:13.407000,1.06488,1.06483,4580000,440000
2022-12-14 15:34:13.750000,1.06488,1.06482,5840000,11880000
2022-12-14 15:34:14.777000,1.06488,1.06483,5400000,440000
2022-12-14 15:34:14.930000,1.06488,1.06482,5840000,7740000
2022-12-14 15:34:15.565000,1.06488,1.06483,4500000,440000
2022-12-14 15:34:15.680000,1.06487,1.06483,5940000,5840000
2022-12-14 15:34:15.782000,1.06488,1.06483,5480000,440000
2022-12-14 15:34:15.885000,1.06488,1.06482,6840000,5840000
2022-12-14 15:34:15.987000,1.06487,1.06483,120000,3600000
2022-12-14 15:34:16.089000,1.06487,1.06482,120000,4940000
2022-12-14 15:34:16.191000,1.06486,1.06482,2340000,3600000
2022-12-14 15:34:16.293000,1.06484,1.06479,4580000,440000
2022-12-14 15:34:16.395000,1.06483,1.06478,120000,4040000
2022-12-14 15:34:16.548000,1.06481,1.06476,120000,4040000
2022-12-14 15:34:16.702000,1.06482,1.06478,980000,3600000
2022-12-14 15:34:17.037000,1.06482,1.06477,120000,5940000
2022-12-14 15:34:17.139000,1.06482,1.06478,120000,4040000
2022-12-14 15:34:17.836000,1.06483,1.06478,1440000,3680000
