time,ask,bid,ask_volume,bid_volume
2018-11-07 15:25:00.191000,1.14814,1.1481,4200000,1500000
2018-11-07 15:25:00.709000,1.14814,1.1481,3070000,4500000
2018-11-07 15:25:01.230000,1.14814,1.1481,3260000,1690000
2018-11-07 15:25:01.757000,1.14814,1.14811,1120000,2440000
2018-11-07 15:25:02.372000,1.14815,1.14811,5510000,2140000
2018-11-07 15:25:02.478000,1.14814,1.1481,1120000,5140000
2018-11-07 15:25:03.419000,1.14813,1.1481,1000000,2250000
2018-11-07 15:25:03.950000,1.14814,1.1481,2890000,2620000
2018-11-07 15:25:04.200000,1.14812,1.1481,1870000,1000000
2018-11-07 15:25:04.786000,1.14812,1.14809,3370000,1000000
2018-11-07 15:25:05.287000,1.14812,1.14808,2620000,2140000
2018-11-07 15:25:05.887000,1.1481,1.14807,1000000,1000000
2018-11-07 15:25:06.614000,1.14811,1.14808,4690000,2250000
2018-11-07 15:25:06.732000,1.14813,1.14809,3820000,5440000
2018-11-07 15:25:07.323000,1.14813,1.14809,2700000,1390000
2018-11-07 15:25:07.902000,1.14813,1.14809,8890000,2700000
2018-11-07 15:25:08.408000,1.14813,1.14808,8890000,4050000
2018-11-07 15:25:08.516000,1.14813,1.1481,1950000,1100000
2018-11-07 15:25:09.189000,1.14813,1.14811,1120000,1000000
2018-11-07 15:25:09.692000,1.14814,1.1481,6070000,1500000
2018-11-07 15:25:11.300000,1.14813,1.1481,1120000,3040000
2018-11-07 15:25:11.565000,1.14816,1.14813,10010000,1000000
2018-11-07 15:25:12.074000,1.14815,1.14812,1100000,1570000
2018-11-07 15:25:12.600000,1.14816,1.14815,1000000,1690000
2018-11-07 15:25:12.965000,1.14818,1.14815,1000000,1690000
2018-11-07 15:25:13.481000,1.1482,1.14816,4950000,1250000
2018-11-07 15:25:13.850000,1.14819,1.14816,6450000,1000000
2018-11-07 15:25:15.335000,1.14819,1.14815,1570000,3560000
2018-11-07 15:25:16.368000,1.14818,1.14814,1950000,5850000
2018-11-07 15:25:16.913000,1.14818,1.14815,1120000,1000000
2018-11-07 15:25:19.959000,1.1482,1.14818,1390000,1500000
2018-11-07 15:25:20.121000,1.1482,1.14816,5890000,1000000
2018-11-07 15:25:20.433000,1.14821,1.14819,14890000,1000000
2018-11-07 15:25:20.648000,1.14819,1.14817,3000000,1120000
2018-11-07 15:25:20.753000,1.14817,1.14815,3000000,1500000
2018-11-07 15:25:20.925000,1.1482,1.14816,1950000,1000000
2018-11-07 15:25:21.186000,1.14818,1.14816,1000000,3070000
2018-11-07 15:25:22.110000,1.14818,1.14816,1000000,1200000
2018-11-07 15:25:22.765000,1.14819,1.14815,2140000,4570000
2018-11-07 15:25:24.103000,1.14821,1.14819,9110000,1000000
2018-11-07 15:25:24.370000,1.14823,1.1482,4950000,1570000
2018-11-07 15:25:24.920000,1.14822,1.1482,1120000,3450000
2018-11-07 15:25:25.743000,1.14823,1.1482,1100000,1200000
2018-11-07 15:25:26.290000,1.14824,1.1482,4570000,1000000
2018-11-07 15:25:26.648000,1.14822,1.1482,1250000,3000000
2018-11-07 15:25:26.757000,1.1482,1.14817,1250000,2320000
2018-11-07 15:25:27.279000,1.1482,1.14817,1000000,4990000
2018-11-07 15:25:27.802000,1.1482,1.14817,1000000,3490000
2018-11-07 15:25:28.322000,1.1482,1.14817,1000000,5360000
2018-11-07 15:25:28.826000,1.14823,1.1482,6820000,1000000
2018-11-07 15:25:29.166000,1.14819,1.14816,1000000,4950000
2018-11-07 15:25:29.219000,1.14819,1.14816,1500000,1000000
2018-11-07 15:25:29.638000,1.14817,1.14815,1000000,3820000
2018-11-07 15:25:30.139000,1.14818,1.14816,1000000,1000000
2018-11-07 15:25:30.685000,1.14818,1.14815,1000000,3820000
2018-11-07 15:25:31.264000,1.14818,1.14814,2620000,6640000
2018-11-07 15:25:31.740000,1.14815,1.14814,1310000,1100000
2018-11-07 15:25:31.985000,1.14813,1.14811,1000000,9110000
2018-11-07 15:25:32.504000,1.14814,1.14811,1100000,7760000
2018-11-07 15:25:33.029000,1.14814,1.14812,1100000,1500000
2018-11-07 15:25:33.559000,1.14814,1.14811,1000000,6640000
2018-11-07 15:25:34.235000,1.14814,1.14812,1000000,1500000
2018-11-07 15:25:34.755000,1.14813,1.14811,1000000,1870000
2018-11-07 15:25:34.925000,1.1481,1.14809,3940000,4950000
2018-11-07 15:25:35.139000,1.14805,1.14803,1000000,1000000
2018-11-07 15:25:35.645000,1.14805,1.14803,1100000,7350000
2018-11-07 15:25:35.804000,1.14807,1.14804,4120000,2100000
2018-11-07 15:25:36.215000,1.14805,1.14804,1500000,1000000
2018-11-07 15:25:36.478000,1.14807,1.14804,1120000,1690000
2018-11-07 15:25:36.756000,1.14808,1.14806,1200000,1000000
2018-11-07 15:25:37.021000,1.14807,1.14804,1120000,1000000
2018-11-07 15:25:37.537000,1.14807,1.14803,1120000,4390000
2018-11-07 15:25:38.042000,1.14807,1.14805,1870000,1000000
2018-11-07 15:25:38.533000,1.14805,1.14804,1870000,1000000
2018-11-07 15:25:38.638000,1.14803,1.14801,1000000,1120000
2018-11-07 15:25:38.745000,1.14805,1.14801,3940000,2920000
2018-11-07 15:25:39.229000,1.14807,1.14804,1760000,2250000
2018-11-07 15:25:39.283000,1.14808,1.14804,1000000,4760000
2018-11-07 15:25:40.191000,1.14807,1.14804,1000000,1390000
2018-11-07 15:25:40.400000,1.14809,1.14806,1500000,1000000
2018-11-07 15:25:40.930000,1.14808,1.14806,1000000,1500000
2018-11-07 15:25:41.734000,1.14807,1.14805,1000000,6300000
2018-11-07 15:25:41.947000,1.14809,1.14805,1000000,8360000
2018-11-07 15:25:42.482000,1.14808,1.14806,1000000,3820000
2018-11-07 15:25:42.588000,1.1481,1.14807,1120000,1000000
2018-11-07 15:25:42.850000,1.14808,1.14806,1250000,2920000
2018-11-07 15:25:43.239000,1.1481,1.14806,1310000,3450000
2018-11-07 15:25:43.293000,1.1481,1.14808,1120000,1000000
2018-11-07 15:25:43.452000,1.14809,1.14806,1000000,4200000
2018-11-07 15:25:43.844000,1.1481,1.14806,2060000,6110000
2018-11-07 15:25:44.091000,1.14809,1.14806,1000000,4050000
2018-11-07 15:25:45.118000,1.14808,1.14805,1500000,1950000
2018-11-07 15:25:48.076000,1.14807,1.14805,1000000,5620000
2018-11-07 15:25:48.232000,1.14809,1.14806,4200000,1100000
2018-11-07 15:25:48.339000,1.1481,1.14808,4570000,1500000
2018-11-07 15:25:48.660000,1.14811,1.14809,1570000,1000000
2018-11-07 15:25:49.187000,1.14812,1.14809,1120000,1010000
2018-11-07 15:25:49.477000,1.14809,1.14808,1000000,3000000
2018-11-07 15:25:49.983000,1.1481,1.14808,1000000,1000000
2018-11-07 15:25:51.869000,1.14811,1.14808,2320000,1570000
2018-11-07 15:25:52.235000,1.14812,1.1481,2700000,1500000
2018-11-07 15:25:52.391000,1.14811,1.14808,1120000,4570000
2018-11-07 15:25:52.861000,1.14809,1.14808,1000000,4350000
2018-11-07 15:25:53.021000,1.14812,1.14809,1570000,5250000
2018-11-07 15:25:53.535000,1.14811,1.14809,1000000,6750000
2018-11-07 15:25:54.048000,1.14813,1.14809,2250000,9450000
2018-11-07 15:25:54.568000,1.14813,1.14809,1500000,15450000
2018-11-07 15:25:54.724000,1.14814,1.14811,3940000,1000000
2018-11-07 15:25:55.037000,1.14812,1.1481,1000000,1500000
2018-11-07 15:25:55.500000,1.14814,1.14811,2810000,1000000
2018-11-07 15:25:55.662000,1.14814,1.14809,3260000,12820000
2018-11-07 15:25:55.719000,1.14812,1.1481,1000000,1000000
2018-11-07 15:25:55.928000,1.14814,1.1481,4990000,1500000
2018-11-07 15:25:55.981000,1.14814,1.14812,1990000,1000000
2018-11-07 15:25:56.818000,1.14814,1.14811,2060000,2250000
2018-11-07 15:25:57.368000,1.14814,1.1481,2060000,5320000
2018-11-07 15:25:58.133000,1.14814,1.14811,5060000,1000000
2018-11-07 15:25:58.474000,1.14815,1.14814,1570000,1000000
2018-11-07 15:25:58.581000,1.14817,1.14815,1500000,1570000
2018-11-07 15:25:58.741000,1.14819,1.14816,2320000,2700000
2018-11-07 15:26:00.144000,1.14819,1.14815,1000000,9300000
2018-11-07 15:26:00.669000,1.14818,1.14814,1500000,11550000
2018-11-07 15:26:01.252000,1.14818,1.14815,1120000,1000000
2018-11-07 15:26:01.727000,1.14816,1.14814,1000000,6260000
2018-11-07 15:26:01.885000,1.14818,1.14814,1120000,4570000
2018-11-07 15:26:02.094000,1.14815,1.14813,1000000,1460000
2018-11-07 15:26:02.255000,1.14815,1.14811,1000000,7570000
2018-11-07 15:26:02.850000,1.14815,1.14811,2250000,9300000
2018-11-07 15:26:02.905000,1.14813,1.14811,1000000,2700000
2018-11-07 15:26:03.451000,1.14814,1.14811,1120000,1000000
2018-11-07 15:26:04.095000,1.14814,1.1481,1250000,8510000
2018-11-07 15:26:04.564000,1.14811,1.1481,1000000,1000000
2018-11-07 15:26:04.618000,1.1481,1.14808,1000000,10420000
2018-11-07 15:26:04.884000,1.14813,1.14809,2700000,3750000
2018-11-07 15:26:05.416000,1.14813,1.14809,1570000,6520000
2018-11-07 15:26:06.509000,1.14812,1.1481,1000000,1000000
2018-11-07 15:26:06.718000,1.1481,1.14808,1000000,2020000
2018-11-07 15:26:06.933000,1.14812,1.14808,1120000,1760000
2018-11-07 15:26:07.464000,1.14813,1.14809,6490000,1000000
2018-11-07 15:26:08.060000,1.14811,1.14808,1100000,1950000
2018-11-07 15:26:08.579000,1.14812,1.14808,3750000,1010000
2018-11-07 15:26:08.878000,1.14814,1.14809,10800000,9260000
2018-11-07 15:26:09.609000,1.14814,1.1481,2620000,3260000
2018-11-07 15:26:10.124000,1.14814,1.1481,3560000,1100000
2018-11-07 15:26:10.454000,1.14814,1.14812,2810000,1000000
2018-11-07 15:26:11.520000,1.14816,1.14814,3450000,1690000
2018-11-07 15:26:11.782000,1.14819,1.14815,2810000,2320000
2018-11-07 15:26:12.484000,1.14819,1.14816,3820000,1000000
2018-11-07 15:26:12.997000,1.14819,1.14815,5700000,1390000
2018-11-07 15:26:13.553000,1.14818,1.14815,1000000,2890000
2018-11-07 15:26:14.072000,1.14819,1.14815,4570000,1690000
2018-11-07 15:26:14.636000,1.14818,1.14815,1000000,1690000
2018-11-07 15:26:15.459000,1.14818,1.14816,1000000,1000000
2018-11-07 15:26:15.983000,1.14817,1.14815,1000000,1690000
2018-11-07 15:26:16.532000,1.14818,1.14814,3000000,7760000
2018-11-07 15:26:16.746000,1.14817,1.14813,6190000,3450000
2018-11-07 15:26:17.050000,1.14814,1.14811,2550000,1000000
2018-11-07 15:26:17.421000,1.14815,1.14811,1500000,3070000
2018-11-07 15:26:17.927000,1.14815,1.14811,1950000,3450000
2018-11-07 15:26:18.430000,1.14815,1.14811,1500000,3820000
2018-11-07 15:26:18.953000,1.14815,1.14812,1500000,1000000
2018-11-07 15:26:19.670000,1.14814,1.14812,1000000,1000000
2018-11-07 15:26:20.278000,1.14816,1.14815,1570000,1000000
2018-11-07 15:26:20.334000,1.14817,1.14813,3000000,6070000
2018-11-07 15:26:21.146000,1.14818,1.14813,8140000,1570000
2018-11-07 15:26:21.200000,1.14816,1.14813,1000000,1500000
2018-11-07 15:26:21.600000,1.14814,1.14812,1000000,1000000
2018-11-07 15:26:21.706000,1.14816,1.14813,3000000,1000000
2018-11-07 15:26:22.222000,1.14815,1.14812,1500000,1000000
2018-11-07 15:26:22.825000,1.14816,1.14812,13200000,1000000
2018-11-07 15:26:23.372000,1.14816,1.14812,1500000,2510000
2018-11-07 15:26:24.548000,1.14816,1.14812,2700000,3640000
2018-11-07 15:26:24.710000,1.14817,1.14815,1100000,1000000
2018-11-07 15:26:25.271000,1.14819,1.14815,3750000,1760000
2018-11-07 15:26:25.784000,1.14819,1.14815,2470000,5140000
2018-11-07 15:26:26.729000,1.14819,1.14815,1870000,5140000
2018-11-07 15:26:27.061000,1.1482,1.14817,3000000,1870000
2018-11-07 15:26:27.587000,1.14819,1.14816,1000000,6450000
2018-11-07 15:26:29.299000,1.1482,1.14817,5810000,1000000
2018-11-07 15:26:29.576000,1.14819,1.14815,2360000,6190000
2018-11-07 15:26:30.144000,1.1482,1.14815,9450000,5470000
2018-11-07 15:26:30.592000,1.14819,1.14816,1000000,1200000
2018-11-07 15:26:31.101000,1.14819,1.14816,2810000,1010000
2018-11-07 15:26:32.234000,1.14819,1.14815,1120000,8890000
2018-11-07 15:26:33.150000,1.14819,1.14815,1120000,8850000
2018-11-07 15:26:33.727000,1.14819,1.14816,1120000,3820000
2018-11-07 15:26:33.832000,1.14822,1.1482,1120000,1500000
2018-11-07 15:26:34.083000,1.14821,1.14819,3000000,2440000
2018-11-07 15:26:34.142000,1.14822,1.14819,4420000,1000000
2018-11-07 15:26:34.736000,1.14823,1.1482,2320000,1000000
2018-11-07 15:26:35.241000,1.14822,1.1482,1500000,1000000
2018-11-07 15:26:35.744000,1.14823,1.14819,2700000,9940000
2018-11-07 15:26:36.375000,1.14824,1.14821,9450000,1000000
2018-11-07 15:26:36.990000,1.14824,1.1482,3070000,2060000
2018-11-07 15:26:37.480000,1.14824,1.14821,3640000,2810000
2018-11-07 15:26:37.690000,1.14824,1.1482,2320000,3000000
2018-11-07 15:26:38.214000,1.14823,1.1482,1100000,5510000
2018-11-07 15:26:38.580000,1.14825,1.14824,1000000,1500000
2018-11-07 15:26:39.055000,1.14825,1.14821,4390000,2700000
2018-11-07 15:26:41.019000,1.14825,1.14821,1570000,12190000
2018-11-07 15:26:41.213000,1.14825,1.14822,1000000,5440000
2018-11-07 15:26:41.541000,1.14829,1.14826,1310000,4690000
2018-11-07 15:26:41.646000,1.14832,1.14831,5890000,1250000
2018-11-07 15:26:41.890000,1.14834,1.14831,3560000,1250000
2018-11-07 15:26:42.266000,1.14831,1.14829,1000000,3940000
2018-11-07 15:26:42.457000,1.14829,1.14826,1000000,5140000
2018-11-07 15:26:43.484000,1.14829,1.14827,1000000,1000000
2018-11-07 15:26:44.004000,1.1483,1.14826,2700000,5140000
2018-11-07 15:26:44.200000,1.1483,1.14827,1690000,1690000
2018-11-07 15:26:44.513000,1.14832,1.14829,1000000,1000000
2018-11-07 15:26:45.024000,1.14833,1.1483,1950000,1100000
2018-11-07 15:26:45.573000,1.14834,1.14831,1570000,1500000
2018-11-07 15:26:47.103000,1.14833,1.1483,1950000,6450000
2018-11-07 15:26:47.618000,1.14833,1.14831,1390000,1250000
2018-11-07 15:26:48.190000,1.14834,1.1483,4760000,3000000
2018-11-07 15:26:49.017000,1.14834,1.14831,3820000,1500000
2018-11-07 15:26:49.607000,1.14834,1.14832,1120000,1000000
2018-11-07 15:26:50.141000,1.14834,1.14831,1200000,1950000
2018-11-07 15:26:51.246000,1.14834,1.14832,1000000,2620000
2018-11-07 15:26:51.352000,1.14836,1.14834,2810000,1000000
2018-11-07 15:26:51.922000,1.14835,1.14834,1000000,1000000
2018-11-07 15:26:52.290000,1.14835,1.14832,3000000,3000000
2018-11-07 15:26:52.394000,1.14835,1.1483,4200000,7390000
2018-11-07 15:26:52.446000,1.14835,1.14832,4950000,1000000
2018-11-07 15:26:52.971000,1.14836,1.14832,4870000,5140000
2018-11-07 15:26:53.694000,1.14836,1.14832,4120000,3450000
2018-11-07 15:26:54.010000,1.14837,1.14834,2810000,2620000
2018-11-07 15:26:54.545000,1.14838,1.14835,4570000,2250000
2018-11-07 15:26:55.100000,1.14837,1.14835,1000000,1500000
2018-11-07 15:26:55.517000,1.14835,1.14832,1000000,1690000
2018-11-07 15:26:56.045000,1.14836,1.14833,1870000,1000000
2018-11-07 15:26:56.547000,1.14835,1.14832,1000000,4390000
2018-11-07 15:26:56.764000,1.14834,1.14831,1000000,2140000
2018-11-07 15:26:56.922000,1.1483,1.14829,1000000,1200000
2018-11-07 15:26:56.974000,1.14829,1.14827,1690000,2320000
2018-11-07 15:26:57.027000,1.14828,1.14826,3560000,1200000
2018-11-07 15:26:57.081000,1.14828,1.14825,1570000,1570000
2018-11-07 15:26:57.322000,1.14829,1.14827,1950000,4690000
2018-11-07 15:26:57.483000,1.14828,1.14825,1000000,3070000
2018-11-07 15:26:57.934000,1.14829,1.14827,1000000,1000000
2018-11-07 15:26:58.193000,1.14831,1.14827,1000000,4050000
2018-11-07 15:26:58.673000,1.14831,1.14829,1000000,1000000
2018-11-07 15:26:59.195000,1.14831,1.14827,2250000,6110000
2018-11-07 15:27:00.439000,1.14829,1.14826,1000000,3260000
2018-11-07 15:27:00.709000,1.14831,1.14828,1690000,1120000
2018-11-07 15:27:00.763000,1.14832,1.14829,2320000,7690000
2018-11-07 15:27:01.083000,1.14829,1.14827,1000000,1250000
2018-11-07 15:27:01.752000,1.14831,1.14827,1950000,1870000
2018-11-07 15:27:02.125000,1.14832,1.1483,1000000,1000000
2018-11-07 15:27:02.629000,1.14834,1.14829,3820000,6670000
2018-11-07 15:27:03.247000,1.14832,1.1483,1000000,1250000
2018-11-07 15:27:03.562000,1.14831,1.14828,4500000,3000000
2018-11-07 15:27:03.834000,1.14832,1.14828,4950000,3000000
2018-11-07 15:27:04.149000,1.14831,1.14828,9560000,1000000
2018-11-07 15:27:04.255000,1.14831,1.14826,9140000,1390000
2018-11-07 15:27:04.838000,1.14831,1.14827,14140000,1000000
2018-11-07 15:27:05.667000,1.14831,1.14827,6450000,1000000
2018-11-07 15:27:06.186000,1.14831,1.14827,9550000,1000000
2018-11-07 15:27:07.123000,1.14831,1.14827,8140000,1000000
2018-11-07 15:27:07.572000,1.14828,1.14825,1120000,3820000
2018-11-07 15:27:08.116000,1.14828,1.14825,1950000,3640000
2018-11-07 15:27:08.456000,1.14831,1.1483,3600000,10120000
2018-11-07 15:27:08.510000,1.14834,1.14833,1200000,1000000
2018-11-07 15:27:08.776000,1.14834,1.14831,1500000,1250000
2018-11-07 15:27:09.308000,1.14834,1.14831,1000000,1000000
2018-11-07 15:27:09.823000,1.14834,1.1483,1200000,3370000
2018-11-07 15:27:10.240000,1.14835,1.14832,3450000,1500000
2018-11-07 15:27:10.410000,1.14835,1.1483,4760000,3070000
2018-11-07 15:27:10.933000,1.14834,1.1483,1760000,1690000
2018-11-07 15:27:11.459000,1.14834,1.14831,1310000,1000000
2018-11-07 15:27:12.157000,1.14834,1.1483,3820000,3820000
2018-11-07 15:27:12.753000,1.14834,1.1483,3370000,2700000
2018-11-07 15:27:12.909000,1.14834,1.1483,1870000,6640000
2018-11-07 15:27:13.447000,1.14835,1.1483,6080000,7390000
2018-11-07 15:27:16.168000,1.14833,1.1483,1000000,3260000
2018-11-07 15:27:16.706000,1.14833,1.1483,1000000,2550000
2018-11-07 15:27:18.015000,1.14833,1.14831,1000000,1000000
2018-11-07 15:27:19.561000,1.14834,1.14831,2140000,1000000
2018-11-07 15:27:20.070000,1.14834,1.1483,1690000,3640000
2018-11-07 15:27:21.157000,1.14835,1.1483,5510000,6640000
2018-11-07 15:27:21.705000,1.14835,1.1483,4010000,3450000
2018-11-07 15:27:22.090000,1.14834,1.1483,4200000,4390000
2018-11-07 15:27:22.608000,1.14833,1.1483,1570000,1010000
2018-11-07 15:27:24.121000,1.14831,1.14829,7870000,3070000
2018-11-07 15:27:24.280000,1.14833,1.1483,2250000,1000000
2018-11-07 15:27:24.791000,1.14834,1.14832,1200000,1000000
2018-11-07 15:27:24.844000,1.14835,1.14832,4500000,1000000
2018-11-07 15:27:25.365000,1.14835,1.1483,9640000,3070000
2018-11-07 15:27:25.887000,1.14834,1.1483,2700000,1950000
2018-11-07 15:27:26.438000,1.14834,1.1483,1570000,1500000
2018-11-07 15:27:27.711000,1.14834,1.14831,2700000,1190000
2018-11-07 15:27:28.618000,1.14834,1.14831,1120000,1500000
2018-11-07 15:27:29.232000,1.14834,1.14831,2630000,1000000
2018-11-07 15:27:29.529000,1.14832,1.14829,1870000,1000000
2018-11-07 15:27:29.847000,1.1483,1.14828,4350000,1200000
2018-11-07 15:27:29.906000,1.1483,1.14826,3300000,1690000
2018-11-07 15:27:30.415000,1.14829,1.14825,1500000,7390000
2018-11-07 15:27:31.028000,1.14827,1.14825,1000000,2700000
2018-11-07 15:27:31.351000,1.14825,1.14824,1000000,2250000
2018-11-07 15:27:31.529000,1.14824,1.14821,1000000,3260000
2018-11-07 15:27:32.063000,1.14824,1.14821,2250000,1010000
2018-11-07 15:27:32.291000,1.14822,1.14819,1120000,1500000
2018-11-07 15:27:32.857000,1.14822,1.14818,4390000,1870000
2018-11-07 15:27:33.169000,1.14818,1.14816,1000000,7010000
2018-11-07 15:27:33.820000,1.14818,1.14816,1000000,3450000
2018-11-07 15:27:33.981000,1.14818,1.14814,2250000,6640000
2018-11-07 15:27:34.504000,1.14818,1.14816,1000000,1250000
2018-11-07 15:27:35.014000,1.14818,1.14814,1500000,8140000
2018-11-07 15:27:35.472000,1.14815,1.14813,1000000,1700000
2018-11-07 15:27:35.632000,1.14814,1.14811,1000000,9820000
2018-11-07 15:27:35.739000,1.14812,1.14811,1000000,1010000
2018-11-07 15:27:35.875000,1.14812,1.1481,1800000,1500000
2018-11-07 15:27:35.980000,1.14813,1.14812,1000000,1000000
2018-11-07 15:27:36.346000,1.14817,1.14814,1450000,3190000
2018-11-07 15:27:36.399000,1.14815,1.14813,1000000,4950000
2018-11-07 15:27:36.787000,1.14813,1.1481,1500000,2700000
2018-11-07 15:27:37.307000,1.14813,1.14809,2890000,6070000
2018-11-07 15:27:38.469000,1.14816,1.14815,1200000,1000000
2018-11-07 15:27:38.590000,1.14817,1.14815,1000000,5470000
2018-11-07 15:27:38.643000,1.14819,1.14815,2140000,6000000
2018-11-07 15:27:38.798000,1.14819,1.14815,2140000,3750000
2018-11-07 15:27:39.556000,1.14818,1.14815,1000000,1250000
2018-11-07 15:27:40.105000,1.14817,1.14815,1000000,1010000
2018-11-07 15:27:40.158000,1.14818,1.14817,1500000,1000000
2018-11-07 15:27:40.210000,1.1482,1.14817,1100000,3000000
2018-11-07 15:27:40.757000,1.14819,1.14817,1000000,1010000
2018-11-07 15:27:41.264000,1.14818,1.14816,1000000,1100000
2018-11-07 15:27:41.682000,1.1482,1.14817,1000000,1250000
2018-11-07 15:27:42.264000,1.14818,1.14816,1000000,1000000
2018-11-07 15:27:42.780000,1.14818,1.14815,1500000,1870000
2018-11-07 15:27:43.143000,1.14818,1.14816,1000000,2890000
2018-11-07 15:27:43.684000,1.1482,1.14816,2700000,1390000
2018-11-07 15:27:44.243000,1.14818,1.14815,1500000,1500000
2018-11-07 15:27:44.775000,1.14817,1.14815,1000000,1500000
2018-11-07 15:27:45.336000,1.14817,1.14814,1000000,4390000
2018-11-07 15:27:45.701000,1.14818,1.14815,1250000,3190000
2018-11-07 15:27:46.698000,1.14818,1.14816,1000000,3940000
2018-11-07 15:27:47.387000,1.14818,1.14816,1000000,2440000
2018-11-07 15:27:49.752000,1.14818,1.14816,1000000,2440000
2018-11-07 15:27:50.256000,1.14818,1.14816,1000000,1690000
2018-11-07 15:27:51.326000,1.14818,1.14816,1000000,2890000
2018-11-07 15:27:51.860000,1.14818,1.14816,1000000,2890000
2018-11-07 15:27:52.361000,1.1482,1.14818,1120000,1000000
2018-11-07 15:27:52.564000,1.14819,1.14816,1000000,1000000
2018-11-07 15:27:53.470000,1.14817,1.14815,1000000,3000000
2018-11-07 15:27:53.971000,1.14818,1.14815,1120000,2440000
2018-11-07 15:27:54.477000,1.14818,1.14816,3560000,1000000
2018-11-07 15:27:54.982000,1.14818,1.14815,1120000,1500000
2018-11-07 15:27:55.553000,1.14818,1.14814,1120000,5140000
2018-11-07 15:27:56.070000,1.14817,1.14814,1000000,7390000
2018-11-07 15:27:56.451000,1.14816,1.14814,1000000,1570000
2018-11-07 15:27:56.662000,1.14815,1.14812,1000000,3820000
2018-11-07 15:27:57.207000,1.14815,1.14813,1000000,1500000
2018-11-07 15:27:57.724000,1.14815,1.14811,1000000,8140000
2018-11-07 15:27:57.830000,1.14814,1.14811,1000000,7200000
2018-11-07 15:27:58.392000,1.14813,1.14811,1000000,5700000
2018-11-07 15:27:58.940000,1.14814,1.14812,1000000,1000000
2018-11-07 15:28:00.094000,1.14814,1.14811,1000000,1000000
2018-11-07 15:28:00.463000,1.14812,1.1481,1000000,1500000
2018-11-07 15:28:01.070000,1.14813,1.14809,2620000,4570000
2018-11-07 15:28:02.047000,1.14811,1.14809,1690000,3000000
2018-11-07 15:28:02.361000,1.14803,1.148,1000000,1760000
2018-11-07 15:28:02.698000,1.14803,1.14801,1000000,2440000
2018-11-07 15:28:03.244000,1.14803,1.14801,1000000,1250000
2018-11-07 15:28:03.349000,1.14802,1.14799,1870000,1690000
2018-11-07 15:28:03.909000,1.14802,1.14799,1120000,1690000
2018-11-07 15:28:04.222000,1.14801,1.14798,1690000,6450000
2018-11-07 15:28:04.274000,1.14799,1.14798,1000000,1000000
2018-11-07 15:28:04.430000,1.14799,1.14796,1000000,1100000
2018-11-07 15:28:04.967000,1.14799,1.14796,1690000,1690000
2018-11-07 15:28:05.471000,1.14798,1.14796,1000000,1310000
2018-11-07 15:28:05.985000,1.14798,1.14795,1000000,2890000
2018-11-07 15:28:06.490000,1.14798,1.14795,1100000,1290000
2018-11-07 15:28:06.904000,1.148,1.14798,5140000,2440000
2018-11-07 15:28:07.211000,1.14802,1.148,1570000,1000000
2018-11-07 15:28:07.772000,1.14802,1.14799,1200000,1950000
2018-11-07 15:28:08.090000,1.14799,1.14796,1000000,1120000
2018-11-07 15:28:08.598000,1.148,1.14796,1870000,2890000
2018-11-07 15:28:08.914000,1.148,1.14796,2810000,4010000
2018-11-07 15:28:09.434000,1.148,1.14797,1870000,1250000
2018-11-07 15:28:09.753000,1.14798,1.14796,1000000,4500000
2018-11-07 15:28:10.457000,1.14798,1.14796,1000000,3370000
2018-11-07 15:28:11.714000,1.14798,1.14797,1000000,1000000
2018-11-07 15:28:12.260000,1.14798,1.14796,1000000,2810000
2018-11-07 15:28:14.773000,1.14798,1.14797,1000000,1000000
2018-11-07 15:28:14.891000,1.148,1.14798,1200000,1690000
2018-11-07 15:28:15.398000,1.14802,1.14798,2510000,4120000
2018-11-07 15:28:15.937000,1.14802,1.148,1000000,1000000
2018-11-07 15:28:16.589000,1.14803,1.14799,1200000,3070000
2018-11-07 15:28:16.904000,1.14803,1.14799,1000000,5700000
2018-11-07 15:28:17.460000,1.14803,1.14799,1000000,6070000
2018-11-07 15:28:18,1.14804,1.14799,3450000,5700000
2018-11-07 15:28:18.315000,1.14802,1.14799,1000000,2890000
2018-11-07 15:28:18.752000,1.14803,1.14799,1500000,4570000
2018-11-07 15:28:19.066000,1.14803,1.14799,1500000,6070000
2018-11-07 15:28:19.888000,1.14803,1.148,1000000,1000000
2018-11-07 15:28:20.398000,1.14803,1.14799,1250000,3070000
2018-11-07 15:28:21.023000,1.14803,1.148,1000000,1000000
2018-11-07 15:28:21.569000,1.14803,1.148,1000000,1190000
2018-11-07 15:28:22.126000,1.14804,1.14799,3820000,6820000
2018-11-07 15:28:22.495000,1.14802,1.14799,1000000,1760000
2018-11-07 15:28:23.029000,1.14803,1.14799,2250000,4010000
2018-11-07 15:28:23.578000,1.14803,1.14799,2440000,4010000
2018-11-07 15:28:24.125000,1.14803,1.14799,3070000,2250000
2018-11-07 15:28:24.701000,1.14803,1.14799,2810000,4010000
2018-11-07 15:28:25.218000,1.14803,1.14799,1120000,2510000
2018-11-07 15:28:25.949000,1.14803,1.148,1100000,1000000
2018-11-07 15:28:26.460000,1.14803,1.14799,1100000,2060000
2018-11-07 15:28:27.288000,1.14803,1.148,1500000,1250000
2018-11-07 15:28:27.611000,1.14805,1.14803,2320000,2250000
2018-11-07 15:28:27.963000,1.14807,1.14805,1000000,1500000
2018-11-07 15:28:28.122000,1.14809,1.14805,3070000,3940000
2018-11-07 15:28:28.657000,1.14808,1.14806,1000000,2320000
2018-11-07 15:28:29.110000,1.14807,1.14805,1000000,1000000
2018-11-07 15:28:29.696000,1.14808,1.14805,3000000,1500000
2018-11-07 15:28:30.101000,1.14806,1.14805,3000000,1000000
2018-11-07 15:28:30.311000,1.14804,1.14801,1000000,1500000
2018-11-07 15:28:30.718000,1.14806,1.14803,1200000,3750000
2018-11-07 15:28:31.224000,1.14807,1.14805,3000000,1500000
2018-11-07 15:28:31.738000,1.14807,1.14804,1000000,1870000
2018-11-07 15:28:32.273000,1.14806,1.14803,1000000,1370000
2018-11-07 15:28:32.957000,1.14806,1.14802,1200000,7950000
2018-11-07 15:28:33.321000,1.14804,1.14803,1000000,1000000
2018-11-07 15:28:33.374000,1.14804,1.14801,1000000,2320000
2018-11-07 15:28:33.548000,1.14805,1.14803,5700000,1250000
2018-11-07 15:28:33.864000,1.14807,1.14805,2620000,1000000
2018-11-07 15:28:35.214000,1.14806,1.14805,1500000,1010000
2018-11-07 15:28:35.751000,1.14807,1.14805,2700000,1000000
2018-11-07 15:28:36.275000,1.14809,1.14805,8360000,1250000
2018-11-07 15:28:36.816000,1.14807,1.14805,1500000,1010000
2018-11-07 15:28:37.352000,1.14808,1.14805,1100000,3450000
2018-11-07 15:28:37.869000,1.14808,1.14805,1570000,2890000
2018-11-07 15:28:38.374000,1.14807,1.14805,2250000,1000000
2018-11-07 15:28:38.902000,1.14808,1.14805,1120000,1000000
2018-11-07 15:28:39.388000,1.14809,1.14806,1690000,5060000
2018-11-07 15:28:39.999000,1.14809,1.14806,1570000,1390000
2018-11-07 15:28:40.571000,1.14809,1.14806,2440000,2890000
2018-11-07 15:28:41.121000,1.14809,1.14806,1500000,1250000
2018-11-07 15:28:41.704000,1.14809,1.14807,1570000,1000000
2018-11-07 15:28:42.298000,1.14809,1.14806,1000000,1760000
2018-11-07 15:28:42.666000,1.1481,1.14808,1000000,1000000
2018-11-07 15:28:43.214000,1.14811,1.14807,2250000,3450000
2018-11-07 15:28:43.682000,1.14809,1.14806,1000000,3450000
2018-11-07 15:28:43.786000,1.14808,1.14805,1000000,1100000
2018-11-07 15:28:44.319000,1.14808,1.14804,3750000,3820000
2018-11-07 15:28:44.827000,1.14808,1.14805,2060000,2250000
2018-11-07 15:28:45.338000,1.14808,1.14804,3070000,4200000
2018-11-07 15:28:45.883000,1.14808,1.14804,1720000,2320000
2018-11-07 15:28:46.460000,1.14805,1.14804,2470000,1000000
2018-11-07 15:28:46.568000,1.14804,1.14801,1100000,1200000
2018-11-07 15:28:47.071000,1.14803,1.148,1100000,1350000
2018-11-07 15:28:48.824000,1.14803,1.14801,1500000,1000000
2018-11-07 15:28:49.353000,1.14803,1.148,1500000,1500000
2018-11-07 15:28:50.057000,1.14803,1.14801,1500000,1000000
2018-11-07 15:28:50.568000,1.14803,1.148,1500000,5890000
2018-11-07 15:28:51.083000,1.14803,1.14799,1000000,4350000
2018-11-07 15:28:51.602000,1.14803,1.14799,1000000,6070000
2018-11-07 15:28:52.140000,1.14803,1.14799,1000000,5320000
2018-11-07 15:28:52.665000,1.14803,1.14799,1690000,7570000
2018-11-07 15:28:53.950000,1.14803,1.14801,1000000,1000000
2018-11-07 15:28:54.530000,1.14803,1.148,1000000,5320000
2018-11-07 15:28:55.793000,1.14803,1.14799,1000000,6640000
2018-11-07 15:28:56.295000,1.14802,1.148,1000000,1000000
2018-11-07 15:28:56.812000,1.14803,1.14799,1000000,6640000
2018-11-07 15:28:58.877000,1.14802,1.148,1500000,1250000
2018-11-07 15:29:00.050000,1.14802,1.14801,1000000,1000000
2018-11-07 15:29:00.247000,1.14804,1.148,7120000,1100000
2018-11-07 15:29:00.564000,1.14802,1.148,1000000,1250000
2018-11-07 15:29:01.082000,1.14803,1.14799,1570000,5740000
2018-11-07 15:29:01.584000,1.14802,1.14799,1000000,4800000
2018-11-07 15:29:02.140000,1.14803,1.14799,1000000,1100000
2018-11-07 15:29:03.721000,1.14803,1.148,3000000,1000000
2018-11-07 15:29:04.224000,1.14803,1.14799,1000000,1760000
2018-11-07 15:29:05.120000,1.14803,1.148,1000000,1000000
2018-11-07 15:29:06.553000,1.14802,1.148,1500000,1000000
2018-11-07 15:29:07.853000,1.14803,1.148,2700000,1000000
2018-11-07 15:29:08.586000,1.14802,1.148,1250000,1250000
2018-11-07 15:29:09.287000,1.14803,1.148,1760000,1000000
2018-11-07 15:29:10.556000,1.14802,1.148,1000000,1690000
2018-11-07 15:29:11.111000,1.14803,1.148,2320000,1690000
2018-11-07 15:29:12.322000,1.14802,1.148,1100000,1500000
2018-11-07 15:29:12.921000,1.14802,1.14799,1870000,3000000
2018-11-07 15:29:13.433000,1.14802,1.148,1120000,2250000
2018-11-07 15:29:15.264000,1.14803,1.148,2470000,1500000
2018-11-07 15:29:15.987000,1.14804,1.14803,3940000,3000000
2018-11-07 15:29:16.045000,1.14807,1.14805,1870000,1000000
2018-11-07 15:29:16.466000,1.14805,1.14803,1000000,5700000
2018-11-07 15:29:16.628000,1.14803,1.14801,1000000,2060000
2018-11-07 15:29:16.682000,1.14805,1.14803,3260000,2440000
2018-11-07 15:29:16.998000,1.14806,1.14805,1500000,1000000
2018-11-07 15:29:17.159000,1.14808,1.14805,2250000,1570000
2018-11-07 15:29:17.266000,1.14809,1.14807,3190000,2250000
2018-11-07 15:29:17.632000,1.14813,1.1481,3000000,2250000
2018-11-07 15:29:17.791000,1.1481,1.14809,1250000,1500000
2018-11-07 15:29:17.844000,1.1481,1.14807,1690000,1950000
2018-11-07 15:29:18.360000,1.14809,1.14807,1000000,1000000
2018-11-07 15:29:20.279000,1.14808,1.14807,1000000,1000000
2018-11-07 15:29:20.844000,1.14808,1.14806,1000000,4390000
2018-11-07 15:29:21.153000,1.1481,1.14806,6380000,5510000
2018-11-07 15:29:21.582000,1.14811,1.14809,3260000,1500000
2018-11-07 15:29:21.646000,1.14813,1.1481,1870000,1000000
2018-11-07 15:29:21.754000,1.14815,1.14813,2700000,3190000
2018-11-07 15:29:22.297000,1.14814,1.14812,1250000,1000000
2018-11-07 15:29:22.928000,1.14814,1.14813,1000000,1000000
2018-11-07 15:29:24.026000,1.14818,1.14815,1200000,1120000
2018-11-07 15:29:24.239000,1.14819,1.14816,1870000,1250000
2018-11-07 15:29:25.087000,1.14819,1.14817,1120000,1000000
2018-11-07 15:29:25.455000,1.14818,1.14815,1000000,7200000
2018-11-07 15:29:25.808000,1.14819,1.14815,1120000,6640000
2018-11-07 15:29:25.912000,1.14819,1.14815,1120000,5700000
2018-11-07 15:29:26.517000,1.14819,1.14816,1120000,1390000
2018-11-07 15:29:26.941000,1.14821,1.14818,3970000,3370000
2018-11-07 15:29:27.352000,1.1482,1.14817,3750000,1950000
2018-11-07 15:29:27.886000,1.14819,1.14816,1000000,3820000
2018-11-07 15:29:28.306000,1.14818,1.14816,1000000,1950000
2018-11-07 15:29:28.411000,1.14819,1.14816,1500000,2320000
2018-11-07 15:29:28.576000,1.1482,1.14818,1870000,1000000
2018-11-07 15:29:28.733000,1.14824,1.1482,1310000,2700000
2018-11-07 15:29:28.893000,1.14824,1.14821,1120000,1200000
2018-11-07 15:29:30.409000,1.14824,1.14823,1120000,1000000
2018-11-07 15:29:30.943000,1.14823,1.14821,2500000,4570000
2018-11-07 15:29:31.050000,1.1482,1.14819,3600000,1000000
2018-11-07 15:29:31.102000,1.14817,1.14815,1000000,4950000
2018-11-07 15:29:31.156000,1.14815,1.14814,1000000,1500000
2018-11-07 15:29:31.313000,1.14815,1.14813,1000000,1000000
2018-11-07 15:29:31.506000,1.14818,1.14816,1000000,1000000
2018-11-07 15:29:32.076000,1.14819,1.14815,1250000,2320000
2018-11-07 15:29:32.494000,1.14817,1.14814,1250000,3070000
2018-11-07 15:29:32.809000,1.14814,1.14811,1000000,5320000
2018-11-07 15:29:33.950000,1.14814,1.14811,2440000,1570000
2018-11-07 15:29:34.792000,1.14813,1.14811,1000000,2320000
2018-11-07 15:29:35.306000,1.14814,1.14811,2440000,1950000
2018-11-07 15:29:37.577000,1.14814,1.14811,3190000,1200000
2018-11-07 15:29:38.100000,1.14814,1.14811,1500000,1100000
2018-11-07 15:29:38.452000,1.14813,1.14811,1000000,3820000
2018-11-07 15:29:38.610000,1.14814,1.14811,2440000,3450000
2018-11-07 15:29:39.554000,1.14814,1.14812,1500000,1000000
2018-11-07 15:29:41.670000,1.14815,1.14811,1000000,5140000
2018-11-07 15:29:42.193000,1.14816,1.14814,1120000,1250000
2018-11-07 15:29:42.699000,1.14815,1.14812,1500000,2700000
2018-11-07 15:29:43.285000,1.14815,1.14812,1000000,7010000
2018-11-07 15:29:43.822000,1.14815,1.14812,1000000,3260000
2018-11-07 15:29:44.731000,1.14815,1.14813,1000000,1000000
2018-11-07 15:29:45.434000,1.14815,1.14813,1000000,1690000
2018-11-07 15:29:45.780000,1.14815,1.14812,1000000,1500000
2018-11-07 15:29:45.883000,1.14815,1.14814,1000000,1000000
2018-11-07 15:29:45.935000,1.14818,1.14815,5890000,1500000
2018-11-07 15:29:46.159000,1.14819,1.14815,3750000,1760000
2018-11-07 15:29:46.701000,1.14819,1.14816,1760000,1100000
2018-11-07 15:29:47.249000,1.14819,1.14816,1250000,6260000
2018-11-07 15:29:47.753000,1.1482,1.14816,1500000,2890000
2018-11-07 15:29:49.026000,1.14821,1.14819,2700000,2850000
2018-11-07 15:29:49.348000,1.14823,1.1482,1000000,2320000
2018-11-07 15:29:49.402000,1.14823,1.14821,1000000,1200000
2018-11-07 15:29:49.562000,1.14823,1.1482,1000000,4950000
2018-11-07 15:29:50.108000,1.14823,1.14821,1000000,1000000
2018-11-07 15:29:50.270000,1.14821,1.14819,3000000,1870000
2018-11-07 15:29:50.323000,1.1482,1.14817,1000000,6450000
2018-11-07 15:29:50.871000,1.1482,1.14818,1000000,1000000
2018-11-07 15:29:51.627000,1.14822,1.1482,1100000,1000000
2018-11-07 15:29:52.185000,1.14821,1.14819,1000000,1500000
2018-11-07 15:29:52.243000,1.1482,1.14817,1000000,5920000
2018-11-07 15:29:54.184000,1.14822,1.14818,6070000,1690000
2018-11-07 15:29:54.342000,1.14819,1.14817,1000000,1200000
2018-11-07 15:29:54.845000,1.1482,1.14817,1250000,4570000
2018-11-07 15:29:55.264000,1.14823,1.14819,4800000,4120000
2018-11-07 15:29:55.601000,1.14824,1.1482,5510000,1250000
2018-11-07 15:29:55.760000,1.14825,1.14822,1200000,1690000
2018-11-07 15:29:56.320000,1.14824,1.1482,1500000,5510000
2018-11-07 15:29:56.831000,1.14823,1.1482,1000000,1690000
2018-11-07 15:29:57.395000,1.14824,1.1482,1250000,1570000
2018-11-07 15:29:57.716000,1.1482,1.14817,1570000,1000000
2018-11-07 15:29:58.100000,1.1482,1.14816,4760000,1000000
2018-11-07 15:29:58.266000,1.1482,1.14816,1950000,1000000
2018-11-07 15:29:58.669000,1.14819,1.14815,2920000,1570000
2018-11-07 15:29:59.223000,1.14819,1.14815,1200000,1000000
2018-11-07 15:30:00.099000,1.14819,1.14816,1500000,1500000
2018-11-07 15:30:00.447000,1.14818,1.14813,3190000,6070000
2018-11-07 15:30:00.500000,1.14816,1.14812,2250000,1950000
2018-11-07 15:30:01.051000,1.14815,1.14812,1250000,2320000
2018-11-07 15:30:01.257000,1.14816,1.14813,3000000,1690000
2018-11-07 15:30:01.309000,1.14816,1.14812,2250000,3820000
2018-11-07 15:30:01.852000,1.14815,1.14813,3000000,1000000
2018-11-07 15:30:02.080000,1.14817,1.14815,1200000,1000000
2018-11-07 15:30:02.393000,1.1482,1.14816,1120000,2140000
2018-11-07 15:30:03.099000,1.14819,1.14816,1000000,1000000
2018-11-07 15:30:03.287000,1.1482,1.14818,1200000,1000000
2018-11-07 15:30:03.394000,1.14823,1.14819,2700000,5510000
2018-11-07 15:30:03.947000,1.14823,1.14819,1150000,1250000
2018-11-07 15:30:05.360000,1.14824,1.1482,2850000,1100000
2018-11-07 15:30:05.879000,1.14824,1.1482,1070000,3070000
2018-11-07 15:30:06.405000,1.14825,1.1482,9860000,1760000
2018-11-07 15:30:06.878000,1.14827,1.14825,3450000,1500000
2018-11-07 15:30:07.019000,1.1483,1.14826,7010000,1250000
2018-11-07 15:30:07.125000,1.14827,1.14824,1000000,1500000
2018-11-07 15:30:07.595000,1.14829,1.14825,1870000,2320000
2018-11-07 15:30:08.007000,1.14827,1.14823,1250000,4200000
2018-11-07 15:30:08.187000,1.14826,1.14823,2620000,1500000
2018-11-07 15:30:08.585000,1.14828,1.14825,1200000,4010000
2018-11-07 15:30:09.120000,1.14829,1.14825,5320000,2320000
2018-11-07 15:30:09.442000,1.14827,1.14823,1000000,5320000
2018-11-07 15:30:09.545000,1.14824,1.14822,1000000,2250000
2018-11-07 15:30:09.867000,1.14824,1.14819,4010000,5890000
2018-11-07 15:30:10.417000,1.14823,1.14819,1470000,5320000
2018-11-07 15:30:10.678000,1.14823,1.14818,4610000,3940000
2018-11-07 15:30:11.213000,1.14822,1.14818,4310000,3070000
2018-11-07 15:30:11.425000,1.14824,1.1482,4010000,1250000
2018-11-07 15:30:11.945000,1.14822,1.14819,3750000,1000000
2018-11-07 15:30:12.316000,1.1482,1.14818,1870000,1000000
2018-11-07 15:30:12.856000,1.14822,1.14818,3640000,2700000
2018-11-07 15:30:13.165000,1.14824,1.14821,4760000,1120000
2018-11-07 15:30:15.221000,1.14822,1.14819,1000000,9070000
2018-11-07 15:30:15.730000,1.14822,1.14818,1570000,4950000
2018-11-07 15:30:16.349000,1.14824,1.1482,2250000,4950000
2018-11-07 15:30:16.402000,1.14824,1.14819,2100000,9490000
2018-11-07 15:30:16.967000,1.14824,1.14819,5510000,12450000
2018-11-07 15:30:17.503000,1.14822,1.14819,1120000,2250000
2018-11-07 15:30:18.055000,1.14824,1.1482,4120000,9450000
2018-11-07 15:30:18.609000,1.14824,1.14821,1880000,1000000
2018-11-07 15:30:19.082000,1.14826,1.14822,4010000,1000000
2018-11-07 15:30:19.597000,1.14825,1.14821,1120000,4950000
2018-11-07 15:30:19.915000,1.14823,1.1482,2660000,1100000
2018-11-07 15:30:20.530000,1.14824,1.14821,2320000,1200000
2018-11-07 15:30:21.175000,1.14824,1.14821,1120000,1390000
2018-11-07 15:30:21.834000,1.14825,1.1482,8510000,7570000
2018-11-07 15:30:22.354000,1.14824,1.1482,1200000,5320000
2018-11-07 15:30:23.186000,1.14825,1.1482,8700000,5890000
2018-11-07 15:30:23.821000,1.14825,1.14821,7570000,1000000
2018-11-07 15:30:24.971000,1.14824,1.14822,1870000,1000000
2018-11-07 15:30:25.499000,1.14824,1.14821,1120000,1000000
2018-11-07 15:30:26.048000,1.14823,1.14821,1500000,1000000
2018-11-07 15:30:26.578000,1.14824,1.14822,1000000,3750000
2018-11-07 15:30:27.316000,1.14825,1.14821,6640000,1120000
2018-11-07 15:30:27.693000,1.14826,1.14824,2250000,1100000
2018-11-07 15:30:27.854000,1.14828,1.14824,3000000,1570000
2018-11-07 15:30:28.433000,1.14828,1.14825,5060000,1120000
2018-11-07 15:30:29.341000,1.14829,1.14828,1000000,1250000
2018-11-07 15:30:29.446000,1.1483,1.14827,8060000,1200000
2018-11-07 15:30:29.699000,1.14829,1.14825,1100000,9670000
2018-11-07 15:30:30.261000,1.1483,1.14825,6820000,2890000
2018-11-07 15:30:30.782000,1.14829,1.14825,4870000,5890000
2018-11-07 15:30:31.327000,1.14828,1.14825,1870000,3070000
2018-11-07 15:30:31.894000,1.14829,1.14825,1690000,6070000
2018-11-07 15:30:32.397000,1.14828,1.14825,3000000,1950000
2018-11-07 15:30:32.501000,1.14825,1.14823,1250000,4570000
2018-11-07 15:30:32.554000,1.14825,1.14823,2440000,1500000
2018-11-07 15:30:33.072000,1.14825,1.14822,3940000,1950000
2018-11-07 15:30:33.284000,1.14828,1.14825,2320000,1000000
2018-11-07 15:30:33.833000,1.14829,1.14825,2620000,1200000
2018-11-07 15:30:34.144000,1.14828,1.14824,4540000,4950000
2018-11-07 15:30:34.460000,1.14827,1.14825,1000000,1570000
2018-11-07 15:30:34.993000,1.14829,1.14825,1870000,4570000
2018-11-07 15:30:35.908000,1.14829,1.14824,7870000,4390000
2018-11-07 15:30:36.436000,1.14829,1.14826,6370000,1000000
2018-11-07 15:30:38.195000,1.14828,1.14825,1500000,1010000
2018-11-07 15:30:38.304000,1.14826,1.14822,3370000,2920000
2018-11-07 15:30:38.821000,1.14825,1.14823,1000000,1500000
2018-11-07 15:30:39.241000,1.14825,1.14821,1120000,3640000
2018-11-07 15:30:39.789000,1.14825,1.14822,2620000,1120000
2018-11-07 15:30:41.619000,1.14824,1.14822,1000000,1120000
2018-11-07 15:30:42.161000,1.14825,1.14821,4870000,4950000
2018-11-07 15:30:42.680000,1.14824,1.14822,1000000,1120000
2018-11-07 15:30:43.249000,1.14825,1.14821,6370000,3820000
2018-11-07 15:30:43.797000,1.14825,1.14821,4120000,6070000
2018-11-07 15:30:44.480000,1.14824,1.14821,2440000,3820000
2018-11-07 15:30:44.985000,1.14824,1.14821,1000000,2700000
2018-11-07 15:30:45.824000,1.14825,1.14821,5620000,4760000
2018-11-07 15:30:46.646000,1.14825,1.14822,4310000,1000000
2018-11-07 15:30:47.017000,1.14826,1.14823,4120000,1450000
2018-11-07 15:30:47.520000,1.14825,1.14823,2250000,1950000
2018-11-07 15:30:48.363000,1.14825,1.14823,2250000,1000000
2018-11-07 15:30:48.955000,1.14826,1.14823,1120000,2700000
2018-11-07 15:30:49.478000,1.14827,1.14824,2100000,3490000
2018-11-07 15:30:49.532000,1.14829,1.14825,9490000,1250000
2018-11-07 15:30:50.053000,1.14828,1.14826,3000000,1000000
2018-11-07 15:30:50.389000,1.14827,1.14823,2250000,3000000
2018-11-07 15:30:50.597000,1.14825,1.14821,1000000,11170000
2018-11-07 15:30:51.211000,1.14825,1.14821,1120000,9300000
2018-11-07 15:30:52.132000,1.14824,1.14821,1000000,3300000
2018-11-07 15:30:52.680000,1.14825,1.14821,5890000,1350000
2018-11-07 15:30:53.047000,1.14823,1.14821,1000000,1100000
2018-11-07 15:30:55.018000,1.14822,1.14821,1000000,1000000
2018-11-07 15:30:55.371000,1.14818,1.14815,1310000,1450000
2018-11-07 15:30:55.977000,1.14818,1.14815,1570000,1200000
2018-11-07 15:30:56.551000,1.14817,1.14816,1000000,1000000
2018-11-07 15:30:56.604000,1.14818,1.14814,6750000,2510000
2018-11-07 15:30:58.860000,1.14817,1.14814,4310000,4760000
2018-11-07 15:30:59.411000,1.14817,1.14814,1870000,1010000
2018-11-07 15:30:59.977000,1.14816,1.14814,1500000,3820000
2018-11-07 15:31:00.598000,1.14816,1.14813,2440000,4390000
2018-11-07 15:31:00.650000,1.14817,1.14813,3190000,12300000
2018-11-07 15:31:03.131000,1.14816,1.14814,1500000,4870000
2018-11-07 15:31:03.751000,1.14816,1.14812,2890000,3300000
2018-11-07 15:31:04.388000,1.14816,1.14813,1690000,1690000
2018-11-07 15:31:04.547000,1.14814,1.14812,1000000,4570000
2018-11-07 15:31:05.072000,1.14815,1.14812,5250000,1000000
2018-11-07 15:31:05.601000,1.14814,1.14811,1250000,3370000
2018-11-07 15:31:06.494000,1.14812,1.14811,1000000,1100000
2018-11-07 15:31:06.651000,1.14812,1.14809,1000000,4200000
2018-11-07 15:31:07.172000,1.14814,1.14809,12260000,3070000
2018-11-07 15:31:07.842000,1.14813,1.1481,3370000,1000000
2018-11-07 15:31:08.381000,1.14814,1.14809,12640000,5250000
2018-11-07 15:31:08.745000,1.14813,1.14811,1120000,1000000
2018-11-07 15:31:09.248000,1.14814,1.1481,7200000,1000000
2018-11-07 15:31:10.069000,1.14814,1.14809,8440000,8290000
2018-11-07 15:31:10.590000,1.14814,1.1481,6750000,1100000
2018-11-07 15:31:11.690000,1.14813,1.1481,1000000,3820000
2018-11-07 15:31:12.005000,1.14814,1.14811,2810000,1190000
2018-11-07 15:31:12.314000,1.14813,1.1481,3940000,1500000
2018-11-07 15:31:14.801000,1.14813,1.1481,3610000,1500000
2018-11-07 15:31:14.905000,1.14811,1.14808,2440000,6070000
2018-11-07 15:31:15.147000,1.14808,1.14805,1500000,3070000
2018-11-07 15:31:15.672000,1.14809,1.14805,10170000,1000000
2018-11-07 15:31:16.037000,1.14808,1.14805,3530000,1500000
2018-11-07 15:31:16.319000,1.14807,1.14803,4090000,2890000
2018-11-07 15:31:16.843000,1.14807,1.14803,2290000,8550000
2018-11-07 15:31:17.391000,1.14808,1.14805,1000000,1000000
2018-11-07 15:31:17.893000,1.14807,1.14804,2250000,1000000
2018-11-07 15:31:18.209000,1.1481,1.14808,9070000,1000000
2018-11-07 15:31:18.367000,1.14808,1.14806,1000000,3070000
2018-11-07 15:31:18.870000,1.14809,1.14805,1000000,10390000
2018-11-07 15:31:18.927000,1.1481,1.14808,4390000,1000000
2018-11-07 15:31:19.322000,1.14807,1.14805,1250000,1250000
2018-11-07 15:31:19.841000,1.14809,1.14806,4200000,1000000
2018-11-07 15:31:19.951000,1.14808,1.14804,2700000,1310000
2018-11-07 15:31:20.458000,1.14807,1.14805,1500000,1500000
2018-11-07 15:31:20.514000,1.14808,1.14807,1500000,1000000
2018-11-07 15:31:20.567000,1.14809,1.14808,8250000,1500000
2018-11-07 15:31:20.672000,1.14809,1.14805,9260000,1000000
2018-11-07 15:31:21.196000,1.14807,1.14805,1000000,1000000
2018-11-07 15:31:21.356000,1.14809,1.14805,1100000,5290000
2018-11-07 15:31:21.649000,1.14808,1.14804,3070000,5140000
2018-11-07 15:31:22.173000,1.14809,1.14805,4950000,1000000
2018-11-07 15:31:23.178000,1.14808,1.14804,1120000,2890000
2018-11-07 15:31:23.800000,1.14809,1.14805,1100000,2810000
2018-11-07 15:31:24.333000,1.14808,1.14806,1000000,1050000
2018-11-07 15:31:24.885000,1.14808,1.14804,1000000,1390000
2018-11-07 15:31:25.407000,1.14808,1.14805,4500000,1690000
2018-11-07 15:31:26.713000,1.14808,1.14804,4500000,2890000
2018-11-07 15:31:27.239000,1.14808,1.14804,1950000,6640000
2018-11-07 15:31:27.764000,1.14808,1.14804,5030000,2250000
2018-11-07 15:31:28.288000,1.14808,1.14805,1540000,1000000
2018-11-07 15:31:29.552000,1.14809,1.14806,1040000,1000000
2018-11-07 15:31:29.657000,1.14809,1.14806,1000000,1500000
2018-11-07 15:31:30.213000,1.14809,1.14805,1200000,3820000
2018-11-07 15:31:30.813000,1.14809,1.14806,2400000,2250000
2018-11-07 15:31:32.014000,1.14809,1.14807,1200000,3190000
2018-11-07 15:31:32.067000,1.14812,1.14809,3820000,3750000
2018-11-07 15:31:32.484000,1.14813,1.14811,1000000,1500000
2018-11-07 15:31:33.020000,1.14814,1.1481,1500000,4570000
2018-11-07 15:31:34.228000,1.14812,1.1481,1000000,1500000
2018-11-07 15:31:34.752000,1.14814,1.1481,1500000,4010000
2018-11-07 15:31:35.071000,1.14815,1.14812,3070000,1100000
2018-11-07 15:31:35.980000,1.14815,1.14811,4950000,2700000
2018-11-07 15:31:36.505000,1.14814,1.14812,1100000,1000000
2018-11-07 15:31:36.698000,1.14818,1.14815,2620000,2620000
2018-11-07 15:31:37.231000,1.14817,1.14813,1200000,7580000
2018-11-07 15:31:37.799000,1.14818,1.14815,3070000,4200000
2018-11-07 15:31:38.244000,1.14815,1.14811,1500000,5140000
2018-11-07 15:31:38.774000,1.14816,1.14813,1570000,3640000
2018-11-07 15:31:39.312000,1.14816,1.14813,3000000,3940000
2018-11-07 15:31:39.798000,1.14814,1.14812,1000000,1000000
2018-11-07 15:31:40.317000,1.14816,1.14812,1950000,5810000
2018-11-07 15:31:40.842000,1.14815,1.14812,1000000,1000000
2018-11-07 15:31:41.362000,1.14815,1.14813,1000000,1000000
2018-11-07 15:31:42.320000,1.14818,1.14816,1650000,1000000
2018-11-07 15:31:42.490000,1.14819,1.14816,1870000,5320000
2018-11-07 15:31:42.544000,1.1482,1.14818,1000000,4540000
2018-11-07 15:31:42.651000,1.14821,1.14818,2620000,1200000
2018-11-07 15:31:43.068000,1.14821,1.14817,1570000,1500000
2018-11-07 15:31:43.225000,1.14821,1.14818,1000000,3370000
2018-11-07 15:31:43.753000,1.14821,1.14817,1000000,2700000
2018-11-07 15:31:44.276000,1.14821,1.14819,1000000,3560000
2018-11-07 15:31:44.332000,1.14823,1.1482,1120000,1100000
2018-11-07 15:31:44.836000,1.14823,1.14819,2620000,4760000
2018-11-07 15:31:45.446000,1.14823,1.1482,1870000,1000000
2018-11-07 15:31:45.967000,1.14823,1.14819,1120000,4760000
2018-11-07 15:31:46.468000,1.14823,1.1482,1120000,3000000
2018-11-07 15:31:47.089000,1.14822,1.14819,3750000,3260000
2018-11-07 15:31:47.592000,1.14822,1.14819,1870000,10050000
2018-11-07 15:31:48.161000,1.14824,1.14822,3000000,1000000
2018-11-07 15:31:48.700000,1.14824,1.14822,1000000,1000000
2018-11-07 15:31:51.167000,1.14823,1.14821,1000000,1000000
2018-11-07 15:31:53.242000,1.14825,1.14823,8700000,2440000
2018-11-07 15:31:53.502000,1.14824,1.14821,3370000,3260000
2018-11-07 15:31:54.908000,1.14824,1.1482,7950000,3000000
2018-11-07 15:31:55.982000,1.14824,1.14821,7120000,1000000
2018-11-07 15:31:56.246000,1.14821,1.14819,1000000,1570000
2018-11-07 15:31:56.460000,1.14816,1.14813,2440000,1000000
2018-11-07 15:31:57.009000,1.14816,1.14812,3750000,3640000
2018-11-07 15:31:57.554000,1.14816,1.14813,5250000,1120000
2018-11-07 15:31:57.772000,1.14817,1.14815,1950000,1500000
2018-11-07 15:31:58.279000,1.14817,1.14814,1120000,3820000
2018-11-07 15:31:58.983000,1.14818,1.14815,3000000,1000000
2018-11-07 15:31:59.528000,1.14819,1.14815,7760000,2810000
2018-11-07 15:32:00.529000,1.14818,1.14815,1000000,3070000
2018-11-07 15:32:00.953000,1.1482,1.14817,1690000,1000000
2018-11-07 15:32:01.556000,1.1482,1.14816,1250000,10390000
2018-11-07 15:32:02.423000,1.1482,1.14817,1500000,1500000
2018-11-07 15:32:03.594000,1.14819,1.14817,1000000,1000000
2018-11-07 15:32:04.358000,1.14819,1.14816,1000000,2320000
2018-11-07 15:32:04.880000,1.1482,1.14816,9260000,3190000
2018-11-07 15:32:05.454000,1.14819,1.14817,1000000,1500000
2018-11-07 15:32:05.981000,1.1482,1.14816,3940000,5510000
2018-11-07 15:32:06.297000,1.14818,1.14815,1870000,1000000
2018-11-07 15:32:06.455000,1.14817,1.14813,2250000,9640000
2018-11-07 15:32:07.042000,1.14816,1.14814,1500000,1950000
2018-11-07 15:32:07.575000,1.14817,1.14813,3070000,12260000
2018-11-07 15:32:08.565000,1.14817,1.14813,3000000,10010000
2018-11-07 15:32:09.170000,1.14815,1.14813,2250000,1000000
2018-11-07 15:32:09.225000,1.14814,1.14811,1500000,4200000
2018-11-07 15:32:10.131000,1.14813,1.14811,1570000,3000000
2018-11-07 15:32:10.347000,1.14812,1.14808,1200000,8510000
2018-11-07 15:32:10.905000,1.14812,1.14809,2020000,4870000
2018-11-07 15:32:11.426000,1.14813,1.14809,5400000,2510000
2018-11-07 15:32:12.405000,1.14813,1.1481,3370000,1000000
2018-11-07 15:32:13.043000,1.14815,1.14813,5700000,2250000
2018-11-07 15:32:13.101000,1.14815,1.14812,1000000,1870000
2018-11-07 15:32:13.676000,1.14816,1.14814,1000000,1000000
2018-11-07 15:32:14.198000,1.14817,1.14813,1500000,9260000
2018-11-07 15:32:14.574000,1.1482,1.14817,2320000,1000000
2018-11-07 15:32:14.735000,1.14818,1.14815,1000000,3450000
2018-11-07 15:32:15.104000,1.14819,1.14817,2890000,1500000
2018-11-07 15:32:15.208000,1.14818,1.14815,1000000,2700000
2018-11-07 15:32:15.722000,1.14819,1.14815,6000000,3640000
2018-11-07 15:32:16.285000,1.14819,1.14816,6000000,1000000
2018-11-07 15:32:16.789000,1.14818,1.14815,1000000,1570000
2018-11-07 15:32:17.319000,1.14819,1.14815,2620000,4760000
2018-11-07 15:32:18.549000,1.14819,1.14815,1120000,5140000
2018-11-07 15:32:19.064000,1.14819,1.14816,1120000,1000000
2018-11-07 15:32:19.582000,1.14818,1.14815,1000000,2510000
2018-11-07 15:32:20.159000,1.14818,1.14815,1500000,3640000
2018-11-07 15:32:20.676000,1.14819,1.14815,1870000,4760000
2018-11-07 15:32:21.055000,1.1482,1.14818,3070000,1000000
2018-11-07 15:32:21.375000,1.14818,1.14816,1500000,1500000
2018-11-07 15:32:21.759000,1.14822,1.1482,1450000,1500000
2018-11-07 15:32:21.811000,1.14823,1.14821,2440000,1000000
2018-11-07 15:32:22.669000,1.14823,1.1482,1500000,1690000
2018-11-07 15:32:22.991000,1.14823,1.14822,1000000,1000000
2018-11-07 15:32:23.315000,1.14827,1.14825,2890000,1000000
2018-11-07 15:32:23.423000,1.14826,1.14822,5360000,2440000
2018-11-07 15:32:23.580000,1.14824,1.14822,1000000,1500000
2018-11-07 15:32:24.599000,1.14826,1.14824,1000000,1370000
2018-11-07 15:32:25.719000,1.14827,1.14825,1000000,1500000
2018-11-07 15:32:26.263000,1.14829,1.14826,1500000,1370000
2018-11-07 15:32:26.961000,1.14827,1.14826,1000000,1870000
2018-11-07 15:32:27.612000,1.14829,1.14828,1000000,1690000
2018-11-07 15:32:27.665000,1.14831,1.1483,1950000,1000000
2018-11-07 15:32:28.204000,1.14831,1.14829,1500000,1000000
2018-11-07 15:32:28.314000,1.14833,1.1483,3820000,2250000
2018-11-07 15:32:28.816000,1.14832,1.1483,1000000,2510000
2018-11-07 15:32:29.331000,1.14833,1.1483,1500000,1950000
2018-11-07 15:32:29.855000,1.14833,1.1483,1000000,2320000
2018-11-07 15:32:32.072000,1.14834,1.1483,2250000,1570000
2018-11-07 15:32:33.350000,1.14834,1.1483,14330000,3750000
2018-11-07 15:32:34.077000,1.14834,1.14831,1120000,2250000
2018-11-07 15:32:34.130000,1.14835,1.14833,1570000,1250000
2018-11-07 15:32:37.419000,1.14834,1.14833,4500000,1000000
2018-11-07 15:32:38.919000,1.14835,1.14832,1500000,1870000
2018-11-07 15:32:39.428000,1.14834,1.14832,2250000,1370000
2018-11-07 15:32:39.983000,1.14835,1.14832,2320000,1370000
2018-11-07 15:32:41.977000,1.14834,1.14832,1000000,1370000
2018-11-07 15:32:42.666000,1.14833,1.14832,1000000,1120000
2018-11-07 15:32:42.977000,1.14831,1.1483,2470000,4200000
2018-11-07 15:32:43.140000,1.14826,1.14825,1500000,1100000
2018-11-07 15:32:43.665000,1.14827,1.14824,1870000,3370000
2018-11-07 15:32:44.144000,1.14825,1.14823,1000000,1000000
2018-11-07 15:32:44.669000,1.14823,1.14821,1500000,1100000
2018-11-07 15:32:46.002000,1.14822,1.1482,1000000,3370000
2018-11-07 15:32:46.334000,1.1482,1.14817,1200000,1760000
2018-11-07 15:32:46.807000,1.14817,1.14815,2620000,1950000
2018-11-07 15:32:46.992000,1.14816,1.14814,1250000,2620000
2018-11-07 15:32:47.258000,1.14814,1.14813,1000000,1570000
2018-11-07 15:32:47.417000,1.14816,1.14814,1500000,1120000
2018-11-07 15:32:47.948000,1.14815,1.14813,1500000,1370000
2018-11-07 15:32:48.648000,1.14814,1.14812,1500000,4870000
2018-11-07 15:32:49.174000,1.14814,1.14812,1500000,1500000
2018-11-07 15:32:49.678000,1.14813,1.14811,2250000,1000000
2018-11-07 15:32:50.199000,1.14814,1.14811,3000000,1000000
2018-11-07 15:32:51.794000,1.14815,1.14812,1950000,1200000
2018-11-07 15:32:51.847000,1.14816,1.14815,1200000,1120000
2018-11-07 15:32:51.900000,1.14817,1.14814,1000000,5890000
2018-11-07 15:32:52.122000,1.14819,1.14815,2320000,4910000
2018-11-07 15:32:52.280000,1.14817,1.14815,1000000,2250000
2018-11-07 15:32:53.630000,1.14818,1.14815,1570000,3070000
2018-11-07 15:32:54.049000,1.14819,1.14818,1000000,1870000
2018-11-07 15:32:54.156000,1.14818,1.14816,1000000,1200000
2018-11-07 15:32:54.419000,1.14815,1.14813,3000000,1950000
2018-11-07 15:32:54.575000,1.14814,1.14811,1000000,2250000
2018-11-07 15:32:54.968000,1.14811,1.1481,1000000,1500000
2018-11-07 15:32:55.076000,1.1481,1.14807,1500000,2320000
2018-11-07 15:32:55.604000,1.14809,1.14807,1000000,2700000
2018-11-07 15:32:56.123000,1.14808,1.14806,1500000,1000000
2018-11-07 15:32:57.149000,1.14809,1.14806,2320000,1200000
2018-11-07 15:32:57.804000,1.14809,1.14805,1950000,1690000
2018-11-07 15:32:58.320000,1.14809,1.14805,4870000,2510000
2018-11-07 15:32:58.939000,1.14805,1.14804,1000000,1200000
2018-11-07 15:32:59.046000,1.14804,1.14803,3000000,1000000
2018-11-07 15:32:59.495000,1.14806,1.14803,1120000,2250000
2018-11-07 15:32:59.906000,1.14808,1.14805,1690000,1690000
2018-11-07 15:33:00.482000,1.14807,1.14805,1000000,1000000
2018-11-07 15:33:00.693000,1.14805,1.14802,1500000,1120000
2018-11-07 15:33:00.746000,1.14803,1.14802,1000000,1000000
2018-11-07 15:33:00.954000,1.14805,1.14801,6000000,5320000
2018-11-07 15:33:01.157000,1.14805,1.14804,2620000,1000000
2018-11-07 15:33:01.263000,1.14807,1.14805,1000000,1000000
2018-11-07 15:33:02.346000,1.14808,1.14806,1870000,1760000
2018-11-07 15:33:05.248000,1.14807,1.14806,1000000,1000000
2018-11-07 15:33:05.553000,1.14804,1.14802,1000000,6450000
2018-11-07 15:33:05.719000,1.14803,1.14801,1950000,1500000
2018-11-07 15:33:06.254000,1.14803,1.14801,1000000,1000000
2018-11-07 15:33:06.836000,1.14803,1.148,3750000,1120000
2018-11-07 15:33:07.367000,1.14805,1.14803,3450000,1000000
2018-11-07 15:33:07.528000,1.14804,1.14801,1000000,4200000
2018-11-07 15:33:08.042000,1.14804,1.148,2620000,2890000
2018-11-07 15:33:08.617000,1.14804,1.148,3190000,4010000
2018-11-07 15:33:08.721000,1.14805,1.14803,4200000,1000000
2018-11-07 15:33:09.271000,1.14805,1.14802,1870000,1370000
2018-11-07 15:33:09.778000,1.14804,1.14801,1000000,2890000
2018-11-07 15:33:09.885000,1.14806,1.14803,2060000,1870000
2018-11-07 15:33:11.180000,1.14806,1.14805,1000000,1000000
2018-11-07 15:33:11.338000,1.14806,1.14803,1870000,1200000
2018-11-07 15:33:11.392000,1.14803,1.14801,1000000,3450000
2018-11-07 15:33:11.901000,1.14804,1.14801,1200000,1950000
2018-11-07 15:33:12.542000,1.14804,1.148,2320000,3260000
2018-11-07 15:33:13.080000,1.14804,1.148,1950000,3190000
2018-11-07 15:33:13.760000,1.14803,1.148,1000000,2440000
2018-11-07 15:33:14.348000,1.14802,1.148,1250000,4010000
2018-11-07 15:33:15.230000,1.14803,1.148,1690000,1690000
2018-11-07 15:33:16.822000,1.14802,1.148,1250000,3940000
2018-11-07 15:33:17.344000,1.14803,1.148,1250000,1690000
2018-11-07 15:33:20.035000,1.14802,1.148,1250000,1690000
2018-11-07 15:33:20.621000,1.14803,1.148,3190000,1690000
2018-11-07 15:33:21.635000,1.14802,1.148,1250000,2440000
2018-11-07 15:33:22.252000,1.14803,1.148,3190000,1000000
2018-11-07 15:33:22.671000,1.148,1.14798,1000000,3450000
2018-11-07 15:33:23.196000,1.148,1.14798,2250000,2620000
2018-11-07 15:33:23.717000,1.148,1.14798,2250000,1000000
2018-11-07 15:33:24.356000,1.14799,1.14798,1000000,1500000
2018-11-07 15:33:24.904000,1.148,1.14798,2250000,1100000
2018-11-07 15:33:26.347000,1.14799,1.14798,2250000,1000000
2018-11-07 15:33:26.788000,1.14801,1.14798,3190000,3750000
2018-11-07 15:33:27.331000,1.148,1.14799,1500000,1000000
2018-11-07 15:33:27.832000,1.14802,1.14799,1000000,3000000
2018-11-07 15:33:28.382000,1.14803,1.14799,5620000,1390000
2018-11-07 15:33:28.998000,1.14802,1.148,1250000,1190000
2018-11-07 15:33:29.511000,1.14803,1.148,7310000,2060000
2018-11-07 15:33:30.976000,1.14803,1.14799,6370000,2510000
2018-11-07 15:33:31.495000,1.14803,1.14799,8060000,4420000
2018-11-07 15:33:32.026000,1.14803,1.14799,7120000,3860000
2018-11-07 15:33:33.030000,1.14803,1.14799,4390000,2140000
2018-11-07 15:33:33.583000,1.14803,1.14799,4760000,1870000
2018-11-07 15:33:34.307000,1.14802,1.14799,1250000,2700000
2018-11-07 15:33:34.625000,1.14801,1.14798,1500000,4310000
2018-11-07 15:33:35.128000,1.14802,1.14799,2250000,1690000
2018-11-07 15:33:35.601000,1.148,1.14798,1000000,1000000
2018-11-07 15:33:36.230000,1.14799,1.14798,1000000,1000000
2018-11-07 15:33:36.747000,1.14799,1.14796,2250000,1570000
2018-11-07 15:33:37.249000,1.14798,1.14795,1500000,4120000
2018-11-07 15:33:37.792000,1.14797,1.14795,1000000,1870000
2018-11-07 15:33:38.053000,1.14793,1.14792,4500000,1120000
2018-11-07 15:33:38.582000,1.14794,1.1479,3070000,1870000
2018-11-07 15:33:39.090000,1.14793,1.1479,1950000,5510000
2018-11-07 15:33:39.600000,1.14793,1.1479,2700000,3070000
2018-11-07 15:33:43.534000,1.14792,1.1479,1000000,1010000
2018-11-07 15:33:44.064000,1.14794,1.1479,2140000,1870000
2018-11-07 15:33:44.586000,1.14793,1.1479,1000000,1500000
2018-11-07 15:33:46.077000,1.14793,1.1479,1690000,1690000
2018-11-07 15:33:46.748000,1.14793,1.1479,1950000,1690000
2018-11-07 15:33:47.300000,1.14793,1.1479,1500000,1250000
2018-11-07 15:33:48.741000,1.14792,1.1479,1000000,1000000
2018-11-07 15:33:49.255000,1.14792,1.14789,1000000,1570000
2018-11-07 15:33:49.777000,1.14793,1.14789,3820000,2250000
2018-11-07 15:33:50.468000,1.14789,1.14787,1000000,1950000
2018-11-07 15:33:50.520000,1.14789,1.14786,1000000,1500000
2018-11-07 15:33:50.717000,1.14787,1.14784,1000000,1000000
2018-11-07 15:33:51.110000,1.14785,1.14784,1000000,1000000
2018-11-07 15:33:51.294000,1.14784,1.14781,1000000,4200000
2018-11-07 15:33:51.454000,1.14786,1.14782,3070000,5060000
2018-11-07 15:33:51.561000,1.14787,1.14785,2250000,1250000
2018-11-07 15:33:52.088000,1.14787,1.14784,1500000,1310000
2018-11-07 15:33:52.402000,1.14785,1.14782,1000000,1290000
2018-11-07 15:33:52.851000,1.14783,1.14782,1000000,1000000
2018-11-07 15:33:52.904000,1.14785,1.14782,1250000,2040000
2018-11-07 15:33:52.957000,1.14783,1.14782,1000000,1000000
2018-11-07 15:33:53.477000,1.14784,1.14782,1000000,3450000
2018-11-07 15:33:53.805000,1.14786,1.14785,1000000,1000000
2018-11-07 15:33:54.210000,1.14788,1.14785,1870000,1000000
2018-11-07 15:33:54.749000,1.14788,1.14785,1500000,1290000
2018-11-07 15:33:55.276000,1.14787,1.14785,1000000,1760000
2018-11-07 15:33:56.866000,1.14789,1.14786,5100000,1000000
2018-11-07 15:33:57.022000,1.14787,1.14785,1000000,1000000
2018-11-07 15:33:57.675000,1.14788,1.14785,1500000,1000000
2018-11-07 15:33:58.371000,1.14788,1.14784,1500000,9260000
2018-11-07 15:33:58.910000,1.14787,1.14784,1000000,3640000
2018-11-07 15:33:59.874000,1.14787,1.14784,1870000,3820000
2018-11-07 15:34:00.390000,1.14788,1.14784,3070000,1120000
2018-11-07 15:34:03.040000,1.14787,1.14784,2810000,2810000
2018-11-07 15:34:03.611000,1.14787,1.14784,1120000,1390000
2018-11-07 15:34:04.936000,1.14788,1.14784,3750000,2890000
2018-11-07 15:34:05.483000,1.14788,1.14784,2810000,2140000
2018-11-07 15:34:05.994000,1.14787,1.14784,1000000,2140000
2018-11-07 15:34:06.512000,1.14787,1.14784,1000000,2890000
2018-11-07 15:34:07.746000,1.14788,1.14784,4310000,4950000
2018-11-07 15:34:08.065000,1.14786,1.14785,1000000,1000000
2018-11-07 15:34:08.695000,1.14788,1.14784,2890000,2810000
2018-11-07 15:34:09.930000,1.14788,1.14785,3040000,1000000
2018-11-07 15:34:10.486000,1.14788,1.14784,3860000,3260000
2018-11-07 15:34:11.467000,1.14787,1.14785,1000000,1000000
2018-11-07 15:34:11.985000,1.14788,1.14784,4870000,7950000
2018-11-07 15:34:12.492000,1.14788,1.14784,3190000,6820000
2018-11-07 15:34:13.004000,1.14788,1.14786,2620000,1690000
2018-11-07 15:34:13.656000,1.14788,1.14785,1690000,3640000
2018-11-07 15:34:15.632000,1.14788,1.14785,2440000,1120000
2018-11-07 15:34:16.149000,1.14788,1.14785,3370000,2060000
2018-11-07 15:34:16.746000,1.14788,1.14785,1000000,1010000
2018-11-07 15:34:17.092000,1.1479,1.14787,3070000,1870000
2018-11-07 15:34:17.413000,1.14787,1.14785,1000000,1100000
2018-11-07 15:34:17.929000,1.14788,1.14784,1870000,3450000
2018-11-07 15:34:20.292000,1.14788,1.14785,4120000,2250000
2018-11-07 15:34:20.821000,1.14787,1.14784,1000000,4200000
2018-11-07 15:34:21.332000,1.14788,1.14784,1720000,8320000
2018-11-07 15:34:22.067000,1.14788,1.14785,1120000,1000000
2018-11-07 15:34:22.589000,1.14788,1.14784,4570000,4870000
2018-11-07 15:34:23.098000,1.14787,1.14785,2250000,1000000
2018-11-07 15:34:23.624000,1.14788,1.14784,3070000,5810000
2018-11-07 15:34:24.282000,1.14787,1.14785,1000000,1000000
2018-11-07 15:34:24.952000,1.14788,1.14784,3750000,5700000
2018-11-07 15:34:25.268000,1.14784,1.14781,1000000,1500000
2018-11-07 15:34:25.778000,1.14785,1.14781,5510000,9450000
2018-11-07 15:34:26.354000,1.14785,1.14781,2620000,4570000
2018-11-07 15:34:27.350000,1.14785,1.14781,3820000,3000000
2018-11-07 15:34:27.876000,1.14785,1.14781,4570000,1120000
2018-11-07 15:34:28.222000,1.14786,1.14783,1450000,3000000
2018-11-07 15:34:28.275000,1.14786,1.14783,1200000,3190000
2018-11-07 15:34:28.380000,1.14784,1.14781,1000000,4120000
2018-11-07 15:34:28.953000,1.14784,1.14782,1570000,1000000
2018-11-07 15:34:29.470000,1.14784,1.14781,1100000,4120000
2018-11-07 15:34:29.786000,1.14783,1.14782,1000000,1100000
2018-11-07 15:34:29.895000,1.14783,1.1478,2100000,1000000
2018-11-07 15:34:30.438000,1.14784,1.1478,4420000,1000000
2018-11-07 15:34:31.775000,1.14783,1.1478,1000000,3000000
2018-11-07 15:34:32.307000,1.14784,1.1478,3450000,4500000
2018-11-07 15:34:33.743000,1.14782,1.1478,1000000,3000000
2018-11-07 15:34:34.264000,1.14783,1.1478,1500000,2250000
2018-11-07 15:34:34.887000,1.14784,1.1478,6070000,3750000
2018-11-07 15:34:36.733000,1.14784,1.1478,7800000,1950000
2018-11-07 15:34:37.260000,1.14784,1.1478,7800000,1500000
2018-11-07 15:34:37.788000,1.14783,1.1478,1000000,2250000
2018-11-07 15:34:38.319000,1.14781,1.14779,4350000,4200000
2018-11-07 15:34:38.861000,1.14782,1.1478,1000000,1500000
2018-11-07 15:34:39.472000,1.14782,1.1478,1000000,3000000
2018-11-07 15:34:39.892000,1.14784,1.14781,1500000,2250000
2018-11-07 15:34:40.326000,1.14785,1.14783,4200000,1690000
2018-11-07 15:34:40.886000,1.14785,1.14782,2320000,1870000
2018-11-07 15:34:42.671000,1.14786,1.14784,1950000,1500000
2018-11-07 15:34:42.892000,1.14787,1.14784,1000000,2440000
2018-11-07 15:34:43.498000,1.14787,1.14784,1000000,3750000
2018-11-07 15:34:44.208000,1.14787,1.14785,1500000,1000000
2018-11-07 15:34:44.736000,1.14787,1.14784,3000000,3940000
2018-11-07 15:34:45.623000,1.14787,1.14784,2440000,5700000
2018-11-07 15:34:46.610000,1.14788,1.14786,1690000,1120000
2018-11-07 15:34:46.663000,1.14791,1.1479,1000000,1000000
2018-11-07 15:34:47.186000,1.14792,1.1479,1000000,1500000
2018-11-07 15:34:47.519000,1.14794,1.14792,4390000,1120000
2018-11-07 15:34:47.626000,1.14796,1.14793,1000000,1500000
2018-11-07 15:34:48.127000,1.14796,1.14792,1570000,3560000
2018-11-07 15:34:48.547000,1.14794,1.14791,5700000,1000000
2018-11-07 15:34:48.652000,1.14795,1.14792,3000000,1000000
2018-11-07 15:34:48.763000,1.14796,1.14794,1100000,1000000
2018-11-07 15:34:49.272000,1.14796,1.14795,1000000,1000000
2018-11-07 15:34:49.438000,1.14798,1.14794,2700000,6640000
2018-11-07 15:34:49.951000,1.14798,1.14795,2850000,1950000
2018-11-07 15:34:50.485000,1.14797,1.14795,1000000,3000000
2018-11-07 15:34:53.454000,1.14796,1.14795,1000000,1000000
2018-11-07 15:34:53.508000,1.14796,1.14793,1250000,5060000
2018-11-07 15:34:54.018000,1.14795,1.14793,1100000,1500000
2018-11-07 15:34:55.128000,1.14795,1.14794,1000000,1000000
2018-11-07 15:34:55.180000,1.14795,1.14792,1500000,1950000
2018-11-07 15:34:55.985000,1.14795,1.14793,1100000,1000000
2018-11-07 15:34:56.451000,1.14794,1.1479,6750000,4760000
2018-11-07 15:34:58.377000,1.14793,1.14791,1000000,1690000
2018-11-07 15:34:58.745000,1.14792,1.14789,4720000,2440000
2018-11-07 15:34:58.798000,1.14792,1.1479,1720000,1250000
2018-11-07 15:34:58.985000,1.14794,1.14793,1000000,1000000
2018-11-07 15:34:59.197000,1.14797,1.14794,3300000,3190000
2018-11-07 15:35:00.466000,1.14797,1.14795,1500000,1500000
2018-11-07 15:35:01.167000,1.14795,1.14793,4120000,2320000
2018-11-07 15:35:01.510000,1.14794,1.14791,2320000,1760000
2018-11-07 15:35:02.031000,1.14793,1.14791,1500000,2440000
2018-11-07 15:35:04.331000,1.14793,1.1479,3450000,5060000
2018-11-07 15:35:04.860000,1.14793,1.1479,2700000,2890000
2018-11-07 15:35:07.868000,1.14793,1.1479,3640000,1390000
2018-11-07 15:35:08.960000,1.14794,1.14792,2320000,1000000
2018-11-07 15:35:10.076000,1.14794,1.14791,1500000,3190000
2018-11-07 15:35:11.971000,1.14795,1.14791,4500000,7950000
2018-11-07 15:35:12.286000,1.14794,1.14791,2700000,1000000
2018-11-07 15:35:12.604000,1.1479,1.14789,1000000,1100000
2018-11-07 15:35:12.869000,1.14789,1.14786,1000000,1250000
2018-11-07 15:35:14.091000,1.14788,1.14786,1000000,1250000
2018-11-07 15:35:14.621000,1.14789,1.14785,6820000,2810000
2018-11-07 15:35:15.212000,1.14788,1.14785,1000000,3940000
2018-11-07 15:35:15.757000,1.14789,1.14785,6450000,2440000
2018-11-07 15:35:17.103000,1.14788,1.14785,1000000,4690000
2018-11-07 15:35:20.183000,1.14791,1.14789,1950000,1690000
2018-11-07 15:35:20.533000,1.14792,1.14789,1500000,3560000
2018-11-07 15:35:21.137000,1.14793,1.1479,8550000,1690000
2018-11-07 15:35:21.805000,1.14793,1.14792,3670000,1120000
2018-11-07 15:35:21.858000,1.14796,1.14792,6820000,4870000
2018-11-07 15:35:22.472000,1.14796,1.14792,8700000,1120000
2018-11-07 15:35:23.244000,1.14796,1.14792,7950000,1120000
2018-11-07 15:35:23.798000,1.14796,1.14795,7010000,1000000
2018-11-07 15:35:24.354000,1.14796,1.14794,1000000,5440000
2018-11-07 15:35:24.563000,1.14798,1.14794,1000000,13390000
2018-11-07 15:35:25.067000,1.14799,1.14795,4800000,1690000
2018-11-07 15:35:25.277000,1.14799,1.14797,2250000,1500000
2018-11-07 15:35:25.615000,1.14799,1.14795,6670000,1760000
2018-11-07 15:35:26.153000,1.14797,1.14795,1000000,2510000
2018-11-07 15:35:28.040000,1.14798,1.14795,1000000,1250000
2018-11-07 15:35:28.852000,1.14798,1.14796,1500000,8060000
2018-11-07 15:35:29.733000,1.14799,1.14798,2250000,1000000
2018-11-07 15:35:30.280000,1.14798,1.14797,1120000,1000000
2018-11-07 15:35:30.867000,1.14798,1.14795,2250000,6190000
2018-11-07 15:35:32.187000,1.14798,1.14795,1600000,3940000
2018-11-07 15:35:32.364000,1.14798,1.14795,1350000,4690000
2018-11-07 15:35:34.112000,1.14799,1.14796,3070000,7690000
2018-11-07 15:35:34.338000,1.148,1.14797,1950000,4690000
2018-11-07 15:35:34.652000,1.14802,1.148,1200000,3940000
2018-11-07 15:35:35.909000,1.14802,1.14801,1000000,1250000
2018-11-07 15:35:36.461000,1.14803,1.14801,1000000,3560000
2018-11-07 15:35:36.953000,1.14801,1.148,1500000,4500000
2018-11-07 15:35:37.006000,1.14801,1.14798,1100000,2060000
2018-11-07 15:35:37.510000,1.14803,1.14799,4570000,1690000
2018-11-07 15:35:38.027000,1.14803,1.148,1500000,2440000
2018-11-07 15:35:41.383000,1.14804,1.14801,2250000,3750000
2018-11-07 15:35:41.901000,1.14804,1.148,3260000,3940000
2018-11-07 15:35:42.004000,1.14802,1.148,1000000,3190000
2018-11-07 15:35:42.210000,1.14804,1.148,4570000,3940000
2018-11-07 15:35:42.803000,1.14803,1.14801,1000000,1000000
2018-11-07 15:35:43.309000,1.14803,1.148,1000000,3190000
2018-11-07 15:35:44.294000,1.14803,1.14801,1000000,1000000
2018-11-07 15:35:44.796000,1.14804,1.14801,3820000,1000000
2018-11-07 15:35:45.333000,1.14803,1.148,1500000,2250000
2018-11-07 15:35:46.145000,1.14804,1.148,4570000,2440000
2018-11-07 15:35:46.714000,1.14804,1.148,4200000,10010000
2018-11-07 15:35:47.321000,1.14804,1.14802,1000000,2250000
2018-11-07 15:35:47.384000,1.14807,1.14805,3070000,1690000
2018-11-07 15:35:47.489000,1.14808,1.14805,1000000,4690000
2018-11-07 15:35:48.194000,1.14809,1.14806,2250000,7870000
2018-11-07 15:35:48.438000,1.14811,1.14807,4570000,1250000
2018-11-07 15:35:48.956000,1.1481,1.14806,3820000,2440000
2018-11-07 15:35:49.479000,1.14809,1.14805,5250000,4200000
2018-11-07 15:35:50.113000,1.14809,1.14806,1000000,1500000
2018-11-07 15:35:50.625000,1.14808,1.14806,1100000,1000000
2018-11-07 15:35:51.100000,1.14806,1.14804,2250000,6940000
2018-11-07 15:35:51.206000,1.14805,1.14802,3820000,2250000
2018-11-07 15:35:51.726000,1.14804,1.14801,1100000,2250000
2018-11-07 15:35:52.245000,1.14804,1.14801,3450000,1000000
2018-11-07 15:35:52.789000,1.14804,1.14801,1200000,1000000
2018-11-07 15:35:53.512000,1.14804,1.14801,1200000,1000000
2018-11-07 15:35:54.525000,1.14802,1.14801,1000000,1000000
2018-11-07 15:35:54.820000,1.148,1.14799,1500000,1000000
2018-11-07 15:35:55.211000,1.14798,1.14796,2500000,2440000
2018-11-07 15:35:55.682000,1.14798,1.14795,1500000,2250000
2018-11-07 15:35:56.200000,1.14797,1.14796,1000000,2440000
2018-11-07 15:35:56.709000,1.14798,1.14795,1100000,5440000
2018-11-07 15:35:57.428000,1.14797,1.14796,1500000,1000000
2018-11-07 15:35:57.944000,1.14797,1.14795,1000000,1500000
2018-11-07 15:35:58.982000,1.14796,1.14795,1000000,1000000
2018-11-07 15:36:00.117000,1.14797,1.14795,1000000,1000000
2018-11-07 15:36:00.649000,1.14798,1.14795,1570000,1500000
2018-11-07 15:36:01.200000,1.14797,1.14795,1000000,6000000
2018-11-07 15:36:01.825000,1.14799,1.14798,1500000,1000000
2018-11-07 15:36:01.878000,1.14801,1.14799,3370000,2250000
2018-11-07 15:36:02.413000,1.14799,1.14797,1000000,3000000
2018-11-07 15:36:02.465000,1.14798,1.14796,1000000,1500000
2018-11-07 15:36:02.984000,1.14798,1.14795,1570000,1500000
2018-11-07 15:36:03.530000,1.14797,1.14795,1250000,1690000
2018-11-07 15:36:03.812000,1.14795,1.14793,1000000,1500000
2018-11-07 15:36:04.338000,1.14794,1.14793,1000000,1000000
2018-11-07 15:36:05.821000,1.14795,1.14793,1100000,1000000
2018-11-07 15:36:06.372000,1.14795,1.14792,1000000,1500000
2018-11-07 15:36:06.864000,1.14796,1.14794,3820000,1000000
2018-11-07 15:36:07.388000,1.14796,1.14793,2320000,1000000
2018-11-07 15:36:07.986000,1.14794,1.14793,1000000,1000000
2018-11-07 15:36:08.529000,1.14796,1.14793,15110000,1000000
2018-11-07 15:36:09.122000,1.14795,1.14792,1570000,2810000
2018-11-07 15:36:09.644000,1.14795,1.14791,1950000,8510000
2018-11-07 15:36:10.177000,1.14795,1.14791,2320000,7500000
2018-11-07 15:36:10.648000,1.14796,1.14793,4500000,2060000
2018-11-07 15:36:11.293000,1.14795,1.14793,1000000,1000000
2018-11-07 15:36:11.610000,1.14793,1.1479,1000000,5890000
2018-11-07 15:36:11.956000,1.14795,1.14793,2440000,1000000
2018-11-07 15:36:12.544000,1.14794,1.14793,1500000,1000000
2018-11-07 15:36:12.892000,1.14794,1.14791,3000000,1500000
2018-11-07 15:36:16.136000,1.14792,1.1479,1000000,1000000
2018-11-07 15:36:17.072000,1.14791,1.1479,1000000,1000000
2018-11-07 15:36:17.609000,1.14792,1.1479,1500000,1000000
2018-11-07 15:36:18.125000,1.14793,1.1479,2700000,2250000
2018-11-07 15:36:21.543000,1.14793,1.1479,2510000,1000000
2018-11-07 15:36:22.070000,1.14793,1.14791,2140000,1000000
2018-11-07 15:36:23.600000,1.14795,1.14794,1000000,2250000
2018-11-07 15:36:23.654000,1.14797,1.14794,3940000,3750000
2018-11-07 15:36:24.341000,1.14797,1.14795,1690000,1500000
2018-11-07 15:36:25.026000,1.14797,1.14796,1000000,1500000
2018-11-07 15:36:25.712000,1.14798,1.14796,1500000,2500000
2018-11-07 15:36:26.267000,1.14797,1.14796,1000000,1000000
2018-11-07 15:36:27.033000,1.14798,1.14796,1000000,2810000
2018-11-07 15:36:27.087000,1.148,1.14798,1200000,3000000
2018-11-07 15:36:27.351000,1.14799,1.14795,6820000,3370000
2018-11-07 15:36:27.512000,1.14797,1.14795,1000000,3370000
2018-11-07 15:36:29.273000,1.14798,1.14797,1000000,1000000
2018-11-07 15:36:30.312000,1.14798,1.14796,1000000,1870000
2018-11-07 15:36:31.788000,1.14796,1.14795,1000000,1000000
2018-11-07 15:36:31.842000,1.14796,1.14794,1000000,1500000
2018-11-07 15:36:32.351000,1.14796,1.14795,1000000,1500000
2018-11-07 15:36:32.965000,1.14797,1.14795,1000000,2250000
2018-11-07 15:36:33.486000,1.14796,1.14795,1500000,1870000
2018-11-07 15:36:34.014000,1.14797,1.14795,1870000,2620000
2018-11-07 15:36:35.064000,1.14797,1.14795,4000000,3370000
2018-11-07 15:36:36.067000,1.14798,1.14795,7200000,1500000
2018-11-07 15:36:39.089000,1.14798,1.14795,6820000,2250000
2018-11-07 15:36:39.776000,1.14798,1.14795,6370000,2250000
2018-11-07 15:36:40.196000,1.14799,1.14797,7200000,1000000
2018-11-07 15:36:40.399000,1.148,1.14798,3110000,1500000
2018-11-07 15:36:41.380000,1.14798,1.14797,2470000,1000000
2018-11-07 15:36:41.432000,1.14799,1.14795,7050000,1500000
2018-11-07 15:36:41.976000,1.14798,1.14795,1300000,1500000
2018-11-07 15:36:43.908000,1.14798,1.14796,1720000,1500000
2018-11-07 15:36:44.444000,1.14798,1.14795,1300000,1500000
2018-11-07 15:36:46.945000,1.14798,1.14794,2250000,8320000
2018-11-07 15:36:47.456000,1.14799,1.14795,9670000,1000000
2018-11-07 15:36:48.035000,1.14798,1.14795,1500000,2250000
2018-11-07 15:36:48.856000,1.14799,1.14795,8360000,2250000
2018-11-07 15:36:49.383000,1.14798,1.14795,1690000,2250000
2018-11-07 15:36:52.605000,1.14798,1.14794,1870000,5660000
2018-11-07 15:36:53.131000,1.14798,1.14795,2700000,1200000
2018-11-07 15:36:53.814000,1.14798,1.14794,4310000,10950000
2018-11-07 15:36:54.344000,1.14798,1.14795,3000000,1000000
2018-11-07 15:36:54.876000,1.14798,1.14794,1000000,9260000
2018-11-07 15:36:55.936000,1.14798,1.14795,4010000,1200000
2018-11-07 15:36:56.446000,1.14798,1.14794,2100000,6410000
2018-11-07 15:36:57.404000,1.14797,1.14795,1000000,1000000
2018-11-07 15:36:57.564000,1.14795,1.14794,1500000,1500000
2018-11-07 15:36:57.774000,1.14792,1.1479,1500000,4570000
2018-11-07 15:36:57.934000,1.14795,1.14794,1200000,1000000
2018-11-07 15:36:58.466000,1.14796,1.14793,2250000,3560000
2018-11-07 15:36:59.340000,1.14796,1.14794,1500000,1250000
2018-11-07 15:36:59.872000,1.14797,1.14794,3750000,5510000
2018-11-07 15:37:01.186000,1.14797,1.14795,1000000,1000000
2018-11-07 15:37:01.872000,1.14796,1.14794,1050000,1000000
2018-11-07 15:37:02.468000,1.14797,1.14795,1100000,1250000
2018-11-07 15:37:04.449000,1.14797,1.14796,1500000,1000000
2018-11-07 15:37:05.115000,1.14798,1.14796,1250000,1000000
2018-11-07 15:37:05.606000,1.148,1.14797,4760000,1870000
2018-11-07 15:37:06.126000,1.14799,1.14797,1500000,1120000
2018-11-07 15:37:06.693000,1.14798,1.14796,1500000,3370000
2018-11-07 15:37:07.219000,1.14798,1.14796,1760000,1500000
2018-11-07 15:37:10.836000,1.14798,1.14797,2250000,1000000
2018-11-07 15:37:10.889000,1.148,1.14797,2320000,7120000
2018-11-07 15:37:11.413000,1.148,1.14799,1000000,1000000
2018-11-07 15:37:11.957000,1.14801,1.14798,6220000,4500000
2018-11-07 15:37:12.011000,1.14801,1.14799,2620000,4500000
2018-11-07 15:37:12.814000,1.14801,1.14799,1000000,4570000
2018-11-07 15:37:13.097000,1.14798,1.14797,1000000,3450000
2018-11-07 15:37:13.828000,1.14799,1.14797,4540000,1000000
2018-11-07 15:37:14.347000,1.14799,1.14797,12860000,1000000
2018-11-07 15:37:16.546000,1.14799,1.14796,6790000,3000000
2018-11-07 15:37:17.142000,1.14799,1.14796,6190000,3000000
2018-11-07 15:37:17.660000,1.14798,1.14796,1500000,1500000
2018-11-07 15:37:19.683000,1.14799,1.14796,3040000,1000000
2018-11-07 15:37:19.841000,1.14797,1.14795,1000000,1570000
2018-11-07 15:37:19.947000,1.14799,1.14795,3640000,2440000
2018-11-07 15:37:20.229000,1.14797,1.14795,1000000,3750000
2018-11-07 15:37:20.435000,1.14799,1.14795,6670000,1500000
2018-11-07 15:37:20.590000,1.14797,1.14795,1000000,1000000
2018-11-07 15:37:24.109000,1.14795,1.14793,1000000,4200000
2018-11-07 15:37:24.552000,1.14793,1.14791,1000000,1950000
2018-11-07 15:37:24.866000,1.14793,1.1479,1000000,4950000
2018-11-07 15:37:25.094000,1.14797,1.14795,9750000,2250000
2018-11-07 15:37:25.148000,1.14798,1.14795,1000000,3750000
2018-11-07 15:37:26.690000,1.14799,1.14797,2890000,1000000
2018-11-07 15:37:26.744000,1.14799,1.14796,2440000,2620000
2018-11-07 15:37:27.278000,1.14798,1.14796,1250000,1000000
2018-11-07 15:37:28.060000,1.14797,1.14795,1000000,6450000
2018-11-07 15:37:28.648000,1.14798,1.14795,2290000,2620000
2018-11-07 15:37:29.721000,1.14797,1.14795,1000000,1120000
2018-11-07 15:37:30.090000,1.14794,1.14793,3750000,6450000
2018-11-07 15:37:30.348000,1.14793,1.14791,1690000,1000000
2018-11-07 15:37:30.855000,1.14792,1.1479,1250000,1000000
2018-11-07 15:37:31.519000,1.14793,1.14791,4690000,1000000
2018-11-07 15:37:31.624000,1.14795,1.14794,1500000,1000000
2018-11-07 15:37:32.136000,1.14794,1.14792,2440000,1420000
2018-11-07 15:37:32.241000,1.14794,1.14791,3040000,5250000
2018-11-07 15:37:32.746000,1.14795,1.14794,1500000,1500000
2018-11-07 15:37:32.852000,1.14797,1.14794,3750000,4500000
2018-11-07 15:37:33.496000,1.14796,1.14795,1000000,1000000
2018-11-07 15:37:33.550000,1.14793,1.14792,1500000,2700000
2018-11-07 15:37:34.097000,1.14794,1.14792,1000000,3370000
2018-11-07 15:37:34.445000,1.14795,1.14794,2250000,1500000
2018-11-07 15:37:34.706000,1.14797,1.14794,3370000,3150000
2018-11-07 15:37:35.229000,1.14797,1.14795,3750000,1500000
2018-11-07 15:37:35.835000,1.14797,1.14794,3000000,3070000
2018-11-07 15:37:36.437000,1.14797,1.14795,3000000,1000000
2018-11-07 15:37:36.956000,1.14797,1.14794,1000000,6000000
2018-11-07 15:37:37.010000,1.14799,1.14798,12000000,1000000
2018-11-07 15:37:37.380000,1.14799,1.14796,2890000,2250000
2018-11-07 15:37:38.084000,1.14797,1.14796,3750000,2250000
2018-11-07 15:37:38.322000,1.14797,1.14794,6110000,2250000
2018-11-07 15:37:38.853000,1.14797,1.14795,3000000,1000000
2018-11-07 15:37:39.401000,1.14797,1.14794,1500000,1690000
2018-11-07 15:37:39.915000,1.14798,1.14794,5140000,3750000
2018-11-07 15:37:40.442000,1.14798,1.14795,7760000,1000000
2018-11-07 15:37:40.946000,1.14797,1.14795,1500000,1000000
2018-11-07 15:37:41.514000,1.14796,1.14795,1000000,1000000
2018-11-07 15:37:42.026000,1.14797,1.14795,1500000,1000000
2018-11-07 15:37:42.321000,1.14799,1.14797,11890000,2850000
2018-11-07 15:37:42.374000,1.14799,1.14796,12490000,1000000
2018-11-07 15:37:42.428000,1.14797,1.14795,1000000,1500000
2018-11-07 15:37:43.065000,1.14798,1.14795,2620000,1000000
2018-11-07 15:37:45.174000,1.14798,1.14794,1500000,4950000
2018-11-07 15:37:45.755000,1.14798,1.14795,2250000,1000000
2018-11-07 15:37:46.262000,1.14798,1.14794,1870000,6450000
2018-11-07 15:37:47.184000,1.14798,1.14795,4120000,1000000
2018-11-07 15:37:47.501000,1.14799,1.14797,1690000,1500000
2018-11-07 15:37:47.605000,1.148,1.14798,1000000,1000000
2018-11-07 15:37:48.198000,1.14798,1.14797,1000000,1000000
2018-11-07 15:37:48.623000,1.14798,1.14795,3940000,3070000
2018-11-07 15:37:49.128000,1.14797,1.14795,2250000,1570000
2018-11-07 15:37:49.664000,1.14798,1.14795,3260000,1100000
2018-11-07 15:37:50.423000,1.14798,1.14794,4310000,4950000
2018-11-07 15:37:50.479000,1.14795,1.14794,3000000,1000000
2018-11-07 15:37:50.791000,1.14797,1.14795,2440000,1500000
2018-11-07 15:37:51.587000,1.14796,1.14794,1500000,2250000
2018-11-07 15:37:53.507000,1.14796,1.14793,4870000,3000000
2018-11-07 15:37:53.560000,1.14794,1.14793,1500000,3000000
2018-11-07 15:37:54.069000,1.14794,1.14792,1500000,1000000
2018-11-07 15:37:54.621000,1.14794,1.14793,1000000,1500000
2018-11-07 15:37:55.286000,1.14794,1.14792,6750000,1100000
2018-11-07 15:37:55.621000,1.14796,1.14794,3640000,1000000
2018-11-07 15:37:55.885000,1.14797,1.14793,8320000,3750000
2018-11-07 15:37:56.415000,1.14796,1.14793,1010000,2250000
2018-11-07 15:37:56.944000,1.14796,1.14795,1000000,1000000
2018-11-07 15:37:57.100000,1.14798,1.14795,1760000,3450000
2018-11-07 15:37:57.205000,1.14798,1.14797,1690000,1000000
2018-11-07 15:37:57.312000,1.14797,1.14795,1000000,1570000
2018-11-07 15:37:57.864000,1.14798,1.14795,6560000,2250000
2018-11-07 15:37:58.225000,1.148,1.14799,6450000,1000000
2018-11-07 15:37:58.331000,1.14798,1.14797,1690000,1500000
2018-11-07 15:37:58.911000,1.14798,1.14796,1690000,6940000
2018-11-07 15:37:59.175000,1.148,1.14798,4690000,1500000
2018-11-07 15:37:59.628000,1.14797,1.14795,1350000,1500000
2018-11-07 15:38:01.176000,1.14797,1.14794,3000000,4760000
2018-11-07 15:38:02.298000,1.14797,1.14795,2250000,1000000
2018-11-07 15:38:02.403000,1.14798,1.14797,10500000,1000000
2018-11-07 15:38:02.997000,1.14798,1.14794,11470000,11320000
2018-11-07 15:38:03.049000,1.14796,1.14794,1000000,8700000
2018-11-07 15:38:03.206000,1.14798,1.14795,1120000,1000000
2018-11-07 15:38:03.311000,1.14799,1.14798,1000000,1690000
2018-11-07 15:38:03.619000,1.14797,1.14795,6370000,2250000
2018-11-07 15:38:04.138000,1.14798,1.14795,6970000,2250000
2018-11-07 15:38:04.666000,1.14797,1.14795,2250000,2250000
2018-11-07 15:38:06.247000,1.14798,1.14795,3750000,2250000
2018-11-07 15:38:06.517000,1.14799,1.14797,2320000,2250000
2018-11-07 15:38:06.852000,1.14797,1.14796,1000000,1000000
2018-11-07 15:38:07.374000,1.14798,1.14796,2470000,1000000
2018-11-07 15:38:08.110000,1.14799,1.14796,4720000,1000000
2018-11-07 15:38:08.764000,1.14798,1.14796,1500000,1500000
2018-11-07 15:38:09.267000,1.14799,1.14796,4870000,2250000
2018-11-07 15:38:10.213000,1.14797,1.14796,1000000,1000000
2018-11-07 15:38:10.956000,1.14798,1.14796,1000000,1500000
2018-11-07 15:38:11.457000,1.14799,1.14795,11550000,6370000
2018-11-07 15:38:11.787000,1.14797,1.14795,2250000,4120000
2018-11-07 15:38:12.445000,1.14798,1.14795,1000000,4500000
2018-11-07 15:38:13.126000,1.14797,1.14795,2250000,2250000
2018-11-07 15:38:13.443000,1.14793,1.14792,2250000,1000000
2018-11-07 15:38:13.969000,1.14793,1.14791,2250000,1870000
2018-11-07 15:38:14.498000,1.14794,1.14791,4120000,2620000
2018-11-07 15:38:15.168000,1.14794,1.14792,4950000,1000000
2018-11-07 15:38:15.741000,1.14793,1.14792,6370000,1000000
2018-11-07 15:38:15.956000,1.14788,1.14785,4350000,2700000
2018-11-07 15:38:16.583000,1.14788,1.14786,1000000,1000000
2018-11-07 15:38:17.113000,1.14788,1.14785,4500000,1250000
2018-11-07 15:38:19.414000,1.14789,1.14785,7390000,1250000
2018-11-07 15:38:20.169000,1.14788,1.14785,1000000,2440000
2018-11-07 15:38:20.684000,1.14789,1.14785,7390000,1690000
2018-11-07 15:38:20.737000,1.14788,1.14787,2250000,2250000
2018-11-07 15:38:21.278000,1.14788,1.14786,1870000,1000000
2018-11-07 15:38:21.802000,1.14787,1.14786,1000000,1000000
2018-11-07 15:38:22.342000,1.14788,1.14786,2620000,1000000
2018-11-07 15:38:22.497000,1.14788,1.14784,2620000,6260000
2018-11-07 15:38:23.031000,1.14788,1.14785,1370000,2320000
2018-11-07 15:38:23.464000,1.14789,1.14787,2620000,1000000
2018-11-07 15:38:23.779000,1.14791,1.14789,1120000,1100000
2018-11-07 15:38:24.118000,1.14789,1.14788,1200000,1500000
2018-11-07 15:38:24.171000,1.14791,1.14789,3070000,1000000
2018-11-07 15:38:24.343000,1.14788,1.14785,1200000,2140000
2018-11-07 15:38:24.856000,1.14788,1.14786,1500000,1000000
2018-11-07 15:38:25.370000,1.14788,1.14786,1870000,1000000
2018-11-07 15:38:26.809000,1.14788,1.14786,3750000,1000000
2018-11-07 15:38:27.325000,1.14787,1.14785,1870000,1000000
2018-11-07 15:38:28.150000,1.14785,1.14784,1120000,1250000
2018-11-07 15:38:28.213000,1.14785,1.14782,8810000,1100000
2018-11-07 15:38:28.763000,1.14783,1.14781,1120000,1250000
2018-11-07 15:38:29.314000,1.14784,1.1478,4760000,1190000
2018-11-07 15:38:30.154000,1.14783,1.1478,1000000,3940000
2018-11-07 15:38:30.714000,1.14781,1.1478,1000000,1000000
2018-11-07 15:38:31.232000,1.1478,1.14778,1500000,2700000
2018-11-07 15:38:31.286000,1.14778,1.14776,1000000,5890000
2018-11-07 15:38:31.339000,1.14779,1.14776,1000000,1690000
2018-11-07 15:38:31.549000,1.1478,1.14777,7390000,1190000
2018-11-07 15:38:31.962000,1.14781,1.1478,1500000,1120000
2018-11-07 15:38:32.016000,1.14783,1.1478,2700000,5810000
2018-11-07 15:38:32.068000,1.14784,1.14781,3450000,1000000
2018-11-07 15:38:32.459000,1.14784,1.14783,1200000,1000000
2018-11-07 15:38:32.987000,1.14785,1.14783,1200000,2250000
2018-11-07 15:38:33.091000,1.14785,1.14781,5550000,1000000
2018-11-07 15:38:33.726000,1.14785,1.14781,8170000,1570000
2018-11-07 15:38:35.167000,1.14785,1.14781,6070000,1500000
2018-11-07 15:38:35.685000,1.14784,1.14781,4570000,1000000
2018-11-07 15:38:36.202000,1.14782,1.1478,1000000,3370000
2018-11-07 15:38:36.663000,1.14779,1.14778,1500000,1570000
2018-11-07 15:38:36.724000,1.14778,1.14777,1000000,1000000
2018-11-07 15:38:37.060000,1.14781,1.14778,1100000,2700000
2018-11-07 15:38:37.122000,1.14778,1.14777,1000000,1500000
2018-11-07 15:38:37.227000,1.1478,1.14777,1500000,2620000
2018-11-07 15:38:37.883000,1.14779,1.14776,1000000,3070000
2018-11-07 15:38:38.434000,1.14779,1.14776,3070000,1500000
2018-11-07 15:38:38.995000,1.1478,1.14776,3450000,1000000
2018-11-07 15:38:39.048000,1.14778,1.14776,1000000,1000000
2018-11-07 15:38:39.641000,1.1478,1.14778,1950000,1000000
2018-11-07 15:38:39.746000,1.1478,1.14776,7390000,2440000
2018-11-07 15:38:40.251000,1.1478,1.14777,10610000,1500000
2018-11-07 15:38:40.767000,1.14779,1.14777,1000000,1000000
2018-11-07 15:38:41.084000,1.14777,1.14776,1000000,1500000
2018-11-07 15:38:41.626000,1.14778,1.14776,1500000,1000000
2018-11-07 15:38:42.377000,1.14779,1.14776,3450000,1000000
2018-11-07 15:38:42.705000,1.1478,1.14778,1100000,1500000
2018-11-07 15:38:42.812000,1.14782,1.14779,6820000,1000000
2018-11-07 15:38:43.420000,1.14781,1.14779,1100000,1690000
2018-11-07 15:38:43.653000,1.14779,1.14777,1000000,1000000
2018-11-07 15:38:43.760000,1.14782,1.14779,2850000,1000000
2018-11-07 15:38:44.729000,1.14782,1.1478,7500000,1000000
2018-11-07 15:38:44.916000,1.14781,1.14779,2500000,3000000
2018-11-07 15:38:44.971000,1.14782,1.1478,5250000,1000000
2018-11-07 15:38:45.611000,1.14782,1.14779,4500000,2250000
2018-11-07 15:38:46.781000,1.14781,1.14779,1000000,4500000
2018-11-07 15:38:47.428000,1.1478,1.14779,1000000,1500000
2018-11-07 15:38:47.635000,1.14778,1.14777,1000000,1500000
2018-11-07 15:38:48.167000,1.14778,1.14776,1500000,1500000
2018-11-07 15:38:48.674000,1.14777,1.14774,3000000,3260000
2018-11-07 15:38:49.036000,1.14775,1.14773,1000000,2620000
2018-11-07 15:38:49.585000,1.14775,1.14772,1200000,1000000
2018-11-07 15:38:50.374000,1.14773,1.14772,3750000,5250000
2018-11-07 15:38:50.885000,1.14774,1.14772,1000000,1000000
2018-11-07 15:38:51.327000,1.14778,1.14776,3000000,5870000
2018-11-07 15:38:51.500000,1.14779,1.14777,1000000,8700000
2018-11-07 15:38:51.551000,1.14781,1.14777,5700000,9820000
2018-11-07 15:38:51.654000,1.14779,1.14776,1500000,5510000
2018-11-07 15:38:52.314000,1.1478,1.14776,6820000,1870000
2018-11-07 15:38:52.937000,1.1478,1.14777,1950000,4120000
2018-11-07 15:38:53.428000,1.1478,1.14779,1200000,3940000
2018-11-07 15:38:53.532000,1.14783,1.14781,3070000,1000000
2018-11-07 15:38:53.843000,1.14783,1.14779,11810000,6450000
2018-11-07 15:38:53.930000,1.1478,1.14779,1000000,2320000
2018-11-07 15:38:54.187000,1.14782,1.14779,2250000,3190000
2018-11-07 15:38:54.342000,1.14784,1.14781,3820000,1000000
2018-11-07 15:38:54.689000,1.14785,1.14783,1500000,1500000
2018-11-07 15:38:54.741000,1.14785,1.14781,2250000,6260000
2018-11-07 15:38:54.844000,1.14783,1.1478,1000000,3560000
2018-11-07 15:38:55.114000,1.14785,1.14782,1570000,1000000
2018-11-07 15:38:55.624000,1.14784,1.14782,1500000,1000000
2018-11-07 15:38:56.498000,1.14785,1.14782,3820000,1000000
2018-11-07 15:38:56.686000,1.14783,1.14781,1000000,1100000
2018-11-07 15:38:56.998000,1.14784,1.14783,1000000,1000000
2018-11-07 15:38:57.849000,1.14785,1.14782,7950000,1250000
2018-11-07 15:38:58.196000,1.14787,1.14784,1120000,3940000
2018-11-07 15:38:58.709000,1.14787,1.14785,1870000,1000000
2018-11-07 15:38:59.231000,1.14788,1.14786,1120000,1250000
2018-11-07 15:38:59.736000,1.14788,1.14785,2620000,1870000
2018-11-07 15:39:00.265000,1.14788,1.14785,1120000,2620000
2018-11-07 15:39:00.863000,1.14789,1.14787,1100000,1000000
2018-11-07 15:39:01.021000,1.14788,1.14785,1000000,3370000
2018-11-07 15:39:01.585000,1.1479,1.14789,4500000,1690000
2018-11-07 15:39:01.638000,1.14792,1.14789,1500000,1000000
2018-11-07 15:39:02.163000,1.14792,1.14788,1570000,5810000
2018-11-07 15:39:02.704000,1.14792,1.14789,1500000,1250000
2018-11-07 15:39:03.234000,1.14791,1.14788,1500000,6750000
2018-11-07 15:39:03.286000,1.14792,1.14789,1950000,1190000
2018-11-07 15:39:03.787000,1.14792,1.14789,2250000,2440000
2018-11-07 15:39:04.440000,1.14789,1.14787,1570000,3000000
2018-11-07 15:39:04.546000,1.14788,1.14786,1200000,1000000
2018-11-07 15:39:05.059000,1.14789,1.14785,3070000,5700000
2018-11-07 15:39:05.697000,1.14788,1.14785,1000000,2440000
2018-11-07 15:39:07.049000,1.14788,1.14785,1000000,1500000
2018-11-07 15:39:07.270000,1.14786,1.14784,1120000,5140000
2018-11-07 15:39:07.323000,1.14785,1.14782,1500000,1500000
2018-11-07 15:39:07.692000,1.14784,1.1478,1870000,5890000
2018-11-07 15:39:08.784000,1.14784,1.14781,2700000,1000000
2018-11-07 15:39:09.950000,1.14783,1.14781,1100000,1000000
2018-11-07 15:39:10.758000,1.14782,1.1478,1120000,3940000
2018-11-07 15:39:11.229000,1.14784,1.1478,4570000,1250000
2018-11-07 15:39:12.214000,1.14784,1.14781,2700000,1000000
2018-11-07 15:39:13.408000,1.14784,1.1478,3070000,2440000
2018-11-07 15:39:13.916000,1.14783,1.1478,1000000,3190000
2018-11-07 15:39:14.436000,1.14784,1.1478,3820000,1690000
2018-11-07 15:39:14.597000,1.14781,1.14779,1870000,13160000
2018-11-07 15:39:14.766000,1.14779,1.14777,1200000,1000000
2018-11-07 15:39:14.871000,1.14778,1.14775,1000000,1500000
2018-11-07 15:39:14.976000,1.14779,1.14777,1000000,1000000
2018-11-07 15:39:15.028000,1.14779,1.14775,1000000,2510000
2018-11-07 15:39:15.537000,1.14779,1.14775,1200000,2890000
2018-11-07 15:39:16.895000,1.14779,1.14775,2320000,3640000
2018-11-07 15:39:16.948000,1.1478,1.14779,2320000,1500000
2018-11-07 15:39:17.002000,1.14781,1.14779,1200000,1500000
2018-11-07 15:39:17.057000,1.14779,1.14778,1000000,2250000
2018-11-07 15:39:17.566000,1.1478,1.14776,3820000,3560000
2018-11-07 15:39:18.072000,1.14779,1.14776,1570000,1000000
2018-11-07 15:39:18.580000,1.14779,1.14776,2700000,1000000
2018-11-07 15:39:22.166000,1.14778,1.14777,2250000,1000000
2018-11-07 15:39:22.429000,1.14779,1.14775,6820000,1500000
2018-11-07 15:39:23.103000,1.14778,1.14775,2250000,1690000
2018-11-07 15:39:24.507000,1.14779,1.14775,3820000,1250000
2018-11-07 15:39:25.175000,1.14777,1.14774,1870000,5700000
2018-11-07 15:39:25.288000,1.14775,1.14772,1000000,2060000
2018-11-07 15:39:25.874000,1.14774,1.14771,3820000,1760000
2018-11-07 15:39:27.685000,1.14774,1.1477,1120000,8320000
2018-11-07 15:39:28.951000,1.14774,1.14771,1000000,2810000
2018-11-07 15:39:29.459000,1.14773,1.14771,1000000,1250000
2018-11-07 15:39:29.839000,1.14771,1.14769,1000000,5140000
2018-11-07 15:39:29.908000,1.14769,1.14768,1500000,1100000
2018-11-07 15:39:30.306000,1.14771,1.14768,3000000,5510000
2018-11-07 15:39:31.008000,1.14769,1.14768,2250000,1100000
2018-11-07 15:39:31.061000,1.14769,1.14766,3000000,1620000
2018-11-07 15:39:31.219000,1.14769,1.14765,4010000,6190000
2018-11-07 15:39:31.736000,1.14769,1.14765,4010000,2700000
2018-11-07 15:39:31.788000,1.14769,1.14766,4760000,1690000
2018-11-07 15:39:32.120000,1.14768,1.14765,1000000,1250000
2018-11-07 15:39:32.702000,1.14768,1.14765,1870000,2440000
2018-11-07 15:39:33.435000,1.14768,1.14765,1870000,2810000
2018-11-07 15:39:34.558000,1.14768,1.14765,1000000,1870000
2018-11-07 15:39:34.718000,1.1477,1.14768,1570000,1000000
2018-11-07 15:39:34.968000,1.14768,1.14764,1000000,10760000
2018-11-07 15:39:35.538000,1.14768,1.14765,1000000,3370000
2018-11-07 15:39:35.899000,1.14769,1.14767,1100000,2250000
2018-11-07 15:39:35.954000,1.14771,1.14768,3940000,2250000
2018-11-07 15:39:36.560000,1.14769,1.14766,1000000,2890000
2018-11-07 15:39:36.874000,1.14771,1.14767,2620000,6640000
2018-11-07 15:39:37.427000,1.14771,1.14768,2320000,1000000
2018-11-07 15:39:37.946000,1.1477,1.14767,1000000,4390000
2018-11-07 15:39:38.325000,1.14771,1.14768,1870000,1190000
2018-11-07 15:39:38.991000,1.14771,1.14768,1500000,2250000
2018-11-07 15:39:39.496000,1.1477,1.14768,2250000,1000000
2018-11-07 15:39:40.012000,1.1477,1.14767,3000000,5620000
2018-11-07 15:39:40.666000,1.1477,1.14768,3000000,1000000
2018-11-07 15:39:41.032000,1.14768,1.14766,1000000,2320000
2018-11-07 15:39:41.281000,1.14768,1.14765,1500000,3190000
2018-11-07 15:39:42.110000,1.14769,1.14766,1500000,2060000
2018-11-07 15:39:42.687000,1.14771,1.14768,5320000,1500000
2018-11-07 15:39:44.071000,1.14771,1.14769,1500000,1000000
2018-11-07 15:39:44.631000,1.14771,1.14768,1500000,3190000
2018-11-07 15:39:45.350000,1.14771,1.14769,1500000,1000000
2018-11-07 15:39:45.870000,1.1477,1.14768,1000000,6190000
2018-11-07 15:39:46.388000,1.14771,1.14768,1500000,3190000
2018-11-07 15:39:47.014000,1.14771,1.14768,2250000,3940000
2018-11-07 15:39:49.330000,1.14771,1.14768,3000000,1500000
2018-11-07 15:39:49.435000,1.14769,1.14767,1000000,7010000
2018-11-07 15:39:49.952000,1.14769,1.14767,1500000,1570000
2018-11-07 15:39:50.469000,1.14769,1.14767,1000000,2140000
2018-11-07 15:39:50.884000,1.14771,1.1477,2250000,1310000
2018-11-07 15:39:51.400000,1.14774,1.1477,1000000,13010000
2018-11-07 15:39:51.941000,1.14773,1.1477,1000000,5510000
2018-11-07 15:39:52.461000,1.14773,1.1477,1100000,5140000
2018-11-07 15:39:53.161000,1.14773,1.1477,1000000,4390000
2018-11-07 15:39:54.715000,1.14775,1.14772,1100000,3560000
2018-11-07 15:39:55.030000,1.14773,1.14771,1000000,2250000
2018-11-07 15:39:56.139000,1.14773,1.14771,1000000,1950000
2018-11-07 15:39:56.768000,1.14773,1.14772,1000000,1250000
2018-11-07 15:39:56.822000,1.14775,1.14772,1870000,1190000
2018-11-07 15:39:56.878000,1.14774,1.14771,1500000,5510000
2018-11-07 15:39:58.762000,1.14774,1.14772,1500000,1000000
2018-11-07 15:39:58.871000,1.14776,1.14775,1100000,1500000
2018-11-07 15:39:59.414000,1.14777,1.14775,1000000,4310000
2018-11-07 15:40:00.188000,1.14777,1.14775,1000000,3450000
2018-11-07 15:40:00.855000,1.14778,1.14775,1870000,2620000
2018-11-07 15:40:01.426000,1.14778,1.14776,1000000,1870000
2018-11-07 15:40:01.847000,1.1478,1.14777,4950000,2440000
2018-11-07 15:40:02.062000,1.14779,1.14775,1880000,3260000
2018-11-07 15:40:02.168000,1.14776,1.14774,2500000,1950000
2018-11-07 15:40:02.690000,1.14776,1.14774,1500000,1000000
2018-11-07 15:40:03.239000,1.14776,1.14773,1000000,1000000
2018-11-07 15:40:03.754000,1.14775,1.14773,1000000,2250000
2018-11-07 15:40:04.467000,1.14775,1.14771,1870000,5320000
2018-11-07 15:40:04.982000,1.14774,1.14771,1500000,4120000
2018-11-07 15:40:05.244000,1.14772,1.14771,2250000,1000000
2018-11-07 15:40:05.400000,1.14774,1.1477,4950000,4500000
2018-11-07 15:40:05.951000,1.14774,1.14772,1000000,1250000
2018-11-07 15:40:06.005000,1.14775,1.14772,2250000,3190000
2018-11-07 15:40:06.266000,1.14774,1.14772,1000000,2620000
2018-11-07 15:40:06.771000,1.14773,1.14772,1000000,1250000
2018-11-07 15:40:07.201000,1.14775,1.14773,1500000,4120000
2018-11-07 15:40:07.718000,1.14774,1.14772,1000000,2620000
2018-11-07 15:40:09.158000,1.14773,1.14771,1000000,1500000
2018-11-07 15:40:09.390000,1.14775,1.14771,5700000,8310000
2018-11-07 15:40:09.596000,1.14776,1.14773,5700000,1870000
2018-11-07 15:40:10.137000,1.14775,1.14773,1500000,1120000
2018-11-07 15:40:10.653000,1.14774,1.14773,1000000,1120000
2018-11-07 15:40:11.528000,1.14776,1.14773,3450000,2620000
2018-11-07 15:40:11.635000,1.14774,1.14771,1000000,7760000
2018-11-07 15:40:12.205000,1.14774,1.14771,1000000,3000000
2018-11-07 15:40:12.725000,1.14775,1.14772,1000000,1000000
2018-11-07 15:40:13.263000,1.14775,1.14771,3820000,4500000
2018-11-07 15:40:13.770000,1.14775,1.14772,3820000,2250000
2018-11-07 15:40:14.409000,1.14774,1.14772,1000000,2250000
2018-11-07 15:40:14.960000,1.14775,1.14772,2140000,2510000
2018-11-07 15:40:15.302000,1.14773,1.14772,1000000,1000000
2018-11-07 15:40:15.828000,1.14774,1.14772,1000000,1000000
2018-11-07 15:40:16.094000,1.14776,1.14773,1500000,2250000
2018-11-07 15:40:16.610000,1.14776,1.14773,1690000,3370000
2018-11-07 15:40:17.137000,1.14777,1.14773,5510000,1100000
2018-11-07 15:40:17.844000,1.14776,1.14773,1690000,3000000
2018-11-07 15:40:17.898000,1.14776,1.14771,4690000,18490000
2018-11-07 15:40:18.278000,1.14776,1.14773,1690000,3190000
2018-11-07 15:40:19.120000,1.1478,1.14777,1000000,6190000
2018-11-07 15:40:19.758000,1.14781,1.14778,1500000,1690000
2018-11-07 15:40:20.020000,1.14779,1.14778,1000000,1000000
2018-11-07 15:40:20.178000,1.14779,1.14777,1000000,4120000
2018-11-07 15:40:20.644000,1.14781,1.14777,4010000,10390000
2018-11-07 15:40:20.751000,1.14779,1.14777,1500000,1950000
2018-11-07 15:40:21.481000,1.14779,1.14776,1000000,9370000
2018-11-07 15:40:22.201000,1.14778,1.14776,1000000,8620000
2018-11-07 15:40:22.514000,1.14775,1.14773,1000000,5810000
2018-11-07 15:40:22.566000,1.14777,1.14774,1100000,7120000
2018-11-07 15:40:25.046000,1.14777,1.14775,1000000,3750000
2018-11-07 15:40:25.608000,1.14777,1.14774,1000000,6000000
2018-11-07 15:40:26.782000,1.14777,1.14775,1500000,1000000
2018-11-07 15:40:27.717000,1.14778,1.14775,1950000,1100000
2018-11-07 15:40:28.247000,1.14778,1.14774,2620000,12640000
2018-11-07 15:40:28.780000,1.14778,1.14775,4200000,1000000
2018-11-07 15:40:29.351000,1.14778,1.14774,2700000,9190000
2018-11-07 15:40:29.889000,1.14777,1.14775,1000000,2250000
2018-11-07 15:40:30.220000,1.1478,1.14777,4200000,2440000
2018-11-07 15:40:30.273000,1.14781,1.14779,5320000,1000000
2018-11-07 15:40:30.644000,1.14783,1.14781,1500000,1000000
2018-11-07 15:40:31.325000,1.14784,1.14782,3000000,1500000
2018-11-07 15:40:32.810000,1.14785,1.14783,1000000,3750000
2018-11-07 15:40:32.992000,1.14784,1.14781,1000000,8060000
2018-11-07 15:40:33.346000,1.14786,1.14783,1950000,1000000
2018-11-07 15:40:33.874000,1.14786,1.14784,1500000,1120000
2018-11-07 15:40:33.928000,1.14788,1.14784,3640000,10690000
2018-11-07 15:40:34.089000,1.14789,1.14788,1500000,1000000
2018-11-07 15:40:34.248000,1.14788,1.14786,1000000,1120000
2018-11-07 15:40:35.465000,1.14789,1.14786,2700000,1120000
2018-11-07 15:40:35.518000,1.14787,1.14786,4500000,1000000
2018-11-07 15:40:35.572000,1.14786,1.14784,1120000,3750000
2018-11-07 15:40:35.680000,1.14787,1.14786,2250000,1000000
2018-11-07 15:40:36.231000,1.14788,1.14786,1500000,1870000
2018-11-07 15:40:36.560000,1.14791,1.14789,1500000,1500000
2018-11-07 15:40:37.077000,1.14791,1.1479,1000000,1000000
2018-11-07 15:40:37.398000,1.14788,1.14786,1000000,2250000
2018-11-07 15:40:37.662000,1.1479,1.14788,1200000,2250000
2018-11-07 15:40:37.859000,1.14788,1.14785,1000000,1200000
2018-11-07 15:40:38.438000,1.14788,1.14785,1100000,3450000
2018-11-07 15:40:38.973000,1.14787,1.14785,1000000,3820000
2018-11-07 15:40:39.278000,1.1479,1.14788,1200000,1000000
2018-11-07 15:40:39.383000,1.14791,1.14788,1000000,6940000
2018-11-07 15:40:39.906000,1.14792,1.14789,1690000,1000000
2018-11-07 15:40:40.371000,1.14793,1.14791,1100000,2250000
2018-11-07 15:40:40.975000,1.14794,1.1479,6070000,1500000
2018-11-07 15:40:41.498000,1.14792,1.1479,1500000,1000000
2018-11-07 15:40:42.083000,1.14793,1.14791,5250000,1000000
2018-11-07 15:40:42.625000,1.14792,1.1479,2320000,1690000
2018-11-07 15:40:43.315000,1.14793,1.1479,1100000,2620000
2018-11-07 15:40:43.732000,1.14794,1.14791,1500000,1870000
2018-11-07 15:40:44.099000,1.14792,1.1479,1000000,3820000
2018-11-07 15:40:44.631000,1.14792,1.1479,1000000,1120000
2018-11-07 15:40:46.768000,1.14793,1.1479,2250000,1870000
2018-11-07 15:40:47.381000,1.14794,1.14791,7570000,1500000
2018-11-07 15:40:47.701000,1.14787,1.14785,1000000,1000000
2018-11-07 15:40:48.243000,1.14786,1.14784,1500000,1120000
2018-11-07 15:40:48.784000,1.14786,1.14783,1100000,7010000
2018-11-07 15:40:49.098000,1.14786,1.14784,1000000,1690000
2018-11-07 15:40:49.280000,1.14786,1.14783,1000000,6560000
2018-11-07 15:40:49.443000,1.14788,1.14784,4200000,4870000
2018-11-07 15:40:49.755000,1.14786,1.14783,1000000,5140000
2018-11-07 15:40:50.286000,1.14785,1.14784,1000000,2250000
2018-11-07 15:40:51.064000,1.14787,1.14784,3820000,2250000
2018-11-07 15:40:51.753000,1.14787,1.14783,2320000,7310000
2018-11-07 15:40:52.761000,1.14787,1.14784,3070000,1500000
2018-11-07 15:40:53.290000,1.14787,1.14783,2010000,8810000
2018-11-07 15:40:53.342000,1.14785,1.14784,1000000,1690000
2018-11-07 15:40:53.491000,1.14784,1.14782,1570000,1000000
2018-11-07 15:40:53.805000,1.14782,1.14781,1000000,1000000
2018-11-07 15:40:54.497000,1.14782,1.1478,1000000,5620000
2018-11-07 15:40:54.823000,1.14784,1.14781,1000000,1500000
2018-11-07 15:40:56.121000,1.14784,1.1478,7200000,1870000
2018-11-07 15:40:56.535000,1.1478,1.14778,1500000,4200000
2018-11-07 15:40:56.641000,1.14778,1.14775,1000000,3260000
2018-11-07 15:40:57.288000,1.14775,1.14773,2250000,4950000
2018-11-07 15:40:57.595000,1.14778,1.14775,1500000,3000000
