time,ask,bid,ask_volume,bid_volume
2020-01-23 12:40:00.067000,1.10908,1.10906,2250000,3000000
2020-01-23 12:40:00.471000,1.10909,1.10906,3750000,2440000
2020-01-23 12:40:01.791000,1.10909,1.10907,750000,190000
2020-01-23 12:40:03.275000,1.10909,1.10906,3750000,3820000
2020-01-23 12:40:03.377000,1.10907,1.10905,750000,4500000
2020-01-23 12:40:03.529000,1.10907,1.10906,750000,750000
2020-01-23 12:40:03.630000,1.10907,1.10905,1500000,1500000
2020-01-23 12:40:08.446000,1.10906,1.10905,750000,750000
2020-01-23 12:40:15.406000,1.10906,1.10904,3000000,190000
2020-01-23 12:40:39.101000,1.10907,1.10904,6070000,2810000
2020-01-23 12:40:40.334000,1.10906,1.10904,750000,1500000
2020-01-23 12:40:40.386000,1.10908,1.10907,100000,1500000
2020-01-23 12:40:40.489000,1.10908,1.10907,1500000,1500000
2020-01-23 12:40:40.591000,1.10909,1.10907,2250000,1500000
2020-01-23 12:40:41.217000,1.10908,1.10907,750000,1500000
2020-01-23 12:40:41.399000,1.10909,1.10907,3750000,1500000
2020-01-23 12:40:43.885000,1.10908,1.10907,750000,1500000
2020-01-23 12:40:45.815000,1.10909,1.10907,3750000,750000
2020-01-23 12:40:46.299000,1.10908,1.10907,750000,1500000
2020-01-23 12:40:46.400000,1.10909,1.10907,2250000,1500000
2020-01-23 12:40:48.051000,1.10908,1.10907,750000,2250000
2020-01-23 12:40:48.500000,1.10909,1.10908,1500000,1500000
2020-01-23 12:40:49.654000,1.10907,1.10906,370000,1500000
2020-01-23 12:40:50.495000,1.10908,1.10906,1870000,1310000
2020-01-23 12:40:50.692000,1.10909,1.10908,820000,1500000
2020-01-23 12:40:50.794000,1.1091,1.10908,750000,2440000
2020-01-23 12:40:50.896000,1.10911,1.10908,4950000,2440000
2020-01-23 12:40:51.820000,1.1091,1.10908,1500000,1500000
2020-01-23 12:40:56.627000,1.10909,1.10908,560000,750000
2020-01-23 12:40:59.638000,1.1091,1.10908,1950000,750000
2020-01-23 12:41:00.294000,1.1091,1.10907,2320000,3190000
2020-01-23 12:41:00.738000,1.1091,1.10908,1570000,190000
2020-01-23 12:41:01.590000,1.1091,1.10907,1570000,3370000
2020-01-23 12:41:01.738000,1.1091,1.10908,1570000,940000
2020-01-23 12:41:02.189000,1.10909,1.10907,750000,3370000
2020-01-23 12:41:02.436000,1.10909,1.10908,750000,190000
2020-01-23 12:41:02.826000,1.10909,1.10907,750000,4120000
2020-01-23 12:41:03.692000,1.10909,1.10908,750000,1690000
2020-01-23 12:41:03.793000,1.1091,1.10908,100000,1690000
2020-01-23 12:41:06.046000,1.1091,1.10909,100000,750000
2020-01-23 12:41:07.189000,1.1091,1.10908,100000,1690000
2020-01-23 12:41:08.131000,1.10909,1.10908,100000,1690000
2020-01-23 12:41:08.295000,1.1091,1.10909,820000,750000
2020-01-23 12:41:08.527000,1.10909,1.10908,100000,1690000
2020-01-23 12:41:09.784000,1.10909,1.10907,100000,3940000
2020-01-23 12:41:10.364000,1.10909,1.10908,100000,750000
2020-01-23 12:41:10.537000,1.10909,1.10907,100000,3940000
2020-01-23 12:41:10.969000,1.10911,1.10907,4950000,3940000
2020-01-23 12:41:11.070000,1.1091,1.10907,1500000,3940000
2020-01-23 12:41:14.038000,1.10907,1.10906,820000,560000
2020-01-23 12:41:14.139000,1.10907,1.10905,4200000,2250000
2020-01-23 12:41:15.377000,1.10906,1.10905,750000,2250000
2020-01-23 12:41:30.073000,1.10908,1.10906,2620000,560000
2020-01-23 12:41:30.226000,1.10909,1.10906,3820000,4310000
2020-01-23 12:41:30.329000,1.10908,1.10906,750000,3560000
2020-01-23 12:41:32.174000,1.10909,1.10906,820000,3750000
2020-01-23 12:41:32.276000,1.10908,1.10906,2250000,3190000
2020-01-23 12:41:32.657000,1.10908,1.10907,3750000,750000
2020-01-23 12:41:32.759000,1.10908,1.10906,3000000,1500000
2020-01-23 12:41:36.116000,1.10906,1.10905,750000,1500000
2020-01-23 12:41:36.217000,1.10906,1.10904,3000000,940000
2020-01-23 12:41:36.319000,1.10905,1.10903,750000,1690000
2020-01-23 12:41:40.813000,1.10905,1.10904,750000,750000
2020-01-23 12:41:40.917000,1.10906,1.10904,1500000,750000
2020-01-23 12:41:42.698000,1.10906,1.10903,3000000,3560000
2020-01-23 12:41:42.799000,1.10906,1.10904,2250000,750000
2020-01-23 12:41:55.244000,1.10906,1.10905,750000,190000
2020-01-23 12:41:56.221000,1.10906,1.10904,940000,3190000
2020-01-23 12:41:59.389000,1.10906,1.10905,2440000,750000
2020-01-23 12:42:12.712000,1.10907,1.10906,2440000,750000
2020-01-23 12:42:12.814000,1.10908,1.10907,2060000,1500000
2020-01-23 12:42:12.917000,1.10909,1.10907,1500000,1500000
2020-01-23 12:42:13.018000,1.10908,1.10907,1310000,1690000
2020-01-23 12:42:13.792000,1.1091,1.10907,4760000,1690000
2020-01-23 12:42:17.516000,1.1091,1.10908,1500000,750000
2020-01-23 12:42:25.165000,1.10912,1.10911,750000,750000
2020-01-23 12:42:25.216000,1.10913,1.10912,560000,2250000
2020-01-23 12:42:25.329000,1.10913,1.10911,560000,4690000
2020-01-23 12:42:25.380000,1.10914,1.10913,750000,6750000
2020-01-23 12:42:28.690000,1.10915,1.10913,750000,6750000
2020-01-23 12:42:41.889000,1.10915,1.10913,1500000,2250000
2020-01-23 12:42:45.217000,1.10914,1.10913,750000,750000
2020-01-23 12:42:46.395000,1.10915,1.10913,3000000,750000
2020-01-23 12:42:47.028000,1.10915,1.10912,3000000,1500000
2020-01-23 12:42:47.129000,1.10914,1.10912,2250000,750000
2020-01-23 12:42:52.073000,1.10913,1.10912,750000,1500000
2020-01-23 12:42:52.174000,1.10914,1.10912,3750000,1500000
2020-01-23 12:42:53.610000,1.10914,1.10913,1500000,750000
2020-01-23 12:42:53.711000,1.10915,1.10914,750000,750000
2020-01-23 12:42:53.863000,1.10915,1.10913,750000,1760000
2020-01-23 12:42:57.145000,1.10914,1.10913,750000,1760000
2020-01-23 12:42:58.213000,1.10914,1.10912,750000,1570000
2020-01-23 12:42:59.703000,1.10913,1.10912,750000,1500000
2020-01-23 12:43:00.115000,1.10913,1.10911,750000,4690000
2020-01-23 12:43:02.288000,1.10914,1.10911,4500000,750000
2020-01-23 12:43:02.542000,1.10913,1.10911,750000,750000
2020-01-23 12:43:02.643000,1.10914,1.10911,5510000,940000
2020-01-23 12:43:02.862000,1.10913,1.10911,750000,1010000
2020-01-23 12:43:04.300000,1.10914,1.10911,6260000,1010000
2020-01-23 12:43:05.005000,1.10913,1.10911,750000,1010000
2020-01-23 12:43:08.248000,1.10914,1.10911,4760000,1010000
2020-01-23 12:43:11.484000,1.10915,1.10913,3000000,260000
2020-01-23 12:43:11.586000,1.10916,1.10914,3000000,750000
2020-01-23 12:43:11.688000,1.10916,1.10913,750000,2810000
2020-01-23 12:43:12.418000,1.10916,1.10914,750000,750000
2020-01-23 12:43:12.789000,1.10917,1.10914,6190000,750000
2020-01-23 12:43:16.103000,1.10915,1.10914,750000,1500000
2020-01-23 12:43:16.181000,1.10917,1.10914,4690000,1500000
2020-01-23 12:43:16.332000,1.10916,1.10914,750000,1500000
2020-01-23 12:43:19.035000,1.10917,1.10914,3940000,1500000
2020-01-23 12:43:19.649000,1.10916,1.10914,1310000,1570000
2020-01-23 12:43:19.790000,1.10915,1.10913,1310000,100000
2020-01-23 12:43:19.891000,1.10915,1.10912,3450000,1570000
2020-01-23 12:43:20.198000,1.10916,1.10913,9370000,560000
2020-01-23 12:43:20.299000,1.10915,1.10913,2250000,560000
2020-01-23 12:43:20.416000,1.10915,1.10912,2250000,2440000
2020-01-23 12:43:20.539000,1.10916,1.10912,7310000,750000
2020-01-23 12:43:21.324000,1.10916,1.10913,7870000,560000
2020-01-23 12:43:21.757000,1.10916,1.10912,6560000,1500000
2020-01-23 12:43:22.210000,1.10916,1.10913,6560000,190000
2020-01-23 12:43:22.336000,1.10914,1.10913,750000,190000
2020-01-23 12:43:23.171000,1.10915,1.10913,1500000,190000
2020-01-23 12:43:26.123000,1.10914,1.10912,2250000,1500000
2020-01-23 12:43:26.225000,1.10912,1.10911,1500000,750000
2020-01-23 12:43:26.294000,1.10912,1.10909,1500000,1390000
2020-01-23 12:43:26.727000,1.10911,1.10909,750000,1570000
2020-01-23 12:43:27.148000,1.10911,1.1091,750000,190000
2020-01-23 12:43:27.548000,1.10911,1.10909,1500000,750000
2020-01-23 12:43:27.650000,1.1091,1.10909,750000,750000
2020-01-23 12:43:38.299000,1.10911,1.10909,1500000,750000
2020-01-23 12:43:40.010000,1.10912,1.1091,3150000,100000
2020-01-23 12:43:45.065000,1.10911,1.1091,1500000,100000
2020-01-23 12:43:45.167000,1.10911,1.1091,1570000,820000
2020-01-23 12:43:45.268000,1.10911,1.10909,100000,2440000
2020-01-23 12:43:45.420000,1.10912,1.10909,2770000,2440000
2020-01-23 12:43:45.837000,1.10911,1.1091,750000,750000
2020-01-23 12:43:48.858000,1.10911,1.10909,100000,1950000
2020-01-23 12:43:50.524000,1.10913,1.10909,3340000,2890000
2020-01-23 12:43:50.669000,1.10913,1.1091,1570000,260000
2020-01-23 12:43:50.771000,1.10912,1.1091,1500000,560000
2020-01-23 12:43:50.872000,1.10913,1.1091,4650000,190000
2020-01-23 12:43:50.974000,1.10912,1.1091,1390000,940000
2020-01-23 12:43:58.709000,1.10911,1.1091,100000,1500000
2020-01-23 12:44:00.066000,1.10912,1.1091,3000000,2250000
2020-01-23 12:44:00.218000,1.10912,1.10911,750000,190000
2020-01-23 12:44:02.204000,1.10913,1.10911,1010000,190000
2020-01-23 12:44:02.608000,1.10914,1.10911,2250000,190000
2020-01-23 12:44:02.760000,1.10913,1.10911,100000,190000
2020-01-23 12:44:02.862000,1.10914,1.10911,2250000,190000
2020-01-23 12:44:03.067000,1.10913,1.10911,1500000,190000
2020-01-23 12:44:03.420000,1.10912,1.1091,370000,1710000
2020-01-23 12:44:03.522000,1.10911,1.10909,750000,750000
2020-01-23 12:44:03.724000,1.10911,1.10908,3070000,750000
2020-01-23 12:44:03.826000,1.10909,1.10907,750000,940000
2020-01-23 12:44:03.927000,1.1091,1.10906,2400000,3940000
2020-01-23 12:44:04.065000,1.1091,1.10907,2770000,750000
2020-01-23 12:44:04.729000,1.10909,1.10907,560000,750000
2020-01-23 12:44:04.831000,1.10909,1.10906,560000,2620000
2020-01-23 12:44:05.228000,1.1091,1.10906,1650000,2440000
2020-01-23 12:44:06.807000,1.10911,1.10909,4460000,750000
2020-01-23 12:44:06.909000,1.10911,1.10908,560000,4990000
2020-01-23 12:44:07.010000,1.10911,1.10909,1010000,1420000
2020-01-23 12:44:07.061000,1.1091,1.10907,750000,1690000
2020-01-23 12:44:07.330000,1.1091,1.10908,1200000,190000
2020-01-23 12:44:08.016000,1.1091,1.10907,1760000,1500000
2020-01-23 12:44:08.117000,1.10909,1.10907,100000,820000
2020-01-23 12:44:12.108000,1.1091,1.10906,900000,1760000
2020-01-23 12:44:13.122000,1.10909,1.10906,370000,1760000
2020-01-23 12:44:14.191000,1.1091,1.10906,2020000,1010000
2020-01-23 12:44:16.344000,1.1091,1.10907,1950000,1500000
2020-01-23 12:44:16.452000,1.1091,1.10906,1460000,1950000
2020-01-23 12:44:16.806000,1.1091,1.10907,820000,750000
2020-01-23 12:44:17.101000,1.1091,1.10908,820000,190000
2020-01-23 12:44:17.254000,1.10911,1.1091,1010000,100000
2020-01-23 12:44:17.357000,1.10913,1.1091,190000,940000
2020-01-23 12:44:17.481000,1.10914,1.10911,560000,1570000
2020-01-23 12:44:17.532000,1.10916,1.10911,3820000,1570000
2020-01-23 12:44:17.583000,1.10913,1.1091,750000,2440000
2020-01-23 12:44:17.685000,1.10914,1.10911,100000,750000
2020-01-23 12:44:17.786000,1.10915,1.10911,750000,750000
2020-01-23 12:44:17.888000,1.10916,1.10911,2140000,1690000
2020-01-23 12:44:17.989000,1.10915,1.10911,1200000,1690000
2020-01-23 12:44:18.952000,1.10915,1.10912,1200000,750000
2020-01-23 12:44:19.053000,1.10916,1.10912,820000,750000
2020-01-23 12:44:20.053000,1.10915,1.10912,100000,1500000
2020-01-23 12:44:20.434000,1.10916,1.10912,1500000,2250000
2020-01-23 12:44:23.251000,1.10916,1.10911,1870000,940000
2020-01-23 12:44:23.352000,1.10915,1.10911,750000,190000
2020-01-23 12:44:24.613000,1.10917,1.10913,1950000,2060000
2020-01-23 12:44:24.724000,1.10917,1.10914,750000,190000
2020-01-23 12:44:24.826000,1.10916,1.10914,750000,190000
2020-01-23 12:44:24.978000,1.10917,1.10914,750000,190000
2020-01-23 12:44:25.404000,1.10917,1.10913,1010000,190000
2020-01-23 12:44:28.019000,1.10916,1.10913,750000,190000
2020-01-23 12:44:28.120000,1.10917,1.10913,1690000,190000
2020-01-23 12:44:32.207000,1.10917,1.10912,750000,1120000
2020-01-23 12:44:32.840000,1.10916,1.10911,750000,1120000
2020-01-23 12:44:32.942000,1.10915,1.1091,750000,3370000
2020-01-23 12:44:33.246000,1.10915,1.1091,1760000,2430000
2020-01-23 12:44:33.347000,1.10915,1.1091,750000,2440000
2020-01-23 12:44:33.448000,1.10915,1.1091,1310000,750000
2020-01-23 12:44:36.103000,1.10915,1.1091,750000,2430000
2020-01-23 12:44:36.205000,1.10915,1.1091,750000,2140000
2020-01-23 12:44:36.316000,1.10916,1.10911,1690000,750000
2020-01-23 12:44:36.847000,1.10918,1.10914,820000,750000
2020-01-23 12:44:37.001000,1.10916,1.10912,750000,2250000
2020-01-23 12:44:37.103000,1.10917,1.10912,750000,750000
2020-01-23 12:44:37.205000,1.10917,1.10911,750000,1120000
2020-01-23 12:44:38.355000,1.10916,1.10911,750000,1120000
2020-01-23 12:44:40.077000,1.10915,1.10911,370000,750000
2020-01-23 12:44:40.229000,1.10916,1.10911,750000,1120000
2020-01-23 12:44:43.960000,1.10915,1.10911,370000,750000
2020-01-23 12:44:44.063000,1.10916,1.10911,1120000,750000
2020-01-23 12:44:45.218000,1.10918,1.10913,100000,3190000
2020-01-23 12:44:45.319000,1.10919,1.10914,750000,370000
2020-01-23 12:44:45.471000,1.10918,1.10914,560000,370000
2020-01-23 12:44:45.572000,1.10919,1.10914,750000,750000
2020-01-23 12:44:45.932000,1.10916,1.10913,750000,2620000
2020-01-23 12:44:46.073000,1.10916,1.10912,1230000,750000
2020-01-23 12:44:46.124000,1.10916,1.1091,750000,750000
2020-01-23 12:44:50.115000,1.10915,1.10911,750000,750000
2020-01-23 12:44:50.375000,1.10917,1.10909,1310000,1050000
2020-01-23 12:44:51.146000,1.10917,1.10908,2060000,300000
2020-01-23 12:44:51.247000,1.10914,1.10909,750000,300000
2020-01-23 12:44:51.730000,1.10916,1.10908,750000,1990000
2020-01-23 12:44:51.831000,1.10916,1.10908,750000,1990000
2020-01-23 12:44:53.771000,1.10915,1.10908,1310000,490000
2020-01-23 12:44:53.973000,1.10916,1.10905,2060000,1500000
2020-01-23 12:44:55.027000,1.10916,1.10905,2060000,750000
2020-01-23 12:44:55.078000,1.10916,1.10908,2060000,190000
2020-01-23 12:44:55.328000,1.10916,1.10909,750000,190000
2020-01-23 12:44:55.429000,1.10916,1.10908,750000,560000
2020-01-23 12:44:55.598000,1.10916,1.10908,810000,2440000
2020-01-23 12:44:55.700000,1.10917,1.10912,750000,750000
2020-01-23 12:44:55.801000,1.10917,1.10908,750000,490000
2020-01-23 12:44:55.965000,1.10917,1.10907,750000,750000
2020-01-23 12:44:56.276000,1.10916,1.10906,750000,150000
2020-01-23 12:44:56.327000,1.10916,1.10909,750000,190000
2020-01-23 12:44:56.529000,1.10916,1.10908,750000,490000
2020-01-23 12:44:56.745000,1.10916,1.10909,750000,190000
2020-01-23 12:44:57.510000,1.10916,1.10904,750000,1500000
2020-01-23 12:44:59.138000,1.10916,1.10905,750000,1500000
2020-01-23 12:44:59.239000,1.10918,1.10908,750000,190000
2020-01-23 12:44:59.367000,1.10919,1.10908,1500000,1690000
2020-01-23 12:44:59.560000,1.1092,1.10908,5800000,1690000
2020-01-23 12:44:59.778000,1.10916,1.10908,750000,940000
2020-01-23 12:45:00.139000,1.10918,1.10908,750000,750000
2020-01-23 12:45:01.098000,1.10918,1.10908,1500000,1500000
2020-01-23 12:45:01.317000,1.10916,1.10908,750000,2250000
2020-01-23 12:45:02.816000,1.10918,1.10908,750000,3000000
2020-01-23 12:45:02.872000,1.10916,1.10908,750000,3000000
2020-01-23 12:45:05.091000,1.10916,1.10908,750000,3000000
2020-01-23 12:45:07.332000,1.10914,1.10908,750000,1500000
2020-01-23 12:45:07.383000,1.10913,1.10906,190000,1420000
2020-01-23 12:45:07.484000,1.10913,1.10905,190000,190000
2020-01-23 12:45:07.585000,1.10912,1.10904,190000,750000
2020-01-23 12:45:07.797000,1.10912,1.10906,190000,940000
2020-01-23 12:45:07.999000,1.10915,1.10907,190000,190000
2020-01-23 12:45:10.306000,1.10915,1.10908,190000,100000
2020-01-23 12:45:10.407000,1.10916,1.10908,260000,260000
2020-01-23 12:45:11.094000,1.10916,1.10908,190000,100000
2020-01-23 12:45:12.093000,1.10916,1.1091,190000,100000
2020-01-23 12:45:12.195000,1.10915,1.1091,750000,100000
2020-01-23 12:45:14.918000,1.10915,1.10909,1690000,750000
2020-01-23 12:45:15.070000,1.10913,1.10908,190000,750000
2020-01-23 12:45:15.172000,1.1091,1.10905,1310000,940000
2020-01-23 12:45:15.314000,1.1091,1.10904,1500000,3070000
2020-01-23 12:45:15.415000,1.1091,1.10905,750000,820000
2020-01-23 12:45:15.568000,1.1091,1.10905,1500000,2510000
2020-01-23 12:45:15.670000,1.10909,1.10906,190000,750000
2020-01-23 12:45:15.721000,1.1091,1.10905,960000,820000
2020-01-23 12:45:15.860000,1.1091,1.10906,940000,100000
2020-01-23 12:45:16.157000,1.1091,1.10905,940000,820000
2020-01-23 12:45:16.616000,1.10911,1.10906,2250000,750000
2020-01-23 12:45:16.866000,1.10911,1.10906,2250000,1500000
2020-01-23 12:45:17.597000,1.10911,1.10906,2250000,370000
2020-01-23 12:45:18.133000,1.1091,1.10906,750000,1120000
2020-01-23 12:45:18.234000,1.10911,1.10906,2250000,2810000
2020-01-23 12:45:18.336000,1.10911,1.10907,3000000,750000
2020-01-23 12:45:18.582000,1.1091,1.10907,750000,750000
2020-01-23 12:45:18.683000,1.10911,1.10908,750000,370000
2020-01-23 12:45:18.939000,1.10913,1.10908,2440000,1200000
2020-01-23 12:45:20.658000,1.1091,1.10907,190000,820000
2020-01-23 12:45:20.797000,1.10912,1.10909,1690000,370000
2020-01-23 12:45:21.317000,1.10911,1.10909,750000,370000
2020-01-23 12:45:21.511000,1.10912,1.10909,1690000,370000
2020-01-23 12:45:22.373000,1.10912,1.1091,1010000,370000
2020-01-23 12:45:23.507000,1.10912,1.10908,1010000,260000
2020-01-23 12:45:24.489000,1.10913,1.1091,100000,370000
2020-01-23 12:45:24.642000,1.10914,1.1091,2890000,750000
2020-01-23 12:45:24.959000,1.10913,1.1091,750000,750000
2020-01-23 12:45:25.098000,1.10914,1.1091,1390000,1500000
2020-01-23 12:45:25.980000,1.10914,1.10911,750000,3560000
2020-01-23 12:45:26.143000,1.10915,1.10911,1760000,1500000
2020-01-23 12:45:26.774000,1.10915,1.1091,1850000,3190000
2020-01-23 12:45:26.926000,1.10914,1.1091,100000,1870000
2020-01-23 12:45:27.126000,1.10914,1.10911,820000,750000
2020-01-23 12:45:27.580000,1.10914,1.1091,1310000,2440000
2020-01-23 12:45:27.790000,1.10914,1.10911,2060000,750000
2020-01-23 12:45:28.317000,1.10914,1.1091,750000,1500000
2020-01-23 12:45:28.908000,1.10914,1.10911,1500000,750000
2020-01-23 12:45:30.509000,1.10914,1.1091,750000,1500000
2020-01-23 12:45:31.648000,1.10914,1.10911,750000,750000
2020-01-23 12:45:31.929000,1.10913,1.10911,750000,1500000
2020-01-23 12:45:34.738000,1.10914,1.10911,2250000,750000
2020-01-23 12:45:40.917000,1.10913,1.10911,750000,750000
2020-01-23 12:45:41.081000,1.10915,1.10914,1870000,370000
2020-01-23 12:45:41.132000,1.10917,1.10914,2060000,1870000
2020-01-23 12:45:41.183000,1.10917,1.10916,750000,750000
2020-01-23 12:45:41.276000,1.10918,1.10914,1200000,4310000
2020-01-23 12:45:41.378000,1.10917,1.10914,750000,750000
2020-01-23 12:45:41.479000,1.10917,1.10913,750000,820000
2020-01-23 12:45:43.164000,1.10919,1.10914,4760000,1570000
2020-01-23 12:45:43.288000,1.10918,1.10913,2210000,1570000
2020-01-23 12:45:44.588000,1.10917,1.10913,750000,750000
2020-01-23 12:45:45.918000,1.10918,1.10915,750000,750000
2020-01-23 12:45:46.020000,1.10919,1.10914,5250000,3260000
2020-01-23 12:45:46.409000,1.10918,1.10914,750000,3450000
2020-01-23 12:45:46.921000,1.10919,1.10914,5810000,1950000
2020-01-23 12:45:47.022000,1.10918,1.10914,820000,2700000
2020-01-23 12:45:47.124000,1.10918,1.10915,1570000,370000
2020-01-23 12:45:49.164000,1.10919,1.10915,1950000,1760000
2020-01-23 12:45:49.319000,1.10916,1.10915,750000,100000
2020-01-23 12:45:49.467000,1.10915,1.10914,2510000,1760000
2020-01-23 12:45:49.519000,1.1091,1.10908,370000,100000
2020-01-23 12:45:49.620000,1.10911,1.10906,1010000,3820000
2020-01-23 12:45:49.722000,1.10909,1.10906,100000,820000
2020-01-23 12:45:50.414000,1.10909,1.10905,100000,3560000
2020-01-23 12:45:52.881000,1.10909,1.10906,100000,370000
2020-01-23 12:45:52.982000,1.10909,1.10905,100000,3370000
2020-01-23 12:45:53.084000,1.10909,1.10906,100000,750000
2020-01-23 12:45:58.101000,1.10908,1.10905,750000,2250000
2020-01-23 12:45:58.246000,1.10907,1.10904,100000,1500000
2020-01-23 12:45:59.456000,1.10906,1.10904,750000,750000
2020-01-23 12:46:00.104000,1.10907,1.10904,2320000,750000
2020-01-23 12:46:00.408000,1.10907,1.10903,100000,3750000
2020-01-23 12:46:01.266000,1.10907,1.10904,100000,190000
2020-01-23 12:46:02.470000,1.10907,1.10905,820000,750000
2020-01-23 12:46:03.476000,1.10907,1.10904,820000,2440000
2020-01-23 12:46:03.646000,1.10908,1.10904,100000,3940000
2020-01-23 12:46:04.387000,1.10908,1.10906,100000,750000
2020-01-23 12:46:05.232000,1.10908,1.10905,750000,1500000
2020-01-23 12:46:05.562000,1.10909,1.10906,1950000,750000
2020-01-23 12:46:07.997000,1.10908,1.10906,100000,1690000
2020-01-23 12:46:08.099000,1.10908,1.10907,100000,190000
2020-01-23 12:46:09.459000,1.10912,1.10908,6710000,2440000
2020-01-23 12:46:09.510000,1.10912,1.1091,4460000,750000
2020-01-23 12:46:09.612000,1.10912,1.10909,3070000,190000
2020-01-23 12:46:09.714000,1.1091,1.10908,100000,1690000
2020-01-23 12:46:09.817000,1.10911,1.10908,370000,2440000
2020-01-23 12:46:10.072000,1.10911,1.10909,1200000,750000
2020-01-23 12:46:10.173000,1.10911,1.10908,1200000,2440000
2020-01-23 12:46:12.083000,1.1091,1.10908,100000,940000
2020-01-23 12:46:12.186000,1.10911,1.10908,4270000,190000
2020-01-23 12:46:24.967000,1.10912,1.10908,4570000,750000
2020-01-23 12:46:28.067000,1.10911,1.10908,750000,750000
2020-01-23 12:46:29.089000,1.10911,1.10907,750000,2250000
2020-01-23 12:46:31.918000,1.1091,1.10907,750000,3000000
2020-01-23 12:46:32.974000,1.10911,1.10907,1570000,1500000
2020-01-23 12:46:52.477000,1.1091,1.10907,3000000,750000
2020-01-23 12:46:52.579000,1.10907,1.10905,450000,750000
2020-01-23 12:46:52.630000,1.10909,1.10905,3640000,750000
2020-01-23 12:46:53.766000,1.10908,1.10905,750000,1690000
2020-01-23 12:46:54.683000,1.10909,1.10905,4950000,940000
2020-01-23 12:46:54.786000,1.10908,1.10905,3370000,3190000
2020-01-23 12:47:00.085000,1.10909,1.10905,2890000,1690000
2020-01-23 12:47:02.006000,1.10907,1.10905,750000,1690000
2020-01-23 12:47:02.495000,1.10908,1.10905,1800000,2440000
2020-01-23 12:47:02.726000,1.10907,1.10905,750000,1690000
2020-01-23 12:47:03.613000,1.10906,1.10904,750000,750000
2020-01-23 12:47:03.714000,1.10906,1.10903,1500000,1500000
2020-01-23 12:47:06.120000,1.10904,1.10903,190000,750000
2020-01-23 12:47:06.222000,1.10901,1.109,750000,940000
2020-01-23 12:47:06.323000,1.10901,1.10898,750000,2060000
2020-01-23 12:47:06.475000,1.10901,1.10897,1500000,1500000
2020-01-23 12:47:06.577000,1.10901,1.10896,2250000,5960000
2020-01-23 12:47:06.678000,1.10901,1.10897,2320000,750000
2020-01-23 12:47:06.779000,1.10901,1.10898,1500000,750000
2020-01-23 12:47:09.117000,1.10901,1.10897,750000,3000000
2020-01-23 12:47:09.384000,1.10901,1.10898,750000,750000
2020-01-23 12:47:14.166000,1.10901,1.10897,1500000,5620000
2020-01-23 12:47:16.758000,1.10901,1.10899,750000,750000
2020-01-23 12:47:16.860000,1.10902,1.10899,1570000,750000
2020-01-23 12:47:16.963000,1.10901,1.10898,100000,1500000
2020-01-23 12:47:17.338000,1.10902,1.10898,5250000,750000
2020-01-23 12:47:17.642000,1.10901,1.10898,750000,1500000
2020-01-23 12:47:17.744000,1.10902,1.10899,3000000,3370000
2020-01-23 12:47:17.947000,1.10902,1.10898,2250000,3190000
2020-01-23 12:47:18.192000,1.10901,1.10898,750000,3940000
2020-01-23 12:47:18.680000,1.10902,1.10899,750000,2250000
2020-01-23 12:47:18.833000,1.10903,1.10899,2620000,4120000
2020-01-23 12:47:19.320000,1.10903,1.109,2250000,3190000
2020-01-23 12:47:19.422000,1.10903,1.10901,750000,750000
2020-01-23 12:47:20.679000,1.10904,1.10901,2250000,2140000
2020-01-23 12:47:21.262000,1.10905,1.10901,2700000,2890000
2020-01-23 12:47:24.761000,1.10904,1.10901,4120000,3750000
2020-01-23 12:47:24.863000,1.10903,1.10901,750000,1500000
2020-01-23 12:47:44.829000,1.10904,1.10901,3750000,750000
2020-01-23 12:47:49.906000,1.10903,1.10901,820000,750000
2020-01-23 12:47:50.539000,1.10903,1.109,750000,2890000
2020-01-23 12:47:52.917000,1.10902,1.109,750000,2890000
2020-01-23 12:47:55.402000,1.10902,1.10901,750000,100000
2020-01-23 12:47:55.751000,1.10902,1.109,750000,3260000
2020-01-23 12:47:55.827000,1.10904,1.109,6070000,3260000
2020-01-23 12:47:56.962000,1.10903,1.10901,750000,640000
2020-01-23 12:47:57.245000,1.10904,1.109,4870000,4270000
2020-01-23 12:47:58.118000,1.10903,1.109,750000,3450000
2020-01-23 12:48:00.092000,1.10902,1.109,190000,3000000
2020-01-23 12:48:00.207000,1.109,1.10898,750000,2620000
2020-01-23 12:48:00.357000,1.10898,1.10895,1500000,4500000
2020-01-23 12:48:00.463000,1.10897,1.10895,1570000,750000
2020-01-23 12:48:00.566000,1.10897,1.10894,1570000,4760000
2020-01-23 12:48:01.287000,1.10897,1.10895,1500000,1500000
2020-01-23 12:48:01.388000,1.10898,1.10896,3000000,750000
2020-01-23 12:48:01.490000,1.10898,1.10895,1500000,4090000
2020-01-23 12:48:02.467000,1.10898,1.10896,750000,750000
2020-01-23 12:48:03.510000,1.10899,1.10897,2250000,100000
2020-01-23 12:48:03.611000,1.10899,1.10896,1500000,5060000
2020-01-23 12:48:06.590000,1.109,1.10896,4690000,3070000
2020-01-23 12:48:06.898000,1.10899,1.10896,750000,4090000
2020-01-23 12:48:07.035000,1.109,1.10898,1500000,940000
2020-01-23 12:48:07.136000,1.109,1.10897,2440000,820000
2020-01-23 12:48:11.121000,1.10899,1.10897,370000,750000
2020-01-23 12:48:11.653000,1.109,1.10897,2440000,750000
2020-01-23 12:48:11.817000,1.10899,1.10897,370000,750000
2020-01-23 12:48:12.710000,1.109,1.10897,4690000,750000
2020-01-23 12:48:15.916000,1.109,1.10898,750000,450000
2020-01-23 12:48:16.018000,1.10902,1.109,2250000,750000
2020-01-23 12:48:16.459000,1.10904,1.10901,3000000,750000
2020-01-23 12:48:16.560000,1.10903,1.10902,750000,750000
2020-01-23 12:48:16.662000,1.10904,1.10902,3000000,750000
2020-01-23 12:48:16.915000,1.10904,1.10903,4500000,750000
2020-01-23 12:48:17.041000,1.10903,1.10902,750000,1500000
2020-01-23 12:48:17.143000,1.10904,1.10902,4500000,1500000
2020-01-23 12:48:17.371000,1.10904,1.10903,5250000,750000
2020-01-23 12:48:17.636000,1.10904,1.10902,4500000,1500000
2020-01-23 12:48:22.758000,1.10903,1.10902,750000,1500000
2020-01-23 12:48:22.902000,1.10904,1.10902,4500000,1500000
2020-01-23 12:48:26.950000,1.10904,1.10903,3750000,1500000
2020-01-23 12:48:27.805000,1.10904,1.10902,3000000,2250000
2020-01-23 12:48:31.647000,1.10904,1.10903,2250000,1500000
2020-01-23 12:48:31.799000,1.10904,1.10902,750000,2250000
2020-01-23 12:48:32.085000,1.10904,1.10903,1500000,1500000
2020-01-23 12:48:33.046000,1.10904,1.10902,750000,2250000
2020-01-23 12:48:37.949000,1.10905,1.10902,2250000,1500000
2020-01-23 12:48:38.146000,1.10905,1.10903,3000000,1500000
2020-01-23 12:48:38.248000,1.10904,1.10903,750000,1500000
2020-01-23 12:48:38.494000,1.10905,1.10902,3000000,1500000
2020-01-23 12:48:39.456000,1.10904,1.10903,750000,1500000
2020-01-23 12:48:39.557000,1.10905,1.10902,4310000,1500000
2020-01-23 12:48:39.995000,1.10904,1.10903,750000,1500000
2020-01-23 12:48:40.096000,1.10905,1.10902,3000000,1500000
2020-01-23 12:48:40.919000,1.10904,1.10903,750000,1500000
2020-01-23 12:48:41.308000,1.10903,1.10902,1120000,1500000
2020-01-23 12:48:41.362000,1.109,1.10897,190000,1500000
2020-01-23 12:48:41.464000,1.10899,1.10897,3820000,750000
2020-01-23 12:48:41.565000,1.10898,1.10897,750000,750000
2020-01-23 12:48:43.727000,1.10899,1.10897,2250000,1500000
2020-01-23 12:48:44.445000,1.10899,1.10898,750000,2440000
2020-01-23 12:48:44.496000,1.10902,1.10899,4310000,750000
2020-01-23 12:48:44.598000,1.10901,1.10899,750000,2250000
2020-01-23 12:48:45.257000,1.10901,1.109,750000,750000
2020-01-23 12:48:45.794000,1.10902,1.109,750000,2060000
2020-01-23 12:48:45.895000,1.10904,1.10902,2620000,750000
2020-01-23 12:48:46.148000,1.10904,1.10903,1120000,750000
2020-01-23 12:48:46.716000,1.10904,1.10902,1120000,750000
2020-01-23 12:48:50.146000,1.10904,1.10901,750000,2810000
2020-01-23 12:48:50.297000,1.10904,1.10902,750000,750000
2020-01-23 12:48:50.542000,1.10904,1.10903,750000,750000
2020-01-23 12:48:50.643000,1.10905,1.10903,3750000,750000
2020-01-23 12:48:50.744000,1.10906,1.10904,2060000,1500000
2020-01-23 12:48:50.846000,1.10907,1.10904,2810000,2320000
2020-01-23 12:48:56.323000,1.10907,1.10905,750000,750000
2020-01-23 12:48:56.665000,1.10905,1.10904,750000,1500000
2020-01-23 12:48:56.715000,1.10905,1.10902,2250000,3450000
2020-01-23 12:48:56.857000,1.10904,1.10903,750000,750000
2020-01-23 12:48:56.959000,1.10904,1.10902,750000,1120000
2020-01-23 12:48:59.043000,1.10904,1.10903,2250000,750000
2020-01-23 12:48:59.236000,1.10904,1.10902,750000,750000
2020-01-23 12:48:59.454000,1.10903,1.10902,750000,750000
2020-01-23 12:48:59.506000,1.10901,1.109,1570000,1690000
2020-01-23 12:48:59.558000,1.109,1.10898,1500000,1310000
2020-01-23 12:48:59.610000,1.10898,1.10897,1870000,750000
2020-01-23 12:48:59.711000,1.10897,1.10896,750000,750000
2020-01-23 12:48:59.813000,1.10897,1.10895,750000,750000
2020-01-23 12:49:00.313000,1.10897,1.10894,3000000,1500000
2020-01-23 12:49:01.891000,1.10897,1.10896,1500000,1500000
2020-01-23 12:49:04.140000,1.10898,1.10896,2620000,1500000
2020-01-23 12:49:09.068000,1.10897,1.10896,820000,750000
2020-01-23 12:49:09.726000,1.10898,1.10896,2250000,750000
2020-01-23 12:49:09.907000,1.10898,1.10895,1650000,1500000
2020-01-23 12:49:10.110000,1.10898,1.10896,1500000,750000
2020-01-23 12:49:10.211000,1.10898,1.10895,750000,3190000
2020-01-23 12:49:12.855000,1.10896,1.10895,750000,3000000
2020-01-23 12:49:12.957000,1.10897,1.10896,750000,750000
2020-01-23 12:49:13.743000,1.10896,1.10895,370000,750000
2020-01-23 12:49:13.845000,1.10897,1.10895,750000,750000
2020-01-23 12:49:13.997000,1.10897,1.10896,1500000,750000
2020-01-23 12:49:15.405000,1.10896,1.10895,190000,2250000
2020-01-23 12:49:15.557000,1.10895,1.10894,100000,750000
2020-01-23 12:49:15.659000,1.10894,1.10893,750000,2250000
2020-01-23 12:49:16.076000,1.10894,1.10893,750000,2250000
2020-01-23 12:49:17.730000,1.10895,1.10893,1760000,750000
2020-01-23 12:49:18.218000,1.10895,1.10892,3070000,750000
2020-01-23 12:49:20.288000,1.10894,1.10892,750000,2250000
2020-01-23 12:49:23.970000,1.10893,1.10891,750000,1500000
2020-01-23 12:49:34.136000,1.10895,1.10893,750000,750000
2020-01-23 12:49:34.239000,1.10896,1.10892,1690000,2890000
2020-01-23 12:49:38.613000,1.10896,1.10893,3940000,750000
2020-01-23 12:49:38.716000,1.10896,1.10894,750000,4570000
2020-01-23 12:49:44.108000,1.10895,1.10893,750000,1200000
2020-01-23 12:49:44.209000,1.10895,1.10892,750000,3070000
2020-01-23 12:49:44.311000,1.10896,1.10892,2250000,5700000
2020-01-23 12:49:44.412000,1.10896,1.10894,1500000,750000
2020-01-23 12:49:44.615000,1.10894,1.10893,190000,750000
2020-01-23 12:49:44.716000,1.10894,1.10892,190000,750000
2020-01-23 12:49:44.818000,1.10894,1.10891,190000,4010000
2020-01-23 12:49:45.188000,1.10894,1.10892,190000,750000
2020-01-23 12:49:47.099000,1.10893,1.10891,750000,2440000
2020-01-23 12:49:49.482000,1.10892,1.1089,750000,2060000
2020-01-23 12:49:50.768000,1.10893,1.1089,750000,2890000
2020-01-23 12:49:52.023000,1.10894,1.1089,3940000,3450000
2020-01-23 12:49:54.142000,1.10893,1.1089,750000,6520000
2020-01-23 12:49:54.290000,1.10894,1.1089,6940000,4270000
2020-01-23 12:49:56.755000,1.10893,1.1089,750000,1500000
2020-01-23 12:49:57.167000,1.10894,1.1089,6370000,1390000
2020-01-23 12:49:57.319000,1.10893,1.1089,750000,4200000
2020-01-23 12:49:57.547000,1.10894,1.1089,3940000,2320000
2020-01-23 12:50:00.080000,1.10894,1.10891,2440000,750000
2020-01-23 12:50:00.182000,1.10894,1.10892,1500000,750000
2020-01-23 12:50:00.334000,1.10894,1.10891,2250000,2700000
2020-01-23 12:50:03.124000,1.10894,1.10892,1500000,940000
2020-01-23 12:50:03.226000,1.10896,1.10894,1500000,1690000
2020-01-23 12:50:03.327000,1.10897,1.10894,3000000,1090000
2020-01-23 12:50:03.429000,1.10896,1.10894,2250000,750000
2020-01-23 12:50:03.530000,1.10896,1.10893,750000,1500000
2020-01-23 12:50:03.783000,1.10896,1.10892,750000,4650000
2020-01-23 12:50:04.844000,1.10896,1.10893,750000,750000
2020-01-23 12:50:04.995000,1.10896,1.10892,750000,5320000
2020-01-23 12:50:06.469000,1.10896,1.10893,750000,750000
2020-01-23 12:50:11.698000,1.10896,1.10894,1500000,560000
2020-01-23 12:50:11.805000,1.10896,1.10893,2250000,750000
2020-01-23 12:50:12.094000,1.10896,1.10892,2250000,6820000
2020-01-23 12:50:13.002000,1.10896,1.10893,3940000,560000
2020-01-23 12:50:13.736000,1.10896,1.10892,3000000,5210000
2020-01-23 12:50:16.861000,1.10896,1.10893,1500000,750000
2020-01-23 12:50:19.537000,1.10896,1.10892,1500000,3640000
2020-01-23 12:50:24.047000,1.10896,1.10893,750000,750000
2020-01-23 12:50:24.148000,1.10896,1.10894,940000,560000
2020-01-23 12:50:24.251000,1.10896,1.10893,750000,1570000
2020-01-23 12:50:26.881000,1.10895,1.10893,100000,1310000
2020-01-23 12:50:27.084000,1.10895,1.10892,100000,5060000
2020-01-23 12:50:30.397000,1.10895,1.10894,750000,750000
2020-01-23 12:50:30.499000,1.10896,1.10892,1500000,6450000
2020-01-23 12:50:33.368000,1.10895,1.10893,750000,560000
2020-01-23 12:50:33.469000,1.10896,1.10893,3520000,560000
2020-01-23 12:50:34.421000,1.10896,1.10892,2440000,3070000
2020-01-23 12:50:35.819000,1.10896,1.10893,2620000,560000
2020-01-23 12:50:38.336000,1.10897,1.10894,4690000,750000
2020-01-23 12:50:40.172000,1.10897,1.10893,3000000,7570000
2020-01-23 12:50:40.724000,1.10897,1.10894,3000000,150000
2020-01-23 12:50:42.188000,1.10897,1.10895,1500000,370000
2020-01-23 12:50:42.289000,1.10898,1.10895,3000000,5510000
2020-01-23 12:50:53.117000,1.10899,1.10895,5440000,3070000
2020-01-23 12:50:53.219000,1.10898,1.10896,750000,750000
2020-01-23 12:50:54.172000,1.10899,1.10896,3190000,4200000
2020-01-23 12:50:54.275000,1.109,1.10898,1120000,3000000
2020-01-23 12:50:54.377000,1.10901,1.10899,2060000,1500000
2020-01-23 12:50:54.716000,1.10901,1.10898,2250000,4500000
2020-01-23 12:50:55.623000,1.10901,1.10899,2250000,750000
2020-01-23 12:50:56.075000,1.10901,1.10898,2250000,5060000
2020-01-23 12:50:56.227000,1.10902,1.109,1570000,190000
2020-01-23 12:51:15.198000,1.10902,1.10899,750000,4310000
2020-01-23 12:51:16.214000,1.10901,1.10899,750000,1500000
2020-01-23 12:51:17.540000,1.10901,1.10898,750000,2320000
2020-01-23 12:51:17.742000,1.10901,1.109,1500000,100000
2020-01-23 12:51:30.103000,1.10901,1.10899,1500000,7010000
2020-01-23 12:51:31.660000,1.10902,1.109,1500000,1690000
2020-01-23 12:51:31.762000,1.10902,1.10901,1500000,1500000
2020-01-23 12:51:37.177000,1.10903,1.10901,1500000,750000
2020-01-23 12:51:44.914000,1.10903,1.109,750000,2510000
2020-01-23 12:51:47.016000,1.10903,1.10901,1690000,750000
2020-01-23 12:51:47.156000,1.10903,1.109,1690000,3260000
2020-01-23 12:51:47.740000,1.10903,1.10901,1500000,190000
2020-01-23 12:51:48.041000,1.10903,1.109,750000,3070000
2020-01-23 12:51:48.751000,1.10903,1.10901,750000,750000
2020-01-23 12:51:52.968000,1.10901,1.109,750000,1500000
2020-01-23 12:51:53.085000,1.10898,1.10897,750000,190000
2020-01-23 12:51:53.187000,1.10898,1.10896,750000,3940000
2020-01-23 12:51:55.158000,1.10897,1.10896,750000,750000
2020-01-23 12:51:55.311000,1.10897,1.10894,450000,2320000
2020-01-23 12:51:58.774000,1.10897,1.10895,450000,190000
2020-01-23 12:52:04.124000,1.10898,1.10895,3940000,190000
2020-01-23 12:52:05.565000,1.10897,1.10895,750000,190000
2020-01-23 12:52:06.735000,1.10896,1.10894,750000,1010000
2020-01-23 12:52:09.249000,1.10895,1.10893,750000,5510000
2020-01-23 12:52:10.527000,1.10896,1.10895,1500000,100000
2020-01-23 12:52:16.992000,1.10897,1.10895,750000,100000
2020-01-23 12:52:40.917000,1.10896,1.10895,750000,100000
2020-01-23 12:52:46.582000,1.10898,1.10895,3000000,1200000
2020-01-23 12:52:46.724000,1.10898,1.10896,1500000,2250000
2020-01-23 12:52:46.826000,1.10898,1.10897,750000,100000
2020-01-23 12:52:47.554000,1.10898,1.10896,750000,3260000
2020-01-23 12:52:47.706000,1.10898,1.10897,750000,750000
2020-01-23 12:52:48.546000,1.10898,1.10896,750000,3260000
2020-01-23 12:52:48.699000,1.10898,1.10897,750000,750000
2020-01-23 12:52:48.750000,1.109,1.10898,5060000,370000
2020-01-23 12:52:48.802000,1.10901,1.109,3750000,1500000
2020-01-23 12:52:48.904000,1.10902,1.10901,560000,2250000
2020-01-23 12:52:48.955000,1.10904,1.10901,2320000,750000
2020-01-23 12:52:49.259000,1.10904,1.10902,2320000,750000
2020-01-23 12:53:00.103000,1.10904,1.10901,2890000,750000
2020-01-23 12:53:02.043000,1.10903,1.10901,750000,1500000
2020-01-23 12:53:02.145000,1.10904,1.10901,4200000,750000
2020-01-23 12:53:02.296000,1.10903,1.10901,750000,750000
2020-01-23 12:53:02.397000,1.10904,1.10901,3750000,750000
2020-01-23 12:53:04.955000,1.10903,1.10901,750000,1500000
2020-01-23 12:53:07.382000,1.10904,1.10901,3000000,1650000
2020-01-23 12:53:07.484000,1.10904,1.10902,3750000,750000
2020-01-23 12:53:07.795000,1.10903,1.10902,750000,750000
2020-01-23 12:53:07.896000,1.10904,1.10902,2250000,750000
2020-01-23 12:53:08.632000,1.10903,1.10902,750000,1500000
2020-01-23 12:53:08.734000,1.10903,1.10901,750000,1570000
2020-01-23 12:53:08.835000,1.10904,1.10901,2250000,1650000
2020-01-23 12:53:13.831000,1.10903,1.10901,940000,940000
2020-01-23 12:53:14.009000,1.10904,1.10901,6820000,940000
2020-01-23 12:53:15.543000,1.10904,1.109,5890000,5320000
2020-01-23 12:53:15.645000,1.10903,1.109,750000,5700000
2020-01-23 12:53:15.746000,1.10904,1.109,5810000,4200000
2020-01-23 12:53:16.739000,1.10903,1.10902,750000,750000
2020-01-23 12:53:18.941000,1.10903,1.10901,2250000,750000
2020-01-23 12:53:19.043000,1.10902,1.10901,750000,750000
2020-01-23 12:53:19.144000,1.10902,1.109,750000,3710000
2020-01-23 12:53:19.245000,1.10903,1.10901,2320000,100000
2020-01-23 12:53:20.626000,1.10902,1.10901,1500000,100000
2020-01-23 12:53:20.729000,1.10903,1.10901,3070000,100000
2020-01-23 12:53:22.998000,1.10902,1.10901,750000,100000
2020-01-23 12:53:23.099000,1.10903,1.10901,2320000,150000
2020-01-23 12:53:23.605000,1.10902,1.10901,750000,100000
2020-01-23 12:53:23.880000,1.10903,1.10901,2320000,100000
2020-01-23 12:53:24.183000,1.10903,1.109,2250000,2510000
2020-01-23 12:53:24.811000,1.10903,1.10901,2250000,370000
2020-01-23 12:53:24.962000,1.10902,1.10901,750000,370000
2020-01-23 12:53:25.064000,1.10903,1.10901,2250000,370000
2020-01-23 12:53:25.165000,1.10903,1.109,2250000,3260000
2020-01-23 12:53:27.850000,1.10902,1.10901,750000,1500000
2020-01-23 12:53:30.091000,1.10903,1.10901,750000,100000
2020-01-23 12:53:30.621000,1.10903,1.109,750000,4010000
2020-01-23 12:53:32.060000,1.10903,1.10901,750000,940000
2020-01-23 12:53:34.129000,1.10903,1.109,750000,5320000
2020-01-23 12:53:34.552000,1.10904,1.109,6640000,6070000
2020-01-23 12:53:36.100000,1.10904,1.10901,3820000,1690000
2020-01-23 12:53:37.717000,1.10904,1.10902,2250000,750000
2020-01-23 12:53:42.949000,1.10903,1.10902,750000,750000
2020-01-23 12:53:50.553000,1.10904,1.10902,2250000,750000
2020-01-23 12:54:15.787000,1.10903,1.10902,100000,1500000
2020-01-23 12:54:15.888000,1.10904,1.10902,3190000,1500000
2020-01-23 12:54:25.917000,1.10904,1.10901,1690000,4010000
2020-01-23 12:54:28.605000,1.10903,1.10901,1570000,2320000
2020-01-23 12:54:28.892000,1.10903,1.109,3190000,940000
2020-01-23 12:54:29.467000,1.10901,1.10899,1500000,2250000
2020-01-23 12:54:29.721000,1.10902,1.10899,2250000,1500000
2020-01-23 12:54:38.974000,1.10903,1.10899,6000000,2060000
2020-01-23 12:54:40.036000,1.10902,1.10899,750000,3190000
2020-01-23 12:54:40.395000,1.10903,1.10899,6370000,2440000
2020-01-23 12:54:40.496000,1.10896,1.10895,1500000,3750000
2020-01-23 12:54:40.547000,1.10894,1.10893,750000,1500000
2020-01-23 12:54:40.649000,1.10893,1.10892,1500000,1310000
2020-01-23 12:54:40.750000,1.10893,1.10891,750000,2250000
2020-01-23 12:54:40.927000,1.10894,1.10891,3750000,750000
2020-01-23 12:54:41.056000,1.10894,1.1089,3000000,7010000
2020-01-23 12:54:41.158000,1.10895,1.10891,4500000,6450000
2020-01-23 12:54:41.562000,1.10894,1.10891,1500000,1950000
2020-01-23 12:54:41.816000,1.10893,1.10891,750000,3190000
2020-01-23 12:54:42.781000,1.10894,1.10891,3190000,2440000
2020-01-23 12:54:44.017000,1.10893,1.10891,750000,1690000
2020-01-23 12:54:44.068000,1.10891,1.10889,3940000,3450000
2020-01-23 12:54:44.119000,1.10889,1.10888,3000000,560000
2020-01-23 12:54:44.221000,1.10889,1.10887,7500000,370000
2020-01-23 12:54:44.272000,1.10889,1.10886,6000000,2620000
2020-01-23 12:54:45.085000,1.10888,1.10886,750000,2620000
2020-01-23 12:54:45.136000,1.10886,1.10885,2250000,2140000
2020-01-23 12:54:45.240000,1.10886,1.10884,3190000,1220000
2020-01-23 12:54:45.291000,1.10886,1.10883,3190000,1500000
2020-01-23 12:54:45.767000,1.10885,1.10883,750000,2250000
2020-01-23 12:54:45.969000,1.10886,1.10883,3190000,1500000
2020-01-23 12:54:46.126000,1.10886,1.10882,2440000,4310000
2020-01-23 12:54:46.429000,1.10884,1.10882,750000,3070000
2020-01-23 12:54:47.246000,1.10883,1.10882,750000,750000
2020-01-23 12:54:47.489000,1.10882,1.10881,940000,100000
2020-01-23 12:54:47.591000,1.10879,1.10877,750000,2250000
2020-01-23 12:54:48.267000,1.10878,1.10877,750000,750000
2020-01-23 12:54:49.316000,1.10879,1.10876,1500000,1690000
2020-01-23 12:54:50.866000,1.10878,1.10876,100000,2140000
2020-01-23 12:54:51.333000,1.10876,1.10875,4570000,3000000
2020-01-23 12:54:51.384000,1.10872,1.10871,750000,1120000
2020-01-23 12:54:51.485000,1.10872,1.1087,2920000,940000
2020-01-23 12:54:51.536000,1.10872,1.10869,3000000,1690000
2020-01-23 12:54:51.740000,1.10872,1.1087,1500000,560000
2020-01-23 12:54:51.842000,1.10873,1.1087,750000,5620000
2020-01-23 12:54:51.944000,1.10874,1.10871,3640000,750000
2020-01-23 12:54:52.350000,1.10874,1.10873,750000,1500000
2020-01-23 12:54:52.401000,1.10876,1.10875,2320000,750000
2020-01-23 12:54:52.503000,1.10878,1.10877,1310000,2440000
2020-01-23 12:54:52.604000,1.10879,1.10876,1200000,1500000
2020-01-23 12:54:52.807000,1.1088,1.10876,4690000,3000000
2020-01-23 12:54:54.055000,1.1088,1.10877,4500000,750000
2020-01-23 12:54:54.156000,1.10879,1.10877,450000,1500000
2020-01-23 12:54:54.310000,1.1088,1.10877,5440000,2250000
2020-01-23 12:54:54.654000,1.10879,1.10877,750000,1500000
2020-01-23 12:54:55.288000,1.1088,1.10877,3940000,750000
2020-01-23 12:54:55.942000,1.1088,1.10876,4390000,5250000
2020-01-23 12:54:56.344000,1.10879,1.10877,750000,750000
2020-01-23 12:54:56.986000,1.1088,1.10876,5140000,5250000
2020-01-23 12:54:58.296000,1.10879,1.10876,750000,3560000
2020-01-23 12:54:58.347000,1.10876,1.10874,5320000,6000000
2020-01-23 12:54:58.449000,1.10876,1.10874,2060000,750000
2020-01-23 12:54:58.551000,1.10877,1.10874,3260000,2250000
2020-01-23 12:54:58.652000,1.10878,1.10876,3820000,750000
2020-01-23 12:54:58.804000,1.10879,1.10876,3560000,3820000
2020-01-23 12:54:59.310000,1.10878,1.10876,750000,1310000
2020-01-23 12:55:00.126000,1.10879,1.10876,1500000,3750000
2020-01-23 12:55:00.581000,1.10879,1.10877,2250000,750000
2020-01-23 12:55:00.632000,1.10878,1.10875,1570000,5700000
2020-01-23 12:55:00.734000,1.10878,1.10876,2890000,1500000
2020-01-23 12:55:01.389000,1.10879,1.10876,1950000,750000
2020-01-23 12:55:03.150000,1.10877,1.10876,750000,1500000
2020-01-23 12:55:03.303000,1.10879,1.10876,3520000,750000
2020-01-23 12:55:03.589000,1.10879,1.10875,4950000,5320000
2020-01-23 12:55:03.690000,1.10879,1.10876,6750000,750000
2020-01-23 12:55:03.792000,1.10879,1.10875,4500000,5700000
2020-01-23 12:55:04.095000,1.10879,1.10876,4310000,940000
2020-01-23 12:55:05.497000,1.10878,1.10876,750000,1500000
2020-01-23 12:55:06.019000,1.10877,1.10875,1500000,1500000
2020-01-23 12:55:06.171000,1.10877,1.10874,750000,4870000
2020-01-23 12:55:06.474000,1.10877,1.10875,750000,750000
2020-01-23 12:55:07.047000,1.10877,1.10876,450000,750000
2020-01-23 12:55:07.148000,1.10878,1.10876,1200000,750000
2020-01-23 12:55:08.178000,1.10879,1.10876,5250000,1500000
2020-01-23 12:55:08.307000,1.10879,1.10877,3750000,750000
2020-01-23 12:55:09.632000,1.10878,1.10877,750000,750000
2020-01-23 12:55:09.733000,1.10879,1.10877,3750000,750000
2020-01-23 12:55:10.513000,1.10879,1.10876,2250000,3000000
2020-01-23 12:55:11.047000,1.10881,1.1088,2060000,1500000
2020-01-23 12:55:11.149000,1.10883,1.1088,820000,7500000
2020-01-23 12:55:11.200000,1.10883,1.10882,750000,750000
2020-01-23 12:55:11.301000,1.10884,1.10883,750000,1500000
2020-01-23 12:55:12.833000,1.10884,1.10881,6410000,1120000
2020-01-23 12:55:12.934000,1.10883,1.10881,1870000,750000
2020-01-23 12:55:13.036000,1.10882,1.10881,2250000,750000
2020-01-23 12:55:13.138000,1.10882,1.1088,560000,940000
2020-01-23 12:55:13.267000,1.10884,1.1088,4690000,1760000
2020-01-23 12:55:13.317000,1.10884,1.10882,2440000,750000
2020-01-23 12:55:13.579000,1.10883,1.10882,750000,750000
2020-01-23 12:55:13.681000,1.10884,1.10882,3750000,750000
2020-01-23 12:55:13.883000,1.10885,1.10882,3370000,100000
2020-01-23 12:55:14.288000,1.10884,1.10882,750000,100000
2020-01-23 12:55:14.724000,1.10885,1.10883,1950000,370000
2020-01-23 12:55:14.927000,1.10886,1.10883,4690000,370000
2020-01-23 12:55:16.516000,1.10887,1.10883,5440000,1120000
2020-01-23 12:55:16.648000,1.10886,1.10883,750000,1870000
2020-01-23 12:55:16.762000,1.10887,1.10883,5510000,1120000
2020-01-23 12:55:17.029000,1.10886,1.10883,750000,1120000
2020-01-23 12:55:17.080000,1.10882,1.10881,940000,1870000
2020-01-23 12:55:17.182000,1.10881,1.1088,4500000,370000
2020-01-23 12:55:17.233000,1.1088,1.10877,1690000,1870000
2020-01-23 12:55:18.387000,1.10879,1.10877,750000,750000
2020-01-23 12:55:18.591000,1.10879,1.10876,750000,6000000
2020-01-23 12:55:19.192000,1.10879,1.10877,750000,750000
2020-01-23 12:55:19.753000,1.10879,1.10876,750000,4010000
2020-01-23 12:55:21.715000,1.10878,1.10876,750000,2440000
2020-01-23 12:55:21.817000,1.10878,1.10877,1500000,750000
2020-01-23 12:55:22.832000,1.10879,1.10876,1500000,2440000
2020-01-23 12:55:23.167000,1.10878,1.10876,750000,2060000
2020-01-23 12:55:25.123000,1.10879,1.10876,7690000,2810000
2020-01-23 12:55:26.399000,1.10879,1.10875,3750000,4950000
2020-01-23 12:55:26.602000,1.10877,1.10875,3820000,750000
2020-01-23 12:55:26.704000,1.10876,1.10874,2250000,750000
2020-01-23 12:55:29.201000,1.10875,1.10874,750000,750000
2020-01-23 12:55:30.611000,1.10875,1.10873,1500000,1690000
2020-01-23 12:55:30.712000,1.10875,1.10872,750000,3190000
2020-01-23 12:55:32.203000,1.10874,1.10872,1120000,750000
2020-01-23 12:55:32.305000,1.10874,1.10871,1120000,1120000
2020-01-23 12:55:33.661000,1.10874,1.10872,1570000,370000
2020-01-23 12:55:34.055000,1.10874,1.10871,3000000,1870000
2020-01-23 12:55:36.166000,1.10873,1.10872,750000,940000
2020-01-23 12:55:37.467000,1.10871,1.1087,3070000,750000
2020-01-23 12:55:37.569000,1.10869,1.10867,750000,560000
2020-01-23 12:55:37.671000,1.10869,1.10866,750000,2620000
2020-01-23 12:55:40.760000,1.10867,1.10865,2440000,1570000
2020-01-23 12:55:40.862000,1.10867,1.10864,1500000,2510000
2020-01-23 12:55:40.964000,1.10868,1.10865,5060000,560000
2020-01-23 12:55:41.167000,1.10867,1.10865,1500000,750000
2020-01-23 12:55:41.269000,1.10867,1.10864,820000,2620000
2020-01-23 12:55:41.408000,1.10868,1.10866,750000,100000
2020-01-23 12:55:41.510000,1.10868,1.10865,750000,4570000
2020-01-23 12:55:42.180000,1.10867,1.10865,820000,1870000
2020-01-23 12:55:42.332000,1.10868,1.10865,3070000,2440000
2020-01-23 12:55:44.333000,1.10866,1.10865,750000,1310000
2020-01-23 12:55:45.852000,1.10866,1.10864,750000,3000000
2020-01-23 12:55:46.054000,1.10866,1.10863,3370000,100000
2020-01-23 12:55:47.938000,1.10866,1.10864,6070000,100000
2020-01-23 12:55:48.988000,1.10866,1.10865,2250000,190000
2020-01-23 12:55:49.107000,1.10866,1.10864,1500000,1200000
2020-01-23 12:55:49.209000,1.10867,1.10863,4570000,2470000
2020-01-23 12:55:49.311000,1.10867,1.10864,4310000,2250000
2020-01-23 12:55:49.412000,1.10866,1.10864,560000,940000
2020-01-23 12:55:50.002000,1.10867,1.10865,3000000,560000
2020-01-23 12:55:50.105000,1.10866,1.10865,750000,1200000
2020-01-23 12:55:50.257000,1.10865,1.10864,1500000,150000
2020-01-23 12:55:50.358000,1.10865,1.10863,1500000,2320000
2020-01-23 12:55:50.460000,1.10864,1.10863,750000,820000
2020-01-23 12:55:50.938000,1.10863,1.10862,750000,150000
2020-01-23 12:55:50.989000,1.10863,1.10861,1500000,560000
2020-01-23 12:55:51.854000,1.10863,1.1086,750000,5620000
2020-01-23 12:55:54.384000,1.10862,1.1086,750000,3750000
2020-01-23 12:55:54.486000,1.10863,1.1086,1500000,750000
2020-01-23 12:55:54.761000,1.10862,1.1086,750000,750000
2020-01-23 12:55:55.077000,1.10863,1.1086,1500000,750000
2020-01-23 12:55:55.534000,1.10863,1.10859,2250000,4390000
2020-01-23 12:55:55.585000,1.1086,1.10858,2250000,640000
2020-01-23 12:55:55.687000,1.10859,1.10858,2250000,1120000
2020-01-23 12:55:55.738000,1.1086,1.10859,1500000,190000
2020-01-23 12:55:55.789000,1.10862,1.10859,2020000,820000
2020-01-23 12:55:55.941000,1.10861,1.10858,750000,2250000
2020-01-23 12:55:56.061000,1.10861,1.10859,750000,750000
2020-01-23 12:55:56.163000,1.1086,1.10858,750000,3340000
2020-01-23 12:55:57.371000,1.10859,1.10858,750000,750000
2020-01-23 12:55:57.492000,1.10859,1.10857,940000,190000
2020-01-23 12:55:57.695000,1.10859,1.10856,750000,1760000
2020-01-23 12:55:58.049000,1.10858,1.10856,750000,340000
2020-01-23 12:55:58.454000,1.10859,1.10856,5140000,260000
2020-01-23 12:55:58.657000,1.10856,1.10855,2440000,1310000
2020-01-23 12:55:58.787000,1.10854,1.10852,1500000,1500000
2020-01-23 12:55:58.888000,1.10853,1.10851,750000,820000
2020-01-23 12:55:58.990000,1.10853,1.10852,750000,750000
2020-01-23 12:55:59.093000,1.10853,1.10851,750000,2140000
2020-01-23 12:55:59.727000,1.10852,1.10851,1500000,560000
2020-01-23 12:55:59.941000,1.10853,1.1085,1500000,5320000
2020-01-23 12:56:00.043000,1.10853,1.10851,750000,2250000
2020-01-23 12:56:00.827000,1.10854,1.10851,2250000,3000000
2020-01-23 12:56:01.264000,1.10854,1.10852,190000,2440000
2020-01-23 12:56:01.366000,1.10854,1.10853,190000,750000
2020-01-23 12:56:01.900000,1.10856,1.10853,2890000,750000
2020-01-23 12:56:02.160000,1.10855,1.10853,750000,750000
2020-01-23 12:56:02.604000,1.10854,1.10853,370000,2250000
2020-01-23 12:56:03.396000,1.10855,1.10853,4840000,1500000
2020-01-23 12:56:04.167000,1.10854,1.10853,750000,1500000
2020-01-23 12:56:04.269000,1.10855,1.10853,2700000,750000
2020-01-23 12:56:06.148000,1.10856,1.10853,3260000,750000
2020-01-23 12:56:06.470000,1.10855,1.10853,750000,1500000
2020-01-23 12:56:06.754000,1.10856,1.10853,4160000,1500000
2020-01-23 12:56:06.957000,1.10857,1.10855,2890000,5320000
2020-01-23 12:56:07.059000,1.10858,1.10857,370000,7690000
2020-01-23 12:56:07.160000,1.10859,1.10857,1120000,6370000
2020-01-23 12:56:08.133000,1.10859,1.10858,750000,2510000
2020-01-23 12:56:09.968000,1.10862,1.10861,1200000,2250000
2020-01-23 12:56:10.608000,1.10863,1.10861,340000,1500000
2020-01-23 12:56:10.862000,1.10864,1.10863,940000,750000
2020-01-23 12:56:10.963000,1.10864,1.10863,940000,750000
2020-01-23 12:56:11.746000,1.10865,1.10864,1500000,750000
2020-01-23 12:56:11.847000,1.10864,1.10863,750000,3190000
2020-01-23 12:56:12.100000,1.10865,1.10863,2440000,2250000
2020-01-23 12:56:12.201000,1.10867,1.10865,4200000,750000
2020-01-23 12:56:12.303000,1.10868,1.10867,190000,750000
2020-01-23 12:56:12.354000,1.1087,1.10867,7200000,2250000
2020-01-23 12:56:12.405000,1.10867,1.10865,1500000,3640000
2020-01-23 12:56:12.507000,1.10868,1.10866,3820000,750000
2020-01-23 12:56:12.608000,1.10867,1.10866,750000,1500000
2020-01-23 12:56:12.718000,1.10868,1.10864,3340000,5440000
2020-01-23 12:56:12.931000,1.10866,1.10864,1870000,750000
2020-01-23 12:56:13.067000,1.10865,1.10864,2590000,1690000
2020-01-23 12:56:18.205000,1.10867,1.10865,1200000,3000000
2020-01-23 12:56:18.308000,1.10868,1.10867,750000,750000
2020-01-23 12:56:18.410000,1.10868,1.10866,750000,3000000
2020-01-23 12:56:18.597000,1.10868,1.10867,750000,750000
2020-01-23 12:56:18.699000,1.10868,1.10866,750000,3000000
2020-01-23 12:56:19.317000,1.10868,1.10867,750000,750000
2020-01-23 12:56:19.625000,1.10868,1.10866,750000,3000000
2020-01-23 12:56:20.458000,1.10867,1.10865,1570000,2700000
2020-01-23 12:56:20.559000,1.10866,1.10864,100000,1950000
2020-01-23 12:56:20.813000,1.10866,1.10863,3070000,2250000
2020-01-23 12:56:21.137000,1.10866,1.10864,1570000,750000
2020-01-23 12:56:21.510000,1.10866,1.10863,820000,2250000
2020-01-23 12:56:22.241000,1.10866,1.10864,2320000,750000
2020-01-23 12:56:22.449000,1.10866,1.10863,1570000,2250000
2020-01-23 12:56:22.726000,1.10865,1.10863,940000,2250000
2020-01-23 12:56:22.979000,1.10864,1.10862,190000,3190000
2020-01-23 12:56:23.316000,1.10864,1.10863,190000,750000
2020-01-23 12:56:23.449000,1.10864,1.10862,190000,3190000
2020-01-23 12:56:26.488000,1.10863,1.10862,750000,940000
2020-01-23 12:56:31.936000,1.10864,1.10862,940000,940000
2020-01-23 12:56:32.189000,1.10863,1.10861,1010000,750000
2020-01-23 12:56:32.342000,1.10864,1.10861,750000,1310000
2020-01-23 12:56:35.691000,1.10864,1.10862,750000,750000
2020-01-23 12:56:38.125000,1.10864,1.10861,750000,1500000
2020-01-23 12:56:39.028000,1.10863,1.10862,750000,370000
2020-01-23 12:56:39.518000,1.10864,1.10861,820000,1870000
2020-01-23 12:56:39.619000,1.10864,1.10862,100000,750000
2020-01-23 12:56:41.023000,1.10865,1.10862,4310000,750000
2020-01-23 12:56:42.151000,1.10864,1.10862,1120000,750000
2020-01-23 12:56:42.252000,1.10863,1.10861,750000,750000
2020-01-23 12:56:45.135000,1.10864,1.10861,1120000,2250000
2020-01-23 12:56:45.268000,1.10865,1.10863,840000,2250000
2020-01-23 12:56:45.406000,1.10868,1.10865,2210000,1690000
2020-01-23 12:56:45.609000,1.10868,1.10866,1460000,100000
2020-01-23 12:56:47.680000,1.10868,1.10867,750000,750000
2020-01-23 12:56:47.781000,1.10869,1.10867,2810000,750000
2020-01-23 12:56:49.149000,1.10868,1.10867,100000,750000
2020-01-23 12:56:49.250000,1.10869,1.10867,2320000,750000
2020-01-23 12:56:53.206000,1.10869,1.10868,940000,750000
2020-01-23 12:56:54.073000,1.10869,1.10867,940000,2250000
2020-01-23 12:56:54.278000,1.10869,1.10868,940000,190000
2020-01-23 12:56:56.502000,1.10869,1.10867,1310000,750000
2020-01-23 12:56:57.197000,1.10866,1.10865,940000,3000000
2020-01-23 12:56:57.298000,1.10865,1.10864,750000,1500000
2020-01-23 12:56:57.492000,1.10865,1.10863,1760000,1500000
2020-01-23 12:56:58.041000,1.10866,1.10863,3190000,2510000
2020-01-23 12:56:58.556000,1.10866,1.10864,100000,940000
2020-01-23 12:56:58.657000,1.10866,1.10863,1760000,750000
2020-01-23 12:57:00.154000,1.10865,1.10863,1690000,750000
2020-01-23 12:57:00.306000,1.10866,1.10863,4460000,750000
2020-01-23 12:57:00.672000,1.10865,1.10863,750000,1500000
2020-01-23 12:57:01.376000,1.10864,1.10863,190000,1500000
2020-01-23 12:57:01.481000,1.10865,1.10863,3190000,1500000
2020-01-23 12:57:01.582000,1.10865,1.10864,750000,100000
2020-01-23 12:57:01.835000,1.10865,1.10863,1690000,2250000
2020-01-23 12:57:07.213000,1.10864,1.10863,750000,1500000
2020-01-23 12:57:09.310000,1.10863,1.10862,100000,1500000
2020-01-23 12:57:09.411000,1.10861,1.1086,2890000,1310000
2020-01-23 12:57:09.513000,1.1086,1.10858,1500000,3000000
2020-01-23 12:57:13.248000,1.10859,1.10858,750000,750000
2020-01-23 12:57:13.350000,1.10858,1.10857,750000,1500000
2020-01-23 12:57:13.401000,1.10859,1.10855,6940000,4390000
2020-01-23 12:57:13.502000,1.10859,1.10856,4950000,1310000
2020-01-23 12:57:13.604000,1.10859,1.10855,5020000,3070000
2020-01-23 12:57:14.047000,1.10859,1.10856,4010000,1120000
2020-01-23 12:57:15.637000,1.10858,1.10856,820000,370000
2020-01-23 12:57:16.323000,1.10858,1.10855,100000,5510000
2020-01-23 12:57:16.608000,1.10858,1.10856,100000,940000
2020-01-23 12:57:17.143000,1.10858,1.10855,100000,4010000
2020-01-23 12:57:17.245000,1.10857,1.10855,1500000,3190000
2020-01-23 12:57:17.346000,1.10858,1.10856,1500000,750000
2020-01-23 12:57:21.179000,1.10859,1.10856,5250000,2250000
2020-01-23 12:57:21.229000,1.10859,1.10857,2250000,750000
2020-01-23 12:57:21.331000,1.10861,1.10859,2250000,4690000
2020-01-23 12:57:21.382000,1.10862,1.1086,2440000,3600000
2020-01-23 12:57:21.484000,1.10862,1.10861,190000,750000
2020-01-23 12:57:21.535000,1.10864,1.10861,6410000,750000
2020-01-23 12:57:21.739000,1.10863,1.10861,750000,750000
2020-01-23 12:57:21.790000,1.10862,1.1086,750000,3560000
2020-01-23 12:57:21.895000,1.10862,1.1086,750000,750000
2020-01-23 12:57:22.151000,1.10863,1.10861,2620000,3370000
2020-01-23 12:57:22.253000,1.10864,1.10861,940000,1760000
2020-01-23 12:57:22.909000,1.10863,1.10861,750000,750000
2020-01-23 12:57:23.010000,1.10863,1.1086,2320000,3000000
2020-01-23 12:57:23.264000,1.10864,1.1086,3260000,4390000
2020-01-23 12:57:23.365000,1.10864,1.10861,4500000,1310000
2020-01-23 12:57:24.281000,1.10864,1.10862,4500000,750000
2020-01-23 12:57:25.919000,1.10864,1.10863,3190000,750000
2020-01-23 12:57:26.427000,1.10865,1.10863,750000,2250000
2020-01-23 12:57:26.528000,1.10865,1.10864,750000,1500000
2020-01-23 12:57:26.630000,1.10868,1.10867,1010000,2250000
2020-01-23 12:57:26.936000,1.10869,1.10867,1310000,750000
2020-01-23 12:57:27.290000,1.10868,1.10867,560000,750000
2020-01-23 12:57:27.668000,1.10869,1.10868,560000,750000
2020-01-23 12:57:27.718000,1.1087,1.10868,1200000,750000
2020-01-23 12:57:27.971000,1.10869,1.10868,1690000,2250000
2020-01-23 12:57:30.677000,1.1087,1.10868,1570000,1500000
2020-01-23 12:57:31.468000,1.10872,1.1087,2620000,2620000
2020-01-23 12:57:31.580000,1.10872,1.10871,190000,1500000
2020-01-23 12:57:31.682000,1.10873,1.10871,1870000,190000
2020-01-23 12:57:34.918000,1.10874,1.10871,6450000,190000
2020-01-23 12:57:35.499000,1.10873,1.1087,750000,2890000
2020-01-23 12:57:35.654000,1.10874,1.1087,3640000,2140000
2020-01-23 12:57:36.014000,1.10874,1.10871,4390000,750000
2020-01-23 12:57:36.466000,1.10873,1.10871,850000,750000
2020-01-23 12:57:36.700000,1.10874,1.10871,6550000,1310000
2020-01-23 12:57:37.134000,1.10873,1.1087,1500000,2250000
2020-01-23 12:57:38.052000,1.10874,1.10872,1500000,2250000
2020-01-23 12:57:38.153000,1.10875,1.10872,4310000,2890000
2020-01-23 12:57:38.255000,1.10875,1.10871,4910000,3450000
2020-01-23 12:57:38.933000,1.10875,1.10872,3260000,100000
2020-01-23 12:57:39.236000,1.10875,1.10871,3260000,820000
2020-01-23 12:57:40.953000,1.10875,1.10873,1310000,100000
2020-01-23 12:57:41.055000,1.10876,1.10874,2540000,1120000
2020-01-23 12:57:41.905000,1.10876,1.10875,2350000,940000
2020-01-23 12:57:42.007000,1.10877,1.10876,2350000,3750000
2020-01-23 12:57:43.039000,1.10876,1.10874,2350000,4200000
2020-01-23 12:57:43.468000,1.10876,1.10875,2350000,370000
2020-01-23 12:57:44.127000,1.10877,1.10875,2250000,370000
2020-01-23 12:57:45.302000,1.10876,1.10875,750000,450000
2020-01-23 12:57:45.505000,1.10877,1.10874,750000,2020000
2020-01-23 12:57:45.606000,1.10877,1.10875,2250000,750000
2020-01-23 12:57:49.918000,1.10877,1.10874,750000,3450000
2020-01-23 12:57:50.993000,1.10877,1.10875,1500000,750000
2020-01-23 12:57:53.186000,1.10877,1.10874,750000,2700000
2020-01-23 12:57:53.842000,1.10874,1.10873,2250000,2510000
2020-01-23 12:57:53.944000,1.10873,1.10872,1500000,1500000
2020-01-23 12:57:54.046000,1.10874,1.10871,3940000,750000
2020-01-23 12:57:54.147000,1.10874,1.10872,4010000,1500000
2020-01-23 12:57:54.295000,1.10873,1.10872,750000,1500000
2020-01-23 12:57:54.497000,1.10874,1.10872,4690000,750000
2020-01-23 12:57:54.750000,1.10874,1.10871,3000000,1310000
2020-01-23 12:57:55.597000,1.10873,1.10871,370000,370000
2020-01-23 12:57:55.872000,1.10873,1.1087,1120000,5320000
2020-01-23 12:57:56.467000,1.10873,1.10871,750000,750000
2020-01-23 12:57:56.568000,1.10873,1.1087,750000,4570000
2020-01-23 12:57:56.878000,1.10874,1.1087,5810000,1950000
2020-01-23 12:57:57.122000,1.10873,1.1087,750000,3640000
2020-01-23 12:57:58.032000,1.10872,1.1087,750000,1870000
2020-01-23 12:57:58.184000,1.10873,1.1087,3000000,3370000
2020-01-23 12:57:59.868000,1.10871,1.1087,1500000,1870000
2020-01-23 12:58:00.243000,1.10872,1.1087,3000000,1120000
2020-01-23 12:58:01.282000,1.10871,1.1087,750000,1120000
2020-01-23 12:58:02.126000,1.1087,1.10869,750000,2810000
2020-01-23 12:58:02.481000,1.1087,1.10868,750000,2770000
2020-01-23 12:58:02.593000,1.10871,1.10869,750000,3000000
2020-01-23 12:58:02.694000,1.10872,1.1087,820000,750000
2020-01-23 12:58:03.878000,1.10872,1.10871,750000,750000
2020-01-23 12:58:04.251000,1.10873,1.10871,2250000,750000
2020-01-23 12:58:04.302000,1.10874,1.10873,2250000,750000
2020-01-23 12:58:04.403000,1.10874,1.10872,1500000,3070000
2020-01-23 12:58:05.613000,1.10876,1.10875,2620000,2250000
2020-01-23 12:58:05.765000,1.10876,1.10874,750000,1570000
2020-01-23 12:58:05.867000,1.10876,1.10873,750000,7390000
2020-01-23 12:58:05.968000,1.10876,1.10875,750000,750000
2020-01-23 12:58:06.070000,1.10877,1.10875,1500000,1690000
2020-01-23 12:58:06.225000,1.10877,1.10876,1500000,750000
2020-01-23 12:58:06.377000,1.10877,1.10875,750000,1690000
2020-01-23 12:58:07.152000,1.10877,1.10874,940000,3260000
2020-01-23 12:58:07.304000,1.10877,1.10875,1690000,1500000
2020-01-23 12:58:09.487000,1.10877,1.10874,940000,1390000
2020-01-23 12:58:10.385000,1.10875,1.10874,2440000,1310000
2020-01-23 12:58:10.487000,1.10874,1.10871,2250000,2620000
2020-01-23 12:58:10.720000,1.10874,1.10872,3000000,1500000
2020-01-23 12:58:12.220000,1.10873,1.10871,100000,750000
2020-01-23 12:58:12.321000,1.10874,1.10871,9260000,750000
2020-01-23 12:58:14.386000,1.10873,1.10871,750000,1500000
2020-01-23 12:58:15.939000,1.10874,1.10871,3940000,750000
2020-01-23 12:58:17.167000,1.10873,1.10871,750000,750000
2020-01-23 12:58:18.068000,1.10871,1.1087,940000,100000
2020-01-23 12:58:18.169000,1.10869,1.10868,370000,560000
2020-01-23 12:58:18.415000,1.10872,1.1087,5060000,750000
2020-01-23 12:58:19.360000,1.10873,1.10871,1870000,750000
2020-01-23 12:58:19.461000,1.10872,1.10871,370000,750000
2020-01-23 12:58:20.015000,1.10874,1.10872,750000,3000000
2020-01-23 12:58:20.130000,1.10874,1.10873,750000,750000
2020-01-23 12:58:20.181000,1.10874,1.10871,3070000,4650000
2020-01-23 12:58:20.634000,1.10874,1.10872,3260000,750000
2020-01-23 12:58:22.239000,1.10874,1.10871,3260000,1760000
2020-01-23 12:58:22.341000,1.10873,1.10871,750000,820000
2020-01-23 12:58:22.543000,1.10874,1.10871,1570000,1570000
2020-01-23 12:58:24.561000,1.10874,1.10872,1570000,370000
2020-01-23 12:58:24.662000,1.10873,1.10871,750000,2250000
2020-01-23 12:58:26.120000,1.10873,1.1087,750000,6190000
2020-01-23 12:58:27.187000,1.10872,1.10871,750000,750000
2020-01-23 12:58:27.238000,1.1087,1.10868,750000,4840000
2020-01-23 12:58:27.339000,1.1087,1.10867,2440000,2250000
2020-01-23 12:58:27.566000,1.1087,1.10868,1690000,750000
2020-01-23 12:58:27.667000,1.10871,1.10869,3940000,190000
2020-01-23 12:58:27.973000,1.10872,1.1087,1570000,750000
2020-01-23 12:58:28.126000,1.10873,1.1087,1500000,4870000
2020-01-23 12:58:28.329000,1.10873,1.10871,750000,750000
2020-01-23 12:58:30.074000,1.10874,1.10871,2250000,750000
2020-01-23 12:58:30.484000,1.10874,1.10872,1500000,370000
2020-01-23 12:58:31.091000,1.10874,1.1087,1500000,6520000
2020-01-23 12:58:31.193000,1.10874,1.10871,3750000,750000
2020-01-23 12:58:31.576000,1.10874,1.1087,1500000,6070000
2020-01-23 12:58:33.963000,1.10874,1.10871,2250000,560000
2020-01-23 12:58:35.805000,1.10874,1.1087,3450000,9900000
2020-01-23 12:58:35.907000,1.10873,1.1087,190000,7570000
2020-01-23 12:58:36.669000,1.10869,1.10868,2250000,2700000
2020-01-23 12:58:36.720000,1.10869,1.10867,750000,5060000
2020-01-23 12:58:36.974000,1.10869,1.10868,2250000,750000
2020-01-23 12:58:37.075000,1.10869,1.10867,750000,1120000
2020-01-23 12:58:37.176000,1.10869,1.10866,3000000,1390000
2020-01-23 12:58:37.278000,1.10867,1.10865,750000,1870000
2020-01-23 12:58:37.920000,1.10868,1.10865,3000000,4020000
2020-01-23 12:58:38.060000,1.10866,1.10865,750000,1120000
2020-01-23 12:58:38.161000,1.10867,1.10865,1570000,1870000
2020-01-23 12:58:38.263000,1.10867,1.10866,750000,1310000
2020-01-23 12:58:40.167000,1.10867,1.10865,750000,1690000
2020-01-23 12:58:40.959000,1.10868,1.10865,750000,3370000
2020-01-23 12:58:41.227000,1.10868,1.10866,1500000,940000
2020-01-23 12:58:42.208000,1.10867,1.10865,370000,750000
2020-01-23 12:58:42.515000,1.10868,1.10865,2250000,560000
2020-01-23 12:58:42.616000,1.10866,1.10864,3750000,1600000
2020-01-23 12:58:42.668000,1.10866,1.10863,5510000,370000
2020-01-23 12:58:42.770000,1.10864,1.10861,750000,4950000
2020-01-23 12:58:42.871000,1.10864,1.10863,940000,750000
2020-01-23 12:58:42.973000,1.10864,1.10862,940000,3000000
2020-01-23 12:58:43.074000,1.10866,1.10864,750000,1870000
2020-01-23 12:58:43.177000,1.10866,1.10865,750000,750000
2020-01-23 12:58:43.321000,1.10868,1.10865,2440000,1690000
2020-01-23 12:58:46.879000,1.10868,1.10866,750000,750000
2020-01-23 12:58:47.206000,1.10868,1.10865,750000,2440000
2020-01-23 12:58:48.513000,1.10869,1.10865,1690000,3560000
2020-01-23 12:58:48.825000,1.10868,1.10865,370000,3560000
2020-01-23 12:58:49.187000,1.10868,1.10866,370000,560000
2020-01-23 12:58:49.504000,1.10869,1.10866,1690000,560000
2020-01-23 12:58:50.757000,1.10868,1.10865,750000,4120000
2020-01-23 12:58:50.859000,1.10867,1.10866,750000,1500000
2020-01-23 12:58:50.961000,1.10868,1.10866,3070000,2440000
2020-01-23 12:58:53.912000,1.10867,1.10866,750000,750000
2020-01-23 12:58:54.314000,1.10868,1.10866,2250000,750000
2020-01-23 12:58:59.190000,1.10868,1.10865,7950000,1500000
2020-01-23 12:58:59.291000,1.10867,1.10865,450000,750000
2020-01-23 12:59:02.223000,1.10866,1.10865,450000,750000
2020-01-23 12:59:02.444000,1.10867,1.10865,1760000,1500000
2020-01-23 12:59:03.156000,1.10868,1.10866,2140000,190000
2020-01-23 12:59:05.072000,1.1087,1.10867,2320000,750000
2020-01-23 12:59:05.173000,1.10872,1.10868,4650000,940000
2020-01-23 12:59:05.225000,1.1087,1.10868,750000,1120000
2020-01-23 12:59:06.410000,1.10871,1.10868,3150000,1500000
2020-01-23 12:59:07.112000,1.10869,1.10868,1010000,750000
2020-01-23 12:59:07.214000,1.10869,1.10867,2210000,750000
2020-01-23 12:59:07.722000,1.10868,1.10867,750000,750000
2020-01-23 12:59:07.824000,1.10868,1.10866,750000,2440000
2020-01-23 12:59:07.925000,1.10869,1.10866,3340000,2440000
2020-01-23 12:59:12.238000,1.10868,1.10866,3820000,2250000
2020-01-23 12:59:13.445000,1.10867,1.10866,450000,1500000
2020-01-23 12:59:15.061000,1.10868,1.10866,1200000,1500000
2020-01-23 12:59:15.427000,1.10867,1.10866,450000,1500000
2020-01-23 12:59:16.687000,1.10868,1.10866,1570000,750000
2020-01-23 12:59:16.917000,1.10868,1.10865,820000,4310000
2020-01-23 12:59:17.516000,1.10867,1.10865,450000,3000000
2020-01-23 12:59:17.856000,1.10868,1.10865,2400000,3000000
2020-01-23 12:59:18.354000,1.10867,1.10865,450000,3000000
2020-01-23 12:59:18.736000,1.10868,1.10865,1650000,3000000
2020-01-23 12:59:19.803000,1.10867,1.10865,100000,2250000
2020-01-23 12:59:21.773000,1.10867,1.10864,4090000,3750000
2020-01-23 12:59:21.875000,1.10865,1.10864,750000,1500000
2020-01-23 12:59:22.028000,1.10866,1.10863,2890000,1500000
2020-01-23 12:59:22.129000,1.10864,1.10862,450000,5620000
2020-01-23 12:59:22.231000,1.10864,1.10863,450000,750000
2020-01-23 12:59:24.767000,1.10864,1.10862,1200000,750000
2020-01-23 12:59:25.458000,1.10863,1.10862,750000,750000
2020-01-23 12:59:25.559000,1.10863,1.10861,750000,750000
2020-01-23 12:59:26.027000,1.1086,1.10859,1500000,1500000
2020-01-23 12:59:26.077000,1.1086,1.10857,3940000,2060000
2020-01-23 12:59:26.179000,1.10859,1.10857,750000,1690000
2020-01-23 12:59:26.280000,1.10859,1.10856,2250000,2250000
2020-01-23 12:59:26.381000,1.10858,1.10856,750000,1500000
2020-01-23 12:59:27.168000,1.10857,1.10855,3000000,1500000
2020-01-23 12:59:27.758000,1.10855,1.10854,750000,1120000
2020-01-23 12:59:27.860000,1.10855,1.10853,2250000,750000
2020-01-23 12:59:27.962000,1.10854,1.10853,450000,750000
2020-01-23 12:59:28.113000,1.10855,1.10853,4090000,750000
2020-01-23 12:59:28.232000,1.10856,1.10853,1500000,1870000
2020-01-23 12:59:28.384000,1.10855,1.10853,1950000,1500000
2020-01-23 12:59:28.485000,1.10854,1.10852,450000,1500000
2020-01-23 12:59:29.216000,1.10854,1.10851,1950000,3370000
2020-01-23 12:59:30.229000,1.10854,1.10852,1950000,750000
2020-01-23 12:59:32.189000,1.10854,1.10851,1950000,3000000
2020-01-23 12:59:32.290000,1.10853,1.10851,2100000,750000
2020-01-23 12:59:33.015000,1.10851,1.1085,750000,2250000
2020-01-23 12:59:33.067000,1.1085,1.10849,750000,750000
2020-01-23 12:59:33.169000,1.10849,1.10848,2620000,750000
2020-01-23 12:59:33.220000,1.10849,1.10847,3600000,940000
2020-01-23 12:59:33.322000,1.10848,1.10845,820000,5440000
2020-01-23 12:59:33.441000,1.10848,1.10846,750000,1500000
2020-01-23 12:59:35.296000,1.10849,1.10846,750000,6940000
2020-01-23 12:59:35.397000,1.1085,1.10846,5210000,2250000
2020-01-23 12:59:35.717000,1.10849,1.10846,450000,750000
2020-01-23 12:59:36.984000,1.1085,1.10846,450000,5440000
2020-01-23 12:59:37.049000,1.1085,1.10849,450000,750000
2020-01-23 12:59:37.151000,1.10851,1.10849,1390000,750000
2020-01-23 12:59:37.836000,1.1085,1.10849,750000,750000
2020-01-23 12:59:38.138000,1.10851,1.10849,1200000,3000000
2020-01-23 12:59:38.290000,1.1085,1.10849,1120000,1500000
2020-01-23 12:59:40.397000,1.10851,1.10849,2140000,750000
2020-01-23 12:59:40.827000,1.10851,1.10849,450000,1690000
2020-01-23 12:59:40.878000,1.10853,1.10851,4860000,750000
2020-01-23 12:59:40.980000,1.10852,1.10851,120000,1500000
2020-01-23 12:59:41.768000,1.10853,1.10851,2040000,750000
2020-01-23 12:59:42.221000,1.10852,1.1085,1590000,3940000
2020-01-23 12:59:42.373000,1.10851,1.1085,1010000,750000
2020-01-23 12:59:42.895000,1.10851,1.10849,450000,1380000
2020-01-23 12:59:43.382000,1.10852,1.10851,1200000,750000
2020-01-23 12:59:44.808000,1.10854,1.10851,4500000,2510000
2020-01-23 12:59:47.237000,1.10853,1.10851,450000,750000
2020-01-23 12:59:47.339000,1.10854,1.10851,4200000,1500000
2020-01-23 12:59:48.374000,1.10851,1.10849,750000,2060000
2020-01-23 12:59:48.526000,1.10849,1.10847,1500000,1500000
2020-01-23 12:59:48.729000,1.10848,1.10846,560000,1500000
2020-01-23 12:59:48.903000,1.10849,1.10846,2700000,1500000
2020-01-23 12:59:49.004000,1.10848,1.10846,560000,1500000
2020-01-23 12:59:49.157000,1.10849,1.10846,2700000,1500000
2020-01-23 12:59:49.309000,1.10849,1.10845,5020000,2440000
2020-01-23 12:59:49.425000,1.10848,1.10845,750000,2440000
2020-01-23 12:59:49.526000,1.10849,1.10845,5590000,1690000
2020-01-23 12:59:49.675000,1.10848,1.10846,750000,370000
2020-01-23 12:59:51.365000,1.10849,1.10846,3150000,2250000
2020-01-23 12:59:51.518000,1.10848,1.10846,560000,2250000
2020-01-23 12:59:51.623000,1.10849,1.10846,4460000,2250000
2020-01-23 12:59:52.226000,1.10848,1.10846,1200000,2250000
2020-01-23 12:59:52.328000,1.10846,1.10845,750000,750000
2020-01-23 12:59:52.429000,1.10846,1.10844,1200000,2320000
2020-01-23 12:59:53.389000,1.10847,1.10844,820000,1760000
2020-01-23 12:59:54.294000,1.10847,1.10845,1500000,190000
2020-01-23 12:59:54.447000,1.10848,1.10845,1500000,2440000
2020-01-23 12:59:57.344000,1.10848,1.10844,1500000,4570000
2020-01-23 12:59:57.476000,1.10848,1.10845,3750000,750000
2020-01-23 12:59:57.944000,1.10847,1.10845,450000,750000
2020-01-23 13:00:00.108000,1.10846,1.10845,450000,1500000
