time,ask,bid,ask_volume,bid_volume
2017-02-02 13:25:00.170000,1.08135,1.08133,1500000,1870000
2017-02-02 13:25:00.272000,1.08135,1.08134,1500000,1120000
2017-02-02 13:25:00.779000,1.08134,1.08133,1500000,1000000
2017-02-02 13:25:01.403000,1.08132,1.08131,1500000,4500000
2017-02-02 13:25:01.454000,1.08132,1.08131,2250000,1000000
2017-02-02 13:25:01.952000,1.08133,1.08132,2250000,1500000
2017-02-02 13:25:03.607000,1.08134,1.08132,1000000,4350000
2017-02-02 13:25:03.709000,1.08132,1.08129,1500000,12370000
2017-02-02 13:25:03.862000,1.0813,1.08128,4310000,2620000
2017-02-02 13:25:04.384000,1.0813,1.08128,3190000,1500000
2017-02-02 13:25:04.907000,1.0813,1.08129,1120000,1000000
2017-02-02 13:25:06.006000,1.08131,1.08129,2250000,1000000
2017-02-02 13:25:06.566000,1.0813,1.08128,3370000,1500000
2017-02-02 13:25:06.620000,1.08131,1.0813,1000000,2250000
2017-02-02 13:25:06.671000,1.08133,1.08131,3370000,1000000
2017-02-02 13:25:06.975000,1.08133,1.08132,2620000,1000000
2017-02-02 13:25:07.141000,1.08132,1.0813,1120000,1690000
2017-02-02 13:25:07.402000,1.08129,1.08127,3370000,1000000
2017-02-02 13:25:07.504000,1.08129,1.08125,3370000,3370000
2017-02-02 13:25:07.555000,1.08127,1.08125,1000000,3370000
2017-02-02 13:25:08.096000,1.08128,1.08126,1500000,1000000
2017-02-02 13:25:08.587000,1.08126,1.08124,2500000,6000000
2017-02-02 13:25:08.791000,1.08124,1.08121,1500000,1870000
2017-02-02 13:25:08.894000,1.08122,1.08121,1000000,1120000
2017-02-02 13:25:09.397000,1.08123,1.0812,1000000,7500000
2017-02-02 13:25:09.905000,1.08124,1.0812,4310000,10500000
2017-02-02 13:25:11.649000,1.08125,1.08124,2250000,3370000
2017-02-02 13:25:11.801000,1.08127,1.08124,2250000,3370000
2017-02-02 13:25:11.954000,1.08128,1.08126,4120000,1000000
2017-02-02 13:25:12.129000,1.08128,1.08125,3370000,2620000
2017-02-02 13:25:12.534000,1.08126,1.08124,1000000,1500000
2017-02-02 13:25:12.636000,1.08125,1.08123,1870000,1000000
2017-02-02 13:25:13.142000,1.08125,1.08121,4120000,4500000
2017-02-02 13:25:13.490000,1.08123,1.08121,1000000,4120000
2017-02-02 13:25:13.769000,1.08121,1.08118,6000000,1120000
2017-02-02 13:25:14.285000,1.0812,1.08117,1000000,4500000
2017-02-02 13:25:18.066000,1.0812,1.08118,1000000,2250000
2017-02-02 13:25:18.270000,1.08121,1.0812,1120000,3000000
2017-02-02 13:25:18.444000,1.08124,1.08123,1000000,8250000
2017-02-02 13:25:18.495000,1.08126,1.08125,1000000,2250000
2017-02-02 13:25:18.597000,1.08129,1.08126,6560000,3750000
2017-02-02 13:25:19.103000,1.08129,1.08127,1250000,1120000
2017-02-02 13:25:19.622000,1.0813,1.08129,1000000,4500000
2017-02-02 13:25:19.813000,1.08132,1.0813,1500000,4500000
2017-02-02 13:25:20.319000,1.08134,1.08131,3940000,2250000
2017-02-02 13:25:20.827000,1.08135,1.08133,2620000,2120000
2017-02-02 13:25:20.929000,1.08136,1.08134,3750000,1000000
2017-02-02 13:25:21.625000,1.08135,1.08134,1000000,1870000
2017-02-02 13:25:21.677000,1.08138,1.08135,7120000,1500000
2017-02-02 13:25:21.778000,1.08135,1.08134,1500000,1500000
2017-02-02 13:25:22.132000,1.08136,1.08133,3370000,6000000
2017-02-02 13:25:22.234000,1.08136,1.08135,1870000,1000000
2017-02-02 13:25:22.742000,1.08138,1.08135,3750000,3370000
2017-02-02 13:25:23.249000,1.08137,1.08134,3370000,4120000
2017-02-02 13:25:23.876000,1.08136,1.08134,3000000,4120000
2017-02-02 13:25:24.711000,1.08135,1.08134,1500000,2620000
2017-02-02 13:25:25.218000,1.08136,1.08134,2250000,2620000
2017-02-02 13:25:25.724000,1.08138,1.08135,6000000,1000000
2017-02-02 13:25:26.256000,1.08138,1.08135,2250000,4120000
2017-02-02 13:25:27.034000,1.08136,1.08134,1870000,3370000
2017-02-02 13:25:27.237000,1.08135,1.08132,3000000,5620000
2017-02-02 13:25:27.426000,1.08133,1.0813,1000000,3370000
2017-02-02 13:25:27.933000,1.08135,1.08131,5250000,4500000
2017-02-02 13:25:28.439000,1.08134,1.08131,1000000,5250000
2017-02-02 13:25:28.954000,1.08133,1.08131,2250000,1370000
2017-02-02 13:25:29.484000,1.08133,1.0813,2250000,5620000
2017-02-02 13:25:30.025000,1.08133,1.08131,1000000,4870000
2017-02-02 13:25:32.905000,1.08133,1.0813,3000000,1240000
2017-02-02 13:25:33.410000,1.08132,1.08129,1500000,4870000
2017-02-02 13:25:33.663000,1.08133,1.08132,1500000,1000000
2017-02-02 13:25:34.213000,1.08134,1.08131,1000000,3490000
2017-02-02 13:25:34.725000,1.08135,1.08131,6370000,4240000
2017-02-02 13:25:35.262000,1.08135,1.08131,6000000,6110000
2017-02-02 13:25:36.136000,1.08134,1.08131,1000000,5250000
2017-02-02 13:25:37.055000,1.08135,1.08132,5250000,1870000
2017-02-02 13:25:43.627000,1.08135,1.08132,5250000,1500000
2017-02-02 13:25:44.133000,1.08136,1.08134,1120000,3490000
2017-02-02 13:25:44.460000,1.08137,1.08136,1120000,2620000
2017-02-02 13:25:44.593000,1.08136,1.08135,1000000,1000000
2017-02-02 13:25:45.201000,1.08135,1.08134,1120000,1500000
2017-02-02 13:25:45.353000,1.08135,1.08132,1870000,1500000
2017-02-02 13:25:46.251000,1.08135,1.08131,4120000,3490000
2017-02-02 13:25:47.447000,1.08134,1.08131,1000000,3670000
2017-02-02 13:25:47.498000,1.08133,1.08131,1000000,2920000
2017-02-02 13:25:47.702000,1.08131,1.08128,5440000,1120000
2017-02-02 13:25:48.925000,1.08129,1.08128,1000000,1050000
2017-02-02 13:25:49.229000,1.08127,1.08126,1000000,1760000
2017-02-02 13:25:49.381000,1.08127,1.08125,1000000,6000000
2017-02-02 13:25:49.939000,1.08127,1.08126,1000000,1000000
2017-02-02 13:25:51.122000,1.08128,1.08126,1500000,1000000
2017-02-02 13:25:52.175000,1.08129,1.08128,1000000,1000000
2017-02-02 13:25:52.277000,1.08132,1.0813,2250000,6000000
2017-02-02 13:25:52.834000,1.08132,1.08131,1500000,1000000
2017-02-02 13:25:54.236000,1.08133,1.08131,1000000,1870000
2017-02-02 13:25:54.744000,1.08133,1.08131,1000000,2620000
2017-02-02 13:25:55.271000,1.08131,1.0813,1500000,5550000
2017-02-02 13:25:55.424000,1.08129,1.08128,1500000,1120000
2017-02-02 13:25:55.476000,1.08129,1.08126,1500000,2620000
2017-02-02 13:25:55.578000,1.08128,1.08126,1000000,1000000
2017-02-02 13:25:56.084000,1.08129,1.08126,1500000,1000000
2017-02-02 13:25:56.632000,1.08128,1.08126,1000000,1000000
2017-02-02 13:25:57.223000,1.08129,1.08126,1000000,1000000
2017-02-02 13:25:58.754000,1.0813,1.08126,4690000,1500000
2017-02-02 13:25:59.227000,1.08127,1.08126,1500000,1000000
2017-02-02 13:25:59.684000,1.08129,1.08126,8060000,1120000
2017-02-02 13:25:59.956000,1.08127,1.08125,2620000,3750000
2017-02-02 13:26:00.008000,1.08126,1.08123,1000000,2250000
2017-02-02 13:26:01.411000,1.08127,1.08123,2440000,2250000
2017-02-02 13:26:01.743000,1.08125,1.08123,1500000,1500000
2017-02-02 13:26:01.906000,1.08123,1.08121,1000000,1000000
2017-02-02 13:26:01.957000,1.08125,1.08124,4870000,1000000
2017-02-02 13:26:02.109000,1.08127,1.08125,1000000,3000000
2017-02-02 13:26:02.647000,1.0813,1.08126,4120000,2740000
2017-02-02 13:26:02.748000,1.08131,1.08129,4120000,2620000
2017-02-02 13:26:02.900000,1.08132,1.08131,1000000,1000000
2017-02-02 13:26:03.306000,1.08134,1.08131,1000000,1300000
2017-02-02 13:26:03.845000,1.08135,1.08131,4500000,3750000
2017-02-02 13:26:04.629000,1.0813,1.08129,1120000,6750000
2017-02-02 13:26:04.680000,1.0813,1.08129,1120000,2250000
2017-02-02 13:26:04.782000,1.0813,1.08128,5620000,1500000
2017-02-02 13:26:04.934000,1.08129,1.08126,1000000,2440000
2017-02-02 13:26:05.467000,1.08128,1.08126,1000000,1000000
2017-02-02 13:26:06.362000,1.08128,1.08125,1000000,9000000
2017-02-02 13:26:06.912000,1.08128,1.08126,1000000,3000000
2017-02-02 13:26:07.446000,1.08128,1.08127,1000000,1000000
2017-02-02 13:26:07.599000,1.08128,1.08124,6000000,15000000
2017-02-02 13:26:07.701000,1.08125,1.08124,1870000,1500000
2017-02-02 13:26:07.954000,1.08127,1.08126,4870000,2250000
2017-02-02 13:26:08.006000,1.08129,1.08127,3370000,3820000
2017-02-02 13:26:08.158000,1.08131,1.0813,2250000,1000000
2017-02-02 13:26:08.209000,1.08132,1.0813,3370000,1000000
2017-02-02 13:26:10.600000,1.08131,1.08129,1500000,3750000
2017-02-02 13:26:10.803000,1.08129,1.08127,1000000,2620000
2017-02-02 13:26:11.056000,1.08129,1.08125,3750000,8620000
2017-02-02 13:26:11.157000,1.08127,1.08125,1500000,3370000
2017-02-02 13:26:11.689000,1.08127,1.08125,1500000,1500000
2017-02-02 13:26:12.277000,1.08128,1.08125,1000000,1870000
2017-02-02 13:26:12.847000,1.08127,1.08125,1000000,1870000
2017-02-02 13:26:13.362000,1.08128,1.08126,1000000,1120000
2017-02-02 13:26:14.038000,1.08129,1.08126,2250000,1120000
2017-02-02 13:26:14.392000,1.0813,1.08128,3370000,1000000
2017-02-02 13:26:14.916000,1.0813,1.08127,1500000,2620000
2017-02-02 13:26:16.116000,1.08129,1.08127,1000000,1870000
2017-02-02 13:26:16.420000,1.08128,1.08125,6000000,2620000
2017-02-02 13:26:16.752000,1.08124,1.08122,1500000,4500000
2017-02-02 13:26:16.912000,1.08124,1.08121,1760000,3000000
2017-02-02 13:26:19.078000,1.08125,1.08123,1690000,1000000
2017-02-02 13:26:19.383000,1.08131,1.0813,1500000,4500000
2017-02-02 13:26:19.535000,1.08133,1.08132,1500000,1500000
2017-02-02 13:26:19.586000,1.08131,1.0813,3370000,2250000
2017-02-02 13:26:19.637000,1.0813,1.08129,3000000,2250000
2017-02-02 13:26:19.790000,1.08129,1.08127,1500000,1500000
2017-02-02 13:26:20.308000,1.08128,1.08126,1500000,1870000
2017-02-02 13:26:20.813000,1.08129,1.08126,1500000,1500000
2017-02-02 13:26:21.396000,1.08128,1.08126,1690000,1000000
2017-02-02 13:26:21.581000,1.08127,1.08124,1000000,4500000
2017-02-02 13:26:21.691000,1.08125,1.08123,2500000,7420000
2017-02-02 13:26:21.844000,1.08124,1.08121,1000000,7500000
2017-02-02 13:26:22.374000,1.08124,1.08121,1190000,1500000
2017-02-02 13:26:23.104000,1.08125,1.08123,1310000,1870000
2017-02-02 13:26:23.256000,1.08125,1.08124,1000000,1000000
2017-02-02 13:26:23.509000,1.08124,1.08122,1000000,1500000
2017-02-02 13:26:24.018000,1.08124,1.08121,1250000,1120000
2017-02-02 13:26:24.436000,1.08125,1.08123,2250000,1000000
2017-02-02 13:26:24.842000,1.08124,1.08121,1690000,1120000
2017-02-02 13:26:25.423000,1.08124,1.08121,1190000,1120000
2017-02-02 13:26:26.612000,1.08125,1.08123,2440000,1000000
2017-02-02 13:26:26.663000,1.08125,1.08123,1690000,1000000
2017-02-02 13:26:27.169000,1.08127,1.08123,4690000,1000000
2017-02-02 13:26:27.220000,1.08124,1.08123,1500000,1000000
2017-02-02 13:26:27.372000,1.08124,1.08121,3750000,1870000
2017-02-02 13:26:27.987000,1.08124,1.08121,2700000,1120000
2017-02-02 13:26:28.928000,1.08123,1.0812,2250000,3560000
2017-02-02 13:26:29.797000,1.08123,1.08121,1070000,1000000
2017-02-02 13:26:30.325000,1.08122,1.0812,1100000,3940000
2017-02-02 13:26:31.141000,1.08123,1.0812,1000000,2250000
2017-02-02 13:26:31.682000,1.08123,1.08121,1000000,1500000
2017-02-02 13:26:31.886000,1.08125,1.08122,3370000,2250000
2017-02-02 13:26:32.343000,1.08126,1.08124,9000000,1000000
2017-02-02 13:26:32.729000,1.08124,1.08122,1000000,4120000
2017-02-02 13:26:32.932000,1.08126,1.08125,1120000,1120000
2017-02-02 13:26:33.034000,1.08128,1.08125,2620000,3750000
2017-02-02 13:26:33.541000,1.08128,1.08125,2620000,1000000
2017-02-02 13:26:33.703000,1.08126,1.08125,1000000,1000000
2017-02-02 13:26:33.986000,1.08125,1.08123,3000000,1000000
2017-02-02 13:26:34.504000,1.08126,1.08123,3370000,2250000
2017-02-02 13:26:35.935000,1.08125,1.08123,1000000,1000000
2017-02-02 13:26:36.441000,1.08126,1.08122,5250000,2740000
2017-02-02 13:26:36.593000,1.08123,1.08121,2250000,1110000
2017-02-02 13:26:36.909000,1.08121,1.08119,1000000,1870000
2017-02-02 13:26:37.379000,1.08123,1.0812,1120000,2250000
2017-02-02 13:26:38.567000,1.08123,1.08121,1000000,1000000
2017-02-02 13:26:39.102000,1.08124,1.08121,1870000,1500000
2017-02-02 13:26:40.616000,1.08125,1.08121,4870000,3820000
2017-02-02 13:26:41.284000,1.08125,1.08122,4870000,1000000
2017-02-02 13:26:41.790000,1.08125,1.08123,3750000,1000000
2017-02-02 13:26:41.993000,1.08124,1.08121,1870000,1870000
2017-02-02 13:26:42.449000,1.08125,1.08123,3370000,1000000
2017-02-02 13:26:42.722000,1.08127,1.08125,6000000,1000000
2017-02-02 13:26:43.228000,1.08127,1.08124,2250000,1000000
2017-02-02 13:26:44.106000,1.08127,1.08125,2250000,1000000
2017-02-02 13:26:44.830000,1.08127,1.08126,1120000,1000000
2017-02-02 13:26:44.982000,1.08129,1.08128,1000000,3750000
2017-02-02 13:26:45.084000,1.08132,1.0813,2250000,2250000
2017-02-02 13:26:45.610000,1.08133,1.0813,2620000,1500000
2017-02-02 13:26:46.150000,1.08133,1.08131,1000000,1000000
2017-02-02 13:26:46.676000,1.08134,1.08131,2620000,1000000
2017-02-02 13:26:47.226000,1.08133,1.08131,1000000,1000000
2017-02-02 13:26:47.387000,1.08131,1.0813,1500000,1870000
2017-02-02 13:26:47.438000,1.08129,1.08128,1500000,1500000
2017-02-02 13:26:47.489000,1.08129,1.08126,1000000,3560000
2017-02-02 13:26:47.793000,1.08127,1.08126,1500000,1120000
2017-02-02 13:26:48.097000,1.08122,1.08121,1500000,1000000
2017-02-02 13:26:48.199000,1.08122,1.08119,3000000,1870000
2017-02-02 13:26:48.402000,1.08123,1.0812,1870000,4690000
2017-02-02 13:26:48.746000,1.08124,1.08122,1120000,1500000
2017-02-02 13:26:49.254000,1.08124,1.08123,1000000,1090000
2017-02-02 13:26:50.059000,1.08124,1.08122,1000000,7270000
2017-02-02 13:26:51.564000,1.08125,1.08122,1590000,1870000
2017-02-02 13:26:52.066000,1.08124,1.08122,1120000,1120000
2017-02-02 13:26:52.594000,1.08124,1.08121,2340000,2810000
2017-02-02 13:26:53.579000,1.08124,1.08122,1090000,1500000
2017-02-02 13:26:53.793000,1.08126,1.08124,1000000,1500000
2017-02-02 13:26:54.303000,1.08127,1.08124,4120000,1000000
2017-02-02 13:26:54.924000,1.08127,1.08125,2620000,1500000
2017-02-02 13:26:55.461000,1.08127,1.08124,1500000,2060000
2017-02-02 13:26:56.166000,1.08128,1.08124,6750000,2810000
2017-02-02 13:26:56.716000,1.08128,1.08125,5250000,1000000
2017-02-02 13:26:57.262000,1.08129,1.08126,2250000,6190000
2017-02-02 13:26:57.313000,1.08129,1.08128,1500000,1120000
2017-02-02 13:26:57.829000,1.0813,1.08129,1000000,1500000
2017-02-02 13:26:58.582000,1.08132,1.0813,2620000,1370000
2017-02-02 13:26:59.124000,1.0813,1.08129,1000000,2810000
2017-02-02 13:27:00.063000,1.08132,1.08131,1870000,1000000
2017-02-02 13:27:00.114000,1.08134,1.08131,3000000,3370000
2017-02-02 13:27:00.620000,1.08132,1.0813,1130000,5620000
2017-02-02 13:27:01.079000,1.08134,1.08131,1500000,1870000
2017-02-02 13:27:01.180000,1.08132,1.08131,1000000,1870000
2017-02-02 13:27:01.789000,1.08133,1.08132,1120000,1500000
2017-02-02 13:27:02.290000,1.08134,1.08133,3000000,1120000
2017-02-02 13:27:02.897000,1.08133,1.08131,1000000,6750000
2017-02-02 13:27:03.086000,1.08131,1.0813,2250000,1480000
2017-02-02 13:27:03.967000,1.0813,1.08129,1500000,2610000
2017-02-02 13:27:04.477000,1.08131,1.08129,9000000,1110000
2017-02-02 13:27:05.095000,1.08131,1.08129,6750000,1110000
2017-02-02 13:27:06.577000,1.08129,1.08128,1000000,1860000
2017-02-02 13:27:07.610000,1.08131,1.08129,1000000,2230000
2017-02-02 13:27:08.117000,1.08131,1.08129,5250000,1420000
2017-02-02 13:27:08.832000,1.08128,1.08127,1000000,1860000
2017-02-02 13:27:10.226000,1.08131,1.08128,7870000,1860000
2017-02-02 13:27:10.800000,1.0813,1.08128,4120000,1500000
2017-02-02 13:27:11.337000,1.08128,1.08127,1500000,2250000
2017-02-02 13:27:11.858000,1.0813,1.08128,4870000,1500000
2017-02-02 13:27:13.228000,1.08128,1.08127,1000000,1500000
2017-02-02 13:27:16.910000,1.08129,1.08128,1000000,1000000
2017-02-02 13:27:17.919000,1.0813,1.08129,1000000,1120000
2017-02-02 13:27:17.970000,1.08132,1.08129,4870000,1870000
2017-02-02 13:27:18.478000,1.08131,1.0813,1000000,2440000
2017-02-02 13:27:19.131000,1.08133,1.08131,5250000,1500000
2017-02-02 13:27:20.115000,1.08131,1.0813,1000000,3190000
2017-02-02 13:27:22.005000,1.08132,1.08131,3750000,1500000
2017-02-02 13:27:24.130000,1.08132,1.08129,1500000,3000000
2017-02-02 13:27:25.627000,1.08131,1.08129,3000000,1500000
2017-02-02 13:27:26.133000,1.08131,1.08128,6000000,2440000
2017-02-02 13:27:27.469000,1.08129,1.08128,1000000,2440000
2017-02-02 13:27:28.008000,1.0813,1.08129,4500000,1000000
2017-02-02 13:27:28.535000,1.08129,1.08128,1500000,1500000
2017-02-02 13:27:31.814000,1.08132,1.08131,3750000,1000000
2017-02-02 13:27:31.865000,1.08132,1.08131,3000000,1120000
2017-02-02 13:27:32.523000,1.08133,1.08131,1000000,1120000
2017-02-02 13:27:32.935000,1.08134,1.08132,3370000,1370000
2017-02-02 13:27:35.536000,1.08135,1.08132,4870000,3000000
2017-02-02 13:27:36.052000,1.08135,1.08132,1500000,3000000
2017-02-02 13:27:36.811000,1.08136,1.08132,3000000,4240000
2017-02-02 13:27:37.319000,1.08135,1.08133,1870000,1500000
2017-02-02 13:27:40.460000,1.08136,1.08133,3000000,1690000
2017-02-02 13:27:41.072000,1.08135,1.08132,1000000,3560000
2017-02-02 13:27:43.493000,1.08136,1.08132,6370000,1750000
2017-02-02 13:27:43.999000,1.08135,1.08132,1000000,1750000
2017-02-02 13:27:45.295000,1.08136,1.08133,4500000,1010000
2017-02-02 13:27:46.043000,1.08136,1.08135,1500000,1000000
2017-02-02 13:27:46.568000,1.08137,1.08134,2250000,1690000
2017-02-02 13:27:47.511000,1.08136,1.08134,1000000,1690000
2017-02-02 13:27:48.013000,1.08135,1.08133,1000000,3190000
2017-02-02 13:27:48.546000,1.08136,1.08133,2620000,3190000
2017-02-02 13:27:51.467000,1.08135,1.08132,1500000,3450000
2017-02-02 13:27:52.099000,1.08135,1.08132,1500000,1000000
2017-02-02 13:27:52.658000,1.08135,1.08131,5250000,6940000
2017-02-02 13:27:53.298000,1.08135,1.08131,3750000,5510000
2017-02-02 13:27:53.805000,1.08135,1.08131,3000000,7690000
2017-02-02 13:27:54.340000,1.08135,1.08131,3000000,4760000
2017-02-02 13:27:54.846000,1.08135,1.08131,4500000,5440000
2017-02-02 13:27:55.656000,1.08135,1.08131,3000000,4760000
2017-02-02 13:27:56.266000,1.08135,1.08131,3000000,6190000
2017-02-02 13:27:56.773000,1.08135,1.08132,3750000,1500000
2017-02-02 13:27:57.330000,1.08133,1.08132,1000000,1100000
2017-02-02 13:27:57.715000,1.08135,1.08132,3750000,1100000
2017-02-02 13:28:00.116000,1.08134,1.08131,6750000,1500000
2017-02-02 13:28:00.320000,1.08135,1.08132,1000000,1950000
2017-02-02 13:28:00.472000,1.08135,1.08132,1870000,1570000
2017-02-02 13:28:00.674000,1.08136,1.08132,3750000,2620000
2017-02-02 13:28:01.124000,1.08136,1.08134,1120000,1500000
2017-02-02 13:28:01.630000,1.08135,1.08134,1000000,2250000
2017-02-02 13:28:04.481000,1.08136,1.08135,1000000,1000000
2017-02-02 13:28:05.010000,1.08135,1.08133,1500000,1370000
2017-02-02 13:28:05.514000,1.08135,1.08133,1500000,2250000
2017-02-02 13:28:06.131000,1.08135,1.08134,1000000,1500000
2017-02-02 13:28:06.648000,1.08135,1.08134,1000000,3940000
2017-02-02 13:28:06.979000,1.08138,1.08136,5250000,1000000
2017-02-02 13:28:07.917000,1.08138,1.08136,3000000,2500000
2017-02-02 13:28:08.069000,1.0814,1.08139,1870000,1500000
2017-02-02 13:28:08.594000,1.0814,1.08138,1120000,3750000
2017-02-02 13:28:08.898000,1.08141,1.0814,1500000,1500000
2017-02-02 13:28:09.203000,1.08142,1.0814,1120000,2250000
2017-02-02 13:28:09.534000,1.08144,1.08142,3750000,1000000
2017-02-02 13:28:10.066000,1.08144,1.08143,1000000,3750000
2017-02-02 13:28:10.118000,1.08146,1.08143,3750000,3750000
2017-02-02 13:28:10.640000,1.08144,1.08143,1000000,1500000
2017-02-02 13:28:11.886000,1.08144,1.08141,1870000,4310000
2017-02-02 13:28:12.401000,1.08142,1.08141,1000000,1500000
2017-02-02 13:28:12.914000,1.08143,1.08141,2620000,1500000
2017-02-02 13:28:13.480000,1.08144,1.08142,1500000,1000000
2017-02-02 13:28:13.953000,1.08145,1.08143,1120000,1500000
2017-02-02 13:28:14.459000,1.08145,1.08142,1120000,1500000
2017-02-02 13:28:16.076000,1.08145,1.08141,4870000,3750000
2017-02-02 13:28:16.599000,1.08145,1.08141,6000000,3000000
2017-02-02 13:28:17.949000,1.08144,1.08142,1500000,1000000
2017-02-02 13:28:18.456000,1.08146,1.08142,5250000,1760000
2017-02-02 13:28:21.669000,1.08142,1.08141,1870000,1870000
2017-02-02 13:28:21.771000,1.08139,1.08138,1000000,1500000
2017-02-02 13:28:22.125000,1.08139,1.08136,1000000,6300000
2017-02-02 13:28:22.695000,1.0814,1.08136,3370000,6300000
2017-02-02 13:28:23.918000,1.08139,1.08136,1000000,9300000
2017-02-02 13:28:24.451000,1.0814,1.08136,1870000,9300000
2017-02-02 13:28:25.947000,1.0814,1.08138,1870000,1500000
2017-02-02 13:28:25.998000,1.08141,1.08139,3370000,1500000
2017-02-02 13:28:26.151000,1.08142,1.08139,3370000,1000000
2017-02-02 13:28:26.966000,1.08142,1.08139,3370000,1610000
2017-02-02 13:28:28.040000,1.08144,1.0814,2620000,5740000
2017-02-02 13:28:28.142000,1.08144,1.0814,3000000,6000000
2017-02-02 13:28:32.450000,1.08143,1.0814,3370000,1000000
2017-02-02 13:28:32.552000,1.08142,1.08139,1370000,2250000
2017-02-02 13:28:34.529000,1.08141,1.08138,1120000,2440000
2017-02-02 13:28:35.837000,1.08141,1.08138,1120000,2550000
2017-02-02 13:28:39.805000,1.08142,1.0814,3000000,1120000
2017-02-02 13:28:39.957000,1.08144,1.0814,5620000,2440000
2017-02-02 13:28:40.463000,1.08144,1.0814,3750000,4310000
2017-02-02 13:28:41.662000,1.08144,1.08141,1120000,2250000
2017-02-02 13:28:45.075000,1.08143,1.08142,1000000,1000000
2017-02-02 13:28:45.957000,1.08144,1.08142,5250000,1000000
2017-02-02 13:28:46.802000,1.08141,1.0814,2250000,2620000
2017-02-02 13:28:46.885000,1.0814,1.08138,3940000,2250000
2017-02-02 13:28:47.088000,1.08139,1.08136,1000000,1000000
2017-02-02 13:28:49.867000,1.08138,1.08136,2250000,1500000
2017-02-02 13:28:52.048000,1.08134,1.08133,1000000,6750000
2017-02-02 13:28:52.150000,1.08135,1.08132,4500000,2060000
2017-02-02 13:28:53.020000,1.08135,1.08131,7500000,3940000
2017-02-02 13:28:53.551000,1.08134,1.08131,1120000,1500000
2017-02-02 13:28:54.057000,1.08135,1.08132,6000000,1000000
2017-02-02 13:28:56.768000,1.08135,1.08131,6750000,1000000
2017-02-02 13:28:57.428000,1.08135,1.08132,2250000,2620000
2017-02-02 13:28:57.580000,1.08135,1.08134,1120000,3000000
2017-02-02 13:28:57.733000,1.08137,1.08135,1500000,1000000
2017-02-02 13:28:57.987000,1.08136,1.08133,4120000,1250000
2017-02-02 13:28:58.333000,1.08135,1.08131,4500000,3640000
2017-02-02 13:28:58.920000,1.08134,1.08131,1000000,2140000
2017-02-02 13:28:59.426000,1.08134,1.08132,1500000,1000000
2017-02-02 13:29:00.111000,1.08134,1.08132,1870000,1000000
2017-02-02 13:29:00.617000,1.08133,1.0813,3000000,1240000
2017-02-02 13:29:01.123000,1.08133,1.08129,4120000,4430000
2017-02-02 13:29:01.640000,1.08133,1.08129,2250000,6370000
2017-02-02 13:29:02.148000,1.08132,1.08129,1000000,2620000
2017-02-02 13:29:02.654000,1.08133,1.0813,1120000,1000000
2017-02-02 13:29:03.201000,1.08134,1.0813,2250000,2250000
2017-02-02 13:29:04.667000,1.08135,1.08134,4500000,3940000
2017-02-02 13:29:04.936000,1.08139,1.08136,2620000,2250000
2017-02-02 13:29:05.471000,1.08139,1.08136,2620000,1120000
2017-02-02 13:29:13.184000,1.08138,1.08135,1000000,4120000
2017-02-02 13:29:16.960000,1.08136,1.08135,1120000,2250000
2017-02-02 13:29:17.163000,1.08134,1.08132,2250000,1500000
2017-02-02 13:29:17.352000,1.08133,1.0813,1000000,2440000
2017-02-02 13:29:17.707000,1.08132,1.08129,2620000,1120000
2017-02-02 13:29:18.011000,1.0813,1.08127,2620000,2250000
2017-02-02 13:29:18.843000,1.0813,1.08127,1870000,1500000
2017-02-02 13:29:24.165000,1.0813,1.08126,4120000,3370000
2017-02-02 13:29:25.517000,1.0813,1.08126,8250000,1500000
2017-02-02 13:29:25.823000,1.08125,1.08123,1120000,2620000
2017-02-02 13:29:26.357000,1.08126,1.08123,2250000,1500000
2017-02-02 13:29:26.898000,1.08126,1.08122,4500000,2250000
2017-02-02 13:29:29.918000,1.08124,1.08121,3000000,2620000
2017-02-02 13:29:30.070000,1.08124,1.0812,5550000,1120000
2017-02-02 13:29:30.576000,1.08122,1.0812,2250000,1000000
2017-02-02 13:29:32.265000,1.08121,1.08118,1000000,1870000
2017-02-02 13:29:32.798000,1.08122,1.08118,1500000,1500000
2017-02-02 13:29:33.421000,1.08123,1.08119,1870000,1000000
2017-02-02 13:29:34.432000,1.08123,1.08119,1500000,1000000
2017-02-02 13:29:36.368000,1.08124,1.08119,5510000,1120000
2017-02-02 13:29:36.470000,1.08121,1.08118,1370000,1000000
2017-02-02 13:29:36.976000,1.08121,1.08117,3110000,1500000
2017-02-02 13:29:39.105000,1.08121,1.0812,1000000,2250000
2017-02-02 13:29:39.318000,1.08124,1.0812,1500000,3000000
2017-02-02 13:29:39.978000,1.08124,1.08119,3370000,1870000
2017-02-02 13:29:40.080000,1.08121,1.08118,1000000,1500000
2017-02-02 13:29:40.586000,1.08123,1.08119,1370000,1000000
2017-02-02 13:29:41.107000,1.08122,1.08118,1120000,1870000
2017-02-02 13:29:41.411000,1.08121,1.08117,1370000,1000000
2017-02-02 13:29:41.716000,1.08123,1.08119,1750000,1000000
2017-02-02 13:29:42.389000,1.08121,1.08118,1000000,1000000
2017-02-02 13:29:42.936000,1.08121,1.08117,1500000,1000000
2017-02-02 13:29:43.240000,1.08123,1.08119,2250000,1000000
2017-02-02 13:29:43.594000,1.08123,1.08119,1870000,1000000
2017-02-02 13:29:44.279000,1.08123,1.08118,1870000,4500000
2017-02-02 13:29:44.785000,1.08123,1.08118,3750000,2620000
2017-02-02 13:29:45.472000,1.08123,1.08118,2250000,1870000
2017-02-02 13:29:46.003000,1.08123,1.08119,1500000,1000000
2017-02-02 13:29:46.509000,1.08123,1.08122,1000000,1000000
2017-02-02 13:29:46.814000,1.08129,1.08128,1500000,1000000
2017-02-02 13:29:46.988000,1.08134,1.08132,2250000,1500000
2017-02-02 13:29:47.092000,1.08136,1.08133,1000000,1120000
2017-02-02 13:29:47.145000,1.08137,1.08131,7500000,1500000
2017-02-02 13:29:47.318000,1.08138,1.08133,1500000,1500000
2017-02-02 13:29:47.622000,1.08136,1.08132,1500000,1000000
2017-02-02 13:29:48.130000,1.08136,1.08131,1000000,1000000
2017-02-02 13:29:48.710000,1.0814,1.08137,1500000,1000000
2017-02-02 13:29:49.014000,1.08141,1.08135,3370000,1500000
2017-02-02 13:29:49.523000,1.0814,1.08134,1120000,1000000
2017-02-02 13:29:49.626000,1.08139,1.08133,1750000,4050000
2017-02-02 13:29:50.042000,1.08137,1.08131,3000000,1000000
2017-02-02 13:29:50.195000,1.08133,1.08129,1000000,1500000
2017-02-02 13:29:51.223000,1.08134,1.08128,1000000,1950000
2017-02-02 13:29:51.901000,1.08129,1.08126,1000000,1950000
2017-02-02 13:29:51.952000,1.08129,1.08126,1000000,1000000
2017-02-02 13:29:52.505000,1.0813,1.08127,1000000,1000000
2017-02-02 13:29:55.031000,1.08132,1.08126,1000000,1500000
2017-02-02 13:29:55.537000,1.08131,1.08128,1000000,1000000
2017-02-02 13:29:56.073000,1.08132,1.08129,1000000,1000000
2017-02-02 13:29:56.378000,1.08125,1.08122,1000000,1570000
2017-02-02 13:29:56.480000,1.08126,1.08121,1500000,2100000
2017-02-02 13:29:56.967000,1.08124,1.08122,1000000,1450000
2017-02-02 13:29:57.065000,1.08123,1.08117,1500000,1000000
2017-02-02 13:29:58.048000,1.08124,1.08117,1000000,1000000
2017-02-02 13:29:58.539000,1.08126,1.08117,1000000,1000000
2017-02-02 13:29:58.590000,1.08124,1.08117,1000000,1000000
2017-02-02 13:29:58.939000,1.08122,1.08117,1000000,1000000
2017-02-02 13:29:59.543000,1.08126,1.08117,1000000,1000000
2017-02-02 13:30:00.140000,1.08126,1.08122,1000000,1000000
2017-02-02 13:30:00.191000,1.08128,1.08119,1000000,3750000
2017-02-02 13:30:00.242000,1.08128,1.08121,1000000,2250000
2017-02-02 13:30:00.546000,1.08124,1.08117,1000000,1500000
2017-02-02 13:30:01.097000,1.08124,1.08119,1000000,1000000
2017-02-02 13:30:01.554000,1.08126,1.08118,1500000,3000000
2017-02-02 13:30:01.605000,1.08121,1.08118,1000000,1000000
2017-02-02 13:30:02.020000,1.08124,1.08118,1000000,3300000
2017-02-02 13:30:02.578000,1.08124,1.08118,1000000,1370000
2017-02-02 13:30:03.086000,1.08125,1.08119,1000000,1000000
2017-02-02 13:30:03.599000,1.08124,1.0812,1000000,1000000
2017-02-02 13:30:03.650000,1.08122,1.08119,1000000,1000000
2017-02-02 13:30:03.803000,1.08122,1.08115,3370000,3370000
2017-02-02 13:30:04.057000,1.08122,1.08118,2620000,1500000
2017-02-02 13:30:04.108000,1.08124,1.08118,1120000,3820000
2017-02-02 13:30:04.711000,1.08123,1.08118,1000000,1000000
2017-02-02 13:30:05.236000,1.08124,1.08117,1000000,2250000
2017-02-02 13:30:05.929000,1.08121,1.08118,1000000,1500000
2017-02-02 13:30:06.792000,1.0812,1.08118,1000000,1500000
2017-02-02 13:30:07.221000,1.0812,1.08115,1000000,1500000
2017-02-02 13:30:07.322000,1.08118,1.08115,1000000,1500000
2017-02-02 13:30:07.525000,1.0812,1.08115,1000000,2250000
2017-02-02 13:30:08.032000,1.0812,1.08115,1000000,2250000
2017-02-02 13:30:08.725000,1.08121,1.08116,1000000,1870000
2017-02-02 13:30:09.320000,1.08122,1.08119,1000000,1000000
2017-02-02 13:30:09.523000,1.08122,1.08117,1000000,1870000
2017-02-02 13:30:10.050000,1.08121,1.08116,1000000,1870000
2017-02-02 13:30:10.466000,1.08122,1.0812,1000000,1870000
2017-02-02 13:30:10.568000,1.08125,1.08122,1000000,1500000
2017-02-02 13:30:10.720000,1.08127,1.08122,1120000,1500000
2017-02-02 13:30:11.409000,1.08126,1.08122,1000000,1500000
2017-02-02 13:30:11.460000,1.08126,1.0812,1000000,5620000
2017-02-02 13:30:12.065000,1.08125,1.0812,1000000,2620000
2017-02-02 13:30:12.614000,1.08126,1.08121,1000000,1000000
2017-02-02 13:30:13.145000,1.08125,1.08121,1000000,1000000
2017-02-02 13:30:13.507000,1.08126,1.08123,1000000,1750000
2017-02-02 13:30:13.910000,1.08128,1.08124,1500000,1500000
2017-02-02 13:30:14.468000,1.08128,1.08124,2250000,1870000
2017-02-02 13:30:14.520000,1.08126,1.08124,1000000,1870000
2017-02-02 13:30:14.825000,1.08127,1.08126,1000000,1000000
2017-02-02 13:30:15.372000,1.08128,1.08127,1000000,1000000
2017-02-02 13:30:15.675000,1.0813,1.08127,1000000,1000000
2017-02-02 13:30:16.182000,1.08128,1.08127,1000000,1000000
2017-02-02 13:30:16.363000,1.08127,1.08124,1500000,1500000
2017-02-02 13:30:18.014000,1.08128,1.08124,2250000,1500000
2017-02-02 13:30:18.167000,1.08128,1.08126,1120000,1500000
2017-02-02 13:30:18.471000,1.08131,1.08127,4870000,1000000
2017-02-02 13:30:19.010000,1.08131,1.08127,3000000,2250000
2017-02-02 13:30:19.543000,1.08131,1.08128,1870000,1000000
2017-02-02 13:30:21.020000,1.0813,1.08127,1500000,1120000
2017-02-02 13:30:21.636000,1.0813,1.08129,2250000,1000000
2017-02-02 13:30:21.890000,1.08132,1.08128,1870000,4870000
2017-02-02 13:30:22.092000,1.0813,1.08129,1000000,1000000
2017-02-02 13:30:22.386000,1.08131,1.08128,1120000,1000000
2017-02-02 13:30:22.791000,1.0813,1.08127,3640000,1000000
2017-02-02 13:30:23.297000,1.08129,1.08126,1760000,1000000
2017-02-02 13:30:24.062000,1.08128,1.08126,1000000,1000000
2017-02-02 13:30:24.783000,1.0813,1.08126,3640000,2250000
2017-02-02 13:30:25.289000,1.0813,1.08127,1000000,1500000
2017-02-02 13:30:25.653000,1.08131,1.08129,3000000,1000000
2017-02-02 13:30:25.958000,1.08132,1.08131,1000000,1500000
2017-02-02 13:30:26.009000,1.08134,1.08132,3750000,1000000
2017-02-02 13:30:26.522000,1.08132,1.0813,1500000,1370000
2017-02-02 13:30:26.623000,1.08131,1.08128,1500000,1500000
2017-02-02 13:30:27.136000,1.08131,1.08128,1870000,1120000
2017-02-02 13:30:27.650000,1.08131,1.08127,2250000,3000000
2017-02-02 13:30:27.870000,1.08132,1.0813,1120000,3370000
2017-02-02 13:30:27.922000,1.08131,1.08129,1500000,1370000
2017-02-02 13:30:27.973000,1.08133,1.08131,1010000,2440000
2017-02-02 13:30:28.024000,1.08132,1.0813,1000000,3190000
2017-02-02 13:30:28.125000,1.08132,1.08131,1000000,2250000
2017-02-02 13:30:28.429000,1.08135,1.08132,1500000,2250000
2017-02-02 13:30:28.633000,1.08137,1.08134,3900000,2000000
2017-02-02 13:30:28.794000,1.08142,1.08141,1000000,1000000
2017-02-02 13:30:28.895000,1.08144,1.08142,1500000,1300000
2017-02-02 13:30:29.250000,1.08142,1.08141,1050000,1000000
2017-02-02 13:30:29.301000,1.08142,1.08138,1500000,4690000
2017-02-02 13:30:29.827000,1.08142,1.08139,1500000,1000000
2017-02-02 13:30:30.132000,1.0814,1.08139,1500000,1000000
2017-02-02 13:30:30.654000,1.0814,1.08138,3000000,1250000
2017-02-02 13:30:31.627000,1.0814,1.08139,1870000,1000000
2017-02-02 13:30:31.970000,1.08144,1.08143,1000000,2060000
2017-02-02 13:30:32.174000,1.08147,1.08145,1500000,2250000
2017-02-02 13:30:32.691000,1.08147,1.08145,2160000,3000000
2017-02-02 13:30:33.197000,1.08148,1.08145,1120000,3000000
2017-02-02 13:30:33.365000,1.08146,1.08145,2250000,1500000
2017-02-02 13:30:33.467000,1.08145,1.08143,1500000,1000000
2017-02-02 13:30:33.670000,1.08147,1.08145,6000000,1000000
2017-02-02 13:30:33.872000,1.08148,1.08146,2910000,1500000
2017-02-02 13:30:34.075000,1.08147,1.08145,1660000,3000000
2017-02-02 13:30:34.424000,1.08148,1.08146,2250000,1870000
2017-02-02 13:30:34.475000,1.08148,1.08145,3000000,3750000
2017-02-02 13:30:34.679000,1.08139,1.08138,1000000,2250000
2017-02-02 13:30:34.781000,1.08138,1.08137,5160000,1000000
2017-02-02 13:30:35.087000,1.08135,1.08133,1000000,1120000
2017-02-02 13:30:35.602000,1.08134,1.08132,1000000,3370000
2017-02-02 13:30:38.546000,1.08135,1.08134,1500000,1000000
2017-02-02 13:30:38.698000,1.08137,1.08135,2160000,1870000
2017-02-02 13:30:39.074000,1.08139,1.08137,1000000,1000000
2017-02-02 13:30:39.579000,1.0814,1.08136,5170000,1870000
2017-02-02 13:30:40.129000,1.0814,1.08136,8830000,4870000
2017-02-02 13:30:40.666000,1.08138,1.08136,1000000,5250000
2017-02-02 13:30:42.915000,1.08139,1.08138,1500000,1500000
2017-02-02 13:30:43.118000,1.0814,1.08137,2820000,3000000
2017-02-02 13:30:43.625000,1.0814,1.08138,1500000,1000000
2017-02-02 13:30:44.165000,1.0814,1.08139,1500000,1000000
2017-02-02 13:30:44.823000,1.0814,1.08138,1500000,2250000
2017-02-02 13:30:45.334000,1.08141,1.08139,3660000,3370000
2017-02-02 13:30:45.644000,1.08143,1.08142,1000000,1000000
2017-02-02 13:30:46.676000,1.08143,1.08141,1500000,1000000
2017-02-02 13:30:46.828000,1.08142,1.08141,1000000,1000000
2017-02-02 13:30:47.374000,1.08142,1.0814,1000000,7120000
2017-02-02 13:30:47.943000,1.08142,1.0814,1000000,10160000
2017-02-02 13:30:47.994000,1.08144,1.08142,1500000,3750000
2017-02-02 13:30:48.045000,1.08145,1.08143,3750000,5250000
2017-02-02 13:30:48.197000,1.08147,1.08145,4870000,1000000
2017-02-02 13:30:48.991000,1.08148,1.08146,1500000,1000000
2017-02-02 13:30:49.498000,1.08149,1.08146,6560000,1000000
2017-02-02 13:30:50.069000,1.0815,1.08146,9000000,3940000
2017-02-02 13:30:50.172000,1.0815,1.08147,3000000,2550000
2017-02-02 13:30:50.679000,1.08149,1.08146,1500000,6370000
2017-02-02 13:30:50.730000,1.08149,1.08146,1000000,4500000
2017-02-02 13:30:51.240000,1.0815,1.08146,6000000,6280000
2017-02-02 13:30:52.166000,1.08148,1.08146,1000000,2250000
2017-02-02 13:30:52.683000,1.08148,1.08146,1870000,1500000
2017-02-02 13:30:54.806000,1.08149,1.08147,2250000,5500000
2017-02-02 13:30:54.908000,1.0815,1.08149,1500000,1000000
2017-02-02 13:30:55.364000,1.08155,1.08153,11620000,1500000
2017-02-02 13:30:55.415000,1.08151,1.0815,1000000,1120000
2017-02-02 13:30:55.600000,1.08149,1.08148,1500000,7870000
2017-02-02 13:30:55.702000,1.08149,1.08147,3000000,3250000
2017-02-02 13:30:55.754000,1.08149,1.08147,3000000,1000000
2017-02-02 13:30:55.857000,1.08149,1.08145,3000000,4870000
2017-02-02 13:30:56.363000,1.08147,1.08145,1120000,5250000
2017-02-02 13:30:56.666000,1.08144,1.08142,2250000,1870000
2017-02-02 13:30:57.557000,1.08145,1.08144,3000000,3750000
2017-02-02 13:30:57.861000,1.08147,1.08144,2250000,4690000
2017-02-02 13:30:58.173000,1.08143,1.08142,1000000,2060000
2017-02-02 13:30:58.830000,1.08144,1.08142,3000000,1690000
2017-02-02 13:30:59.034000,1.08142,1.08141,2250000,5440000
2017-02-02 13:30:59.642000,1.08144,1.08143,1000000,1000000
2017-02-02 13:30:59.693000,1.08144,1.08143,2250000,1500000
2017-02-02 13:31:00.199000,1.08142,1.0814,1000000,14440000
2017-02-02 13:31:00.656000,1.08142,1.08141,2250000,2060000
2017-02-02 13:31:01.138000,1.08142,1.08141,2250000,1690000
2017-02-02 13:31:01.444000,1.08131,1.0813,3000000,2250000
2017-02-02 13:31:01.649000,1.08129,1.08128,1500000,1120000
2017-02-02 13:31:02.179000,1.08126,1.08125,1000000,3370000
2017-02-02 13:31:02.685000,1.08125,1.08123,1000000,14510000
2017-02-02 13:31:03.267000,1.08127,1.08126,2620000,1000000
2017-02-02 13:31:03.722000,1.08125,1.08124,2250000,1250000
2017-02-02 13:31:04.263000,1.08125,1.08123,2500000,9640000
2017-02-02 13:31:04.486000,1.08127,1.08125,3000000,1370000
2017-02-02 13:31:05.024000,1.08126,1.08125,1500000,6750000
2017-02-02 13:31:05.429000,1.08129,1.08127,3370000,1200000
2017-02-02 13:31:05.581000,1.08127,1.08125,1500000,10310000
2017-02-02 13:31:06.087000,1.08125,1.08124,2250000,4310000
2017-02-02 13:31:06.252000,1.08122,1.08121,1000000,11920000
2017-02-02 13:31:06.405000,1.08121,1.08119,1500000,12370000
2017-02-02 13:31:06.916000,1.0812,1.08119,1500000,3000000
2017-02-02 13:31:07.492000,1.08121,1.08119,1500000,3750000
2017-02-02 13:31:07.593000,1.08119,1.08117,1000000,9190000
2017-02-02 13:31:07.797000,1.08117,1.08115,2500000,5440000
2017-02-02 13:31:08.205000,1.0812,1.08117,3750000,1870000
2017-02-02 13:31:08.358000,1.08118,1.08117,1500000,1310000
2017-02-02 13:31:09.089000,1.08116,1.08115,1500000,7120000
2017-02-02 13:31:09.343000,1.08118,1.08117,3000000,3000000
2017-02-02 13:31:10.082000,1.08117,1.08116,1000000,3750000
2017-02-02 13:31:10.479000,1.08116,1.08114,1000000,14440000
2017-02-02 13:31:10.530000,1.08115,1.08114,2250000,10690000
2017-02-02 13:31:10.783000,1.08117,1.08116,1000000,1250000
2017-02-02 13:31:10.935000,1.08117,1.08115,5250000,3370000
2017-02-02 13:31:12.287000,1.08115,1.08113,4500000,2620000
2017-02-02 13:31:12.391000,1.08112,1.08111,1000000,2060000
2017-02-02 13:31:12.442000,1.08112,1.0811,2250000,2810000
2017-02-02 13:31:13.358000,1.0811,1.08108,3250000,7690000
2017-02-02 13:31:13.564000,1.08106,1.08105,1000000,3750000
2017-02-02 13:31:13.666000,1.08105,1.08104,1000000,8440000
2017-02-02 13:31:14.177000,1.08106,1.08104,2250000,9110000
2017-02-02 13:31:14.453000,1.08101,1.08098,2500000,11740000
2017-02-02 13:31:14.556000,1.08101,1.08099,4500000,3370000
2017-02-02 13:31:15.064000,1.08101,1.081,3000000,3190000
2017-02-02 13:31:15.570000,1.08101,1.08099,3250000,7990000
2017-02-02 13:31:16.101000,1.08102,1.081,2250000,4800000
2017-02-02 13:31:17.802000,1.081,1.08099,1000000,2810000
2017-02-02 13:31:17.853000,1.081,1.08099,1000000,1690000
2017-02-02 13:31:18.106000,1.08099,1.08097,1000000,2360000
2017-02-02 13:31:18.449000,1.08097,1.08096,1500000,1120000
2017-02-02 13:31:18.500000,1.08097,1.08095,4120000,2920000
2017-02-02 13:31:18.652000,1.08097,1.08095,3370000,5170000
2017-02-02 13:31:19.862000,1.08096,1.08094,1000000,6560000
2017-02-02 13:31:20.366000,1.08097,1.08096,1500000,1000000
2017-02-02 13:31:21.244000,1.08098,1.08096,3750000,6000000
2017-02-02 13:31:21.295000,1.08099,1.08098,1000000,4500000
2017-02-02 13:31:21.476000,1.08101,1.08099,2870000,2250000
2017-02-02 13:31:21.888000,1.081,1.08098,1500000,1870000
2017-02-02 13:31:22.394000,1.08099,1.08096,1000000,4690000
2017-02-02 13:31:24.473000,1.081,1.08099,1120000,1000000
2017-02-02 13:31:24.741000,1.08102,1.08101,1500000,1000000
2017-02-02 13:31:24.945000,1.08104,1.08102,4420000,2500000
2017-02-02 13:31:25.110000,1.08104,1.08103,1000000,1000000
2017-02-02 13:31:25.643000,1.08104,1.08101,1000000,6370000
2017-02-02 13:31:25.695000,1.08104,1.08102,1000000,2620000
2017-02-02 13:31:25.746000,1.08103,1.08101,1000000,5250000
2017-02-02 13:31:25.797000,1.08104,1.08102,2250000,2620000
2017-02-02 13:31:26.327000,1.08103,1.08101,1000000,2250000
2017-02-02 13:31:26.531000,1.08102,1.08099,1000000,4690000
2017-02-02 13:31:26.632000,1.081,1.08098,2120000,2250000
2017-02-02 13:31:26.785000,1.08098,1.08096,1000000,1870000
2017-02-02 13:31:27.040000,1.08096,1.08093,1000000,6940000
2017-02-02 13:31:27.265000,1.08096,1.08095,1000000,1870000
2017-02-02 13:31:27.729000,1.08097,1.08095,2120000,4870000
2017-02-02 13:31:27.780000,1.081,1.08098,3000000,3250000
2017-02-02 13:31:28.287000,1.08099,1.08097,2120000,3370000
2017-02-02 13:31:29.687000,1.08098,1.08096,2250000,1500000
2017-02-02 13:31:29.841000,1.08096,1.08095,1120000,1500000
2017-02-02 13:31:30.349000,1.08097,1.08094,1870000,1690000
2017-02-02 13:31:31.779000,1.08097,1.08094,1750000,6190000
2017-02-02 13:31:32.376000,1.08098,1.08095,3750000,1000000
2017-02-02 13:31:33,1.08097,1.08096,1000000,1000000
2017-02-02 13:31:33.101000,1.08098,1.08096,1120000,1000000
2017-02-02 13:31:33.421000,1.08099,1.08098,1000000,1000000
2017-02-02 13:31:33.942000,1.08099,1.08097,2700000,1000000
2017-02-02 13:31:38.169000,1.08096,1.08095,1000000,1500000
2017-02-02 13:31:38.478000,1.08084,1.08082,1000000,8620000
2017-02-02 13:31:38.783000,1.08084,1.08082,1870000,1870000
2017-02-02 13:31:39.066000,1.08086,1.08085,1120000,1000000
2017-02-02 13:31:39.117000,1.08086,1.08083,1870000,1000000
2017-02-02 13:31:39.168000,1.08084,1.08083,1120000,1000000
2017-02-02 13:31:39.675000,1.08085,1.08084,3370000,1500000
2017-02-02 13:31:39.777000,1.08086,1.08085,1000000,1500000
2017-02-02 13:31:40.138000,1.08088,1.08086,3370000,1000000
2017-02-02 13:31:40.984000,1.08087,1.08085,2620000,1500000
2017-02-02 13:31:41.035000,1.08085,1.08084,1000000,1500000
2017-02-02 13:31:41.339000,1.08081,1.08079,2120000,7870000
2017-02-02 13:31:41.441000,1.08082,1.08079,1120000,3370000
2017-02-02 13:31:41.980000,1.0808,1.08078,1000000,1500000
2017-02-02 13:31:42.386000,1.08079,1.08076,1000000,1300000
2017-02-02 13:31:42.865000,1.08079,1.08078,1500000,2250000
2017-02-02 13:31:42.968000,1.08082,1.0808,1500000,2250000
2017-02-02 13:31:45.167000,1.08081,1.0808,1000000,1000000
2017-02-02 13:31:46.088000,1.0808,1.08079,1000000,1000000
2017-02-02 13:31:46.342000,1.08079,1.08076,1500000,2620000
2017-02-02 13:31:46.597000,1.08077,1.08075,1500000,1120000
2017-02-02 13:31:46.902000,1.08072,1.08071,1000000,1500000
2017-02-02 13:31:47.505000,1.08073,1.08071,1000000,1500000
2017-02-02 13:31:48.167000,1.08075,1.08071,2810000,1500000
2017-02-02 13:31:48.269000,1.08075,1.08074,1000000,1000000
2017-02-02 13:31:48.372000,1.08077,1.08076,2250000,1000000
2017-02-02 13:31:48.524000,1.08079,1.08076,1120000,1000000
2017-02-02 13:31:49.158000,1.08079,1.08077,1120000,4500000
2017-02-02 13:31:49.329000,1.08081,1.08079,1000000,1000000
2017-02-02 13:31:49.685000,1.0808,1.08077,1000000,3370000
2017-02-02 13:31:50.141000,1.0808,1.08079,1120000,1500000
2017-02-02 13:31:50.243000,1.08083,1.0808,2620000,1500000
2017-02-02 13:31:50.467000,1.08084,1.08081,2250000,1000000
2017-02-02 13:31:50.620000,1.08086,1.08083,2250000,1000000
2017-02-02 13:31:51.138000,1.08085,1.08082,1500000,1000000
2017-02-02 13:31:51.691000,1.08083,1.08081,1000000,4120000
2017-02-02 13:31:52.206000,1.08082,1.0808,3620000,7500000
2017-02-02 13:31:52.711000,1.08081,1.08079,3620000,11250000
2017-02-02 13:31:53.218000,1.08083,1.08081,3370000,2250000
2017-02-02 13:31:53.573000,1.08083,1.08081,3370000,4500000
2017-02-02 13:31:54.343000,1.08084,1.08083,3370000,1000000
2017-02-02 13:31:55.148000,1.08084,1.08082,3620000,2250000
2017-02-02 13:31:55.621000,1.08085,1.08084,1000000,1120000
2017-02-02 13:31:56.166000,1.08085,1.08084,5250000,1000000
2017-02-02 13:31:56.470000,1.08086,1.08084,1500000,7500000
2017-02-02 13:31:56.987000,1.08087,1.08085,4190000,2360000
2017-02-02 13:31:57.292000,1.08089,1.08088,3370000,3000000
2017-02-02 13:31:57.395000,1.0809,1.08089,3750000,2250000
2017-02-02 13:31:57.446000,1.0809,1.08089,3000000,7500000
2017-02-02 13:31:58.274000,1.08091,1.08089,3250000,6370000
2017-02-02 13:31:58.964000,1.0809,1.08089,3750000,1500000
2017-02-02 13:31:59.471000,1.0809,1.08089,1500000,1000000
2017-02-02 13:31:59.573000,1.08094,1.08093,4500000,2440000
2017-02-02 13:31:59.675000,1.08095,1.08094,6750000,5250000
2017-02-02 13:31:59.777000,1.08098,1.08096,6000000,1000000
2017-02-02 13:31:59.998000,1.08097,1.08094,3370000,1500000
2017-02-02 13:32:00.309000,1.08097,1.08095,2810000,1000000
2017-02-02 13:32:00.866000,1.08096,1.08094,3750000,1000000
2017-02-02 13:32:01.650000,1.08096,1.08095,1000000,1000000
2017-02-02 13:32:01.905000,1.08101,1.08099,9220000,3750000
2017-02-02 13:32:02.428000,1.081,1.08099,1000000,1000000
2017-02-02 13:32:02.529000,1.08097,1.08095,2120000,11250000
2017-02-02 13:32:02.631000,1.08095,1.08092,2120000,11250000
2017-02-02 13:32:02.784000,1.08094,1.08092,5060000,4870000
2017-02-02 13:32:02.835000,1.08092,1.08089,2120000,22120001
2017-02-02 13:32:03.140000,1.08088,1.08087,1000000,2250000
2017-02-02 13:32:03.394000,1.08089,1.08088,2620000,1000000
2017-02-02 13:32:03.901000,1.08088,1.08087,1000000,1160000
2017-02-02 13:32:05.033000,1.08089,1.08088,1870000,1000000
2017-02-02 13:32:06.471000,1.08088,1.08086,2310000,2960000
2017-02-02 13:32:06.979000,1.08087,1.08086,1000000,1000000
2017-02-02 13:32:07.234000,1.08082,1.0808,1870000,16120001
2017-02-02 13:32:07.490000,1.08081,1.0808,2250000,1500000
2017-02-02 13:32:08.092000,1.08082,1.0808,3940000,1000000
2017-02-02 13:32:09.595000,1.0808,1.08079,1000000,2250000
2017-02-02 13:32:10.923000,1.08078,1.08076,1250000,3370000
2017-02-02 13:32:11.178000,1.08074,1.08073,1000000,1870000
2017-02-02 13:32:11.706000,1.08073,1.08072,1000000,1870000
2017-02-02 13:32:12.244000,1.08071,1.08069,2870000,11620000
2017-02-02 13:32:12.566000,1.08071,1.0807,2620000,1500000
2017-02-02 13:32:13.067000,1.08072,1.08071,2620000,2250000
2017-02-02 13:32:13.752000,1.08072,1.0807,2870000,3750000
2017-02-02 13:32:14.291000,1.08071,1.08069,1000000,12410000
2017-02-02 13:32:14.444000,1.08073,1.08071,2620000,3750000
2017-02-02 13:32:14.771000,1.08078,1.08076,2810000,1870000
2017-02-02 13:32:14.973000,1.08077,1.08075,1000000,2250000
2017-02-02 13:32:15.810000,1.08076,1.08075,1500000,1870000
2017-02-02 13:32:16.355000,1.08079,1.08077,2990000,2250000
2017-02-02 13:32:16.867000,1.08079,1.08078,1870000,1500000
2017-02-02 13:32:16.969000,1.0808,1.08078,1500000,1500000
2017-02-02 13:32:17.528000,1.0808,1.08079,1500000,1500000
2017-02-02 13:32:18.046000,1.08081,1.08078,2440000,3750000
2017-02-02 13:32:18.580000,1.08081,1.08079,1690000,2250000
2017-02-02 13:32:19.089000,1.0808,1.08079,2250000,3670000
2017-02-02 13:32:19.140000,1.08079,1.08077,1500000,2250000
2017-02-02 13:32:19.771000,1.08078,1.08075,1500000,6000000
2017-02-02 13:32:20.076000,1.08076,1.08074,1500000,2510000
2017-02-02 13:32:20.229000,1.08075,1.08073,7690000,1000000
2017-02-02 13:32:20.281000,1.08075,1.08071,8440000,1500000
2017-02-02 13:32:21.226000,1.08075,1.08072,4690000,2250000
2017-02-02 13:32:21.378000,1.08076,1.08073,1250000,1010000
2017-02-02 13:32:21.682000,1.08074,1.08073,1000000,1120000
2017-02-02 13:32:22.278000,1.08074,1.08072,2810000,1000000
2017-02-02 13:32:22.635000,1.08075,1.08073,1870000,1500000
2017-02-02 13:32:23.097000,1.08077,1.08075,2060000,1500000
2017-02-02 13:32:23.250000,1.08079,1.08076,2440000,1500000
2017-02-02 13:32:23.752000,1.08079,1.08077,1310000,1000000
2017-02-02 13:32:24.259000,1.08079,1.08076,1310000,2250000
2017-02-02 13:32:24.806000,1.08078,1.08076,1000000,2250000
2017-02-02 13:32:25.384000,1.08077,1.08076,1000000,1500000
2017-02-02 13:32:25.739000,1.08077,1.08074,1870000,1000000
2017-02-02 13:32:27.419000,1.08079,1.08078,6370000,1120000
2017-02-02 13:32:27.571000,1.0808,1.08078,2440000,1120000
2017-02-02 13:32:27.724000,1.08079,1.08076,1500000,1870000
2017-02-02 13:32:28.232000,1.08078,1.08077,1000000,2250000
2017-02-02 13:32:28.333000,1.0808,1.08076,4310000,3370000
2017-02-02 13:32:28.575000,1.08079,1.08076,2440000,1370000
2017-02-02 13:32:28.727000,1.08078,1.08075,3560000,1500000
2017-02-02 13:32:29.912000,1.08078,1.08076,3560000,1000000
2017-02-02 13:32:30.440000,1.08078,1.08075,3560000,1000000
2017-02-02 13:32:31.547000,1.08078,1.08076,1310000,1000000
2017-02-02 13:32:31.749000,1.0808,1.08077,1350000,1000000
2017-02-02 13:32:32.104000,1.08081,1.08079,1690000,1500000
2017-02-02 13:32:32.645000,1.08082,1.0808,3940000,1000000
2017-02-02 13:32:33.167000,1.08082,1.0808,1310000,1000000
2017-02-02 13:32:33.476000,1.08081,1.08078,1250000,5700000
2017-02-02 13:32:33.996000,1.08082,1.08079,1120000,4120000
2017-02-02 13:32:34.199000,1.08084,1.08082,5250000,4000000
2017-02-02 13:32:34.454000,1.0809,1.08088,1690000,3000000
2017-02-02 13:32:34.657000,1.08092,1.08089,1870000,1500000
2017-02-02 13:32:34.852000,1.0809,1.08088,1500000,1370000
2017-02-02 13:32:35.018000,1.08089,1.08087,1000000,1000000
2017-02-02 13:32:35.322000,1.08092,1.08088,1500000,6820000
2017-02-02 13:32:35.373000,1.08092,1.08089,1120000,1000000
2017-02-02 13:32:35.895000,1.08092,1.08088,1120000,7800000
2017-02-02 13:32:36.641000,1.08091,1.08088,1000000,3370000
2017-02-02 13:32:37.204000,1.0809,1.08088,1500000,1000000
2017-02-02 13:32:37.580000,1.08092,1.08091,4690000,1500000
2017-02-02 13:32:37.879000,1.08096,1.08093,1120000,1500000
2017-02-02 13:32:38.426000,1.08095,1.08093,1250000,1000000
2017-02-02 13:32:38.937000,1.08097,1.08094,2440000,1120000
2017-02-02 13:32:39.442000,1.08095,1.08093,1000000,1000000
2017-02-02 13:32:39.942000,1.08097,1.08095,2060000,1000000
2017-02-02 13:32:41.460000,1.08097,1.08094,1310000,2100000
2017-02-02 13:32:41.966000,1.08096,1.08094,1000000,1000000
2017-02-02 13:32:42.472000,1.08097,1.08095,1250000,1000000
2017-02-02 13:32:43.109000,1.08097,1.08094,1310000,1000000
2017-02-02 13:32:43.413000,1.08095,1.08093,1000000,1500000
2017-02-02 13:32:43.919000,1.08096,1.08093,1870000,1500000
2017-02-02 13:32:44.458000,1.08096,1.08093,3370000,1000000
2017-02-02 13:32:45.037000,1.08096,1.08093,2620000,1000000
2017-02-02 13:32:46.045000,1.08096,1.08093,6190000,1000000
2017-02-02 13:32:46.551000,1.08094,1.08092,1000000,1870000
2017-02-02 13:32:46.880000,1.08092,1.08089,3040000,6000000
2017-02-02 13:32:47.388000,1.08094,1.08091,2250000,1120000
2017-02-02 13:32:47.922000,1.08094,1.08091,4120000,1000000
2017-02-02 13:32:48.229000,1.0809,1.08087,7690000,1120000
2017-02-02 13:32:48.534000,1.0809,1.08089,3000000,1870000
2017-02-02 13:32:49.041000,1.08091,1.08088,4690000,1500000
2017-02-02 13:32:51.800000,1.08091,1.08088,1250000,4420000
2017-02-02 13:32:52.054000,1.08093,1.0809,1870000,1500000
2017-02-02 13:32:52.307000,1.08095,1.08094,3370000,1500000
2017-02-02 13:32:52.409000,1.08097,1.08094,1690000,7500000
2017-02-02 13:32:52.763000,1.08095,1.08094,1000000,2250000
2017-02-02 13:32:52.865000,1.08096,1.08093,6560000,1000000
2017-02-02 13:32:53.410000,1.08095,1.08092,2440000,1000000
2017-02-02 13:32:53.765000,1.08095,1.08094,2440000,1000000
2017-02-02 13:32:54.070000,1.08102,1.08101,5620000,1870000
2017-02-02 13:32:54.172000,1.08104,1.08103,1120000,2250000
2017-02-02 13:32:54.223000,1.08105,1.08104,2620000,1870000
2017-02-02 13:32:54.468000,1.08106,1.08104,1000000,3750000
2017-02-02 13:32:54.974000,1.08107,1.08105,1310000,1000000
2017-02-02 13:32:57.406000,1.08107,1.08105,2060000,1500000
2017-02-02 13:32:57.911000,1.08108,1.08105,4310000,1500000
2017-02-02 13:32:59.432000,1.08106,1.08105,1500000,1500000
2017-02-02 13:32:59.483000,1.08105,1.08103,3440000,3000000
2017-02-02 13:32:59.671000,1.08104,1.08102,5620000,1500000
2017-02-02 13:32:59.774000,1.08102,1.081,1120000,3370000
2017-02-02 13:33:00.078000,1.081,1.08099,1120000,1000000
2017-02-02 13:33:00.383000,1.08098,1.08097,1310000,1870000
2017-02-02 13:33:00.866000,1.08096,1.08094,7120000,8120000
2017-02-02 13:33:00.918000,1.08093,1.08092,1870000,5250000
2017-02-02 13:33:01.071000,1.08092,1.0809,2250000,1000000
2017-02-02 13:33:01.627000,1.08092,1.08089,2250000,6370000
2017-02-02 13:33:02.728000,1.08092,1.08089,1500000,5620000
2017-02-02 13:33:04.217000,1.08092,1.08089,1500000,4870000
2017-02-02 13:33:04.801000,1.08092,1.0809,1000000,1000000
2017-02-02 13:33:05.321000,1.08093,1.08091,1120000,1000000
2017-02-02 13:33:05.665000,1.08094,1.08093,2250000,1500000
2017-02-02 13:33:05.997000,1.081,1.08098,3000000,6370000
2017-02-02 13:33:06.099000,1.08102,1.08099,7120000,4120000
2017-02-02 13:33:06.353000,1.08103,1.08099,2620000,6370000
2017-02-02 13:33:06.505000,1.08103,1.08102,1870000,1500000
2017-02-02 13:33:06.658000,1.08105,1.08102,1120000,3750000
2017-02-02 13:33:07.361000,1.08104,1.08102,1000000,1120000
2017-02-02 13:33:07.637000,1.08105,1.08103,3000000,1000000
2017-02-02 13:33:07.789000,1.08106,1.08104,1120000,1000000
2017-02-02 13:33:08.196000,1.08105,1.08102,4120000,1500000
2017-02-02 13:33:08.577000,1.081,1.08098,1500000,1500000
2017-02-02 13:33:08.781000,1.08101,1.08097,6000000,1500000
2017-02-02 13:33:09.717000,1.08101,1.08098,2250000,1000000
2017-02-02 13:33:09.870000,1.08102,1.08098,2620000,3450000
2017-02-02 13:33:10.150000,1.081,1.08096,7120000,3560000
2017-02-02 13:33:10.201000,1.081,1.08096,8810000,2620000
2017-02-02 13:33:10.708000,1.08101,1.08097,5250000,1500000
2017-02-02 13:33:10.811000,1.08101,1.081,2250000,1000000
2017-02-02 13:33:10.862000,1.08101,1.081,1500000,1000000
2017-02-02 13:33:11.015000,1.08101,1.08098,5060000,1870000
2017-02-02 13:33:11.117000,1.08099,1.08096,1120000,2620000
2017-02-02 13:33:11.524000,1.081,1.08098,1000000,1000000
2017-02-02 13:33:11.939000,1.08099,1.08096,1500000,1120000
2017-02-02 13:33:12.522000,1.08099,1.08095,2620000,4120000
2017-02-02 13:33:13.022000,1.08094,1.08093,1000000,3000000
2017-02-02 13:33:13.123000,1.08095,1.08092,1500000,2620000
2017-02-02 13:33:14.500000,1.08095,1.08091,17250000,1000000
2017-02-02 13:33:15.010000,1.08095,1.0809,18750000,3750000
2017-02-02 13:33:15.515000,1.08095,1.0809,18930000,3370000
2017-02-02 13:33:15.617000,1.08095,1.08093,14440000,1000000
2017-02-02 13:33:15.769000,1.08096,1.08094,1120000,1870000
2017-02-02 13:33:16.325000,1.08096,1.08093,3620000,2290000
2017-02-02 13:33:16.527000,1.08099,1.08096,16500000,2250000
2017-02-02 13:33:16.681000,1.08099,1.08098,1500000,1120000
2017-02-02 13:33:17.004000,1.08101,1.08098,1870000,1120000
2017-02-02 13:33:17.511000,1.08101,1.08099,1000000,1000000
2017-02-02 13:33:18.017000,1.08102,1.08098,3370000,2620000
2017-02-02 13:33:19.780000,1.08102,1.08099,2620000,1000000
2017-02-02 13:33:20.316000,1.08102,1.081,3000000,1000000
2017-02-02 13:33:20.722000,1.08101,1.08098,2620000,1500000
2017-02-02 13:33:20.975000,1.081,1.08098,3190000,1000000
2017-02-02 13:33:21.988000,1.081,1.08098,1250000,1500000
2017-02-02 13:33:22.536000,1.08101,1.08099,1870000,1000000
2017-02-02 13:33:23.066000,1.08102,1.08099,3560000,1500000
2017-02-02 13:33:23.570000,1.08101,1.08099,1500000,1500000
2017-02-02 13:33:24.117000,1.08101,1.08098,4000000,2250000
2017-02-02 13:33:24.624000,1.08101,1.08098,1870000,2250000
2017-02-02 13:33:26.347000,1.08101,1.081,1870000,1000000
2017-02-02 13:33:26.853000,1.08101,1.08099,4870000,1500000
2017-02-02 13:33:27.372000,1.08103,1.08102,3750000,4870000
2017-02-02 13:33:27.524000,1.08106,1.08105,3370000,2250000
2017-02-02 13:33:27.727000,1.08105,1.08104,4870000,1000000
2017-02-02 13:33:27.930000,1.08102,1.08101,1000000,3000000
2017-02-02 13:33:27.981000,1.08102,1.08101,1000000,1500000
2017-02-02 13:33:28.391000,1.081,1.08099,1870000,1500000
2017-02-02 13:33:28.897000,1.08099,1.08098,1870000,1870000
2017-02-02 13:33:29.441000,1.08099,1.08097,1500000,2120000
2017-02-02 13:33:29.961000,1.08098,1.08097,1000000,1870000
2017-02-02 13:33:30.477000,1.08097,1.08096,1500000,1870000
2017-02-02 13:33:30.630000,1.08094,1.08093,3000000,1870000
2017-02-02 13:33:30.733000,1.08093,1.08091,1500000,3000000
2017-02-02 13:33:30.886000,1.08094,1.08093,1120000,1000000
2017-02-02 13:33:31.039000,1.08095,1.08093,1120000,2620000
2017-02-02 13:33:31.528000,1.08096,1.08095,2620000,1000000
2017-02-02 13:33:32.080000,1.08097,1.08095,2620000,1500000
2017-02-02 13:33:32.671000,1.08096,1.08095,1500000,1000000
2017-02-02 13:33:32.975000,1.08094,1.08093,1000000,1500000
2017-02-02 13:33:33.766000,1.08094,1.08092,1000000,2620000
2017-02-02 13:33:35.601000,1.08093,1.08092,1500000,2250000
2017-02-02 13:33:35.855000,1.08088,1.08087,1500000,1870000
2017-02-02 13:33:36.389000,1.08087,1.08085,1090000,1220000
2017-02-02 13:33:36.907000,1.08086,1.08085,1000000,1220000
2017-02-02 13:33:37.261000,1.08084,1.08082,5250000,2620000
2017-02-02 13:33:37.312000,1.08082,1.08081,1000000,1870000
2017-02-02 13:33:37.465000,1.08082,1.08081,1000000,1000000
2017-02-02 13:33:37.996000,1.08082,1.0808,1000000,3000000
2017-02-02 13:33:38.959000,1.08083,1.0808,2620000,3750000
2017-02-02 13:33:43.599000,1.08083,1.08081,1050000,1000000
2017-02-02 13:33:43.651000,1.08084,1.08082,1910000,2500000
2017-02-02 13:33:43.986000,1.08089,1.08088,1500000,4310000
2017-02-02 13:33:44.239000,1.08093,1.08089,1500000,6000000
2017-02-02 13:33:44.762000,1.08093,1.08089,1500000,6370000
2017-02-02 13:33:45.663000,1.08093,1.08091,1000000,3750000
2017-02-02 13:33:45.765000,1.08095,1.08093,2250000,1500000
2017-02-02 13:33:45.867000,1.08096,1.08095,1000000,1000000
2017-02-02 13:33:45.968000,1.08098,1.08095,2060000,1000000
2017-02-02 13:33:46.475000,1.08096,1.08095,1500000,1870000
2017-02-02 13:33:46.977000,1.08096,1.08094,3150000,1000000
2017-02-02 13:33:47.294000,1.08091,1.08089,6000000,1000000
2017-02-02 13:33:47.395000,1.08089,1.08087,1500000,1500000
2017-02-02 13:33:47.598000,1.0809,1.08088,1120000,1500000
2017-02-02 13:33:47.649000,1.0809,1.08088,1120000,3750000
2017-02-02 13:33:47.953000,1.08089,1.08086,1500000,2620000
2017-02-02 13:33:48.465000,1.08089,1.08087,1250000,1000000
2017-02-02 13:33:48.667000,1.08091,1.08089,2250000,1000000
2017-02-02 13:33:48.971000,1.08087,1.08086,1000000,1000000
2017-02-02 13:33:49.174000,1.08089,1.08086,1870000,2620000
2017-02-02 13:33:49.693000,1.08091,1.08087,3000000,2620000
2017-02-02 13:33:50.201000,1.08091,1.08089,1000000,1120000
2017-02-02 13:33:50.555000,1.08089,1.08086,1500000,3000000
2017-02-02 13:33:50.606000,1.08089,1.08085,2250000,7270000
2017-02-02 13:33:52.993000,1.08091,1.08089,4500000,1500000
2017-02-02 13:33:53.094000,1.08091,1.08089,1000000,4500000
2017-02-02 13:33:53.145000,1.08093,1.0809,3000000,1500000
2017-02-02 13:33:53.711000,1.08093,1.08091,1500000,1000000
2017-02-02 13:33:56.276000,1.08093,1.08089,2250000,9000000
2017-02-02 13:33:57.569000,1.08095,1.08093,12750000,3750000
2017-02-02 13:33:57.771000,1.08097,1.08094,2060000,4120000
2017-02-02 13:33:57.823000,1.08099,1.08096,11060000,1750000
2017-02-02 13:33:58.026000,1.081,1.08098,1310000,1000000
2017-02-02 13:33:58.198000,1.08099,1.08096,1000000,1870000
2017-02-02 13:33:58.610000,1.08097,1.08095,1500000,8250000
2017-02-02 13:33:58.864000,1.08095,1.08094,1000000,8620000
2017-02-02 13:33:59.320000,1.08095,1.08094,1500000,1870000
2017-02-02 13:33:59.656000,1.08085,1.08083,1000000,14060000
2017-02-02 13:33:59.707000,1.08085,1.08084,1000000,1000000
2017-02-02 13:33:59.809000,1.08084,1.08082,1000000,2810000
2017-02-02 13:34:00.873000,1.08085,1.08084,1120000,1000000
2017-02-02 13:34:01.379000,1.08086,1.08084,1000000,1000000
2017-02-02 13:34:01.683000,1.08083,1.08082,1500000,3560000
2017-02-02 13:34:01.734000,1.08083,1.08082,1500000,2810000
2017-02-02 13:34:01.886000,1.08081,1.0808,1500000,8810000
2017-02-02 13:34:02.619000,1.08082,1.08081,2250000,1000000
2017-02-02 13:34:03.024000,1.08084,1.08082,2620000,2440000
2017-02-02 13:34:03.125000,1.08084,1.08083,2620000,1500000
2017-02-02 13:34:03.278000,1.08083,1.08081,1000000,5060000
2017-02-02 13:34:03.379000,1.08082,1.0808,2500000,4690000
2017-02-02 13:34:03.605000,1.08083,1.08081,2250000,1690000
2017-02-02 13:34:04.503000,1.08081,1.0808,1000000,1000000
2017-02-02 13:34:04.980000,1.0808,1.08078,1000000,6750000
2017-02-02 13:34:05.183000,1.0808,1.08078,2250000,1800000
2017-02-02 13:34:05.351000,1.08079,1.08078,1000000,2170000
2017-02-02 13:34:05.656000,1.08074,1.08073,2620000,9370000
2017-02-02 13:34:06.163000,1.08074,1.08072,1000000,6670000
2017-02-02 13:34:06.645000,1.08073,1.0807,1000000,7310000
2017-02-02 13:34:07.507000,1.08074,1.0807,4310000,4870000
2017-02-02 13:34:07.990000,1.08074,1.08073,1720000,3000000
2017-02-02 13:34:08.176000,1.08076,1.08074,1160000,1120000
2017-02-02 13:34:10.831000,1.08077,1.08075,1190000,3370000
2017-02-02 13:34:10.882000,1.08078,1.08077,1120000,1000000
2017-02-02 13:34:10.984000,1.0808,1.08079,3970000,3000000
2017-02-02 13:34:11.137000,1.08082,1.08081,1870000,1000000
2017-02-02 13:34:12.078000,1.0808,1.08079,1500000,1000000
2017-02-02 13:34:12.180000,1.0808,1.08078,3000000,2500000
2017-02-02 13:34:12.383000,1.08081,1.08079,1120000,1370000
2017-02-02 13:34:13.930000,1.08083,1.08079,6940000,3000000
2017-02-02 13:34:14.510000,1.08081,1.08079,1000000,3750000
2017-02-02 13:34:16.396000,1.08082,1.0808,1870000,3370000
2017-02-02 13:34:16.904000,1.08082,1.08081,1000000,1500000
2017-02-02 13:34:17.441000,1.08082,1.0808,1000000,2620000
2017-02-02 13:34:17.745000,1.08084,1.08082,1120000,1000000
2017-02-02 13:34:18.049000,1.0809,1.08086,6190000,5250000
2017-02-02 13:34:18.100000,1.0809,1.08086,6190000,5620000
2017-02-02 13:34:18.995000,1.08089,1.08086,1500000,1120000
2017-02-02 13:34:19.147000,1.08087,1.08084,1500000,1860000
2017-02-02 13:34:19.198000,1.08088,1.08084,6370000,1120000
2017-02-02 13:34:20.232000,1.08087,1.08084,1000000,1120000
2017-02-02 13:34:20.384000,1.08088,1.08086,2620000,1000000
2017-02-02 13:34:20.688000,1.08092,1.08091,1500000,1000000
2017-02-02 13:34:22.152000,1.0809,1.08089,1000000,1500000
2017-02-02 13:34:22.253000,1.0809,1.08087,5250000,2250000
2017-02-02 13:34:22.663000,1.0809,1.08088,2250000,2250000
2017-02-02 13:34:22.714000,1.08091,1.0809,4870000,1000000
2017-02-02 13:34:22.817000,1.08093,1.08091,2250000,1500000
2017-02-02 13:34:23.327000,1.08094,1.08092,2060000,1000000
2017-02-02 13:34:24.352000,1.08094,1.08093,1120000,1000000
2017-02-02 13:34:24.862000,1.08095,1.08094,1000000,2250000
2017-02-02 13:34:24.964000,1.08097,1.08096,2250000,1000000
2017-02-02 13:34:25.117000,1.08098,1.08097,1120000,1500000
2017-02-02 13:34:26.276000,1.08098,1.08096,2620000,2250000
2017-02-02 13:34:26.328000,1.08095,1.08093,1000000,3750000
2017-02-02 13:34:26.480000,1.08094,1.08092,2690000,5620000
2017-02-02 13:34:26.987000,1.08094,1.08093,1500000,1500000
2017-02-02 13:34:27.090000,1.08096,1.08094,6560000,1500000
2017-02-02 13:34:27.395000,1.08097,1.08096,1000000,1000000
2017-02-02 13:34:27.448000,1.08098,1.08096,3370000,1120000
2017-02-02 13:34:27.969000,1.08099,1.08096,1310000,1870000
2017-02-02 13:34:28.717000,1.08097,1.08096,1500000,1120000
2017-02-02 13:34:28.870000,1.08096,1.08094,1500000,1500000
2017-02-02 13:34:28.972000,1.08094,1.08092,1000000,3000000
2017-02-02 13:34:29.359000,1.08095,1.08093,1310000,1000000
2017-02-02 13:34:29.663000,1.08094,1.08092,1120000,1610000
2017-02-02 13:34:30.170000,1.08095,1.08092,2440000,1610000
2017-02-02 13:34:32.079000,1.08096,1.08094,1500000,1500000
2017-02-02 13:34:32.943000,1.08097,1.08094,1690000,1990000
2017-02-02 13:34:33.959000,1.08098,1.08095,6190000,1500000
2017-02-02 13:34:34.508000,1.08098,1.08096,5810000,1000000
2017-02-02 13:34:35.167000,1.08098,1.08095,5440000,1000000
2017-02-02 13:34:35.739000,1.08096,1.08093,3000000,1120000
2017-02-02 13:34:36.903000,1.08096,1.08094,2620000,1000000
2017-02-02 13:34:37.308000,1.08098,1.08095,1870000,3750000
2017-02-02 13:34:37.614000,1.08098,1.08094,13680000,1000000
2017-02-02 13:34:37.665000,1.08097,1.08092,5620000,4500000
2017-02-02 13:34:38.368000,1.08097,1.08093,6740000,1000000
2017-02-02 13:34:41.504000,1.08095,1.08093,2250000,1150000
2017-02-02 13:34:42.696000,1.08095,1.08092,3000000,3000000
2017-02-02 13:34:43.201000,1.08095,1.08092,1500000,3860000
2017-02-02 13:34:44.047000,1.08096,1.08092,3370000,3640000
2017-02-02 13:34:45.054000,1.08095,1.08092,1000000,4390000
2017-02-02 13:34:45.573000,1.08095,1.08092,1500000,3000000
2017-02-02 13:34:46.103000,1.08094,1.08092,1500000,3000000
2017-02-02 13:34:46.608000,1.08094,1.0809,2620000,9750000
2017-02-02 13:34:47.141000,1.08093,1.0809,2250000,1000000
2017-02-02 13:34:47.344000,1.08091,1.08089,1000000,1000000
2017-02-02 13:34:48.023000,1.08091,1.08088,1000000,2250000
2017-02-02 13:34:48.327000,1.08089,1.08088,1000000,1000000
2017-02-02 13:34:48.648000,1.08086,1.08083,1000000,6750000
2017-02-02 13:34:49.197000,1.08087,1.08083,1120000,6000000
2017-02-02 13:34:49.769000,1.08087,1.08083,1870000,5250000
2017-02-02 13:34:50.250000,1.08084,1.08083,1000000,1500000
2017-02-02 13:34:50.403000,1.08084,1.08081,1120000,1000000
2017-02-02 13:34:51.933000,1.08084,1.0808,2620000,6750000
2017-02-02 13:34:53.780000,1.08082,1.0808,2250000,2620000
2017-02-02 13:34:54.111000,1.0808,1.08079,1000000,1000000
2017-02-02 13:34:54.364000,1.08082,1.0808,3370000,1000000
2017-02-02 13:34:54.870000,1.0808,1.08079,1000000,1870000
2017-02-02 13:34:55.023000,1.0808,1.08077,1000000,4120000
2017-02-02 13:34:55.198000,1.0808,1.08077,10870000,1000000
2017-02-02 13:34:55.249000,1.08078,1.08077,1000000,1000000
2017-02-02 13:34:55.300000,1.08078,1.08075,1000000,5250000
2017-02-02 13:34:55.835000,1.08077,1.08075,1000000,6000000
2017-02-02 13:34:56.981000,1.08079,1.08075,8250000,6000000
2017-02-02 13:34:57.639000,1.08077,1.08075,6000000,3000000
2017-02-02 13:34:58.132000,1.08076,1.08072,3940000,2250000
2017-02-02 13:34:58.639000,1.08075,1.08072,1250000,1870000
2017-02-02 13:34:59.188000,1.08075,1.08073,1250000,1000000
2017-02-02 13:35:00.248000,1.08075,1.08074,1250000,1000000
2017-02-02 13:35:00.515000,1.08077,1.08076,7120000,1500000
2017-02-02 13:35:00.617000,1.08078,1.08076,1120000,3370000
2017-02-02 13:35:01.123000,1.08081,1.08077,8810000,1500000
2017-02-02 13:35:02.017000,1.08081,1.0808,4500000,7120000
2017-02-02 13:35:02.068000,1.08081,1.0808,2620000,6370000
2017-02-02 13:35:02.221000,1.08083,1.08082,1000000,1120000
2017-02-02 13:35:02.744000,1.08083,1.08081,1000000,2620000
2017-02-02 13:35:02.896000,1.08081,1.08078,5810000,2250000
2017-02-02 13:35:03.401000,1.08079,1.08078,1870000,2620000
2017-02-02 13:35:03.933000,1.08079,1.08077,4990000,1000000
2017-02-02 13:35:04.213000,1.08076,1.08075,2620000,3000000
2017-02-02 13:35:04.264000,1.08073,1.08072,3750000,1500000
2017-02-02 13:35:04.771000,1.08073,1.08071,1000000,1500000
2017-02-02 13:35:05.278000,1.08074,1.08071,1250000,5250000
2017-02-02 13:35:05.652000,1.08075,1.08073,1120000,1000000
2017-02-02 13:35:06.173000,1.08075,1.08072,1870000,1500000
2017-02-02 13:35:07.048000,1.08076,1.08074,3000000,1000000
2017-02-02 13:35:07.540000,1.08074,1.08071,3940000,1870000
2017-02-02 13:35:08.054000,1.08073,1.08071,1000000,1000000
2017-02-02 13:35:09.935000,1.08071,1.0807,1250000,2250000
2017-02-02 13:35:10.341000,1.08071,1.08068,4310000,1500000
2017-02-02 13:35:10.899000,1.0807,1.08068,2620000,1000000
2017-02-02 13:35:12.850000,1.08071,1.0807,1000000,4120000
2017-02-02 13:35:13.104000,1.08075,1.08072,4690000,2250000
2017-02-02 13:35:13.459000,1.08074,1.08071,3190000,3370000
2017-02-02 13:35:13.562000,1.08075,1.08072,7310000,2250000
2017-02-02 13:35:13.899000,1.08076,1.08074,1870000,1120000
2017-02-02 13:35:14.455000,1.08077,1.08073,5440000,4120000
2017-02-02 13:35:14.974000,1.08077,1.08074,2810000,2620000
2017-02-02 13:35:15.328000,1.08076,1.08073,5810000,1120000
2017-02-02 13:35:15.649000,1.08073,1.08071,1500000,1000000
2017-02-02 13:35:16.179000,1.08073,1.0807,1500000,4870000
2017-02-02 13:35:16.685000,1.08072,1.08069,2810000,3000000
2017-02-02 13:35:17.616000,1.08071,1.08069,1000000,2250000
2017-02-02 13:35:18.671000,1.0807,1.08068,1500000,1870000
2017-02-02 13:35:19.334000,1.08071,1.08068,5060000,3000000
2017-02-02 13:35:19.637000,1.08073,1.08071,1690000,1870000
2017-02-02 13:35:20.161000,1.08074,1.0807,6190000,4880000
2017-02-02 13:35:20.212000,1.08071,1.0807,1000000,1120000
2017-02-02 13:35:20.466000,1.08071,1.08068,2810000,1500000
2017-02-02 13:35:21.040000,1.0807,1.08068,1000000,1500000
2017-02-02 13:35:21.465000,1.08071,1.08069,2100000,1500000
2017-02-02 13:35:21.704000,1.08072,1.0807,1000000,4500000
2017-02-02 13:35:21.856000,1.08074,1.08072,1120000,1500000
2017-02-02 13:35:22.011000,1.08076,1.08073,1120000,3000000
2017-02-02 13:35:22.163000,1.08077,1.08074,3940000,2250000
2017-02-02 13:35:22.366000,1.08076,1.08073,2250000,1000000
2017-02-02 13:35:22.872000,1.08077,1.08074,2810000,1500000
2017-02-02 13:35:23.082000,1.08078,1.08076,1000000,4120000
2017-02-02 13:35:23.184000,1.0808,1.08077,1870000,1000000
2017-02-02 13:35:23.691000,1.08081,1.08078,2810000,1500000
2017-02-02 13:35:24.196000,1.08082,1.08079,1250000,4870000
2017-02-02 13:35:26.443000,1.08081,1.08078,1000000,3750000
2017-02-02 13:35:26.494000,1.08084,1.08083,7870000,2250000
2017-02-02 13:35:26.647000,1.08087,1.08085,6750000,5500000
2017-02-02 13:35:26.698000,1.08087,1.08086,1000000,1250000
2017-02-02 13:35:26.799000,1.08089,1.08087,2250000,1000000
2017-02-02 13:35:26.850000,1.0809,1.08088,3750000,1000000
2017-02-02 13:35:26.901000,1.0809,1.08087,4690000,1120000
2017-02-02 13:35:27.588000,1.0809,1.08087,4500000,1870000
2017-02-02 13:35:29.371000,1.0809,1.08087,4500000,3750000
2017-02-02 13:35:30.350000,1.0809,1.08087,3000000,1120000
2017-02-02 13:35:33.190000,1.0809,1.08088,4500000,1000000
2017-02-02 13:35:34.585000,1.0809,1.08087,3000000,1870000
2017-02-02 13:35:36.344000,1.0809,1.08087,6940000,1870000
2017-02-02 13:35:37.734000,1.08089,1.08086,1870000,1500000
2017-02-02 13:35:38.206000,1.08087,1.08086,1500000,1000000
2017-02-02 13:35:38.308000,1.08087,1.08084,3370000,1000000
2017-02-02 13:35:38.830000,1.08086,1.08083,1000000,1870000
2017-02-02 13:35:41.243000,1.08086,1.08083,4690000,1120000
2017-02-02 13:35:41.750000,1.08086,1.08084,1500000,1000000
2017-02-02 13:35:42.614000,1.08086,1.08083,4120000,1500000
2017-02-02 13:35:43.935000,1.08085,1.08083,2250000,1500000
2017-02-02 13:35:45.241000,1.08085,1.08084,2170000,1000000
2017-02-02 13:35:45.985000,1.08085,1.08083,2250000,1500000
2017-02-02 13:35:47.843000,1.08086,1.08083,1000000,1870000
2017-02-02 13:35:48.364000,1.08085,1.08084,1000000,1000000
2017-02-02 13:35:48.884000,1.08086,1.08084,3000000,1000000
2017-02-02 13:35:49.187000,1.08087,1.08086,1500000,2250000
2017-02-02 13:35:49.340000,1.08089,1.08088,1000000,1000000
2017-02-02 13:35:49.492000,1.08088,1.08086,1000000,1120000
2017-02-02 13:35:50.022000,1.08089,1.08087,1120000,1500000
2017-02-02 13:35:50.275000,1.0809,1.08088,7690000,1000000
2017-02-02 13:35:50.681000,1.08089,1.08087,1120000,1500000
2017-02-02 13:35:51.193000,1.08088,1.08087,1000000,1000000
2017-02-02 13:35:51.520000,1.08087,1.08085,1000000,4870000
2017-02-02 13:35:51.875000,1.08089,1.08087,1870000,1000000
2017-02-02 13:35:52.051000,1.08091,1.0809,2250000,1000000
2017-02-02 13:35:52.254000,1.08093,1.08091,1000000,2920000
2017-02-02 13:35:52.736000,1.08096,1.08094,6560000,1000000
2017-02-02 13:35:53.242000,1.08096,1.08093,2440000,2920000
2017-02-02 13:35:54.911000,1.08096,1.08093,4690000,2550000
2017-02-02 13:35:55.510000,1.08094,1.08092,3000000,1870000
2017-02-02 13:35:55.815000,1.08092,1.0809,1500000,2620000
2017-02-02 13:35:56.322000,1.08092,1.08089,3190000,2920000
2017-02-02 13:35:57.426000,1.08092,1.08091,1000000,1000000
2017-02-02 13:35:57.932000,1.08092,1.08091,1000000,1500000
2017-02-02 13:36:00.509000,1.08092,1.0809,1000000,1120000
2017-02-02 13:36:01.258000,1.08093,1.0809,1500000,1120000
2017-02-02 13:36:02.181000,1.08093,1.08091,3750000,1000000
2017-02-02 13:36:04.487000,1.08093,1.08092,1000000,1000000
2017-02-02 13:36:05.669000,1.08093,1.08091,1000000,3370000
2017-02-02 13:36:06.244000,1.08093,1.0809,4500000,2620000
2017-02-02 13:36:07.491000,1.08092,1.0809,2810000,2620000
2017-02-02 13:36:12.324000,1.08092,1.08091,4570000,1500000
2017-02-02 13:36:12.527000,1.08094,1.08091,1120000,4120000
2017-02-02 13:36:13.033000,1.08094,1.08091,1120000,4120000
2017-02-02 13:36:13.551000,1.08092,1.08091,5620000,1000000
2017-02-02 13:36:13.653000,1.08091,1.08089,2620000,1120000
2017-02-02 13:36:14.160000,1.08089,1.08088,1000000,1000000
2017-02-02 13:36:14.904000,1.0809,1.08088,4500000,1000000
2017-02-02 13:36:15.614000,1.0809,1.08088,5250000,1000000
2017-02-02 13:36:17.218000,1.0809,1.08088,4500000,1000000
2017-02-02 13:36:18.152000,1.08089,1.08088,1000000,1000000
2017-02-02 13:36:19.092000,1.0809,1.08088,3000000,1000000
2017-02-02 13:36:19.593000,1.0809,1.08087,3000000,1000000
2017-02-02 13:36:20.425000,1.08089,1.08087,1000000,1000000
2017-02-02 13:36:22.891000,1.08089,1.08088,1000000,1000000
2017-02-02 13:36:23.043000,1.08091,1.0809,2250000,1000000
2017-02-02 13:36:23.585000,1.08092,1.0809,4310000,1000000
2017-02-02 13:36:24.122000,1.08092,1.0809,4310000,1000000
2017-02-02 13:36:24.828000,1.08091,1.0809,2440000,1000000
2017-02-02 13:36:25.059000,1.08091,1.08087,5810000,3370000
2017-02-02 13:36:25.707000,1.0809,1.08088,1500000,1000000
2017-02-02 13:36:27.181000,1.08089,1.08088,1000000,1000000
2017-02-02 13:36:27.637000,1.08087,1.08086,3370000,1500000
2017-02-02 13:36:27.740000,1.08086,1.08084,3190000,1500000
2017-02-02 13:36:27.842000,1.08085,1.08082,1250000,6370000
2017-02-02 13:36:28.280000,1.08084,1.08081,2060000,1000000
2017-02-02 13:36:28.796000,1.08079,1.08077,1690000,21370001
2017-02-02 13:36:28.948000,1.08076,1.08073,4690000,6750000
2017-02-02 13:36:29.101000,1.08074,1.08073,1000000,1000000
2017-02-02 13:36:29.613000,1.08074,1.08072,1000000,2250000
2017-02-02 13:36:30.119000,1.08075,1.08072,1120000,2250000
2017-02-02 13:36:31.085000,1.08073,1.08071,2500000,3370000
2017-02-02 13:36:31.445000,1.08074,1.08072,7310000,1000000
2017-02-02 13:36:31.649000,1.08075,1.08073,4310000,1000000
2017-02-02 13:36:32.004000,1.08077,1.08075,4120000,1000000
2017-02-02 13:36:32.105000,1.08078,1.08075,3940000,1120000
2017-02-02 13:36:32.412000,1.08076,1.08074,3940000,1000000
2017-02-02 13:36:32.716000,1.08077,1.08075,1690000,1500000
2017-02-02 13:36:33.222000,1.08078,1.08076,2620000,1500000
2017-02-02 13:36:33.748000,1.08078,1.08075,2620000,1870000
2017-02-02 13:36:34.237000,1.08076,1.08075,1500000,1120000
2017-02-02 13:36:34.543000,1.08067,1.08065,3000000,1000000
2017-02-02 13:36:34.594000,1.08063,1.08062,3000000,2250000
2017-02-02 13:36:34.697000,1.08058,1.08056,1000000,9750000
2017-02-02 13:36:34.877000,1.0806,1.08057,2250000,2250000
2017-02-02 13:36:35.384000,1.08061,1.08059,2250000,1000000
2017-02-02 13:36:36.035000,1.08061,1.08058,1500000,2620000
2017-02-02 13:36:36.799000,1.08062,1.08059,5620000,1000000
2017-02-02 13:36:37.304000,1.08062,1.0806,11250000,1000000
2017-02-02 13:36:37.406000,1.08061,1.08058,3750000,1120000
2017-02-02 13:36:37.718000,1.08059,1.08058,1000000,1120000
2017-02-02 13:36:37.972000,1.08058,1.08055,1870000,1870000
2017-02-02 13:36:38.479000,1.08058,1.08057,1870000,1500000
2017-02-02 13:36:38.833000,1.08061,1.0806,7610000,3000000
2017-02-02 13:36:38.884000,1.08061,1.0806,3670000,5250000
2017-02-02 13:36:39.032000,1.08061,1.0806,1420000,6000000
2017-02-02 13:36:39.088000,1.08065,1.08063,1120000,1190000
2017-02-02 13:36:39.342000,1.08064,1.08061,1250000,3370000
2017-02-02 13:36:39.495000,1.08062,1.0806,1000000,4120000
2017-02-02 13:36:39.647000,1.08062,1.08059,4500000,3370000
2017-02-02 13:36:40.223000,1.08061,1.0806,1120000,1000000
2017-02-02 13:36:40.736000,1.08061,1.08059,1000000,4870000
2017-02-02 13:36:40.837000,1.08062,1.08061,1000000,1000000
2017-02-02 13:36:40.990000,1.08064,1.08061,4500000,2250000
2017-02-02 13:36:41.500000,1.08063,1.08061,1000000,3000000
2017-02-02 13:36:42.057000,1.08064,1.08061,5250000,3370000
2017-02-02 13:36:42.108000,1.08062,1.08061,5250000,2620000
2017-02-02 13:36:42.260000,1.08061,1.08059,2250000,1120000
2017-02-02 13:36:42.767000,1.08061,1.0806,2250000,1000000
2017-02-02 13:36:42.939000,1.0806,1.08058,1500000,1870000
2017-02-02 13:36:42.991000,1.08058,1.08057,2250000,1500000
2017-02-02 13:36:43.498000,1.08059,1.08057,2620000,1000000
2017-02-02 13:36:43.854000,1.08057,1.08056,2250000,1120000
2017-02-02 13:36:44.057000,1.08055,1.08054,3190000,1120000
2017-02-02 13:36:44.226000,1.08055,1.08052,2440000,4120000
2017-02-02 13:36:44.733000,1.08056,1.08052,6560000,4120000
2017-02-02 13:36:45.097000,1.08053,1.08051,7500000,4500000
2017-02-02 13:36:45.468000,1.08047,1.08045,6560000,6000000
2017-02-02 13:36:45.676000,1.0805,1.08047,1250000,3370000
2017-02-02 13:36:46.198000,1.08051,1.08047,4690000,2620000
2017-02-02 13:36:46.769000,1.08052,1.0805,11250000,1000000
2017-02-02 13:36:47.796000,1.08048,1.08047,1500000,4870000
2017-02-02 13:36:48.050000,1.08045,1.08042,4690000,1500000
2017-02-02 13:36:48.588000,1.08045,1.08043,1250000,1000000
2017-02-02 13:36:48.843000,1.08047,1.08043,11700000,3370000
2017-02-02 13:36:49.090000,1.0805,1.08048,2060000,1870000
2017-02-02 13:36:49.520000,1.08052,1.08049,3110000,1000000
2017-02-02 13:36:50.026000,1.08051,1.08048,1500000,2250000
2017-02-02 13:36:50.179000,1.08048,1.08046,2870000,10050000
2017-02-02 13:36:50.281000,1.08046,1.08045,2250000,8170000
2017-02-02 13:36:50.475000,1.08045,1.08044,1000000,1000000
2017-02-02 13:36:50.694000,1.08047,1.08044,11620000,1870000
2017-02-02 13:36:51.230000,1.08047,1.08045,1420000,1000000
2017-02-02 13:36:51.750000,1.08048,1.08046,1250000,1120000
2017-02-02 13:36:52.274000,1.08049,1.08046,1500000,1870000
2017-02-02 13:36:52.703000,1.08047,1.08045,1500000,1120000
2017-02-02 13:36:53.007000,1.08046,1.08043,3370000,1500000
2017-02-02 13:36:53.891000,1.08045,1.08043,1000000,1540000
2017-02-02 13:36:54.398000,1.08046,1.08042,4310000,1120000
2017-02-02 13:36:54.918000,1.08045,1.08041,9190000,1870000
2017-02-02 13:36:55.425000,1.08045,1.08042,8060000,1000000
2017-02-02 13:36:57.582000,1.08045,1.08043,1250000,1000000
2017-02-02 13:36:58.252000,1.08043,1.08042,2250000,1870000
2017-02-02 13:36:58.354000,1.08045,1.08042,11060000,1120000
2017-02-02 13:36:59.005000,1.08046,1.08045,1000000,7120000
2017-02-02 13:36:59.160000,1.08048,1.08046,1120000,1120000
2017-02-02 13:36:59.464000,1.0805,1.08046,4310000,3000000
2017-02-02 13:36:59.769000,1.08051,1.08048,1120000,1870000
2017-02-02 13:37:00.153000,1.08046,1.08044,2120000,3370000
2017-02-02 13:37:00.256000,1.08048,1.08045,3190000,3000000
2017-02-02 13:37:00.762000,1.08048,1.08045,1690000,1120000
2017-02-02 13:37:01.277000,1.08047,1.08045,1690000,2620000
2017-02-02 13:37:01.328000,1.08046,1.08044,1690000,3750000
2017-02-02 13:37:01.847000,1.08047,1.08044,3750000,1000000
2017-02-02 13:37:02.201000,1.08043,1.08041,3250000,4120000
2017-02-02 13:37:02.527000,1.0804,1.08038,9560000,1500000
2017-02-02 13:37:02.731000,1.0804,1.08037,7690000,1120000
2017-02-02 13:37:03.290000,1.08037,1.08036,1690000,1000000
2017-02-02 13:37:03.573000,1.08037,1.08034,2250000,2620000
2017-02-02 13:37:03.624000,1.08037,1.08036,1000000,1000000
2017-02-02 13:37:03.726000,1.08039,1.08037,5620000,1120000
2017-02-02 13:37:04.030000,1.08037,1.08036,1250000,5250000
2017-02-02 13:37:04.132000,1.08037,1.08036,3750000,1870000
2017-02-02 13:37:04.334000,1.08039,1.08035,5620000,7120000
2017-02-02 13:37:04.537000,1.08038,1.08035,1370000,6370000
2017-02-02 13:37:04.749000,1.08039,1.08035,5620000,7120000
2017-02-02 13:37:05.763000,1.08039,1.08038,3000000,1000000
2017-02-02 13:37:05.916000,1.08044,1.08042,1000000,1120000
2017-02-02 13:37:06.088000,1.08045,1.08044,1870000,1050000
2017-02-02 13:37:07.067000,1.08046,1.08045,1870000,1000000
2017-02-02 13:37:07.351000,1.08049,1.08046,6660000,1000000
2017-02-02 13:37:07.605000,1.0805,1.08048,4500000,1000000
2017-02-02 13:37:07.909000,1.08044,1.08043,1250000,1120000
2017-02-02 13:37:08.011000,1.08045,1.08042,2440000,2250000
2017-02-02 13:37:08.553000,1.08045,1.08042,1690000,2250000
2017-02-02 13:37:09.059000,1.08045,1.08043,3060000,1120000
2017-02-02 13:37:09.566000,1.08045,1.08041,4690000,3750000
2017-02-02 13:37:10.081000,1.08045,1.08042,4000000,1430000
2017-02-02 13:37:10.132000,1.08044,1.08042,4870000,1120000
2017-02-02 13:37:10.234000,1.08042,1.0804,1500000,2250000
2017-02-02 13:37:10.589000,1.0804,1.08037,3000000,2250000
2017-02-02 13:37:10.919000,1.08036,1.08034,1120000,2250000
2017-02-02 13:37:11.022000,1.08036,1.08033,9930000,1500000
2017-02-02 13:37:11.427000,1.08038,1.08036,6000000,4120000
2017-02-02 13:37:11.478000,1.08039,1.08038,3370000,1120000
2017-02-02 13:37:11.580000,1.0804,1.08038,1000000,1870000
2017-02-02 13:37:11.732000,1.08038,1.08035,1690000,8620000
2017-02-02 13:37:11.783000,1.08038,1.08035,3810000,2620000
2017-02-02 13:37:12.029000,1.08037,1.08034,1120000,1120000
2017-02-02 13:37:12.147000,1.08033,1.08031,1500000,8620000
2017-02-02 13:37:12.198000,1.08033,1.08031,1000000,5250000
2017-02-02 13:37:12.301000,1.08034,1.08032,2620000,1500000
2017-02-02 13:37:12.403000,1.08033,1.08032,1120000,1500000
2017-02-02 13:37:12.954000,1.08034,1.08033,1000000,1000000
2017-02-02 13:37:13.157000,1.08037,1.08033,4870000,3370000
2017-02-02 13:37:13.679000,1.08037,1.08034,3000000,1120000
2017-02-02 13:37:14.523000,1.08035,1.08034,1000000,1120000
2017-02-02 13:37:15.029000,1.08036,1.08033,3000000,1870000
2017-02-02 13:37:15.916000,1.08036,1.08035,1000000,1000000
2017-02-02 13:37:16.170000,1.08038,1.08035,3940000,2250000
2017-02-02 13:37:17.166000,1.08038,1.08034,4120000,3370000
2017-02-02 13:37:17.318000,1.08036,1.08034,1000000,1120000
2017-02-02 13:37:17.934000,1.08034,1.08032,1000000,12000000
2017-02-02 13:37:18.215000,1.08031,1.08028,3940000,5250000
2017-02-02 13:37:18.299000,1.08028,1.08027,3940000,1000000
2017-02-02 13:37:18.604000,1.08024,1.08023,1690000,1120000
2017-02-02 13:37:18.909000,1.08028,1.08026,2250000,1000000
2017-02-02 13:37:19.129000,1.0803,1.08028,1000000,5250000
2017-02-02 13:37:19.257000,1.08032,1.0803,1000000,3750000
2017-02-02 13:37:19.316000,1.08037,1.08036,4120000,1000000
2017-02-02 13:37:19.367000,1.08038,1.08036,5250000,1000000
2017-02-02 13:37:19.469000,1.0804,1.08039,1500000,1000000
2017-02-02 13:37:19.672000,1.0804,1.08039,1000000,5620000
2017-02-02 13:37:19.774000,1.08045,1.08044,9300000,1000000
2017-02-02 13:37:19.825000,1.08045,1.08044,4500000,1000000
2017-02-02 13:37:19.926000,1.08046,1.08045,1000000,1000000
2017-02-02 13:37:20.230000,1.08046,1.08044,1000000,3370000
2017-02-02 13:37:20.488000,1.08043,1.08042,2250000,1000000
2017-02-02 13:37:20.793000,1.08046,1.08044,4500000,1000000
2017-02-02 13:37:21.304000,1.08046,1.08044,3750000,1500000
2017-02-02 13:37:21.846000,1.08044,1.08043,1000000,4120000
2017-02-02 13:37:21.948000,1.08042,1.08041,1000000,2250000
2017-02-02 13:37:22.101000,1.08042,1.08039,3190000,2250000
2017-02-02 13:37:22.614000,1.08041,1.08038,1000000,3750000
2017-02-02 13:37:23.243000,1.08042,1.08039,1500000,2620000
2017-02-02 13:37:23.784000,1.08041,1.08038,1500000,6750000
2017-02-02 13:37:24.408000,1.08042,1.08039,1500000,1120000
2017-02-02 13:37:24.946000,1.08042,1.0804,1200000,1000000
2017-02-02 13:37:25.331000,1.08043,1.08042,4500000,5250000
2017-02-02 13:37:25.433000,1.08044,1.08042,1000000,4500000
2017-02-02 13:37:26.765000,1.08043,1.08042,1000000,3750000
2017-02-02 13:37:26.867000,1.08043,1.0804,6370000,6000000
2017-02-02 13:37:28.170000,1.08043,1.08041,3000000,4120000
2017-02-02 13:37:28.678000,1.08042,1.0804,1000000,1000000
2017-02-02 13:37:29.186000,1.08043,1.0804,4500000,1120000
2017-02-02 13:37:29.490000,1.08041,1.0804,1690000,1000000
2017-02-02 13:37:30.601000,1.08042,1.0804,7500000,1000000
2017-02-02 13:37:30.904000,1.08046,1.08044,4690000,3620000
2017-02-02 13:37:31.480000,1.08046,1.08044,3370000,3250000
2017-02-02 13:37:31.988000,1.08049,1.08045,5620000,3750000
2017-02-02 13:37:32.853000,1.08047,1.08045,2620000,1870000
2017-02-02 13:37:33.156000,1.08046,1.08044,1690000,3000000
2017-02-02 13:37:33.461000,1.08051,1.08049,12190000,3250000
2017-02-02 13:37:33.764000,1.08052,1.08051,1000000,2250000
2017-02-02 13:37:33.815000,1.08052,1.0805,1120000,7120000
2017-02-02 13:37:33.918000,1.08051,1.08049,1690000,1000000
2017-02-02 13:37:34.113000,1.0805,1.08047,3000000,2250000
2017-02-02 13:37:34.723000,1.08051,1.08047,5440000,3370000
2017-02-02 13:37:34.876000,1.08048,1.08047,1250000,1500000
2017-02-02 13:37:34.927000,1.08048,1.08045,1250000,4870000
2017-02-02 13:37:35.232000,1.08048,1.08045,4460000,3750000
2017-02-02 13:37:35.605000,1.08048,1.08045,3370000,5250000
2017-02-02 13:37:35.656000,1.08049,1.08047,3370000,3250000
2017-02-02 13:37:35.859000,1.0805,1.08048,2060000,1000000
2017-02-02 13:37:36.381000,1.08049,1.08048,1000000,1000000
2017-02-02 13:37:37.084000,1.08052,1.0805,3940000,4500000
2017-02-02 13:37:37.540000,1.08053,1.08051,1500000,1500000
2017-02-02 13:37:37.743000,1.08055,1.08052,1250000,2250000
2017-02-02 13:37:37.946000,1.08056,1.08054,2250000,1000000
2017-02-02 13:37:38.168000,1.08055,1.08052,1000000,1870000
2017-02-02 13:37:38.473000,1.08057,1.08055,5440000,3370000
2017-02-02 13:37:38.728000,1.08056,1.08054,1120000,1870000
2017-02-02 13:37:38.880000,1.08054,1.08053,1000000,1500000
2017-02-02 13:37:39.234000,1.08054,1.08052,1310000,4120000
2017-02-02 13:37:39.678000,1.08055,1.08054,1500000,1000000
2017-02-02 13:37:40.186000,1.08056,1.08054,3190000,2250000
2017-02-02 13:37:40.491000,1.08054,1.08051,3940000,2250000
2017-02-02 13:37:40.644000,1.08054,1.08052,5440000,1000000
2017-02-02 13:37:40.847000,1.08056,1.08054,5440000,1000000
2017-02-02 13:37:42.210000,1.08052,1.08051,6750000,7120000
2017-02-02 13:37:42.312000,1.08052,1.08051,5250000,1000000
2017-02-02 13:37:42.363000,1.08052,1.0805,3940000,1000000
2017-02-02 13:37:42.414000,1.08051,1.08049,3940000,1000000
2017-02-02 13:37:42.781000,1.08054,1.08053,10310000,1500000
2017-02-02 13:37:42.882000,1.08054,1.08052,1000000,8620000
2017-02-02 13:37:42.934000,1.08055,1.08053,1500000,1500000
2017-02-02 13:37:42.985000,1.08056,1.08054,2250000,6000000
2017-02-02 13:37:43.036000,1.08057,1.08055,1500000,3000000
2017-02-02 13:37:43.188000,1.08058,1.08057,2250000,1500000
2017-02-02 13:37:43.239000,1.08059,1.08057,2250000,1500000
2017-02-02 13:37:43.340000,1.0806,1.08059,1690000,1000000
2017-02-02 13:37:44.077000,1.0806,1.08058,1690000,4870000
2017-02-02 13:37:44.718000,1.0806,1.08059,1690000,1000000
2017-02-02 13:37:46.166000,1.08062,1.0806,5620000,1000000
2017-02-02 13:37:46.369000,1.08062,1.08061,1000000,3370000
2017-02-02 13:37:46.572000,1.08065,1.08063,8440000,3250000
2017-02-02 13:37:47.093000,1.08064,1.08063,1000000,3750000
2017-02-02 13:37:48.348000,1.08063,1.08062,1000000,4500000
2017-02-02 13:37:48.484000,1.08063,1.08062,1250000,1500000
2017-02-02 13:37:48.535000,1.08061,1.08059,3250000,5620000
2017-02-02 13:37:49.080000,1.08061,1.08059,2020000,1500000
2017-02-02 13:37:49.481000,1.08062,1.08061,2210000,1870000
2017-02-02 13:37:49.684000,1.08065,1.08064,3000000,2620000
2017-02-02 13:37:50.192000,1.08064,1.08063,1690000,2620000
2017-02-02 13:37:50.700000,1.08066,1.08064,2620000,4120000
2017-02-02 13:37:51.452000,1.08063,1.08062,1500000,3370000
2017-02-02 13:37:52.003000,1.08063,1.08062,1000000,1870000
2017-02-02 13:37:52.580000,1.08065,1.08063,4460000,1870000
2017-02-02 13:37:53.901000,1.08065,1.08064,1120000,2250000
2017-02-02 13:37:54.104000,1.08067,1.08065,2620000,1000000
2017-02-02 13:37:54.426000,1.08065,1.08064,1500000,3000000
2017-02-02 13:37:54.579000,1.08065,1.08064,1000000,1000000
2017-02-02 13:37:54.933000,1.08068,1.08065,5400000,1000000
2017-02-02 13:37:55.441000,1.08065,1.08064,1000000,2250000
2017-02-02 13:37:55.968000,1.08066,1.08065,2250000,1000000
2017-02-02 13:37:56.655000,1.08066,1.08064,2250000,1000000
2017-02-02 13:37:57.203000,1.08065,1.08063,3000000,1000000
2017-02-02 13:37:57.650000,1.08067,1.08064,3750000,1000000
2017-02-02 13:37:58.283000,1.08065,1.08063,1000000,1500000
2017-02-02 13:37:58.802000,1.08064,1.08063,1870000,3000000
2017-02-02 13:37:59.106000,1.08066,1.08064,1870000,2250000
2017-02-02 13:37:59.399000,1.08067,1.08066,1500000,1500000
2017-02-02 13:37:59.704000,1.0807,1.08068,1690000,2870000
2017-02-02 13:38:00.210000,1.0807,1.08069,1310000,1000000
2017-02-02 13:38:00.488000,1.0807,1.08066,1310000,5620000
2017-02-02 13:38:00.589000,1.08068,1.08066,1000000,2620000
2017-02-02 13:38:01.050000,1.08069,1.08067,1120000,1000000
2017-02-02 13:38:02.435000,1.08069,1.08068,1000000,1500000
2017-02-02 13:38:02.949000,1.0807,1.08068,6940000,1000000
2017-02-02 13:38:03.482000,1.08069,1.08068,1000000,1500000
2017-02-02 13:38:03.985000,1.08067,1.08066,1000000,1870000
2017-02-02 13:38:04.289000,1.08065,1.08064,1500000,2620000
2017-02-02 13:38:05.708000,1.08064,1.08063,1500000,1870000
2017-02-02 13:38:05.759000,1.08065,1.08063,6190000,2120000
2017-02-02 13:38:05.911000,1.08062,1.08061,3750000,1000000
2017-02-02 13:38:06.217000,1.08059,1.08057,1500000,3750000
2017-02-02 13:38:06.422000,1.08061,1.08058,2440000,2620000
2017-02-02 13:38:06.777000,1.08061,1.08059,2620000,1000000
2017-02-02 13:38:06.950000,1.08062,1.0806,3370000,1000000
2017-02-02 13:38:07.891000,1.08062,1.08059,3750000,1000000
2017-02-02 13:38:07.942000,1.0806,1.08059,1500000,1000000
2017-02-02 13:38:08.145000,1.08059,1.08057,1500000,1000000
2017-02-02 13:38:08.197000,1.08058,1.08057,1500000,1000000
2017-02-02 13:38:08.349000,1.08056,1.08054,2440000,1000000
2017-02-02 13:38:08.451000,1.08055,1.08053,1000000,1500000
2017-02-02 13:38:08.976000,1.08056,1.08053,1000000,3000000
2017-02-02 13:38:09.434000,1.08056,1.08055,1120000,2250000
2017-02-02 13:38:09.536000,1.08058,1.08055,2060000,3000000
2017-02-02 13:38:10.067000,1.08058,1.08055,1250000,6750000
2017-02-02 13:38:10.727000,1.08057,1.08055,1000000,3370000
2017-02-02 13:38:10.881000,1.08059,1.08055,3750000,3000000
2017-02-02 13:38:11.084000,1.08057,1.08055,1000000,3750000
2017-02-02 13:38:11.389000,1.08052,1.0805,1000000,9370000
2017-02-02 13:38:11.440000,1.08052,1.0805,1000000,9370000
2017-02-02 13:38:11.946000,1.08052,1.0805,1000000,9000000
2017-02-02 13:38:13.927000,1.08052,1.0805,1000000,6000000
2017-02-02 13:38:14.408000,1.08052,1.08051,1000000,1870000
2017-02-02 13:38:14.561000,1.08055,1.08054,4870000,1500000
2017-02-02 13:38:15.323000,1.08054,1.08052,1500000,2250000
2017-02-02 13:38:15.829000,1.08054,1.08052,1000000,1000000
2017-02-02 13:38:16.813000,1.08054,1.08053,1000000,1870000
2017-02-02 13:38:17.151000,1.08057,1.08056,1990000,1870000
2017-02-02 13:38:17.354000,1.08059,1.08058,1240000,1120000
2017-02-02 13:38:17.888000,1.08059,1.08057,1240000,1870000
2017-02-02 13:38:18.393000,1.0806,1.08057,8620000,1870000
2017-02-02 13:38:18.921000,1.08059,1.08057,1270000,2250000
2017-02-02 13:38:20.368000,1.08058,1.08057,1000000,2620000
2017-02-02 13:38:20.470000,1.08056,1.08055,2250000,1000000
2017-02-02 13:38:20.572000,1.08055,1.08053,1250000,1500000
2017-02-02 13:38:21.447000,1.08056,1.08054,2250000,1870000
2017-02-02 13:38:21.954000,1.08056,1.08052,6940000,7120000
2017-02-02 13:38:22.750000,1.08054,1.08052,1000000,1870000
2017-02-02 13:38:23.369000,1.08054,1.08053,1000000,1870000
2017-02-02 13:38:23.874000,1.08054,1.08052,3000000,2250000
2017-02-02 13:38:25.187000,1.08054,1.08051,4500000,1870000
2017-02-02 13:38:25.492000,1.08053,1.08051,1370000,3000000
2017-02-02 13:38:25.850000,1.08052,1.0805,5250000,6370000
2017-02-02 13:38:26.004000,1.08049,1.08048,2620000,4870000
2017-02-02 13:38:26.538000,1.08048,1.08046,3940000,4490000
2017-02-02 13:38:26.948000,1.08044,1.08043,1000000,5250000
2017-02-02 13:38:26.999000,1.08044,1.08043,1500000,1120000
2017-02-02 13:38:27.050000,1.08043,1.08041,1000000,6750000
2017-02-02 13:38:27.505000,1.08044,1.08043,2250000,1120000
2017-02-02 13:38:28.888000,1.08045,1.08044,3000000,1500000
2017-02-02 13:38:29.047000,1.08046,1.08044,1870000,2620000
2017-02-02 13:38:29.585000,1.08045,1.08042,5810000,2250000
2017-02-02 13:38:30.282000,1.08046,1.08044,4160000,2250000
2017-02-02 13:38:30.738000,1.08047,1.08046,10720000,3750000
2017-02-02 13:38:31,1.08048,1.08046,5060000,1500000
2017-02-02 13:38:31.052000,1.08046,1.08045,1500000,2620000
2017-02-02 13:38:31.280000,1.08045,1.08044,2440000,1000000
2017-02-02 13:38:31.381000,1.08044,1.08043,1000000,1000000
2017-02-02 13:38:32.031000,1.08044,1.08042,2810000,2620000
2017-02-02 13:38:32.503000,1.08042,1.08041,1000000,2250000
2017-02-02 13:38:32.757000,1.08044,1.08042,1500000,3370000
2017-02-02 13:38:35.787000,1.08043,1.08042,1000000,1870000
2017-02-02 13:38:36.289000,1.08044,1.08043,1120000,3000000
2017-02-02 13:38:42.610000,1.08044,1.08042,1500000,2620000
2017-02-02 13:38:43.116000,1.08044,1.08043,1000000,1500000
2017-02-02 13:38:44.491000,1.08045,1.08043,4720000,2120000
2017-02-02 13:38:45.026000,1.08045,1.08043,2250000,1120000
2017-02-02 13:38:45.127000,1.08041,1.0804,1000000,19500000
2017-02-02 13:38:45.432000,1.08037,1.08035,2370000,8620000
2017-02-02 13:38:45.736000,1.08039,1.08037,1500000,3750000
2017-02-02 13:38:46.269000,1.0804,1.08038,2250000,4870000
2017-02-02 13:38:46.370000,1.08042,1.0804,4500000,1500000
2017-02-02 13:38:46.725000,1.08043,1.08041,9190000,4000000
2017-02-02 13:38:47.137000,1.08046,1.08045,1000000,1120000
2017-02-02 13:38:47.189000,1.08047,1.08045,3940000,1500000
2017-02-02 13:38:47.341000,1.08046,1.08044,2060000,2250000
2017-02-02 13:38:47.644000,1.08048,1.08045,6940000,2620000
2017-02-02 13:38:48.151000,1.08047,1.08046,4690000,1000000
2017-02-02 13:38:48.767000,1.08046,1.08045,3220000,3370000
2017-02-02 13:38:49.262000,1.08044,1.08043,1000000,4120000
2017-02-02 13:38:49.566000,1.08046,1.08045,1000000,1870000
2017-02-02 13:38:49.718000,1.08048,1.08046,2810000,1000000
2017-02-02 13:38:50.118000,1.08047,1.08045,2250000,4500000
2017-02-02 13:38:50.807000,1.08045,1.08044,1500000,4120000
2017-02-02 13:38:51.289000,1.08045,1.08043,15370000,1000000
2017-02-02 13:38:51.902000,1.08044,1.08043,3600000,1500000
2017-02-02 13:38:52.715000,1.08045,1.08043,6600000,1000000
2017-02-02 13:38:52.968000,1.08041,1.0804,1250000,6750000
2017-02-02 13:38:53.019000,1.08042,1.0804,7120000,6250000
2017-02-02 13:38:53.551000,1.0804,1.08039,1500000,1870000
2017-02-02 13:38:54.233000,1.08041,1.0804,3190000,2620000
2017-02-02 13:38:54.284000,1.08044,1.08042,18190001,1000000
2017-02-02 13:38:54.538000,1.08045,1.08044,3190000,1120000
2017-02-02 13:38:54.997000,1.08044,1.08042,4120000,2120000
2017-02-02 13:38:55.098000,1.08044,1.08042,5440000,2120000
2017-02-02 13:38:55.615000,1.08043,1.08042,1000000,1870000
2017-02-02 13:38:55.951000,1.08045,1.08043,1000000,1000000
2017-02-02 13:38:56.253000,1.08046,1.08044,3790000,2120000
2017-02-02 13:38:56.456000,1.08049,1.08047,1120000,2250000
2017-02-02 13:38:56.711000,1.08048,1.08046,2060000,2250000
2017-02-02 13:38:56.966000,1.08046,1.08044,2810000,1500000
2017-02-02 13:38:57.527000,1.08047,1.08045,10720000,2120000
2017-02-02 13:38:58.235000,1.08045,1.08044,1690000,2620000
2017-02-02 13:38:58.287000,1.08045,1.08043,3560000,1870000
2017-02-02 13:38:58.338000,1.08042,1.08041,1500000,4870000
2017-02-02 13:38:58.439000,1.08041,1.08039,4120000,7870000
2017-02-02 13:39:00.068000,1.08041,1.08039,7120000,2120000
2017-02-02 13:39:00.423000,1.08042,1.08041,1120000,3000000
2017-02-02 13:39:00.474000,1.08043,1.08042,2060000,1000000
2017-02-02 13:39:00.525000,1.08044,1.08042,1120000,1870000
2017-02-02 13:39:00.797000,1.08045,1.08044,3560000,1120000
2017-02-02 13:39:01,1.08044,1.08043,1000000,1500000
2017-02-02 13:39:01.506000,1.08043,1.08042,1000000,1870000
2017-02-02 13:39:02.367000,1.08044,1.08042,4870000,1000000
2017-02-02 13:39:02.519000,1.08044,1.08041,17440001,1870000
2017-02-02 13:39:02.570000,1.08042,1.08039,3000000,3370000
2017-02-02 13:39:02.621000,1.08037,1.08034,3370000,20620001
2017-02-02 13:39:02.722000,1.08037,1.08035,13500000,1370000
2017-02-02 13:39:02.773000,1.08032,1.0803,1120000,13500000
2017-02-02 13:39:02.824000,1.08031,1.08029,1690000,4870000
2017-02-02 13:39:02.977000,1.0803,1.08028,4500000,1870000
2017-02-02 13:39:04.036000,1.08031,1.08029,7120000,1500000
2017-02-02 13:39:04.238000,1.08033,1.08031,4310000,1000000
2017-02-02 13:39:04.526000,1.08035,1.08033,1870000,1000000
2017-02-02 13:39:04.933000,1.08034,1.08032,3560000,1000000
2017-02-02 13:39:05.388000,1.08032,1.08029,3750000,5620000
2017-02-02 13:39:05.813000,1.08032,1.08029,10310000,1000000
2017-02-02 13:39:06.328000,1.08032,1.08029,14920000,1000000
2017-02-02 13:39:06.991000,1.08029,1.08026,1000000,5210000
2017-02-02 13:39:07.240000,1.08029,1.08026,1500000,2590000
2017-02-02 13:39:07.442000,1.08029,1.08028,1500000,1000000
2017-02-02 13:39:07.948000,1.0803,1.08029,2440000,1000000
2017-02-02 13:39:08.338000,1.08033,1.08032,3190000,1500000
2017-02-02 13:39:08.389000,1.08033,1.08032,1690000,2250000
2017-02-02 13:39:08.703000,1.08034,1.08032,1000000,2250000
2017-02-02 13:39:09.427000,1.08035,1.08032,3560000,2250000
2017-02-02 13:39:09.939000,1.08033,1.08031,1500000,1500000
2017-02-02 13:39:10.243000,1.0803,1.08029,3190000,3000000
2017-02-02 13:39:10.775000,1.0803,1.08028,1250000,1000000
2017-02-02 13:39:10.950000,1.0803,1.08026,1250000,11620000
2017-02-02 13:39:11.203000,1.0803,1.08028,1250000,1000000
2017-02-02 13:39:12.853000,1.0803,1.08029,1000000,1000000
2017-02-02 13:39:13.107000,1.08033,1.08031,1120000,3750000
2017-02-02 13:39:13.323000,1.08035,1.08033,1250000,1000000
2017-02-02 13:39:13.837000,1.08036,1.08034,7800000,1000000
2017-02-02 13:39:15.024000,1.08032,1.08031,4120000,1870000
2017-02-02 13:39:15.256000,1.0803,1.08029,1420000,1500000
2017-02-02 13:39:15.357000,1.08032,1.0803,2440000,2500000
2017-02-02 13:39:15.863000,1.08031,1.08029,2740000,1000000
2017-02-02 13:39:16.441000,1.0803,1.08029,1310000,1000000
2017-02-02 13:39:16.769000,1.08029,1.08028,1000000,1120000
2017-02-02 13:39:17.268000,1.08026,1.08025,1000000,3000000
2017-02-02 13:39:17.421000,1.08025,1.08024,1120000,1120000
2017-02-02 13:39:17.847000,1.08027,1.08025,1870000,1500000
2017-02-02 13:39:17.949000,1.08029,1.08027,4120000,1000000
2017-02-02 13:39:18.404000,1.0803,1.08029,1000000,1000000
2017-02-02 13:39:18.709000,1.0804,1.08038,7120000,6750000
2017-02-02 13:39:18.759000,1.08041,1.0804,8250000,1500000
2017-02-02 13:39:18.971000,1.08041,1.0804,1870000,1500000
2017-02-02 13:39:19.028000,1.08041,1.0804,1500000,7870000
2017-02-02 13:39:19.079000,1.08045,1.08044,4870000,1000000
2017-02-02 13:39:19.180000,1.08045,1.08043,1370000,3000000
2017-02-02 13:39:19.434000,1.08046,1.08044,3370000,3000000
2017-02-02 13:39:19.485000,1.08045,1.08044,1120000,2250000
2017-02-02 13:39:19.688000,1.08047,1.08045,11620000,1500000
2017-02-02 13:39:19.840000,1.08049,1.08047,6000000,4500000
2017-02-02 13:39:20.363000,1.08049,1.08047,1120000,7500000
2017-02-02 13:39:23.111000,1.0805,1.08049,6560000,1000000
2017-02-02 13:39:23.253000,1.08053,1.08051,7500000,3750000
2017-02-02 13:39:23.457000,1.08051,1.0805,1250000,3750000
2017-02-02 13:39:23.559000,1.0805,1.08049,1500000,5250000
2017-02-02 13:39:23.863000,1.08052,1.08051,1500000,1000000
2017-02-02 13:39:24.167000,1.08054,1.08053,1990000,5250000
2017-02-02 13:39:24.620000,1.08056,1.08054,4800000,4750000
2017-02-02 13:39:24.723000,1.08058,1.08057,3300000,1500000
2017-02-02 13:39:24.774000,1.08058,1.08056,5250000,5250000
2017-02-02 13:39:25.332000,1.0806,1.08058,9560000,4000000
2017-02-02 13:39:25.753000,1.08063,1.08062,5440000,3750000
2017-02-02 13:39:25.858000,1.08063,1.08062,2250000,4500000
2017-02-02 13:39:26.371000,1.08065,1.08064,8550000,1000000
2017-02-02 13:39:27,1.08068,1.08067,2620000,3000000
2017-02-02 13:39:27.051000,1.08069,1.08067,1870000,7750000
2017-02-02 13:39:27.203000,1.0807,1.08068,4500000,1000000
2017-02-02 13:39:27.356000,1.08066,1.08065,1000000,2250000
2017-02-02 13:39:27.407000,1.08066,1.08064,3190000,4870000
2017-02-02 13:39:27.510000,1.08066,1.08064,4310000,3750000
2017-02-02 13:39:28.045000,1.08067,1.08066,12560000,1500000
2017-02-02 13:39:28.350000,1.08071,1.0807,2060000,4500000
2017-02-02 13:39:28.553000,1.08074,1.08073,4500000,3370000
2017-02-02 13:39:28.756000,1.08074,1.08072,2810000,5620000
2017-02-02 13:39:28.858000,1.08072,1.08071,1120000,2620000
2017-02-02 13:39:29.017000,1.08071,1.08069,1000000,15000000
2017-02-02 13:39:29.119000,1.08071,1.08069,5060000,3370000
2017-02-02 13:39:29.220000,1.08071,1.08069,4870000,7870000
2017-02-02 13:39:29.475000,1.08075,1.08073,6940000,3620000
2017-02-02 13:39:29.627000,1.08072,1.08071,1000000,4870000
2017-02-02 13:39:29.782000,1.08074,1.08073,2250000,4120000
2017-02-02 13:39:30.581000,1.08073,1.08072,1500000,1500000
2017-02-02 13:39:30.632000,1.08072,1.0807,3940000,3750000
2017-02-02 13:39:30.836000,1.0807,1.08069,1870000,3000000
2017-02-02 13:39:31.191000,1.08069,1.08067,4310000,1500000
2017-02-02 13:39:31.729000,1.08068,1.08066,1310000,2250000
2017-02-02 13:39:32.244000,1.08072,1.08071,3190000,1120000
2017-02-02 13:39:32.346000,1.08072,1.08071,1500000,2620000
2017-02-02 13:39:32.448000,1.08075,1.08073,4870000,2500000
2017-02-02 13:39:32.624000,1.08077,1.08075,1870000,2500000
2017-02-02 13:39:32.676000,1.08079,1.08077,7500000,1000000
2017-02-02 13:39:32.727000,1.08079,1.08078,1120000,6750000
2017-02-02 13:39:32.830000,1.08083,1.08081,1870000,2500000
2017-02-02 13:39:32.881000,1.08082,1.08081,1500000,1000000
2017-02-02 13:39:33.035000,1.08085,1.08082,3750000,1120000
2017-02-02 13:39:33.087000,1.08089,1.08088,1000000,1500000
2017-02-02 13:39:33.596000,1.08089,1.08088,1000000,1500000
2017-02-02 13:39:34.569000,1.08089,1.08087,3000000,1870000
2017-02-02 13:39:35.075000,1.0809,1.08088,4500000,1000000
2017-02-02 13:39:35.382000,1.08092,1.08091,2620000,1120000
2017-02-02 13:39:35.919000,1.08094,1.08092,2810000,1000000
2017-02-02 13:39:36.690000,1.08091,1.0809,1250000,3370000
2017-02-02 13:39:36.792000,1.08091,1.0809,4310000,2250000
2017-02-02 13:39:36.843000,1.08089,1.08088,1120000,3000000
2017-02-02 13:39:37.025000,1.08088,1.08087,1000000,1500000
2017-02-02 13:39:37.076000,1.08087,1.08086,1000000,2250000
2017-02-02 13:39:38.672000,1.08087,1.08085,2250000,5620000
2017-02-02 13:39:38.926000,1.08088,1.08087,1870000,1120000
2017-02-02 13:39:39.128000,1.08087,1.08086,1120000,1000000
2017-02-02 13:39:39.433000,1.0809,1.08089,3750000,1870000
2017-02-02 13:39:39.535000,1.08091,1.0809,1120000,1870000
2017-02-02 13:39:40.077000,1.08092,1.0809,1000000,5250000
2017-02-02 13:39:41.238000,1.08092,1.08091,1500000,2250000
