time,ask,bid,ask_volume,bid_volume
2020-01-10 08:25:00.009000,1.11017,1.11014,750000,1760000
2020-01-10 08:25:00.641000,1.11018,1.11016,2060000,190000
2020-01-10 08:25:00.793000,1.11019,1.11016,750000,260000
2020-01-10 08:25:00.929000,1.1102,1.11017,5700000,190000
2020-01-10 08:25:01.100000,1.11019,1.11017,750000,940000
2020-01-10 08:25:01.202000,1.1102,1.11017,4950000,190000
2020-01-10 08:25:02.514000,1.11019,1.11017,750000,190000
2020-01-10 08:25:02.615000,1.1102,1.11017,4950000,190000
2020-01-10 08:25:03.659000,1.11018,1.11017,750000,190000
2020-01-10 08:25:05.729000,1.11019,1.11017,1570000,190000
2020-01-10 08:25:07.136000,1.11018,1.11017,750000,190000
2020-01-10 08:25:07.289000,1.11019,1.11017,1950000,190000
2020-01-10 08:25:08.792000,1.11018,1.11017,100000,190000
2020-01-10 08:25:08.895000,1.11018,1.11016,1200000,100000
2020-01-10 08:25:08.998000,1.11016,1.11014,1500000,1690000
2020-01-10 08:25:09.100000,1.11015,1.11014,1500000,2810000
2020-01-10 08:25:10.268000,1.11016,1.11014,750000,5810000
2020-01-10 08:25:10.381000,1.11016,1.11014,750000,6560000
2020-01-10 08:25:11.186000,1.11016,1.11014,750000,5060000
2020-01-10 08:25:15.033000,1.11016,1.11013,750000,3000000
2020-01-10 08:25:16.510000,1.11015,1.11013,750000,3750000
2020-01-10 08:25:16.807000,1.11015,1.11014,750000,450000
2020-01-10 08:25:17.554000,1.11016,1.11014,820000,1950000
2020-01-10 08:25:17.711000,1.11018,1.11016,2250000,750000
2020-01-10 08:25:17.812000,1.11019,1.11017,2700000,940000
2020-01-10 08:25:20.394000,1.11019,1.11018,1500000,190000
2020-01-10 08:25:24.691000,1.1102,1.11018,940000,750000
2020-01-10 08:25:24.994000,1.1102,1.11019,750000,750000
2020-01-10 08:25:25.121000,1.11022,1.1102,2810000,1500000
2020-01-10 08:25:25.376000,1.11021,1.1102,750000,1120000
2020-01-10 08:25:25.427000,1.11023,1.11021,3370000,1120000
2020-01-10 08:25:25.579000,1.11024,1.11022,3750000,750000
2020-01-10 08:25:25.680000,1.11025,1.11023,750000,750000
2020-01-10 08:25:27.813000,1.11025,1.11022,750000,5250000
2020-01-10 08:25:27.934000,1.11025,1.11023,750000,750000
2020-01-10 08:25:30.385000,1.11026,1.11025,2250000,940000
2020-01-10 08:25:30.437000,1.11027,1.11025,560000,2810000
2020-01-10 08:25:30.488000,1.11028,1.11027,820000,750000
2020-01-10 08:25:30.589000,1.11029,1.11027,750000,750000
2020-01-10 08:25:34.646000,1.11031,1.11028,4950000,750000
2020-01-10 08:25:34.798000,1.1103,1.11028,1500000,750000
2020-01-10 08:25:35.070000,1.1103,1.11027,1500000,3940000
2020-01-10 08:25:35.361000,1.1103,1.11028,1500000,750000
2020-01-10 08:25:35.463000,1.1103,1.11027,1870000,3940000
2020-01-10 08:25:35.763000,1.1103,1.11028,1500000,750000
2020-01-10 08:25:36.028000,1.11031,1.11027,5020000,3190000
2020-01-10 08:25:36.230000,1.1103,1.11027,750000,5060000
2020-01-10 08:25:36.432000,1.11031,1.11027,4950000,3560000
2020-01-10 08:25:37.303000,1.1103,1.11027,750000,4310000
2020-01-10 08:25:37.404000,1.11031,1.11027,5020000,3560000
2020-01-10 08:25:38.668000,1.1103,1.11027,750000,6750000
2020-01-10 08:25:38.922000,1.11031,1.11027,4270000,5440000
2020-01-10 08:25:39.976000,1.1103,1.11027,750000,5440000
2020-01-10 08:25:40.129000,1.1103,1.11028,750000,750000
2020-01-10 08:25:46.347000,1.11031,1.11028,1310000,2890000
2020-01-10 08:25:46.601000,1.11031,1.11029,940000,750000
2020-01-10 08:25:46.804000,1.11031,1.11028,940000,2440000
2020-01-10 08:25:46.905000,1.11031,1.11029,2890000,750000
2020-01-10 08:25:47.007000,1.11031,1.11028,1390000,1690000
2020-01-10 08:25:47.237000,1.1103,1.11028,750000,1690000
2020-01-10 08:25:48.515000,1.11027,1.11025,2250000,2620000
2020-01-10 08:25:48.617000,1.11027,1.11025,1500000,940000
2020-01-10 08:25:48.819000,1.11026,1.11024,750000,900000
2020-01-10 08:25:48.921000,1.11027,1.11026,1500000,1690000
2020-01-10 08:25:48.973000,1.11029,1.11027,3340000,1120000
2020-01-10 08:25:51.498000,1.11029,1.11028,750000,190000
2020-01-10 08:25:52.116000,1.11029,1.11027,750000,4870000
2020-01-10 08:25:52.450000,1.11029,1.11028,750000,750000
2020-01-10 08:25:52.502000,1.11031,1.11029,3070000,1500000
2020-01-10 08:25:52.737000,1.1103,1.11029,820000,1500000
2020-01-10 08:25:52.838000,1.1103,1.11027,820000,4870000
2020-01-10 08:25:52.983000,1.1103,1.11028,1570000,750000
2020-01-10 08:25:53.181000,1.1103,1.11027,820000,4870000
2020-01-10 08:25:53.567000,1.1103,1.11028,750000,750000
2020-01-10 08:25:53.669000,1.11031,1.11028,4950000,1500000
2020-01-10 08:25:53.771000,1.1103,1.11028,1500000,2250000
2020-01-10 08:25:56.369000,1.1103,1.11027,750000,5620000
2020-01-10 08:25:56.893000,1.1103,1.11028,750000,750000
2020-01-10 08:25:56.994000,1.1103,1.11027,750000,4120000
2020-01-10 08:25:57.286000,1.1103,1.11028,750000,190000
2020-01-10 08:25:57.637000,1.1103,1.11027,750000,4870000
2020-01-10 08:25:57.740000,1.1103,1.11028,750000,750000
2020-01-10 08:25:57.842000,1.11029,1.11027,750000,3750000
2020-01-10 08:25:59.083000,1.11029,1.11028,1500000,190000
2020-01-10 08:25:59.583000,1.11029,1.11027,750000,4870000
2020-01-10 08:26:01.403000,1.11029,1.11028,750000,750000
2020-01-10 08:26:01.504000,1.11029,1.11027,750000,10690000
2020-01-10 08:26:01.556000,1.11031,1.11028,1870000,3000000
2020-01-10 08:26:01.607000,1.11032,1.11031,1760000,1120000
2020-01-10 08:26:01.708000,1.11033,1.11031,4200000,1760000
2020-01-10 08:26:01.872000,1.11034,1.11032,1570000,940000
2020-01-10 08:26:01.973000,1.11034,1.11033,1500000,190000
2020-01-10 08:26:02.736000,1.11035,1.11033,3520000,940000
2020-01-10 08:26:02.837000,1.11034,1.11033,1500000,1690000
2020-01-10 08:26:02.968000,1.11035,1.11034,1500000,190000
2020-01-10 08:26:03.441000,1.11036,1.11034,1870000,750000
2020-01-10 08:26:03.847000,1.11036,1.11035,1120000,1500000
2020-01-10 08:26:03.950000,1.11038,1.11037,1120000,2440000
2020-01-10 08:26:05.985000,1.11038,1.11036,750000,2620000
2020-01-10 08:26:06.373000,1.11038,1.11037,750000,750000
2020-01-10 08:26:06.474000,1.11038,1.11036,750000,6370000
2020-01-10 08:26:06.843000,1.11038,1.11037,750000,750000
2020-01-10 08:26:06.944000,1.11038,1.11036,750000,3750000
2020-01-10 08:26:07.046000,1.11037,1.11036,370000,4500000
2020-01-10 08:26:07.183000,1.11037,1.11035,1120000,2060000
2020-01-10 08:26:07.385000,1.11037,1.11036,2320000,1310000
2020-01-10 08:26:07.638000,1.11037,1.11035,1570000,750000
2020-01-10 08:26:08.794000,1.11036,1.11033,750000,3750000
2020-01-10 08:26:09.204000,1.11035,1.11032,750000,4690000
2020-01-10 08:26:09.310000,1.11036,1.11033,2250000,750000
2020-01-10 08:26:10.688000,1.11035,1.11033,750000,940000
2020-01-10 08:26:10.789000,1.11036,1.11033,1570000,940000
2020-01-10 08:26:15.942000,1.11035,1.11033,750000,560000
2020-01-10 08:26:17.309000,1.11036,1.11033,2320000,560000
2020-01-10 08:26:18.985000,1.11035,1.11033,100000,560000
2020-01-10 08:26:19.683000,1.11037,1.11035,6750000,190000
2020-01-10 08:26:19.785000,1.11038,1.11036,750000,940000
2020-01-10 08:26:19.886000,1.11039,1.11036,750000,3000000
2020-01-10 08:26:20.702000,1.11039,1.11037,820000,1120000
2020-01-10 08:26:21.246000,1.11039,1.11036,1570000,940000
2020-01-10 08:26:22.639000,1.1104,1.11036,4950000,2440000
2020-01-10 08:26:23.921000,1.11039,1.11036,2700000,2440000
2020-01-10 08:26:23.972000,1.11036,1.11034,750000,2890000
2020-01-10 08:26:24.073000,1.11036,1.11034,1690000,640000
2020-01-10 08:26:24.175000,1.11036,1.11033,3560000,1690000
2020-01-10 08:26:24.327000,1.11036,1.11034,750000,750000
2020-01-10 08:26:24.630000,1.11036,1.11033,1120000,1310000
2020-01-10 08:26:25.035000,1.11036,1.11034,1870000,190000
2020-01-10 08:26:25.961000,1.11036,1.11033,1120000,1310000
2020-01-10 08:26:28.590000,1.11037,1.11033,7460000,2250000
2020-01-10 08:26:28.742000,1.11037,1.11034,4650000,190000
2020-01-10 08:26:30.052000,1.11036,1.11034,750000,940000
2020-01-10 08:26:32.680000,1.11035,1.11034,100000,190000
2020-01-10 08:26:34.326000,1.11036,1.11034,3450000,940000
2020-01-10 08:26:35.750000,1.11037,1.11035,6900000,190000
2020-01-10 08:26:35.902000,1.11036,1.11034,1690000,940000
2020-01-10 08:26:37.040000,1.11036,1.11033,2510000,4870000
2020-01-10 08:26:38.850000,1.11035,1.11033,100000,1870000
2020-01-10 08:26:38.960000,1.11036,1.11033,820000,1690000
2020-01-10 08:26:42.542000,1.11035,1.11033,750000,3370000
2020-01-10 08:26:43.422000,1.11036,1.11033,450000,1690000
2020-01-10 08:26:55.381000,1.11037,1.11033,6450000,1760000
2020-01-10 08:26:55.482000,1.11036,1.11034,450000,450000
2020-01-10 08:26:55.584000,1.11036,1.11033,450000,1760000
2020-01-10 08:26:57.156000,1.11037,1.11034,7690000,750000
2020-01-10 08:26:57.258000,1.11038,1.11035,3560000,260000
2020-01-10 08:26:57.511000,1.11037,1.11035,450000,190000
2020-01-10 08:26:57.664000,1.11037,1.11034,2320000,450000
2020-01-10 08:26:57.765000,1.11036,1.11033,1500000,2810000
2020-01-10 08:26:58.646000,1.11037,1.11034,6260000,1500000
2020-01-10 08:26:58.748000,1.11036,1.11033,370000,2810000
2020-01-10 08:27:01.204000,1.11037,1.11033,9520000,3750000
2020-01-10 08:27:01.643000,1.11036,1.11033,1310000,3750000
2020-01-10 08:27:02.184000,1.11035,1.11033,100000,750000
2020-01-10 08:27:02.883000,1.11036,1.11033,2700000,750000
2020-01-10 08:27:07.070000,1.11035,1.11033,750000,1310000
2020-01-10 08:27:08.543000,1.11036,1.11033,1010000,750000
2020-01-10 08:27:09.190000,1.11036,1.11034,750000,940000
2020-01-10 08:27:09.291000,1.11037,1.11034,3370000,1500000
2020-01-10 08:27:09.393000,1.11036,1.11034,1500000,1500000
2020-01-10 08:27:09.503000,1.11036,1.11035,1500000,560000
2020-01-10 08:27:09.605000,1.11038,1.11037,1300000,560000
2020-01-10 08:27:09.706000,1.11039,1.11037,940000,560000
2020-01-10 08:27:11.421000,1.1104,1.11038,1760000,190000
2020-01-10 08:27:11.523000,1.1104,1.11039,750000,750000
2020-01-10 08:27:11.928000,1.1104,1.11038,450000,750000
2020-01-10 08:27:12.110000,1.1104,1.11037,450000,3000000
2020-01-10 08:27:12.312000,1.11039,1.11037,750000,750000
2020-01-10 08:27:16.243000,1.11038,1.11036,2320000,1500000
2020-01-10 08:27:16.344000,1.11038,1.11035,820000,4690000
2020-01-10 08:27:16.496000,1.11037,1.11035,750000,6370000
2020-01-10 08:27:16.598000,1.11038,1.11036,1570000,3750000
2020-01-10 08:27:16.699000,1.11039,1.11037,750000,750000
2020-01-10 08:27:16.875000,1.1104,1.11037,1870000,750000
2020-01-10 08:27:17.765000,1.11039,1.11037,1310000,750000
2020-01-10 08:27:17.866000,1.1104,1.11037,2810000,750000
2020-01-10 08:27:19.872000,1.1104,1.11036,2060000,9640000
2020-01-10 08:27:19.973000,1.11039,1.11036,750000,4760000
2020-01-10 08:27:20.075000,1.1104,1.11036,2510000,3190000
2020-01-10 08:27:20.517000,1.11039,1.11036,750000,3940000
2020-01-10 08:27:20.788000,1.11038,1.11036,1500000,1120000
2020-01-10 08:27:20.889000,1.11038,1.11035,1390000,1500000
2020-01-10 08:27:21.042000,1.11039,1.11035,4270000,1690000
2020-01-10 08:27:21.245000,1.11039,1.11036,1120000,2440000
2020-01-10 08:27:21.347000,1.1104,1.11036,3000000,4310000
2020-01-10 08:27:21.573000,1.1104,1.11038,3000000,750000
2020-01-10 08:27:27.324000,1.1104,1.11036,5400000,9820000
2020-01-10 08:27:27.425000,1.11039,1.11036,100000,11060000
2020-01-10 08:27:27.527000,1.1104,1.11037,3450000,190000
2020-01-10 08:27:28.577000,1.1104,1.11036,3710000,5140000
2020-01-10 08:27:28.779000,1.1104,1.11037,1500000,190000
2020-01-10 08:27:29.033000,1.1104,1.11036,1760000,3190000
2020-01-10 08:27:29.137000,1.1104,1.11037,4010000,750000
2020-01-10 08:27:31.386000,1.11038,1.11035,750000,7690000
2020-01-10 08:27:31.487000,1.11039,1.11035,6710000,2810000
2020-01-10 08:27:31.589000,1.11037,1.11035,100000,2060000
2020-01-10 08:27:31.793000,1.11039,1.11035,7090000,3560000
2020-01-10 08:27:32.297000,1.11038,1.11035,1500000,2060000
2020-01-10 08:27:33.899000,1.11038,1.11036,1500000,1500000
2020-01-10 08:27:34.923000,1.11039,1.11036,3190000,6370000
2020-01-10 08:27:36.244000,1.11038,1.11037,750000,940000
2020-01-10 08:27:36.346000,1.11039,1.11036,750000,4390000
2020-01-10 08:27:36.447000,1.11039,1.11037,750000,750000
2020-01-10 08:27:56.061000,1.1104,1.11037,2400000,750000
2020-01-10 08:27:56.992000,1.1104,1.11038,750000,750000
2020-01-10 08:27:57.126000,1.1104,1.11037,1690000,3750000
2020-01-10 08:27:58.783000,1.1104,1.11038,2440000,750000
2020-01-10 08:28:09.075000,1.11039,1.11037,750000,2700000
2020-01-10 08:28:09.277000,1.11039,1.11038,1500000,100000
2020-01-10 08:28:09.653000,1.11039,1.11037,750000,1950000
2020-01-10 08:28:10.336000,1.1104,1.11037,1570000,1950000
2020-01-10 08:28:10.894000,1.1104,1.11038,2250000,100000
2020-01-10 08:28:11.945000,1.1104,1.11038,2250000,100000
2020-01-10 08:28:12.882000,1.1104,1.11038,1500000,750000
2020-01-10 08:28:14.387000,1.11041,1.11037,3190000,1950000
2020-01-10 08:28:15.122000,1.11041,1.11038,3940000,750000
2020-01-10 08:28:16.211000,1.1104,1.11038,750000,750000
2020-01-10 08:28:18.082000,1.11041,1.11038,3940000,750000
2020-01-10 08:28:18.480000,1.11042,1.11041,3260000,820000
2020-01-10 08:28:18.605000,1.11043,1.11042,1200000,2320000
2020-01-10 08:28:18.706000,1.11045,1.11044,1500000,100000
2020-01-10 08:28:18.965000,1.11045,1.11043,750000,820000
2020-01-10 08:28:19.016000,1.11046,1.11045,750000,3190000
2020-01-10 08:28:19.067000,1.11048,1.11047,750000,750000
2020-01-10 08:28:19.118000,1.11049,1.11048,1500000,750000
2020-01-10 08:28:19.220000,1.1105,1.11048,750000,1570000
2020-01-10 08:28:21.089000,1.1105,1.11049,750000,750000
2020-01-10 08:28:21.382000,1.1105,1.11048,750000,4390000
2020-01-10 08:28:21.763000,1.1105,1.11049,750000,560000
2020-01-10 08:28:22.372000,1.1105,1.11048,750000,4200000
2020-01-10 08:28:22.551000,1.1105,1.11049,750000,750000
2020-01-10 08:28:22.652000,1.1105,1.11048,750000,1500000
2020-01-10 08:28:22.781000,1.11051,1.11048,1500000,750000
2020-01-10 08:28:22.882000,1.1105,1.11048,750000,750000
2020-01-10 08:28:23.368000,1.11049,1.11048,750000,1500000
2020-01-10 08:28:26.044000,1.1105,1.11047,1760000,640000
2020-01-10 08:28:26.146000,1.11048,1.11046,750000,1570000
2020-01-10 08:28:26.248000,1.11045,1.11044,1500000,560000
2020-01-10 08:28:26.368000,1.11045,1.11043,1500000,1390000
2020-01-10 08:28:32.897000,1.11045,1.11042,750000,4870000
2020-01-10 08:28:34.917000,1.11044,1.11041,750000,2890000
2020-01-10 08:28:35.019000,1.11043,1.11041,750000,640000
2020-01-10 08:28:35.121000,1.1104,1.11039,750000,750000
2020-01-10 08:28:35.222000,1.1104,1.11037,1500000,2510000
2020-01-10 08:28:35.324000,1.1104,1.11038,3750000,100000
2020-01-10 08:28:35.425000,1.1104,1.11037,1690000,100000
2020-01-10 08:28:35.538000,1.1104,1.11038,1500000,100000
2020-01-10 08:28:35.640000,1.1104,1.11038,2250000,100000
2020-01-10 08:28:36.048000,1.11039,1.11037,750000,450000
2020-01-10 08:28:39.080000,1.1104,1.11037,2250000,3710000
2020-01-10 08:28:39.347000,1.11039,1.11037,560000,1390000
2020-01-10 08:28:39.398000,1.1104,1.11039,1500000,100000
2020-01-10 08:28:39.499000,1.1104,1.11038,2250000,100000
2020-01-10 08:28:39.600000,1.11039,1.11038,750000,100000
2020-01-10 08:28:39.904000,1.1104,1.11038,1690000,1220000
2020-01-10 08:28:41.473000,1.11039,1.11037,750000,1270000
2020-01-10 08:28:42.125000,1.1104,1.11038,2440000,1220000
2020-01-10 08:28:45.127000,1.1104,1.11039,1690000,100000
2020-01-10 08:28:45.342000,1.1104,1.11038,1690000,750000
2020-01-10 08:28:48.223000,1.1104,1.11037,1690000,150000
2020-01-10 08:28:48.430000,1.11039,1.11036,1500000,2210000
2020-01-10 08:28:48.532000,1.11038,1.11036,750000,260000
2020-01-10 08:28:48.641000,1.11039,1.11036,2250000,340000
2020-01-10 08:28:49.624000,1.11038,1.11036,750000,260000
2020-01-10 08:28:52.839000,1.11036,1.11034,750000,3070000
2020-01-10 08:28:52.940000,1.11035,1.11033,750000,1460000
2020-01-10 08:28:54.110000,1.11035,1.11032,750000,3710000
2020-01-10 08:28:55.947000,1.11034,1.11032,750000,2770000
2020-01-10 08:28:59.797000,1.11033,1.11031,5250000,820000
2020-01-10 08:28:59.848000,1.11031,1.1103,1500000,2890000
2020-01-10 08:28:59.899000,1.1103,1.11029,940000,750000
2020-01-10 08:29:00.001000,1.1103,1.11027,1690000,1570000
2020-01-10 08:29:00.121000,1.11029,1.11027,1500000,100000
2020-01-10 08:29:00.273000,1.11028,1.11027,940000,100000
2020-01-10 08:29:00.324000,1.11026,1.11025,750000,1760000
2020-01-10 08:29:00.374000,1.11026,1.11024,1500000,2700000
2020-01-10 08:29:01.047000,1.11026,1.11025,750000,750000
2020-01-10 08:29:01.098000,1.11027,1.11026,1500000,100000
2020-01-10 08:29:01.224000,1.11028,1.11027,3750000,750000
2020-01-10 08:29:01.426000,1.11028,1.11026,750000,450000
2020-01-10 08:29:06.086000,1.11029,1.11026,2250000,450000
2020-01-10 08:29:08.110000,1.11029,1.11027,1950000,750000
2020-01-10 08:29:08.261000,1.11029,1.11026,1570000,1200000
2020-01-10 08:29:11.819000,1.11029,1.11028,1500000,100000
2020-01-10 08:29:11.920000,1.1103,1.11029,750000,100000
2020-01-10 08:29:12.034000,1.1103,1.11028,750000,100000
2020-01-10 08:29:12.136000,1.11031,1.11028,6940000,750000
2020-01-10 08:29:12.378000,1.11031,1.11027,4690000,3710000
2020-01-10 08:29:16.348000,1.11031,1.11028,4120000,560000
2020-01-10 08:29:17.516000,1.11031,1.11027,3560000,4460000
2020-01-10 08:29:17.622000,1.11031,1.11028,6190000,100000
2020-01-10 08:29:18.457000,1.11031,1.11027,4310000,3710000
2020-01-10 08:29:19.068000,1.11023,1.11021,1500000,3750000
2020-01-10 08:29:19.212000,1.11019,1.11018,750000,1200000
2020-01-10 08:29:19.314000,1.1102,1.11018,7500000,640000
2020-01-10 08:29:19.416000,1.11019,1.11018,750000,100000
2020-01-10 08:29:19.517000,1.1102,1.11017,6190000,450000
2020-01-10 08:29:19.678000,1.11019,1.11017,750000,450000
2020-01-10 08:29:19.779000,1.1102,1.11017,5440000,450000
2020-01-10 08:29:19.932000,1.11019,1.11017,750000,450000
2020-01-10 08:29:20.033000,1.1102,1.11017,5440000,450000
2020-01-10 08:29:20.245000,1.11019,1.11017,750000,1200000
2020-01-10 08:29:20.346000,1.1102,1.11017,5250000,450000
2020-01-10 08:29:20.702000,1.11019,1.11017,750000,1200000
2020-01-10 08:29:20.803000,1.1102,1.11017,4500000,450000
2020-01-10 08:29:21.278000,1.11019,1.11017,370000,450000
2020-01-10 08:29:23.405000,1.1102,1.11017,5060000,450000
2020-01-10 08:29:23.506000,1.11019,1.11017,1500000,450000
2020-01-10 08:29:23.608000,1.11019,1.11016,1500000,5250000
2020-01-10 08:29:26.098000,1.11018,1.11017,750000,750000
2020-01-10 08:29:26.426000,1.11019,1.11016,1500000,2700000
2020-01-10 08:29:30.389000,1.11019,1.11017,2250000,750000
2020-01-10 08:29:31.351000,1.11019,1.11016,750000,4460000
2020-01-10 08:29:33.245000,1.11019,1.11018,750000,750000
2020-01-10 08:29:34.095000,1.11019,1.11016,2810000,4760000
2020-01-10 08:29:34.197000,1.11019,1.11017,2060000,100000
2020-01-10 08:29:34.870000,1.11019,1.11016,2060000,4760000
2020-01-10 08:29:35.072000,1.11019,1.11017,1500000,750000
2020-01-10 08:29:35.224000,1.11019,1.11018,750000,100000
2020-01-10 08:29:35.896000,1.11019,1.11017,1500000,750000
2020-01-10 08:29:40.204000,1.11019,1.11018,1500000,100000
2020-01-10 08:29:40.815000,1.11019,1.11017,1500000,1950000
2020-01-10 08:29:40.916000,1.11019,1.11018,1500000,450000
2020-01-10 08:29:41.022000,1.11019,1.11017,1500000,1570000
2020-01-10 08:29:41.073000,1.11021,1.11019,4310000,2250000
2020-01-10 08:29:41.175000,1.11023,1.11021,370000,1500000
2020-01-10 08:29:41.276000,1.11024,1.11021,3190000,2250000
2020-01-10 08:29:42.760000,1.11024,1.11022,750000,750000
2020-01-10 08:29:43.123000,1.11024,1.11021,750000,8700000
2020-01-10 08:29:45.152000,1.11023,1.11021,1760000,1120000
2020-01-10 08:29:45.203000,1.1102,1.11018,1690000,4760000
2020-01-10 08:29:45.305000,1.1102,1.11018,2250000,100000
2020-01-10 08:29:45.406000,1.1102,1.11019,370000,1500000
2020-01-10 08:29:45.509000,1.11021,1.11018,2060000,2890000
2020-01-10 08:29:45.611000,1.11022,1.11021,750000,750000
2020-01-10 08:29:45.715000,1.11023,1.11021,1870000,940000
2020-01-10 08:29:48.322000,1.11024,1.11021,2440000,1390000
2020-01-10 08:29:48.663000,1.11022,1.1102,750000,5700000
2020-01-10 08:29:48.765000,1.1102,1.11019,940000,1760000
2020-01-10 08:29:48.815000,1.11019,1.11018,750000,750000
2020-01-10 08:29:48.866000,1.1102,1.11016,6940000,1690000
2020-01-10 08:29:48.968000,1.11019,1.11016,2440000,940000
2020-01-10 08:29:50.092000,1.11018,1.11016,750000,2440000
2020-01-10 08:29:58.206000,1.11019,1.11016,1310000,1310000
2020-01-10 08:29:58.663000,1.11018,1.11016,750000,2510000
2020-01-10 08:30:01.767000,1.11018,1.11017,1500000,100000
2020-01-10 08:30:01.869000,1.11018,1.11016,1500000,1690000
2020-01-10 08:30:06.061000,1.11019,1.11016,5250000,2250000
2020-01-10 08:30:07.728000,1.11019,1.11017,5250000,100000
2020-01-10 08:30:07.903000,1.11019,1.11016,4690000,2250000
2020-01-10 08:30:10.607000,1.11018,1.11016,750000,2510000
2020-01-10 08:30:12.967000,1.11017,1.11016,1500000,750000
2020-01-10 08:30:13.068000,1.11017,1.11015,750000,1500000
2020-01-10 08:30:13.170000,1.11017,1.11016,750000,750000
2020-01-10 08:30:16.716000,1.11018,1.11016,1500000,1950000
2020-01-10 08:30:16.817000,1.11019,1.11016,3070000,1950000
2020-01-10 08:30:18.391000,1.11018,1.11016,750000,1200000
2020-01-10 08:30:19.614000,1.11019,1.11016,5620000,2620000
2020-01-10 08:30:23.163000,1.11019,1.11015,3560000,4200000
2020-01-10 08:30:24.327000,1.11019,1.11018,2890000,1500000
2020-01-10 08:30:24.430000,1.1102,1.11019,1500000,2140000
2020-01-10 08:30:24.531000,1.1102,1.11018,750000,1500000
2020-01-10 08:30:24.733000,1.11021,1.11018,4570000,1500000
2020-01-10 08:30:24.835000,1.1102,1.11018,4760000,750000
2020-01-10 08:30:24.886000,1.1102,1.11017,4760000,1500000
2020-01-10 08:30:26.260000,1.1102,1.11016,4570000,2700000
2020-01-10 08:30:27.621000,1.1102,1.11018,3000000,750000
2020-01-10 08:30:28.629000,1.1102,1.11017,1500000,750000
2020-01-10 08:30:32.913000,1.1102,1.11016,5440000,1500000
2020-01-10 08:30:33.033000,1.11018,1.11016,100000,1570000
2020-01-10 08:30:33.236000,1.11017,1.11015,1500000,4950000
2020-01-10 08:30:33.464000,1.11018,1.11015,2620000,4570000
2020-01-10 08:30:34.205000,1.11018,1.11016,1870000,560000
2020-01-10 08:30:34.495000,1.11018,1.11015,750000,6450000
2020-01-10 08:30:36.286000,1.11019,1.11015,6070000,4200000
2020-01-10 08:30:37.042000,1.11017,1.11015,1500000,1310000
2020-01-10 08:30:37.144000,1.11016,1.11015,100000,1310000
2020-01-10 08:30:37.346000,1.11015,1.11014,1690000,2440000
2020-01-10 08:30:37.498000,1.11015,1.11013,1690000,560000
2020-01-10 08:30:38.052000,1.11011,1.1101,4390000,1120000
2020-01-10 08:30:38.103000,1.11008,1.11007,3820000,1760000
2020-01-10 08:30:38.198000,1.11005,1.11003,2620000,5060000
2020-01-10 08:30:38.249000,1.11003,1.11002,750000,940000
2020-01-10 08:30:38.401000,1.11005,1.11002,2440000,900000
2020-01-10 08:30:38.553000,1.11005,1.11001,2890000,1090000
2020-01-10 08:30:38.655000,1.11005,1.11002,2620000,560000
2020-01-10 08:30:39.031000,1.11005,1.11001,2440000,1760000
2020-01-10 08:30:39.177000,1.11005,1.11001,3750000,1010000
2020-01-10 08:30:39.283000,1.11004,1.11002,1500000,750000
2020-01-10 08:30:40.078000,1.11003,1.11,3190000,3000000
2020-01-10 08:30:40.129000,1.11001,1.10999,2250000,2060000
2020-01-10 08:30:40.230000,1.11001,1.10998,1200000,2620000
2020-01-10 08:30:40.382000,1.11001,1.10998,2700000,750000
2020-01-10 08:30:40.535000,1.10999,1.10998,100000,760000
2020-01-10 08:30:40.637000,1.10999,1.10997,100000,870000
2020-01-10 08:30:43.604000,1.10999,1.10998,100000,750000
2020-01-10 08:30:44.806000,1.10999,1.10997,100000,1690000
2020-01-10 08:30:45.307000,1.11,1.10997,2810000,940000
2020-01-10 08:30:45.602000,1.11,1.10998,3560000,100000
2020-01-10 08:30:46.626000,1.10999,1.10998,750000,100000
2020-01-10 08:30:48.252000,1.11,1.10998,2890000,100000
2020-01-10 08:30:48.519000,1.11,1.10998,2900000,100000
2020-01-10 08:30:51.350000,1.10999,1.10997,750000,1950000
2020-01-10 08:30:51.505000,1.10999,1.10998,750000,100000
2020-01-10 08:30:52.930000,1.10999,1.10997,750000,640000
2020-01-10 08:30:55.058000,1.10999,1.10996,1000000,1010000
2020-01-10 08:30:56.591000,1.10997,1.10995,3070000,1010000
2020-01-10 08:30:56.693000,1.10996,1.10994,3560000,450000
2020-01-10 08:30:56.795000,1.10995,1.10992,190000,3640000
2020-01-10 08:30:56.896000,1.10994,1.10992,1310000,1390000
2020-01-10 08:30:57.099000,1.10994,1.10993,3000000,100000
2020-01-10 08:30:59.349000,1.10994,1.10991,2320000,3450000
2020-01-10 08:31:00.124000,1.10994,1.10992,1570000,100000
2020-01-10 08:31:01.837000,1.10996,1.10995,1120000,1500000
2020-01-10 08:31:01.953000,1.10997,1.10996,190000,2320000
2020-01-10 08:31:02.054000,1.11,1.10998,750000,1500000
2020-01-10 08:31:02.156000,1.11001,1.10998,3190000,1500000
2020-01-10 08:31:04.119000,1.11,1.10998,190000,1500000
2020-01-10 08:31:04.220000,1.10999,1.10997,1120000,820000
2020-01-10 08:31:05.273000,1.10999,1.10996,1120000,4010000
2020-01-10 08:31:05.989000,1.10999,1.10997,1120000,100000
2020-01-10 08:31:06.231000,1.10999,1.10996,1120000,3560000
2020-01-10 08:31:06.481000,1.10999,1.10997,1120000,750000
2020-01-10 08:31:06.848000,1.10999,1.10996,370000,4010000
2020-01-10 08:31:07.101000,1.10999,1.10997,1690000,560000
2020-01-10 08:31:07.701000,1.11,1.10997,3070000,190000
2020-01-10 08:31:08.355000,1.10999,1.10998,370000,100000
2020-01-10 08:31:08.709000,1.10999,1.10997,370000,190000
2020-01-10 08:31:11.045000,1.11,1.10999,750000,750000
2020-01-10 08:31:11.146000,1.11002,1.11001,4690000,2250000
2020-01-10 08:31:11.197000,1.11005,1.11001,3520000,2250000
2020-01-10 08:31:11.549000,1.11005,1.11003,1500000,750000
2020-01-10 08:31:11.689000,1.11006,1.11003,1120000,1310000
2020-01-10 08:31:12.248000,1.11006,1.11002,2440000,6150000
2020-01-10 08:31:12.349000,1.11006,1.11003,3190000,2250000
2020-01-10 08:31:12.451000,1.11006,1.11002,1190000,6070000
2020-01-10 08:31:12.720000,1.11006,1.11003,1570000,370000
2020-01-10 08:31:13.276000,1.11006,1.11002,820000,5890000
2020-01-10 08:31:13.582000,1.11005,1.11002,370000,3640000
2020-01-10 08:31:13.776000,1.11006,1.11002,1940000,2890000
2020-01-10 08:31:13.985000,1.11006,1.11003,2690000,100000
2020-01-10 08:31:14.087000,1.11005,1.11002,1500000,2890000
2020-01-10 08:31:15.314000,1.11006,1.11003,4190000,190000
2020-01-10 08:31:16.655000,1.11005,1.11003,100000,1310000
2020-01-10 08:31:18.314000,1.11005,1.11002,6070000,750000
2020-01-10 08:31:18.415000,1.11004,1.11002,820000,750000
2020-01-10 08:31:18.517000,1.11004,1.11001,820000,940000
2020-01-10 08:31:18.954000,1.11003,1.11001,750000,940000
2020-01-10 08:31:19.353000,1.11002,1.11,1010000,2620000
2020-01-10 08:31:19.455000,1.11001,1.11,450000,2440000
2020-01-10 08:31:19.556000,1.11002,1.11,1090000,190000
2020-01-10 08:31:19.841000,1.11002,1.11001,100000,750000
2020-01-10 08:31:20.178000,1.11003,1.11001,1010000,750000
2020-01-10 08:31:20.487000,1.11004,1.11001,7270000,750000
2020-01-10 08:31:20.810000,1.11002,1.11,370000,750000
2020-01-10 08:31:20.912000,1.11003,1.11001,3450000,750000
2020-01-10 08:31:21.013000,1.11002,1.11,470000,2250000
2020-01-10 08:31:21.166000,1.11003,1.11001,4010000,750000
2020-01-10 08:31:21.269000,1.11002,1.11001,100000,750000
2020-01-10 08:31:21.371000,1.11003,1.11001,150000,3070000
2020-01-10 08:31:21.472000,1.11004,1.11002,2510000,820000
2020-01-10 08:31:21.620000,1.11005,1.11003,1570000,750000
2020-01-10 08:31:22.820000,1.11005,1.11002,2770000,450000
2020-01-10 08:31:26.766000,1.11004,1.11002,100000,190000
2020-01-10 08:31:30.011000,1.11003,1.11002,750000,1310000
2020-01-10 08:31:30.113000,1.11003,1.11001,750000,4870000
2020-01-10 08:31:30.214000,1.11004,1.11001,100000,4870000
2020-01-10 08:31:30.316000,1.11005,1.11001,2020000,4870000
2020-01-10 08:31:30.670000,1.11005,1.11002,5400000,750000
2020-01-10 08:31:30.771000,1.11004,1.11002,820000,750000
2020-01-10 08:31:32.390000,1.11004,1.11001,450000,3560000
2020-01-10 08:31:32.899000,1.11005,1.11001,1500000,3640000
2020-01-10 08:31:35.609000,1.11005,1.11002,2140000,560000
2020-01-10 08:31:35.761000,1.11005,1.11001,1570000,4120000
2020-01-10 08:31:36.263000,1.11003,1.11001,100000,4870000
2020-01-10 08:31:36.364000,1.11003,1.11002,100000,560000
2020-01-10 08:31:36.516000,1.11003,1.11001,100000,4870000
2020-01-10 08:31:36.617000,1.11004,1.11002,1500000,750000
2020-01-10 08:31:37.853000,1.11004,1.11001,750000,3190000
2020-01-10 08:31:39.302000,1.11003,1.11001,750000,750000
2020-01-10 08:31:39.403000,1.11003,1.11,750000,5320000
2020-01-10 08:31:43.995000,1.11,1.10999,1500000,5320000
2020-01-10 08:31:44.097000,1.10997,1.10996,750000,370000
2020-01-10 08:31:44.199000,1.10997,1.10994,3070000,1690000
2020-01-10 08:31:44.301000,1.10996,1.10992,2620000,3260000
2020-01-10 08:31:44.503000,1.10995,1.10992,1570000,750000
2020-01-10 08:31:44.605000,1.10994,1.10991,750000,1500000
2020-01-10 08:31:44.706000,1.10993,1.1099,750000,7760000
2020-01-10 08:31:45.028000,1.10994,1.1099,3000000,5510000
2020-01-10 08:31:45.278000,1.10994,1.10991,3000000,190000
2020-01-10 08:31:45.379000,1.10993,1.10991,750000,2060000
2020-01-10 08:31:45.481000,1.10993,1.10992,750000,750000
2020-01-10 08:31:46.463000,1.10994,1.10992,1500000,940000
2020-01-10 08:31:49.538000,1.10994,1.10991,1500000,2140000
2020-01-10 08:32:02.014000,1.10991,1.1099,750000,1870000
2020-01-10 08:32:02.116000,1.10989,1.10988,100000,370000
2020-01-10 08:32:02.167000,1.10989,1.10986,100000,10050000
2020-01-10 08:32:02.269000,1.10989,1.10987,100000,750000
2020-01-10 08:32:02.371000,1.10989,1.10986,100000,4390000
2020-01-10 08:32:02.474000,1.10988,1.10986,750000,2890000
2020-01-10 08:32:02.676000,1.10989,1.10986,6640000,2060000
2020-01-10 08:32:04.602000,1.1099,1.10988,6640000,750000
2020-01-10 08:32:04.733000,1.1099,1.10988,750000,3940000
2020-01-10 08:32:04.784000,1.10991,1.10988,100000,1690000
2020-01-10 08:32:04.987000,1.1099,1.10987,820000,4120000
2020-01-10 08:32:05.341000,1.10989,1.10987,750000,1500000
2020-01-10 08:32:05.834000,1.1099,1.10987,3820000,1500000
2020-01-10 08:32:06.242000,1.1099,1.10988,4570000,750000
2020-01-10 08:32:06.344000,1.10992,1.1099,1760000,750000
2020-01-10 08:32:06.446000,1.10994,1.10991,750000,940000
2020-01-10 08:32:06.547000,1.10995,1.10992,370000,1120000
2020-01-10 08:32:06.648000,1.10995,1.10993,1870000,560000
2020-01-10 08:32:06.801000,1.10995,1.10992,1870000,1120000
2020-01-10 08:32:07.174000,1.10994,1.10992,370000,370000
2020-01-10 08:32:07.275000,1.10992,1.10991,1500000,940000
2020-01-10 08:32:07.326000,1.10992,1.1099,750000,190000
2020-01-10 08:32:07.873000,1.10993,1.1099,4090000,940000
2020-01-10 08:32:10.142000,1.10993,1.10991,2140000,190000
2020-01-10 08:32:10.244000,1.10994,1.10991,750000,5060000
2020-01-10 08:32:10.345000,1.10995,1.10992,3750000,940000
2020-01-10 08:32:12.378000,1.10995,1.10991,1500000,4870000
2020-01-10 08:32:14.091000,1.10995,1.10992,1500000,190000
2020-01-10 08:32:14.142000,1.10996,1.10994,370000,1690000
2020-01-10 08:32:14.245000,1.10996,1.10993,3070000,750000
2020-01-10 08:32:14.346000,1.10996,1.10992,3820000,2060000
2020-01-10 08:32:14.563000,1.10995,1.10993,940000,750000
2020-01-10 08:32:15.456000,1.10994,1.10993,750000,750000
2020-01-10 08:32:15.507000,1.10993,1.10991,750000,4570000
2020-01-10 08:32:15.611000,1.10994,1.10991,2020000,190000
2020-01-10 08:32:16.474000,1.10993,1.10991,750000,190000
2020-01-10 08:32:18.697000,1.10993,1.1099,2320000,2250000
2020-01-10 08:32:18.749000,1.1099,1.10989,750000,1200000
2020-01-10 08:32:18.850000,1.10991,1.10989,750000,450000
2020-01-10 08:32:19.030000,1.10993,1.10989,4690000,8440000
2020-01-10 08:32:19.283000,1.10993,1.1099,2250000,940000
2020-01-10 08:32:20.604000,1.10991,1.10989,3070000,2250000
2020-01-10 08:32:20.706000,1.10991,1.10988,3150000,370000
2020-01-10 08:32:20.807000,1.1099,1.10988,1500000,1310000
2020-01-10 08:32:21.169000,1.1099,1.10987,750000,2620000
2020-01-10 08:32:22.435000,1.10991,1.10987,4650000,2250000
2020-01-10 08:32:22.544000,1.1099,1.10987,1870000,3000000
2020-01-10 08:32:22.645000,1.10989,1.10986,2320000,2250000
2020-01-10 08:32:23.426000,1.10988,1.10986,1570000,1690000
2020-01-10 08:32:23.528000,1.10987,1.10985,1500000,5140000
2020-01-10 08:32:23.630000,1.10986,1.10985,750000,750000
2020-01-10 08:32:23.732000,1.10986,1.10984,2250000,1500000
2020-01-10 08:32:23.834000,1.10987,1.10985,2060000,190000
2020-01-10 08:32:23.935000,1.10986,1.10985,1310000,190000
2020-01-10 08:32:24.087000,1.10987,1.10985,560000,190000
2020-01-10 08:32:24.189000,1.10988,1.10985,6260000,940000
2020-01-10 08:32:24.290000,1.10988,1.10986,2250000,1690000
2020-01-10 08:32:24.493000,1.10989,1.10986,750000,1390000
2020-01-10 08:32:24.594000,1.10989,1.10987,750000,190000
2020-01-10 08:32:25.414000,1.10989,1.10986,750000,4760000
2020-01-10 08:32:25.526000,1.10989,1.10987,750000,940000
2020-01-10 08:32:26.840000,1.10989,1.10986,900000,3000000
2020-01-10 08:32:28.534000,1.10989,1.10985,1650000,5700000
2020-01-10 08:32:28.636000,1.10988,1.10985,100000,2250000
2020-01-10 08:32:28.788000,1.10988,1.10986,2890000,560000
2020-01-10 08:32:28.889000,1.10988,1.10985,3640000,190000
2020-01-10 08:32:29.041000,1.10987,1.10985,750000,370000
2020-01-10 08:32:29.143000,1.10988,1.10985,1120000,2060000
2020-01-10 08:32:29.396000,1.10988,1.10986,1120000,750000
2020-01-10 08:32:31.673000,1.10989,1.10986,1570000,2250000
2020-01-10 08:32:33.694000,1.10988,1.10986,100000,1500000
2020-01-10 08:32:33.795000,1.10989,1.10986,3000000,750000
2020-01-10 08:32:34.837000,1.10989,1.10987,820000,750000
2020-01-10 08:32:35.191000,1.1099,1.10987,3640000,750000
2020-01-10 08:32:39.127000,1.10989,1.10987,100000,1500000
2020-01-10 08:32:39.228000,1.10988,1.10986,100000,1310000
2020-01-10 08:32:39.330000,1.10988,1.10985,100000,5440000
2020-01-10 08:32:39.589000,1.10988,1.10986,1200000,750000
2020-01-10 08:32:40.154000,1.10989,1.10987,4200000,100000
2020-01-10 08:32:42.232000,1.10988,1.10987,750000,520000
2020-01-10 08:32:42.333000,1.10989,1.10987,2320000,1300000
2020-01-10 08:32:42.508000,1.10989,1.10988,2250000,150000
2020-01-10 08:32:42.620000,1.10988,1.10987,750000,1270000
2020-01-10 08:32:43.069000,1.10989,1.10988,2320000,100000
2020-01-10 08:32:43.220000,1.10989,1.10987,2320000,100000
2020-01-10 08:32:45.039000,1.10988,1.10987,750000,100000
2020-01-10 08:32:45.447000,1.10989,1.10987,2320000,150000
2020-01-10 08:32:45.756000,1.10988,1.10987,750000,150000
2020-01-10 08:32:46.289000,1.10989,1.10987,1570000,100000
2020-01-10 08:32:46.491000,1.10988,1.10987,750000,100000
2020-01-10 08:32:46.893000,1.10989,1.10987,1570000,100000
2020-01-10 08:32:46.994000,1.10988,1.10987,750000,100000
2020-01-10 08:32:47.122000,1.10989,1.10987,1570000,100000
2020-01-10 08:32:47.698000,1.10988,1.10987,750000,100000
2020-01-10 08:32:47.799000,1.10989,1.10987,2890000,1460000
2020-01-10 08:32:48.958000,1.10989,1.10988,2250000,100000
2020-01-10 08:32:49.059000,1.10989,1.10986,3000000,1270000
2020-01-10 08:32:49.161000,1.10988,1.10987,750000,150000
2020-01-10 08:32:49.262000,1.10989,1.10987,750000,820000
2020-01-10 08:32:51.184000,1.1099,1.10987,7570000,560000
2020-01-10 08:32:51.403000,1.10989,1.10987,560000,560000
2020-01-10 08:32:51.504000,1.1099,1.10986,7950000,520000
2020-01-10 08:32:53.053000,1.10989,1.10986,1500000,100000
2020-01-10 08:32:53.255000,1.10988,1.10986,750000,820000
2020-01-10 08:32:53.407000,1.10989,1.10986,3190000,100000
2020-01-10 08:32:54.064000,1.10988,1.10986,1500000,820000
2020-01-10 08:32:54.115000,1.10986,1.10985,1500000,100000
2020-01-10 08:32:54.166000,1.10985,1.10983,1500000,5890000
2020-01-10 08:32:54.217000,1.10983,1.10982,750000,3640000
2020-01-10 08:32:54.319000,1.10984,1.10982,3370000,750000
2020-01-10 08:32:54.471000,1.10983,1.10982,750000,750000
2020-01-10 08:32:54.572000,1.10984,1.10981,4120000,520000
2020-01-10 08:32:56.749000,1.10983,1.10981,750000,900000
2020-01-10 08:32:57.233000,1.10984,1.10981,3750000,150000
2020-01-10 08:33:00.222000,1.10983,1.10981,750000,900000
2020-01-10 08:33:00.355000,1.10984,1.10981,4120000,820000
2020-01-10 08:33:00.606000,1.10983,1.10981,750000,1570000
2020-01-10 08:33:00.707000,1.10984,1.10981,2620000,450000
2020-01-10 08:33:01.041000,1.10983,1.10981,750000,450000
2020-01-10 08:33:01.193000,1.10983,1.10982,750000,100000
2020-01-10 08:33:02.492000,1.10982,1.1098,750000,1570000
2020-01-10 08:33:02.594000,1.10982,1.10981,750000,100000
2020-01-10 08:33:02.710000,1.10983,1.10981,1500000,1840000
2020-01-10 08:33:02.854000,1.10984,1.10981,5620000,1460000
2020-01-10 08:33:04.670000,1.10984,1.10982,4310000,100000
2020-01-10 08:33:06.913000,1.10984,1.10981,2620000,450000
2020-01-10 08:33:12.352000,1.10983,1.10981,750000,100000
2020-01-10 08:33:12.403000,1.1098,1.10979,1500000,4090000
2020-01-10 08:33:12.505000,1.1098,1.10978,4310000,2060000
2020-01-10 08:33:12.607000,1.10979,1.10978,750000,750000
2020-01-10 08:33:12.741000,1.10978,1.10976,750000,2770000
2020-01-10 08:33:13.016000,1.10978,1.10977,1120000,750000
2020-01-10 08:33:13.118000,1.10978,1.10976,370000,3260000
2020-01-10 08:33:13.219000,1.10977,1.10975,750000,6070000
2020-01-10 08:33:13.814000,1.10977,1.10976,750000,450000
2020-01-10 08:33:13.928000,1.10977,1.10975,1500000,3070000
2020-01-10 08:33:14.029000,1.10976,1.10975,750000,100000
2020-01-10 08:33:14.130000,1.10977,1.10975,750000,820000
2020-01-10 08:33:14.232000,1.10977,1.10976,1120000,100000
2020-01-10 08:33:14.946000,1.10977,1.10975,750000,1200000
2020-01-10 08:33:15.048000,1.10977,1.10976,750000,150000
2020-01-10 08:33:18.327000,1.10977,1.10975,1500000,1570000
2020-01-10 08:33:18.732000,1.10977,1.10976,750000,100000
2020-01-10 08:33:19.285000,1.10977,1.10975,750000,3150000
2020-01-10 08:33:19.487000,1.10977,1.10975,1310000,1390000
2020-01-10 08:33:20.204000,1.10977,1.10975,750000,2210000
2020-01-10 08:33:20.306000,1.10978,1.10975,2810000,710000
2020-01-10 08:33:20.735000,1.10978,1.10976,3190000,190000
2020-01-10 08:33:20.837000,1.10978,1.10975,3190000,900000
2020-01-10 08:33:21.107000,1.10978,1.10975,3180000,4090000
2020-01-10 08:33:22.255000,1.10978,1.10975,4310000,1200000
2020-01-10 08:33:26.828000,1.10978,1.10976,4310000,560000
2020-01-10 08:33:26.980000,1.10977,1.10976,750000,450000
2020-01-10 08:33:27.133000,1.10977,1.10975,750000,1570000
2020-01-10 08:33:27.573000,1.10978,1.10975,4310000,900000
2020-01-10 08:33:29.254000,1.10977,1.10975,750000,1090000
2020-01-10 08:33:30.002000,1.10977,1.10976,750000,450000
2020-01-10 08:33:30.161000,1.10978,1.10976,1500000,100000
2020-01-10 08:33:30.262000,1.10977,1.10976,750000,750000
2020-01-10 08:33:31.421000,1.10978,1.10976,2060000,190000
2020-01-10 08:33:32.672000,1.10977,1.10975,560000,640000
2020-01-10 08:33:33.426000,1.10978,1.10975,2060000,100000
2020-01-10 08:33:33.634000,1.10977,1.10975,750000,100000
2020-01-10 08:33:35.233000,1.10978,1.10977,1310000,190000
2020-01-10 08:33:37.370000,1.10979,1.10978,1500000,1570000
2020-01-10 08:33:37.471000,1.1098,1.10979,1500000,3000000
2020-01-10 08:33:37.573000,1.10982,1.10979,2810000,750000
2020-01-10 08:33:37.675000,1.10981,1.10978,2620000,1870000
2020-01-10 08:33:38.100000,1.1098,1.10978,750000,1950000
2020-01-10 08:33:38.303000,1.10981,1.10978,1120000,1950000
2020-01-10 08:33:39.410000,1.1098,1.10978,750000,1120000
2020-01-10 08:33:40.126000,1.10978,1.10977,1760000,1120000
2020-01-10 08:33:40.177000,1.10976,1.10975,3070000,1500000
2020-01-10 08:33:40.228000,1.10974,1.10972,1500000,3190000
2020-01-10 08:33:40.330000,1.10973,1.10972,750000,750000
2020-01-10 08:33:40.431000,1.10973,1.10971,750000,1760000
2020-01-10 08:33:48.449000,1.10972,1.1097,7690000,1500000
2020-01-10 08:33:48.551000,1.10969,1.10967,4500000,750000
2020-01-10 08:33:48.652000,1.10969,1.10966,4500000,3190000
2020-01-10 08:33:49.066000,1.1097,1.10968,4570000,750000
2020-01-10 08:33:49.117000,1.10969,1.10966,750000,2850000
2020-01-10 08:33:49.219000,1.1097,1.10966,10950000,2510000
2020-01-10 08:33:49.320000,1.10969,1.10966,2440000,3190000
2020-01-10 08:33:49.930000,1.1097,1.10966,4570000,1500000
2020-01-10 08:33:50.032000,1.10969,1.10966,4010000,2250000
2020-01-10 08:33:50.140000,1.10968,1.10966,1500000,1500000
2020-01-10 08:33:50.241000,1.10969,1.10966,3560000,1690000
2020-01-10 08:33:51.609000,1.10969,1.10967,3750000,1500000
2020-01-10 08:33:51.710000,1.10969,1.10966,750000,3190000
2020-01-10 08:33:51.811000,1.10969,1.10967,750000,100000
2020-01-10 08:33:52.632000,1.1097,1.10968,750000,2620000
2020-01-10 08:33:52.733000,1.1097,1.10967,750000,5700000
2020-01-10 08:33:54.173000,1.10972,1.1097,2810000,1010000
2020-01-10 08:33:54.274000,1.10974,1.10971,1500000,4950000
2020-01-10 08:33:54.375000,1.10975,1.10972,1570000,1500000
2020-01-10 08:33:54.712000,1.10976,1.10972,4950000,2700000
2020-01-10 08:33:54.814000,1.10975,1.10972,750000,2770000
2020-01-10 08:33:55.021000,1.10976,1.10972,2890000,2020000
2020-01-10 08:33:55.743000,1.10976,1.10973,5320000,370000
2020-01-10 08:33:55.845000,1.10975,1.10971,3070000,2510000
2020-01-10 08:33:55.946000,1.10974,1.10971,750000,2810000
2020-01-10 08:33:57.052000,1.10973,1.1097,1310000,1870000
2020-01-10 08:33:57.153000,1.10972,1.1097,560000,2440000
2020-01-10 08:33:57.457000,1.10973,1.1097,2060000,3150000
2020-01-10 08:33:57.558000,1.10973,1.10971,750000,370000
2020-01-10 08:33:58.200000,1.10975,1.10971,5810000,3190000
2020-01-10 08:33:59.512000,1.10975,1.10973,1500000,1500000
2020-01-10 08:33:59.614000,1.10976,1.10973,5250000,1500000
2020-01-10 08:33:59.983000,1.10975,1.10972,750000,750000
2020-01-10 08:34:00.539000,1.10974,1.10972,750000,370000
2020-01-10 08:34:00.641000,1.10975,1.10972,4090000,370000
2020-01-10 08:34:00.743000,1.10975,1.10971,6450000,1010000
2020-01-10 08:34:00.998000,1.10974,1.10971,750000,3260000
2020-01-10 08:34:02.255000,1.10975,1.10971,8320000,1090000
2020-01-10 08:34:03.190000,1.10974,1.10971,750000,1010000
2020-01-10 08:34:03.737000,1.10974,1.10972,2060000,560000
2020-01-10 08:34:04.054000,1.10974,1.10971,2060000,2320000
2020-01-10 08:34:05.891000,1.10975,1.10971,6750000,2440000
2020-01-10 08:34:11.245000,1.10975,1.10972,3000000,820000
2020-01-10 08:34:16.367000,1.10975,1.10971,4760000,4120000
2020-01-10 08:34:16.999000,1.10974,1.10971,750000,4120000
2020-01-10 08:34:17.378000,1.10975,1.10971,4840000,3370000
2020-01-10 08:34:17.480000,1.10974,1.10971,750000,3560000
2020-01-10 08:34:17.682000,1.10975,1.10971,4760000,2810000
2020-01-10 08:34:19.313000,1.10974,1.10971,100000,2810000
2020-01-10 08:34:19.980000,1.10974,1.10972,750000,1500000
2020-01-10 08:34:20.082000,1.10976,1.10973,2510000,4570000
2020-01-10 08:34:20.133000,1.10976,1.10975,1010000,750000
2020-01-10 08:34:20.234000,1.10978,1.10975,450000,1690000
2020-01-10 08:34:20.359000,1.10979,1.10975,2140000,1690000
2020-01-10 08:34:21.742000,1.10978,1.10975,100000,1690000
2020-01-10 08:34:23.593000,1.10977,1.10975,470000,2620000
2020-01-10 08:34:23.694000,1.10977,1.10975,450000,2250000
2020-01-10 08:34:25.623000,1.10976,1.10974,150000,1500000
2020-01-10 08:34:25.724000,1.10975,1.10973,450000,750000
2020-01-10 08:34:25.826000,1.10974,1.10972,100000,4870000
2020-01-10 08:34:26.063000,1.10974,1.10973,100000,1310000
2020-01-10 08:34:26.221000,1.10975,1.10973,1760000,1310000
2020-01-10 08:34:26.391000,1.10975,1.10972,450000,4870000
2020-01-10 08:34:26.714000,1.10975,1.10973,520000,370000
2020-01-10 08:34:26.866000,1.10976,1.10975,820000,1500000
2020-01-10 08:34:26.967000,1.10977,1.10975,1390000,750000
2020-01-10 08:34:27.069000,1.10977,1.10974,100000,1500000
2020-01-10 08:34:27.221000,1.10976,1.10975,100000,750000
2020-01-10 08:34:27.348000,1.10976,1.10974,100000,1500000
2020-01-10 08:34:27.981000,1.10975,1.10973,750000,2620000
2020-01-10 08:34:28.237000,1.10975,1.10972,1950000,3940000
2020-01-10 08:34:28.338000,1.10974,1.10973,100000,1310000
2020-01-10 08:34:28.440000,1.10974,1.10972,100000,3190000
2020-01-10 08:34:29.010000,1.10975,1.10972,100000,3260000
2020-01-10 08:34:29.112000,1.10977,1.10975,3640000,100000
2020-01-10 08:34:29.214000,1.10978,1.10976,560000,3260000
2020-01-10 08:34:29.366000,1.10979,1.10976,1500000,3640000
2020-01-10 08:34:30.913000,1.10979,1.10977,1950000,2250000
2020-01-10 08:34:31.063000,1.10979,1.10976,1950000,8890000
2020-01-10 08:34:31.353000,1.10979,1.10977,1950000,100000
2020-01-10 08:34:32.118000,1.1098,1.10977,820000,100000
2020-01-10 08:34:32.636000,1.10981,1.10977,4270000,5700000
2020-01-10 08:34:32.737000,1.10982,1.1098,1010000,2510000
2020-01-10 08:34:32.839000,1.10983,1.1098,1200000,8330000
2020-01-10 08:34:32.942000,1.10985,1.10982,1570000,3000000
2020-01-10 08:34:33.251000,1.10986,1.10982,450000,7840000
2020-01-10 08:34:33.501000,1.10985,1.10982,100000,6260000
2020-01-10 08:34:35.824000,1.10985,1.10984,450000,2250000
2020-01-10 08:34:35.926000,1.10987,1.10983,2960000,4390000
2020-01-10 08:34:36.028000,1.10986,1.10983,1390000,1870000
2020-01-10 08:34:36.254000,1.10987,1.10984,4390000,450000
2020-01-10 08:34:36.406000,1.10987,1.10983,3070000,2060000
2020-01-10 08:34:36.508000,1.10986,1.10983,820000,7310000
2020-01-10 08:34:37.215000,1.10985,1.10983,2510000,1500000
2020-01-10 08:34:37.266000,1.10984,1.10981,750000,4010000
2020-01-10 08:34:37.367000,1.10983,1.10981,100000,3190000
2020-01-10 08:34:37.469000,1.10984,1.10981,2590000,2440000
2020-01-10 08:34:40.624000,1.10983,1.10981,100000,750000
2020-01-10 08:34:40.675000,1.10981,1.1098,6820000,750000
2020-01-10 08:34:40.726000,1.10979,1.10978,100000,2250000
2020-01-10 08:34:40.777000,1.10979,1.10976,100000,4570000
2020-01-10 08:34:41.684000,1.1098,1.10976,2320000,3820000
2020-01-10 08:34:41.860000,1.1098,1.10977,940000,940000
2020-01-10 08:34:43.074000,1.1098,1.10978,2440000,560000
2020-01-10 08:34:43.176000,1.1098,1.10977,2620000,1760000
2020-01-10 08:34:47.424000,1.10979,1.10977,750000,190000
2020-01-10 08:34:49.167000,1.10978,1.10975,2320000,3370000
2020-01-10 08:34:49.269000,1.10977,1.10974,190000,2700000
2020-01-10 08:34:49.376000,1.10976,1.10973,750000,6560000
2020-01-10 08:34:49.427000,1.10975,1.10971,260000,8210000
2020-01-10 08:34:49.528000,1.10975,1.10972,750000,1310000
2020-01-10 08:34:49.681000,1.10975,1.10973,750000,370000
2020-01-10 08:34:50.032000,1.10976,1.10973,3940000,1870000
2020-01-10 08:34:50.455000,1.10976,1.10974,750000,750000
2020-01-10 08:34:51.612000,1.10975,1.10974,750000,1310000
2020-01-10 08:34:51.814000,1.10975,1.10973,750000,560000
2020-01-10 08:34:52.169000,1.10974,1.10972,560000,3260000
2020-01-10 08:34:52.271000,1.10975,1.10972,4310000,1010000
2020-01-10 08:34:53.042000,1.10974,1.10972,3000000,190000
2020-01-10 08:34:54.251000,1.10974,1.10971,4310000,560000
2020-01-10 08:34:54.715000,1.10973,1.10971,750000,1310000
2020-01-10 08:34:55.200000,1.10974,1.10971,3560000,1310000
2020-01-10 08:35:00.535000,1.10974,1.10972,750000,190000
2020-01-10 08:35:04.664000,1.10971,1.1097,750000,2250000
2020-01-10 08:35:04.770000,1.1097,1.10968,2320000,2810000
2020-01-10 08:35:05.258000,1.10969,1.10968,750000,2250000
2020-01-10 08:35:05.623000,1.1097,1.10969,750000,750000
2020-01-10 08:35:05.674000,1.10971,1.1097,3000000,190000
2020-01-10 08:35:05.725000,1.10973,1.10972,3820000,750000
2020-01-10 08:35:05.827000,1.10974,1.10971,750000,6940000
2020-01-10 08:35:06.130000,1.10974,1.10972,1500000,940000
2020-01-10 08:35:06.593000,1.10975,1.10972,3750000,2440000
2020-01-10 08:35:08.514000,1.10974,1.10972,750000,940000
2020-01-10 08:35:08.671000,1.10975,1.10972,750000,940000
2020-01-10 08:35:10.645000,1.10974,1.10972,750000,940000
2020-01-10 08:35:10.839000,1.10974,1.10971,2250000,5510000
2020-01-10 08:35:10.991000,1.10973,1.10971,750000,3940000
2020-01-10 08:35:11.143000,1.10973,1.1097,2510000,940000
2020-01-10 08:35:11.245000,1.10973,1.10972,1500000,560000
2020-01-10 08:35:11.296000,1.10973,1.1097,2510000,370000
2020-01-10 08:35:11.415000,1.10972,1.10971,750000,190000
2020-01-10 08:35:11.567000,1.10973,1.10971,2250000,370000
2020-01-10 08:35:11.673000,1.10972,1.10971,750000,190000
2020-01-10 08:35:12.229000,1.10973,1.10972,750000,190000
2020-01-10 08:35:12.431000,1.10972,1.10971,750000,940000
2020-01-10 08:35:12.734000,1.10973,1.10972,750000,190000
2020-01-10 08:35:12.937000,1.10974,1.10972,2250000,1690000
2020-01-10 08:35:13.293000,1.10973,1.10972,750000,190000
2020-01-10 08:35:13.588000,1.10974,1.10972,750000,190000
2020-01-10 08:35:19.365000,1.10974,1.10971,4310000,1310000
2020-01-10 08:35:19.467000,1.10973,1.1097,750000,8320000
2020-01-10 08:35:23.215000,1.10972,1.1097,2250000,190000
2020-01-10 08:35:23.317000,1.10971,1.10969,750000,1500000
2020-01-10 08:35:23.469000,1.10971,1.1097,6000000,1310000
2020-01-10 08:35:23.837000,1.10971,1.10969,6000000,190000
2020-01-10 08:35:25.667000,1.10973,1.1097,5320000,820000
2020-01-10 08:35:25.768000,1.10972,1.10971,750000,190000
2020-01-10 08:35:27.051000,1.10973,1.10971,2250000,190000
2020-01-10 08:35:27.156000,1.10972,1.1097,5250000,190000
2020-01-10 08:35:27.258000,1.10971,1.1097,1200000,190000
2020-01-10 08:35:27.461000,1.10971,1.10969,1500000,750000
2020-01-10 08:35:27.614000,1.10971,1.10968,750000,3070000
2020-01-10 08:35:28.249000,1.10971,1.10969,3070000,750000
2020-01-10 08:35:28.350000,1.10971,1.10968,750000,2320000
2020-01-10 08:35:28.489000,1.10971,1.10969,750000,560000
2020-01-10 08:35:29.743000,1.10972,1.10969,10390000,750000
2020-01-10 08:35:29.847000,1.10972,1.10968,8890000,3070000
2020-01-10 08:35:29.956000,1.10971,1.10968,1500000,3070000
2020-01-10 08:35:30.163000,1.10972,1.10968,8890000,3070000
2020-01-10 08:35:31.467000,1.1097,1.10968,100000,3000000
2020-01-10 08:35:31.929000,1.10971,1.10968,450000,3000000
2020-01-10 08:35:32.030000,1.10972,1.10971,750000,1010000
2020-01-10 08:35:34.512000,1.10972,1.1097,1500000,1690000
2020-01-10 08:35:34.643000,1.10971,1.1097,750000,190000
2020-01-10 08:35:34.744000,1.1097,1.10969,100000,750000
2020-01-10 08:35:35.338000,1.10972,1.1097,7760000,100000
2020-01-10 08:35:35.542000,1.10974,1.10973,1200000,190000
2020-01-10 08:35:36.481000,1.10975,1.10973,5320000,190000
2020-01-10 08:35:36.583000,1.10974,1.10973,1500000,1690000
2020-01-10 08:35:36.686000,1.10975,1.10974,1200000,750000
2020-01-10 08:35:38.709000,1.10975,1.10974,1390000,820000
2020-01-10 08:35:42.748000,1.10975,1.10972,100000,8700000
2020-01-10 08:35:42.850000,1.10976,1.10974,3260000,4310000
2020-01-10 08:35:43.204000,1.10975,1.10974,100000,750000
2020-01-10 08:35:43.305000,1.10976,1.10974,2510000,1500000
2020-01-10 08:35:44.255000,1.10976,1.10973,2510000,3070000
2020-01-10 08:35:46.090000,1.10976,1.10975,1570000,100000
2020-01-10 08:35:46.876000,1.10976,1.10974,1310000,1690000
2020-01-10 08:35:47.681000,1.10977,1.10975,2320000,1500000
2020-01-10 08:35:47.782000,1.10978,1.10976,820000,750000
2020-01-10 08:35:47.883000,1.10977,1.10976,560000,750000
2020-01-10 08:35:48.035000,1.10977,1.10975,560000,3450000
2020-01-10 08:35:48.921000,1.10977,1.10974,5140000,750000
2020-01-10 08:35:49.022000,1.10975,1.10973,100000,3190000
2020-01-10 08:35:49.124000,1.10976,1.10973,1950000,2440000
2020-01-10 08:35:49.489000,1.10975,1.10973,1500000,750000
2020-01-10 08:35:49.590000,1.10973,1.10972,100000,940000
2020-01-10 08:35:54.639000,1.10974,1.10972,560000,190000
2020-01-10 08:35:54.740000,1.10975,1.10972,4950000,190000
2020-01-10 08:35:54.892000,1.10975,1.10973,2320000,3190000
2020-01-10 08:35:58.716000,1.10974,1.10973,100000,1120000
2020-01-10 08:36:00.395000,1.10975,1.10973,2060000,1120000
2020-01-10 08:36:00.554000,1.10974,1.10973,750000,940000
2020-01-10 08:36:00.886000,1.10975,1.10973,2060000,750000
2020-01-10 08:36:05.564000,1.10975,1.10974,750000,750000
2020-01-10 08:36:05.665000,1.10977,1.10976,450000,940000
2020-01-10 08:36:05.716000,1.10978,1.10976,2140000,190000
2020-01-10 08:36:06.535000,1.10978,1.10975,4310000,940000
2020-01-10 08:36:06.636000,1.10977,1.10975,100000,940000
2020-01-10 08:36:06.738000,1.10978,1.10975,2700000,750000
2020-01-10 08:36:07.043000,1.10977,1.10975,820000,750000
2020-01-10 08:36:07.148000,1.10977,1.10974,3450000,750000
2020-01-10 08:36:07.249000,1.10976,1.10974,560000,750000
2020-01-10 08:36:07.430000,1.10977,1.10974,4010000,750000
2020-01-10 08:36:08.078000,1.10976,1.10973,370000,4690000
2020-01-10 08:36:08.808000,1.10976,1.10974,1760000,1310000
2020-01-10 08:36:09.218000,1.10976,1.10975,1390000,750000
2020-01-10 08:36:09.320000,1.10978,1.10975,1500000,1010000
2020-01-10 08:36:10.559000,1.10977,1.10975,750000,5140000
2020-01-10 08:36:11.739000,1.10977,1.10976,750000,750000
2020-01-10 08:36:12.043000,1.10977,1.10974,3190000,190000
2020-01-10 08:36:12.474000,1.10976,1.10974,1570000,1500000
2020-01-10 08:36:12.575000,1.10975,1.10972,560000,3190000
2020-01-10 08:36:14.073000,1.10974,1.10972,560000,750000
2020-01-10 08:36:14.339000,1.10975,1.10972,4840000,750000
2020-01-10 08:36:17.291000,1.10974,1.10972,750000,750000
2020-01-10 08:36:17.392000,1.10975,1.10972,4840000,750000
2020-01-10 08:36:17.493000,1.10974,1.10972,750000,1500000
2020-01-10 08:36:17.798000,1.10975,1.10972,5590000,1500000
2020-01-10 08:36:20.824000,1.10974,1.10972,100000,750000
2020-01-10 08:36:20.976000,1.10974,1.10971,450000,5060000
2020-01-10 08:36:21.872000,1.10974,1.10972,450000,750000
2020-01-10 08:36:22.882000,1.10974,1.10971,450000,4310000
2020-01-10 08:36:24.487000,1.10975,1.10971,3640000,5890000
2020-01-10 08:36:24.589000,1.10975,1.10973,3000000,820000
2020-01-10 08:36:24.741000,1.10976,1.10973,750000,4870000
2020-01-10 08:36:24.842000,1.10977,1.10974,3940000,750000
2020-01-10 08:36:26.989000,1.10973,1.10972,750000,1500000
2020-01-10 08:36:27.091000,1.10972,1.10971,2250000,1310000
2020-01-10 08:36:27.142000,1.1097,1.10969,100000,1500000
2020-01-10 08:36:27.243000,1.1097,1.10969,1760000,750000
2020-01-10 08:36:27.344000,1.10969,1.10968,190000,1500000
2020-01-10 08:36:28.014000,1.10969,1.10967,190000,3190000
2020-01-10 08:36:29.661000,1.10968,1.10967,820000,190000
2020-01-10 08:36:29.734000,1.10966,1.10964,850000,2060000
2020-01-10 08:36:29.836000,1.10965,1.10962,2770000,1870000
2020-01-10 08:36:29.937000,1.10964,1.10962,560000,1870000
2020-01-10 08:36:30.038000,1.10965,1.10962,2400000,1870000
2020-01-10 08:36:30.920000,1.10964,1.10962,1390000,1500000
2020-01-10 08:36:36.159000,1.10963,1.10961,750000,3190000
2020-01-10 08:36:36.261000,1.1096,1.10959,2020000,2620000
2020-01-10 08:36:36.413000,1.10958,1.10957,100000,190000
2020-01-10 08:36:36.515000,1.10958,1.10956,560000,2620000
2020-01-10 08:36:36.768000,1.10958,1.10957,1760000,1500000
2020-01-10 08:36:36.869000,1.10958,1.10956,100000,3190000
2020-01-10 08:36:36.983000,1.10959,1.10956,1200000,3190000
2020-01-10 08:36:37.186000,1.10959,1.10957,100000,750000
2020-01-10 08:36:37.546000,1.10958,1.10957,450000,1870000
2020-01-10 08:36:37.888000,1.10959,1.10958,100000,750000
2020-01-10 08:36:38.449000,1.1096,1.10958,2700000,750000
2020-01-10 08:36:38.652000,1.10959,1.10958,100000,750000
2020-01-10 08:36:38.855000,1.1096,1.10958,1310000,750000
2020-01-10 08:36:38.957000,1.1096,1.10958,750000,750000
2020-01-10 08:36:40.520000,1.1096,1.10959,370000,1500000
2020-01-10 08:36:40.571000,1.10962,1.10961,3940000,750000
2020-01-10 08:36:40.622000,1.1096,1.10959,100000,370000
2020-01-10 08:36:40.724000,1.1096,1.10958,1390000,3000000
2020-01-10 08:36:40.876000,1.1096,1.10957,150000,2250000
2020-01-10 08:36:41.198000,1.1096,1.10958,1840000,750000
2020-01-10 08:36:41.299000,1.10959,1.10957,100000,2250000
2020-01-10 08:36:41.401000,1.1096,1.10957,2140000,2250000
2020-01-10 08:36:48.223000,1.10959,1.10957,750000,1500000
2020-01-10 08:36:49.066000,1.1096,1.10957,2320000,750000
2020-01-10 08:36:49.534000,1.10959,1.10957,750000,750000
2020-01-10 08:36:50.074000,1.1096,1.10957,2320000,750000
2020-01-10 08:36:51.397000,1.10958,1.10957,750000,2250000
2020-01-10 08:36:51.448000,1.10959,1.10956,4570000,1310000
2020-01-10 08:36:51.499000,1.10956,1.10955,2700000,1760000
2020-01-10 08:36:51.600000,1.10955,1.10953,750000,1870000
2020-01-10 08:36:51.768000,1.10954,1.10952,940000,3940000
2020-01-10 08:36:52.654000,1.10955,1.10952,2320000,1690000
2020-01-10 08:36:52.806000,1.10955,1.10951,1200000,6940000
2020-01-10 08:36:52.884000,1.10953,1.10951,750000,2250000
2020-01-10 08:36:52.986000,1.10952,1.1095,2140000,750000
2020-01-10 08:36:53.037000,1.10949,1.10948,1500000,9000000
2020-01-10 08:36:53.139000,1.10949,1.10947,1500000,940000
2020-01-10 08:36:53.240000,1.10948,1.10947,100000,190000
2020-01-10 08:36:53.496000,1.10949,1.10946,520000,750000
2020-01-10 08:36:53.597000,1.10948,1.10946,560000,190000
2020-01-10 08:36:53.698000,1.10949,1.10946,1390000,940000
2020-01-10 08:36:54.834000,1.1095,1.10948,3260000,750000
2020-01-10 08:36:55.287000,1.10951,1.1095,370000,2250000
2020-01-10 08:36:55.338000,1.10953,1.10951,100000,1500000
2020-01-10 08:36:55.439000,1.10953,1.10952,100000,1690000
2020-01-10 08:36:55.540000,1.10954,1.10953,100000,190000
2020-01-10 08:36:57.305000,1.10955,1.10953,3000000,940000
2020-01-10 08:36:57.407000,1.10955,1.10953,1310000,3750000
2020-01-10 08:36:57.509000,1.10957,1.10954,2700000,1690000
2020-01-10 08:36:57.661000,1.10957,1.10955,820000,1500000
2020-01-10 08:36:58.134000,1.10956,1.10953,820000,3000000
2020-01-10 08:36:58.236000,1.10955,1.10953,640000,190000
2020-01-10 08:36:58.742000,1.10955,1.10952,2140000,750000
2020-01-10 08:36:59.207000,1.10954,1.10952,2250000,1500000
2020-01-10 08:36:59.309000,1.10954,1.10951,4690000,3370000
2020-01-10 08:36:59.460000,1.10953,1.10951,100000,2620000
2020-01-10 08:36:59.562000,1.10954,1.10951,4120000,4690000
2020-01-10 08:36:59.663000,1.10954,1.10952,2700000,750000
2020-01-10 08:36:59.764000,1.10954,1.10951,2700000,2440000
2020-01-10 08:36:59.967000,1.10954,1.10952,370000,2440000
2020-01-10 08:37:00.069000,1.10956,1.10954,3370000,1500000
2020-01-10 08:37:00.171000,1.10959,1.10956,2960000,1500000
2020-01-10 08:37:00.819000,1.10959,1.10956,1120000,2810000
2020-01-10 08:37:05.611000,1.10958,1.10957,100000,750000
2020-01-10 08:37:05.884000,1.10959,1.10957,1570000,750000
2020-01-10 08:37:10.337000,1.10959,1.10956,370000,2060000
2020-01-10 08:37:11.595000,1.10957,1.10956,750000,1500000
2020-01-10 08:37:11.646000,1.10956,1.10954,2250000,1570000
2020-01-10 08:37:11.697000,1.10955,1.10953,290000,4120000
2020-01-10 08:37:11.800000,1.10955,1.10953,1690000,190000
2020-01-10 08:37:12.293000,1.10956,1.10955,1200000,1500000
2020-01-10 08:37:12.410000,1.10958,1.10955,3900000,3000000
2020-01-10 08:37:12.765000,1.10957,1.10955,100000,1500000
2020-01-10 08:37:13.202000,1.10958,1.10955,2210000,2250000
2020-01-10 08:37:15.244000,1.10958,1.10954,2890000,6450000
2020-01-10 08:37:15.756000,1.10958,1.10955,3560000,100000
2020-01-10 08:37:15.862000,1.10957,1.10955,750000,1570000
2020-01-10 08:37:16.193000,1.10958,1.10954,4760000,4760000
2020-01-10 08:37:16.297000,1.10957,1.10955,750000,1500000
2020-01-10 08:37:16.400000,1.10957,1.10956,560000,1500000
2020-01-10 08:37:16.502000,1.10958,1.10957,940000,1500000
2020-01-10 08:37:16.605000,1.10959,1.10956,1650000,1690000
2020-01-10 08:37:16.809000,1.10959,1.10957,3450000,750000
2020-01-10 08:37:17.115000,1.10959,1.10956,1200000,1690000
2020-01-10 08:37:17.708000,1.10958,1.10956,750000,190000
2020-01-10 08:37:17.812000,1.10958,1.10955,1500000,1690000
2020-01-10 08:37:18.883000,1.10957,1.10955,750000,1690000
2020-01-10 08:37:18.985000,1.10957,1.10955,750000,1690000
2020-01-10 08:37:19.086000,1.10958,1.10955,2700000,1690000
2020-01-10 08:37:19.188000,1.10958,1.10954,3450000,940000
2020-01-10 08:37:19.289000,1.10956,1.10954,750000,2250000
2020-01-10 08:37:19.391000,1.10955,1.10953,1760000,1310000
2020-01-10 08:37:21.917000,1.10956,1.10955,750000,750000
2020-01-10 08:37:22.019000,1.10958,1.10955,1200000,370000
2020-01-10 08:37:23.077000,1.10959,1.10955,4120000,820000
2020-01-10 08:37:29.024000,1.10958,1.10955,370000,8700000
2020-01-10 08:37:31.448000,1.10959,1.10956,2620000,1870000
2020-01-10 08:37:31.651000,1.10959,1.10957,1870000,190000
2020-01-10 08:37:35.164000,1.10959,1.10958,750000,3260000
2020-01-10 08:37:35.215000,1.10961,1.10959,820000,1120000
2020-01-10 08:37:35.925000,1.10961,1.10958,2400000,1390000
2020-01-10 08:37:36.268000,1.10961,1.10959,2890000,750000
2020-01-10 08:37:36.370000,1.10961,1.10957,2320000,5620000
2020-01-10 08:37:36.471000,1.1096,1.10958,100000,820000
2020-01-10 08:37:36.573000,1.1096,1.10959,100000,750000
2020-01-10 08:37:37.523000,1.10961,1.10959,1500000,1310000
2020-01-10 08:37:37.746000,1.10961,1.1096,750000,2890000
2020-01-10 08:37:37.898000,1.10962,1.1096,750000,2320000
2020-01-10 08:37:38,1.10963,1.1096,750000,4390000
2020-01-10 08:37:38.152000,1.10963,1.10961,750000,100000
2020-01-10 08:37:38.253000,1.10963,1.10961,750000,3260000
2020-01-10 08:37:38.355000,1.10963,1.10962,750000,940000
2020-01-10 08:37:39.100000,1.10964,1.10962,2250000,940000
2020-01-10 08:37:39.391000,1.10963,1.10961,750000,3260000
2020-01-10 08:37:39.442000,1.10964,1.10962,3000000,940000
2020-01-10 08:37:39.947000,1.10963,1.10962,750000,940000
2020-01-10 08:37:40.610000,1.10964,1.10962,1760000,940000
2020-01-10 08:37:49.903000,1.10964,1.10963,1500000,1500000
2020-01-10 08:37:50.005000,1.10965,1.10963,1950000,1500000
2020-01-10 08:37:50.260000,1.10965,1.10962,2250000,1950000
2020-01-10 08:37:50.513000,1.10964,1.10962,750000,1690000
2020-01-10 08:37:50.641000,1.10965,1.10962,2250000,940000
2020-01-10 08:37:51.072000,1.10964,1.10962,750000,1690000
2020-01-10 08:37:51.422000,1.10965,1.10962,3000000,940000
2020-01-10 08:37:52.827000,1.10964,1.10962,750000,3190000
2020-01-10 08:37:54.089000,1.10965,1.10963,2250000,1500000
2020-01-10 08:37:54.191000,1.10964,1.10963,750000,100000
2020-01-10 08:37:54.658000,1.10964,1.10962,750000,1200000
2020-01-10 08:37:54.948000,1.10964,1.10963,750000,260000
2020-01-10 08:37:56.162000,1.10965,1.10963,1500000,190000
2020-01-10 08:37:56.526000,1.10965,1.10964,750000,100000
2020-01-10 08:37:56.760000,1.10965,1.10963,750000,190000
2020-01-10 08:37:56.982000,1.10964,1.10963,750000,190000
2020-01-10 08:37:57.084000,1.10967,1.10966,5250000,750000
2020-01-10 08:37:57.207000,1.10967,1.10966,2250000,940000
2020-01-10 08:37:57.258000,1.10967,1.10964,2250000,1570000
2020-01-10 08:37:57.649000,1.10967,1.10965,1500000,190000
2020-01-10 08:37:57.701000,1.10967,1.10966,750000,940000
2020-01-10 08:37:57.803000,1.10968,1.10967,1500000,190000
2020-01-10 08:37:57.955000,1.10967,1.10966,750000,940000
2020-01-10 08:37:58.057000,1.10968,1.10966,2250000,940000
2020-01-10 08:37:58.158000,1.10967,1.10966,750000,1010000
2020-01-10 08:37:58.259000,1.10968,1.10967,2250000,190000
2020-01-10 08:38:00.103000,1.10967,1.10966,750000,940000
2020-01-10 08:38:00.351000,1.10968,1.10967,1500000,190000
2020-01-10 08:38:00.503000,1.10968,1.10966,1500000,1760000
2020-01-10 08:38:00.604000,1.10968,1.10967,1500000,190000
2020-01-10 08:38:03.015000,1.10968,1.10966,750000,190000
2020-01-10 08:38:03.117000,1.10967,1.10965,1500000,2810000
2020-01-10 08:38:03.218000,1.10967,1.10964,2440000,1010000
2020-01-10 08:38:03.370000,1.10965,1.10964,100000,2320000
2020-01-10 08:38:03.573000,1.10965,1.10963,100000,1390000
2020-01-10 08:38:03.726000,1.10965,1.10964,100000,750000
2020-01-10 08:38:04.321000,1.10965,1.10963,100000,1010000
2020-01-10 08:38:04.953000,1.10966,1.10964,1500000,1950000
2020-01-10 08:38:05.055000,1.10966,1.10965,750000,190000
2020-01-10 08:38:05.156000,1.10966,1.10964,750000,3940000
2020-01-10 08:38:05.565000,1.10966,1.10965,750000,190000
2020-01-10 08:38:05.922000,1.10966,1.10964,750000,3000000
2020-01-10 08:38:06.126000,1.10966,1.10963,1870000,2510000
2020-01-10 08:38:06.227000,1.10966,1.10962,2620000,9900000
2020-01-10 08:38:07.266000,1.10966,1.10963,2510000,750000
2020-01-10 08:38:07.435000,1.10966,1.10964,2440000,940000
2020-01-10 08:38:07.537000,1.10965,1.10964,750000,2440000
2020-01-10 08:38:07.639000,1.10965,1.10964,750000,1500000
2020-01-10 08:38:08.021000,1.10966,1.10965,1310000,1500000
2020-01-10 08:38:08.123000,1.10967,1.10966,3820000,190000
2020-01-10 08:38:08.615000,1.10967,1.10965,750000,1950000
2020-01-10 08:38:09.362000,1.10967,1.10966,750000,190000
2020-01-10 08:38:09.603000,1.10969,1.10966,4760000,640000
2020-01-10 08:38:10.180000,1.10968,1.10966,2250000,190000
2020-01-10 08:38:11.663000,1.10967,1.10966,750000,5320000
2020-01-10 08:38:11.898000,1.10969,1.10966,1500000,4010000
2020-01-10 08:38:12.284000,1.10966,1.10965,820000,1950000
2020-01-10 08:38:12.408000,1.10965,1.10964,750000,3450000
2020-01-10 08:38:12.458000,1.10965,1.10963,750000,5320000
2020-01-10 08:38:13.232000,1.10966,1.10963,2620000,260000
2020-01-10 08:38:14.072000,1.10966,1.10964,2250000,190000
2020-01-10 08:38:14.173000,1.10966,1.10964,3560000,290000
2020-01-10 08:38:14.825000,1.10965,1.10964,750000,2320000
2020-01-10 08:38:15.071000,1.10966,1.10965,2250000,100000
2020-01-10 08:38:15.509000,1.10966,1.10964,1570000,260000
2020-01-10 08:38:16.192000,1.10965,1.10963,3750000,4650000
2020-01-10 08:38:16.247000,1.10961,1.1096,1500000,2250000
2020-01-10 08:38:16.348000,1.10959,1.10958,750000,190000
2020-01-10 08:38:16.450000,1.10959,1.10957,2250000,190000
2020-01-10 08:38:17.889000,1.1096,1.10957,4500000,190000
2020-01-10 08:38:20.154000,1.10959,1.10957,1310000,190000
2020-01-10 08:38:21.244000,1.1096,1.10957,7760000,190000
2020-01-10 08:38:23.443000,1.10959,1.10957,750000,1690000
2020-01-10 08:38:23.544000,1.1096,1.10957,4200000,1120000
2020-01-10 08:38:26.942000,1.1096,1.10958,750000,940000
2020-01-10 08:38:27.430000,1.10959,1.10958,560000,190000
2020-01-10 08:38:27.531000,1.1096,1.10958,1570000,190000
2020-01-10 08:38:27.683000,1.10959,1.10958,560000,190000
2020-01-10 08:38:27.784000,1.1096,1.10958,4570000,190000
2020-01-10 08:38:28.469000,1.10959,1.10958,100000,940000
2020-01-10 08:38:28.928000,1.1096,1.10958,5510000,190000
2020-01-10 08:38:29.090000,1.10959,1.10958,3750000,190000
2020-01-10 08:38:29.292000,1.1096,1.10958,9900000,190000
2020-01-10 08:38:29.343000,1.10958,1.10957,750000,940000
2020-01-10 08:38:29.394000,1.10958,1.10956,750000,3000000
2020-01-10 08:38:29.578000,1.10959,1.10957,750000,190000
2020-01-10 08:38:29.881000,1.10958,1.10957,750000,190000
2020-01-10 08:38:29.982000,1.10959,1.10957,1500000,190000
2020-01-10 08:38:30.084000,1.10958,1.10957,750000,190000
2020-01-10 08:38:30.186000,1.10959,1.10957,1500000,190000
2020-01-10 08:38:30.603000,1.1096,1.10957,2620000,190000
2020-01-10 08:38:30.705000,1.1096,1.10958,1120000,260000
2020-01-10 08:38:31.335000,1.1096,1.10957,1200000,750000
2020-01-10 08:38:31.568000,1.1096,1.10958,1200000,190000
2020-01-10 08:38:38.051000,1.10959,1.10958,1500000,190000
2020-01-10 08:38:44.392000,1.10959,1.10957,750000,4120000
2020-01-10 08:38:44.443000,1.1096,1.10959,2250000,750000
2020-01-10 08:38:44.545000,1.10961,1.1096,750000,750000
2020-01-10 08:38:44.647000,1.10962,1.10961,750000,1690000
2020-01-10 08:38:44.698000,1.10964,1.10961,2060000,2440000
2020-01-10 08:38:44.799000,1.10965,1.10961,8510000,3750000
2020-01-10 08:38:44.901000,1.10963,1.1096,750000,12150000
2020-01-10 08:38:44.951000,1.10965,1.10963,3070000,2440000
2020-01-10 08:38:45.595000,1.10966,1.10963,9450000,2700000
2020-01-10 08:38:48.036000,1.10964,1.10962,750000,8700000
2020-01-10 08:38:48.137000,1.10965,1.10963,750000,3370000
2020-01-10 08:38:48.239000,1.10966,1.10964,750000,1200000
2020-01-10 08:38:48.772000,1.10966,1.10964,1500000,3190000
2020-01-10 08:38:48.976000,1.10966,1.10964,750000,6450000
2020-01-10 08:38:49.078000,1.10964,1.10963,750000,6260000
2020-01-10 08:38:49.187000,1.10965,1.10963,750000,8430000
2020-01-10 08:38:50.509000,1.10965,1.10963,750000,1570000
2020-01-10 08:38:52.317000,1.10965,1.10964,750000,750000
2020-01-10 08:38:52.419000,1.10966,1.10965,5810000,260000
2020-01-10 08:38:52.521000,1.10966,1.10965,750000,940000
2020-01-10 08:38:52.651000,1.10968,1.10966,6940000,190000
2020-01-10 08:38:53.091000,1.10966,1.10965,750000,940000
2020-01-10 08:38:54.902000,1.10967,1.10966,750000,940000
2020-01-10 08:38:55.451000,1.10968,1.10967,1500000,100000
2020-01-10 08:38:56.635000,1.1097,1.10966,5440000,5140000
2020-01-10 08:38:56.737000,1.1097,1.10968,2250000,1220000
2020-01-10 08:38:56.839000,1.10969,1.10966,750000,7570000
2020-01-10 08:38:59.129000,1.10969,1.10967,7390000,750000
2020-01-10 08:38:59.180000,1.10967,1.10965,3750000,450000
2020-01-10 08:38:59.281000,1.10967,1.10966,750000,2250000
2020-01-10 08:38:59.383000,1.10968,1.10967,750000,750000
2020-01-10 08:39:01.793000,1.10967,1.10965,750000,4690000
2020-01-10 08:39:01.894000,1.10965,1.10964,750000,750000
2020-01-10 08:39:01.945000,1.10965,1.10963,750000,2700000
2020-01-10 08:39:02.242000,1.10964,1.10962,750000,1870000
2020-01-10 08:39:03.951000,1.10963,1.10962,750000,750000
2020-01-10 08:39:04.053000,1.10963,1.10961,750000,8140000
2020-01-10 08:39:09.286000,1.10963,1.10962,750000,750000
2020-01-10 08:39:10.327000,1.10963,1.10961,750000,5440000
2020-01-10 08:39:11.435000,1.10963,1.10962,750000,750000
2020-01-10 08:39:16.642000,1.10963,1.10961,750000,2440000
2020-01-10 08:39:19.182000,1.10964,1.10961,1690000,3190000
2020-01-10 08:39:20.269000,1.10964,1.10962,1690000,1500000
2020-01-10 08:39:20.471000,1.10963,1.10962,750000,1500000
2020-01-10 08:39:22.283000,1.10964,1.10962,1690000,1500000
2020-01-10 08:39:29.758000,1.10964,1.10963,940000,750000
2020-01-10 08:39:29.860000,1.10966,1.10964,2140000,750000
2020-01-10 08:39:29.962000,1.10967,1.10966,820000,1500000
2020-01-10 08:39:30.064000,1.10968,1.10967,1570000,750000
2020-01-10 08:39:30.536000,1.10969,1.10967,2620000,750000
2020-01-10 08:39:30.638000,1.10969,1.10968,1120000,750000
2020-01-10 08:39:33.725000,1.1097,1.10968,2440000,750000
2020-01-10 08:39:33.985000,1.10969,1.10968,750000,750000
2020-01-10 08:39:34.708000,1.10968,1.10967,750000,750000
2020-01-10 08:39:39.252000,1.10969,1.10968,100000,750000
2020-01-10 08:39:39.616000,1.10968,1.10966,750000,1500000
2020-01-10 08:39:41.718000,1.10968,1.10967,1570000,77099998
2020-01-10 08:39:43.190000,1.10968,1.10967,2320000,750000
2020-01-10 08:39:46.216000,1.10968,1.10967,2320000,750000
2020-01-10 08:39:46.490000,1.10968,1.10967,2320000,1500000
2020-01-10 08:39:48.340000,1.10967,1.10965,1570000,4760000
2020-01-10 08:39:48.442000,1.10965,1.10964,2320000,2250000
2020-01-10 08:39:48.492000,1.10964,1.10962,750000,8140000
2020-01-10 08:39:48.543000,1.10965,1.10963,2320000,750000
2020-01-10 08:39:48.693000,1.10964,1.10963,750000,750000
2020-01-10 08:39:48.944000,1.10965,1.10964,1570000,190000
2020-01-10 08:39:50.676000,1.10965,1.10963,2320000,2250000
2020-01-10 08:39:50.778000,1.10965,1.10964,2320000,750000
2020-01-10 08:39:50.959000,1.10965,1.10963,2320000,2250000
2020-01-10 08:39:51.061000,1.10964,1.10963,1570000,2250000
2020-01-10 08:39:53.336000,1.10962,1.10961,750000,3000000
2020-01-10 08:39:53.438000,1.1096,1.10959,750000,3260000
2020-01-10 08:39:53.540000,1.10961,1.10959,2320000,1500000
2020-01-10 08:39:53.642000,1.10961,1.10959,2320000,3190000
2020-01-10 08:39:55.668000,1.10962,1.10961,560000,750000
2020-01-10 08:39:55.816000,1.10964,1.10963,6450000,750000
2020-01-10 08:39:57.335000,1.10965,1.10963,2510000,1200000
2020-01-10 08:39:58.443000,1.10964,1.10963,1570000,1500000
2020-01-10 08:40:01.063000,1.10964,1.10962,1570000,4010000
2020-01-10 08:40:06.738000,1.10965,1.10962,3260000,3260000
2020-01-10 08:40:07.276000,1.10965,1.10963,3260000,560000
2020-01-10 08:40:09.187000,1.10965,1.10964,2320000,1500000
2020-01-10 08:40:09.288000,1.10966,1.10964,2320000,1500000
2020-01-10 08:40:09.390000,1.10967,1.10965,1500000,1500000
2020-01-10 08:40:09.492000,1.10968,1.10966,3820000,820000
2020-01-10 08:40:09.593000,1.10967,1.10966,750000,750000
2020-01-10 08:40:10.306000,1.10968,1.10966,1500000,5700000
2020-01-10 08:40:10.408000,1.10968,1.10967,750000,1570000
2020-01-10 08:40:12.760000,1.10968,1.10966,750000,6450000
2020-01-10 08:40:14.399000,1.10968,1.10967,750000,1500000
2020-01-10 08:40:14.780000,1.10969,1.10967,2510000,1500000
2020-01-10 08:40:15.331000,1.10968,1.10967,750000,3000000
2020-01-10 08:40:15.433000,1.10967,1.10966,1500000,750000
2020-01-10 08:40:15.534000,1.10969,1.10967,3070000,750000
2020-01-10 08:40:15.635000,1.10969,1.10968,2320000,100000
2020-01-10 08:40:16.050000,1.10969,1.10967,1570000,750000
2020-01-10 08:40:19.282000,1.10969,1.10968,1570000,100000
2020-01-10 08:40:20.183000,1.10969,1.10967,1570000,4500000
2020-01-10 08:40:20.612000,1.10969,1.10967,1570000,1690000
2020-01-10 08:40:21.094000,1.10968,1.10966,1570000,4500000
2020-01-10 08:40:21.560000,1.10969,1.10966,1570000,6000000
2020-01-10 08:40:25.203000,1.10969,1.10967,1570000,450000
2020-01-10 08:40:25.697000,1.1097,1.10967,2320000,100000
2020-01-10 08:40:25.798000,1.1097,1.10968,2320000,100000
2020-01-10 08:40:29.152000,1.10969,1.10968,1570000,1390000
2020-01-10 08:40:31.475000,1.10969,1.10967,1570000,2320000
2020-01-10 08:40:31.716000,1.10969,1.10968,1570000,100000
2020-01-10 08:40:31.868000,1.10969,1.10967,1570000,2810000
2020-01-10 08:40:34.184000,1.10969,1.10968,1570000,100000
2020-01-10 08:40:34.286000,1.10968,1.10966,1570000,6820000
2020-01-10 08:40:34.387000,1.10968,1.10967,1570000,750000
2020-01-10 08:40:34.503000,1.10968,1.10966,1570000,6070000
2020-01-10 08:40:35.066000,1.1097,1.10967,2700000,100000
2020-01-10 08:40:35.168000,1.10969,1.10968,1570000,1390000
2020-01-10 08:40:35.471000,1.10969,1.10967,1570000,100000
2020-01-10 08:40:35.572000,1.10969,1.10966,1570000,6450000
2020-01-10 08:40:36.031000,1.10969,1.10967,1570000,450000
2020-01-10 08:40:36.372000,1.10969,1.10968,1570000,100000
2020-01-10 08:40:36.820000,1.1097,1.10969,1570000,3190000
2020-01-10 08:40:36.922000,1.1097,1.10968,1570000,9820000
2020-01-10 08:40:37.074000,1.10969,1.10968,2320000,1200000
2020-01-10 08:40:37.175000,1.1097,1.10969,1570000,560000
2020-01-10 08:40:37.277000,1.10969,1.10968,1570000,7090000
2020-01-10 08:40:37.378000,1.1097,1.10969,2320000,1310000
2020-01-10 08:40:37.479000,1.10969,1.10968,1570000,14510000
2020-01-10 08:40:37.757000,1.10971,1.10969,3640000,1970000
2020-01-10 08:40:38.970000,1.10969,1.10968,1570000,100000
2020-01-10 08:40:39.122000,1.10969,1.10967,1570000,3260000
2020-01-10 08:40:39.425000,1.10968,1.10967,750000,1500000
2020-01-10 08:40:40.142000,1.10969,1.10967,750000,1950000
2020-01-10 08:40:40.345000,1.10969,1.10968,750000,100000
2020-01-10 08:40:40.605000,1.10969,1.10967,1500000,3260000
2020-01-10 08:40:40.706000,1.10969,1.10968,2250000,450000
2020-01-10 08:40:43.047000,1.1097,1.10969,3070000,1200000
2020-01-10 08:40:43.149000,1.10971,1.10968,1500000,4200000
2020-01-10 08:40:43.200000,1.10969,1.10967,1500000,6260000
2020-01-10 08:40:43.251000,1.1097,1.10968,3820000,3750000
2020-01-10 08:40:44.622000,1.10969,1.10967,2320000,4570000
2020-01-10 08:40:48.010000,1.1097,1.10968,3820000,190000
2020-01-10 08:40:48.364000,1.1097,1.10969,2320000,450000
2020-01-10 08:40:50.341000,1.1097,1.10968,2320000,820000
2020-01-10 08:40:52.575000,1.10971,1.10969,3070000,750000
2020-01-10 08:40:53.559000,1.10971,1.1097,1570000,100000
2020-01-10 08:40:53.900000,1.10971,1.10969,1570000,4010000
2020-01-10 08:40:54.153000,1.1097,1.10969,1570000,1310000
2020-01-10 08:40:54.254000,1.1097,1.10968,1570000,9070000
2020-01-10 08:40:54.355000,1.1097,1.10969,1570000,750000
2020-01-10 08:40:55.502000,1.1097,1.10968,1570000,3450000
2020-01-10 08:40:55.604000,1.10971,1.10968,1570000,4200000
2020-01-10 08:40:56.384000,1.1097,1.10968,1570000,2700000
2020-01-10 08:40:57.180000,1.1097,1.10969,1570000,450000
2020-01-10 08:40:57.231000,1.10972,1.1097,3450000,940000
2020-01-10 08:40:57.332000,1.10973,1.1097,3070000,3190000
2020-01-10 08:40:57.434000,1.10971,1.1097,1570000,1200000
2020-01-10 08:40:57.535000,1.10971,1.1097,3450000,100000
2020-01-10 08:40:57.637000,1.1097,1.10969,1570000,750000
2020-01-10 08:40:57.840000,1.10971,1.10969,2250000,940000
2020-01-10 08:40:57.992000,1.10972,1.1097,2320000,190000
2020-01-10 08:40:58.093000,1.10971,1.1097,1570000,1500000
2020-01-10 08:40:58.194000,1.1097,1.10969,1570000,750000
2020-01-10 08:40:58.448000,1.1097,1.10968,2510000,5890000
2020-01-10 08:40:59.185000,1.1097,1.10969,1570000,1500000
2020-01-10 08:41:00.403000,1.1097,1.10968,1570000,7010000
2020-01-10 08:41:00.606000,1.1097,1.10968,1570000,2890000
2020-01-10 08:41:01.074000,1.10971,1.10969,2320000,1310000
2020-01-10 08:41:01.176000,1.10971,1.10968,2320000,6820000
2020-01-10 08:41:01.277000,1.1097,1.10968,1570000,6260000
2020-01-10 08:41:02.768000,1.1097,1.10969,1570000,450000
2020-01-10 08:41:02.870000,1.10971,1.10969,1570000,450000
2020-01-10 08:41:03.161000,1.1097,1.10968,1570000,3260000
2020-01-10 08:41:03.313000,1.10971,1.10969,2320000,750000
2020-01-10 08:41:03.465000,1.1097,1.10969,1570000,820000
2020-01-10 08:41:03.758000,1.1097,1.10968,1570000,2700000
2020-01-10 08:41:04.445000,1.1097,1.10969,1570000,450000
2020-01-10 08:41:04.591000,1.10971,1.10969,1570000,640000
2020-01-10 08:41:05.250000,1.1097,1.10968,2320000,7010000
2020-01-10 08:41:05.351000,1.1097,1.10968,1570000,3260000
2020-01-10 08:41:06.244000,1.1097,1.10968,1600000,2890000
2020-01-10 08:41:06.552000,1.1097,1.10969,1570000,560000
2020-01-10 08:41:07.290000,1.10971,1.10969,750000,1010000
2020-01-10 08:41:08.010000,1.1097,1.10969,100000,1310000
2020-01-10 08:41:08.112000,1.1097,1.10968,100000,5700000
2020-01-10 08:41:13.044000,1.1097,1.10969,100000,1310000
2020-01-10 08:41:13.814000,1.1097,1.10968,100000,3450000
2020-01-10 08:41:13.992000,1.1097,1.10969,100000,750000
2020-01-10 08:41:14.253000,1.10971,1.10969,750000,2320000
2020-01-10 08:41:14.410000,1.10972,1.10969,5320000,2510000
2020-01-10 08:41:15.671000,1.10972,1.1097,4570000,190000
2020-01-10 08:41:15.851000,1.10972,1.10969,4570000,2320000
2020-01-10 08:41:16.079000,1.10972,1.10971,1500000,100000
2020-01-10 08:41:16.182000,1.10973,1.10971,750000,450000
2020-01-10 08:41:16.289000,1.10972,1.1097,4950000,1220000
2020-01-10 08:41:16.390000,1.10971,1.10969,820000,750000
2020-01-10 08:41:16.492000,1.1097,1.10969,100000,750000
2020-01-10 08:41:17.896000,1.1097,1.10968,100000,820000
2020-01-10 08:41:19.957000,1.10971,1.10969,2700000,640000
2020-01-10 08:41:20.059000,1.10971,1.10969,1200000,1390000
2020-01-10 08:41:20.965000,1.1097,1.10969,100000,640000
2020-01-10 08:41:21.066000,1.1097,1.10968,1600000,4010000
2020-01-10 08:41:21.168000,1.1097,1.10968,1600000,2140000
2020-01-10 08:41:25.384000,1.10969,1.10967,100000,6260000
2020-01-10 08:41:25.485000,1.10969,1.10968,100000,1390000
2020-01-10 08:41:25.849000,1.10969,1.10967,100000,1200000
2020-01-10 08:41:26.041000,1.10969,1.10968,100000,100000
2020-01-10 08:41:27.142000,1.10969,1.10967,100000,3000000
2020-01-10 08:41:29.374000,1.10969,1.10966,100000,9820000
2020-01-10 08:41:29.479000,1.10969,1.10967,100000,560000
2020-01-10 08:41:31.128000,1.10969,1.10968,100000,100000
2020-01-10 08:41:31.247000,1.10969,1.10966,100000,9820000
2020-01-10 08:41:31.563000,1.10969,1.10967,100000,750000
2020-01-10 08:41:31.731000,1.10969,1.10966,100000,9820000
2020-01-10 08:41:32.970000,1.10969,1.10967,100000,100000
2020-01-10 08:41:34.392000,1.10969,1.10968,100000,450000
2020-01-10 08:41:34.606000,1.1097,1.10968,820000,750000
2020-01-10 08:41:40.341000,1.1097,1.10969,940000,100000
2020-01-10 08:41:41.593000,1.10969,1.10968,940000,560000
2020-01-10 08:41:41.695000,1.10967,1.10966,2510000,2810000
2020-01-10 08:41:41.746000,1.10965,1.10964,100000,2510000
2020-01-10 08:41:41.847000,1.10965,1.10963,260000,1390000
2020-01-10 08:41:42.100000,1.10965,1.10962,260000,2510000
2020-01-10 08:41:42.241000,1.10965,1.10963,260000,100000
2020-01-10 08:41:45.888000,1.10964,1.10963,820000,750000
2020-01-10 08:41:46.041000,1.10964,1.10962,1570000,1570000
2020-01-10 08:41:51.951000,1.10965,1.10963,1010000,1500000
2020-01-10 08:41:52.334000,1.10966,1.10963,3640000,1950000
2020-01-10 08:41:53.125000,1.10965,1.10963,750000,2320000
2020-01-10 08:41:53.572000,1.10966,1.10963,2320000,4950000
2020-01-10 08:41:53.911000,1.10966,1.10963,2510000,3070000
2020-01-10 08:41:54.012000,1.10966,1.10963,3260000,3820000
2020-01-10 08:41:55.517000,1.10965,1.10963,750000,5130000
2020-01-10 08:41:55.669000,1.10966,1.10963,3260000,3560000
2020-01-10 08:41:55.770000,1.10966,1.10963,2510000,2060000
2020-01-10 08:41:58.167000,1.10966,1.10964,2510000,750000
2020-01-10 08:42:01.524000,1.10964,1.10963,100000,2250000
2020-01-10 08:42:02.942000,1.10964,1.10962,1200000,4390000
2020-01-10 08:42:03.045000,1.10962,1.10961,2440000,6190000
2020-01-10 08:42:03.096000,1.1096,1.10958,100000,1760000
2020-01-10 08:42:03.147000,1.10961,1.1096,1760000,1310000
2020-01-10 08:42:03.300000,1.1096,1.10958,100000,370000
2020-01-10 08:42:03.401000,1.10961,1.1096,2250000,1500000
2020-01-10 08:42:03.690000,1.1096,1.10959,190000,1950000
2020-01-10 08:42:03.903000,1.10961,1.10959,4950000,2250000
2020-01-10 08:42:04.055000,1.10959,1.10958,100000,1500000
2020-01-10 08:42:04.106000,1.10959,1.10957,100000,4570000
2020-01-10 08:42:04.208000,1.10959,1.10958,100000,750000
2020-01-10 08:42:05.052000,1.10959,1.10956,1570000,9070000
2020-01-10 08:42:05.154000,1.10958,1.10956,100000,4570000
2020-01-10 08:42:05.362000,1.10956,1.10955,820000,4760000
2020-01-10 08:42:05.515000,1.10956,1.10954,1010000,560000
2020-01-10 08:42:05.667000,1.10956,1.10953,2510000,3640000
2020-01-10 08:42:06.077000,1.10956,1.10954,1010000,1200000
2020-01-10 08:42:06.256000,1.10956,1.10953,260000,7200000
2020-01-10 08:42:06.358000,1.10956,1.10954,260000,450000
2020-01-10 08:42:07.063000,1.10956,1.10953,3450000,5320000
2020-01-10 08:42:07.237000,1.10956,1.10954,820000,750000
2020-01-10 08:42:08.164000,1.10956,1.10953,1200000,3450000
2020-01-10 08:42:08.443000,1.10956,1.10954,820000,450000
2020-01-10 08:42:09.191000,1.10956,1.10953,1950000,2250000
2020-01-10 08:42:09.293000,1.10956,1.10954,100000,3370000
2020-01-10 08:42:09.394000,1.10957,1.10954,260000,5320000
2020-01-10 08:42:09.541000,1.10957,1.10956,260000,750000
2020-01-10 08:42:10.305000,1.10958,1.10956,2140000,2250000
2020-01-10 08:42:10.406000,1.10957,1.10956,100000,1570000
2020-01-10 08:42:10.508000,1.10958,1.10957,820000,450000
2020-01-10 08:42:10.686000,1.10957,1.10956,100000,2320000
2020-01-10 08:42:11.008000,1.10956,1.10955,100000,560000
2020-01-10 08:42:11.109000,1.10956,1.10954,100000,3070000
2020-01-10 08:42:12.153000,1.10957,1.10954,100000,2700000
2020-01-10 08:42:12.305000,1.10956,1.10955,100000,100000
2020-01-10 08:42:12.490000,1.10955,1.10953,100000,1690000
2020-01-10 08:42:12.642000,1.10955,1.10954,100000,100000
2020-01-10 08:42:12.744000,1.10956,1.10955,100000,750000
2020-01-10 08:42:15.312000,1.10957,1.10956,100000,100000
2020-01-10 08:42:15.413000,1.10957,1.10955,100000,4010000
2020-01-10 08:42:15.514000,1.10957,1.10956,100000,100000
2020-01-10 08:42:15.616000,1.10955,1.10954,1500000,7200000
2020-01-10 08:42:15.718000,1.10955,1.10954,1760000,560000
2020-01-10 08:42:15.819000,1.10955,1.10953,1760000,100000
2020-01-10 08:42:15.940000,1.10955,1.10952,1760000,5140000
2020-01-10 08:42:16.305000,1.10955,1.10953,1950000,560000
2020-01-10 08:42:16.406000,1.10955,1.10952,1760000,5140000
2020-01-10 08:42:16.781000,1.10955,1.10953,1760000,370000
2020-01-10 08:42:20.214000,1.10956,1.10954,3000000,1310000
2020-01-10 08:42:20.316000,1.10957,1.10956,2250000,750000
2020-01-10 08:42:20.418000,1.10957,1.10956,820000,2700000
2020-01-10 08:42:20.520000,1.10958,1.10957,820000,450000
2020-01-10 08:42:24.328000,1.10959,1.10957,1760000,450000
2020-01-10 08:42:25.103000,1.10957,1.10955,100000,12640000
2020-01-10 08:42:25.204000,1.10958,1.10956,100000,3820000
2020-01-10 08:42:25.356000,1.10958,1.10957,100000,450000
2020-01-10 08:42:28.623000,1.10958,1.10956,100000,4950000
2020-01-10 08:42:28.725000,1.10959,1.10957,100000,820000
2020-01-10 08:42:30.220000,1.10958,1.10957,100000,750000
2020-01-10 08:42:30.321000,1.10959,1.10957,100000,820000
2020-01-10 08:42:34.166000,1.10958,1.10956,100000,1950000
2020-01-10 08:42:34.873000,1.10959,1.10956,100000,2510000
2020-01-10 08:42:35.245000,1.10958,1.10956,100000,1950000
2020-01-10 08:42:35.811000,1.10957,1.10956,100000,1950000
2020-01-10 08:42:35.913000,1.10957,1.10955,100000,1500000
2020-01-10 08:42:40.409000,1.10958,1.10956,100000,1500000
2020-01-10 08:42:40.561000,1.10958,1.10957,820000,750000
2020-01-10 08:42:43.883000,1.10958,1.10956,100000,4760000
2020-01-10 08:42:48.180000,1.10959,1.10956,100000,4760000
2020-01-10 08:42:48.231000,1.10958,1.10957,100000,750000
2020-01-10 08:42:48.836000,1.10959,1.10957,5700000,1500000
2020-01-10 08:42:48.887000,1.10956,1.10955,820000,2510000
2020-01-10 08:42:48.988000,1.10957,1.10955,8590000,1310000
2020-01-10 08:42:49.204000,1.10956,1.10954,820000,450000
2020-01-10 08:42:51.416000,1.10955,1.10953,190000,3260000
2020-01-10 08:42:51.523000,1.10956,1.10954,100000,1200000
2020-01-10 08:42:53.571000,1.10955,1.10953,940000,4010000
2020-01-10 08:42:53.723000,1.10956,1.10953,260000,3450000
2020-01-10 08:42:56.223000,1.10956,1.10954,4950000,1500000
2020-01-10 08:42:56.368000,1.10955,1.10954,190000,1500000
2020-01-10 08:42:57.091000,1.10955,1.10953,370000,3560000
2020-01-10 08:42:57.751000,1.10956,1.10953,4010000,3000000
2020-01-10 08:42:57.852000,1.10956,1.10954,4010000,100000
2020-01-10 08:42:59.086000,1.10955,1.10953,100000,2250000
2020-01-10 08:42:59.187000,1.10955,1.10952,100000,8890000
2020-01-10 08:42:59.631000,1.10955,1.10953,100000,750000
2020-01-10 08:42:59.832000,1.10956,1.10954,100000,4570000
2020-01-10 08:42:59.969000,1.10957,1.10955,260000,100000
2020-01-10 08:43:01.494000,1.10956,1.10955,100000,560000
2020-01-10 08:43:01.596000,1.10956,1.10954,100000,2700000
2020-01-10 08:43:01.697000,1.10957,1.10955,100000,1310000
2020-01-10 08:43:02.425000,1.10956,1.10954,100000,2510000
2020-01-10 08:43:02.634000,1.10956,1.10955,100000,750000
2020-01-10 08:43:02.865000,1.10956,1.10954,100000,1570000
2020-01-10 08:43:04.350000,1.10957,1.10954,260000,2510000
2020-01-10 08:43:04.452000,1.10957,1.10955,260000,450000
2020-01-10 08:43:06.429000,1.10958,1.10956,820000,1500000
2020-01-10 08:43:06.531000,1.10957,1.10955,100000,2250000
2020-01-10 08:43:08.104000,1.10956,1.10955,100000,750000
2020-01-10 08:43:08.206000,1.10957,1.10955,100000,750000
2020-01-10 08:43:11.942000,1.10957,1.10955,100000,3450000
2020-01-10 08:43:13.303000,1.10958,1.10955,820000,3450000
2020-01-10 08:43:13.596000,1.10957,1.10955,100000,1120000
2020-01-10 08:43:15.059000,1.10958,1.10955,750000,2620000
2020-01-10 08:43:15.878000,1.10959,1.10955,4570000,2700000
2020-01-10 08:43:16.163000,1.10959,1.10956,2700000,1500000
2020-01-10 08:43:16.265000,1.10958,1.10957,100000,450000
2020-01-10 08:43:17.267000,1.10958,1.10956,100000,5020000
2020-01-10 08:43:17.369000,1.10958,1.10957,100000,750000
2020-01-10 08:43:17.484000,1.10958,1.10956,100000,4010000
2020-01-10 08:43:18.096000,1.10958,1.10957,100000,750000
2020-01-10 08:43:18.770000,1.10959,1.10958,100000,100000
2020-01-10 08:43:21.921000,1.1096,1.10958,1570000,100000
2020-01-10 08:43:23.738000,1.10961,1.10958,2700000,1500000
2020-01-10 08:43:23.839000,1.1096,1.10958,190000,4570000
2020-01-10 08:43:29.610000,1.1096,1.10957,190000,4270000
2020-01-10 08:43:35.491000,1.1096,1.10958,190000,750000
2020-01-10 08:43:38.086000,1.10961,1.10958,750000,1650000
2020-01-10 08:43:38.318000,1.1096,1.10957,100000,4200000
2020-01-10 08:43:41.401000,1.10959,1.10957,560000,750000
2020-01-10 08:43:50.369000,1.10959,1.10956,820000,4010000
2020-01-10 08:43:50.420000,1.10957,1.10956,900000,750000
2020-01-10 08:43:50.522000,1.10955,1.10954,750000,750000
2020-01-10 08:43:50.573000,1.10955,1.10953,750000,4390000
2020-01-10 08:43:50.838000,1.10955,1.10954,750000,1500000
2020-01-10 08:43:50.890000,1.10955,1.10952,820000,5810000
2020-01-10 08:43:50.991000,1.10954,1.10952,560000,3560000
2020-01-10 08:43:51.653000,1.10954,1.10951,820000,10390000
2020-01-10 08:43:52.113000,1.10954,1.10952,820000,750000
2020-01-10 08:43:52.371000,1.10954,1.10951,820000,10390000
2020-01-10 08:43:52.472000,1.10954,1.10952,820000,1500000
2020-01-10 08:44:00.599000,1.10954,1.10951,750000,5140000
2020-01-10 08:44:02.342000,1.10953,1.10951,370000,3070000
2020-01-10 08:44:02.393000,1.10951,1.1095,1950000,370000
2020-01-10 08:44:02.445000,1.1095,1.10948,1310000,2810000
2020-01-10 08:44:02.558000,1.10949,1.10948,100000,750000
2020-01-10 08:44:02.609000,1.10949,1.10945,2020000,4950000
2020-01-10 08:44:02.760000,1.10948,1.10945,100000,5700000
2020-01-10 08:44:03.504000,1.10946,1.10945,2320000,1310000
2020-01-10 08:44:03.555000,1.10944,1.10943,820000,560000
2020-01-10 08:44:03.606000,1.10944,1.10941,100000,3450000
2020-01-10 08:44:03.814000,1.10943,1.10941,750000,1690000
2020-01-10 08:44:03.915000,1.10943,1.1094,1570000,6450000
2020-01-10 08:44:04.071000,1.10942,1.1094,1950000,750000
2020-01-10 08:44:04.172000,1.1094,1.10938,2890000,820000
2020-01-10 08:44:04.223000,1.10939,1.10937,100000,1200000
2020-01-10 08:44:04.324000,1.1094,1.10937,3520000,1120000
2020-01-10 08:44:04.630000,1.10938,1.10937,100000,370000
2020-01-10 08:44:04.775000,1.10939,1.10937,560000,1310000
2020-01-10 08:44:04.876000,1.1094,1.10936,2210000,6450000
2020-01-10 08:44:05.196000,1.10939,1.10936,100000,4950000
2020-01-10 08:44:05.463000,1.10939,1.10937,450000,560000
2020-01-10 08:44:05.670000,1.10939,1.10936,450000,4200000
2020-01-10 08:44:05.772000,1.1094,1.10937,1390000,4310000
2020-01-10 08:44:06.025000,1.10939,1.10937,560000,4120000
2020-01-10 08:44:06.177000,1.10939,1.10937,470000,1870000
2020-01-10 08:44:06.335000,1.1094,1.10937,2510000,1870000
2020-01-10 08:44:06.945000,1.10939,1.10937,100000,190000
2020-01-10 08:44:07.047000,1.10939,1.10936,100000,9070000
2020-01-10 08:44:07.199000,1.10938,1.10937,750000,750000
2020-01-10 08:44:07.302000,1.10934,1.10932,3000000,3640000
2020-01-10 08:44:07.423000,1.10936,1.10934,5810000,2810000
2020-01-10 08:44:07.526000,1.10938,1.10935,520000,1870000
2020-01-10 08:44:07.679000,1.10938,1.10936,1760000,940000
2020-01-10 08:44:07.883000,1.1094,1.10937,2210000,1120000
2020-01-10 08:44:07.986000,1.10939,1.10938,100000,2060000
2020-01-10 08:44:08.088000,1.1094,1.10938,370000,2440000
2020-01-10 08:44:08.341000,1.10939,1.10938,100000,1690000
2020-01-10 08:44:08.451000,1.1094,1.10938,820000,940000
2020-01-10 08:44:08.553000,1.10939,1.10938,100000,2250000
2020-01-10 08:44:08.766000,1.10941,1.1094,5510000,940000
2020-01-10 08:44:08.868000,1.10942,1.1094,5440000,940000
2020-01-10 08:44:08.970000,1.10941,1.10939,3940000,940000
2020-01-10 08:44:09.072000,1.1094,1.10939,450000,940000
2020-01-10 08:44:09.421000,1.10941,1.10939,3450000,940000
2020-01-10 08:44:09.522000,1.1094,1.10939,100000,940000
2020-01-10 08:44:09.886000,1.1094,1.10938,450000,1500000
2020-01-10 08:44:09.987000,1.10939,1.10938,100000,750000
2020-01-10 08:44:10.110000,1.1094,1.10938,450000,750000
2020-01-10 08:44:10.314000,1.10939,1.10938,450000,750000
2020-01-10 08:44:10.417000,1.10941,1.1094,1500000,820000
2020-01-10 08:44:10.519000,1.10942,1.1094,560000,820000
2020-01-10 08:44:10.723000,1.10943,1.1094,100000,3820000
2020-01-10 08:44:10.875000,1.10942,1.10941,1500000,750000
2020-01-10 08:44:10.977000,1.10941,1.10938,1500000,4310000
2020-01-10 08:44:11.078000,1.1094,1.10938,100000,3190000
2020-01-10 08:44:11.295000,1.10941,1.10938,4760000,2440000
2020-01-10 08:44:11.548000,1.1094,1.10938,560000,3750000
2020-01-10 08:44:16.546000,1.1094,1.10939,750000,1500000
2020-01-10 08:44:17.363000,1.10941,1.10938,5510000,750000
2020-01-10 08:44:18.344000,1.1094,1.10938,900000,3000000
2020-01-10 08:44:18.496000,1.10941,1.10938,3710000,1500000
2020-01-10 08:44:18.598000,1.10942,1.10941,3640000,750000
2020-01-10 08:44:18.704000,1.10942,1.10941,3260000,750000
2020-01-10 08:44:18.755000,1.10944,1.10943,450000,750000
2020-01-10 08:44:18.857000,1.10944,1.10942,470000,2250000
2020-01-10 08:44:18.907000,1.10945,1.10943,1010000,750000
2020-01-10 08:44:19.868000,1.10944,1.10943,260000,750000
2020-01-10 08:44:19.969000,1.10943,1.10942,520000,1500000
2020-01-10 08:44:20.020000,1.10943,1.10941,1270000,2250000
2020-01-10 08:44:20.122000,1.10942,1.10941,1200000,750000
2020-01-10 08:44:21.277000,1.10944,1.10941,1570000,1570000
2020-01-10 08:44:21.379000,1.10944,1.10942,1950000,750000
2020-01-10 08:44:22.223000,1.10944,1.10941,1200000,1570000
2020-01-10 08:44:23.575000,1.10943,1.10941,100000,1570000
2020-01-10 08:44:23.988000,1.10942,1.10941,450000,1690000
2020-01-10 08:44:24.039000,1.10941,1.1094,750000,1500000
2020-01-10 08:44:24.141000,1.10941,1.10939,5140000,1310000
2020-01-10 08:44:24.243000,1.1094,1.10938,750000,1500000
2020-01-10 08:44:24.546000,1.10939,1.10938,450000,750000
2020-01-10 08:44:25.113000,1.10939,1.10937,450000,5510000
2020-01-10 08:44:25.214000,1.10939,1.10938,450000,750000
2020-01-10 08:44:26.076000,1.1094,1.10938,100000,1500000
2020-01-10 08:44:27.899000,1.10941,1.1094,1200000,190000
2020-01-10 08:44:28,1.10943,1.10941,2770000,100000
2020-01-10 08:44:28.268000,1.10942,1.10941,450000,3000000
2020-01-10 08:44:28.420000,1.10943,1.10941,100000,2250000
2020-01-10 08:44:28.522000,1.10944,1.10941,2590000,3190000
2020-01-10 08:44:28.623000,1.10943,1.10941,100000,3190000
2020-01-10 08:44:29.226000,1.10942,1.10939,3070000,4690000
2020-01-10 08:44:29.277000,1.1094,1.10938,470000,3820000
2020-01-10 08:44:29.429000,1.1094,1.10938,1010000,750000
2020-01-10 08:44:29.530000,1.10939,1.10938,1390000,1500000
2020-01-10 08:44:29.656000,1.1094,1.10938,1010000,750000
2020-01-10 08:44:30.411000,1.1094,1.10938,470000,2810000
2020-01-10 08:44:30.513000,1.10941,1.10939,1200000,750000
2020-01-10 08:44:30.614000,1.1094,1.10939,100000,1310000
2020-01-10 08:44:30.819000,1.1094,1.10938,450000,2060000
2020-01-10 08:44:31.740000,1.1094,1.10939,450000,750000
2020-01-10 08:44:33.835000,1.1094,1.10938,450000,750000
2020-01-10 08:44:38.009000,1.10941,1.1094,3260000,1500000
2020-01-10 08:44:38.060000,1.10942,1.10941,1390000,750000
2020-01-10 08:44:38.162000,1.10943,1.10941,450000,2440000
2020-01-10 08:44:38.364000,1.10942,1.10941,450000,1500000
2020-01-10 08:44:39.862000,1.10942,1.1094,1840000,1500000
2020-01-10 08:44:40.155000,1.10941,1.1094,100000,1500000
2020-01-10 08:44:40.689000,1.10943,1.1094,1840000,3940000
2020-01-10 08:44:40.790000,1.10943,1.10941,1840000,820000
2020-01-10 08:44:41.018000,1.10942,1.10941,100000,820000
2020-01-10 08:44:41.222000,1.10943,1.10941,2590000,820000
2020-01-10 08:44:41.503000,1.10942,1.10941,100000,820000
2020-01-10 08:44:42.163000,1.10943,1.10941,2590000,1570000
2020-01-10 08:44:43.059000,1.10944,1.10942,6150000,750000
2020-01-10 08:44:43.623000,1.10944,1.10942,150000,3260000
2020-01-10 08:44:43.724000,1.10944,1.10943,2590000,750000
2020-01-10 08:44:44.194000,1.10944,1.10942,1840000,3260000
2020-01-10 08:44:44.296000,1.10943,1.10942,1500000,3260000
2020-01-10 08:44:44.552000,1.10944,1.10942,2020000,2510000
2020-01-10 08:44:44.794000,1.10943,1.10941,470000,4690000
2020-01-10 08:44:45.311000,1.10944,1.10942,5590000,1690000
2020-01-10 08:44:45.904000,1.10943,1.10941,470000,3940000
2020-01-10 08:44:46.256000,1.10944,1.10942,1760000,940000
2020-01-10 08:44:46.358000,1.10943,1.10941,1790000,5250000
2020-01-10 08:44:46.538000,1.10944,1.10943,1760000,8170000
2020-01-10 08:44:46.640000,1.10943,1.10942,1390000,8360000
2020-01-10 08:44:47.130000,1.10944,1.10943,1390000,8170000
2020-01-10 08:44:48.524000,1.10943,1.10942,560000,8360000
2020-01-10 08:44:50.251000,1.10942,1.10941,100000,750000
2020-01-10 08:44:50.352000,1.10941,1.1094,1500000,1500000
2020-01-10 08:44:50.403000,1.10941,1.10939,750000,3000000
2020-01-10 08:44:50.606000,1.10942,1.10939,2320000,3190000
2020-01-10 08:44:50.707000,1.10942,1.1094,100000,190000
2020-01-10 08:44:52.398000,1.10943,1.1094,3260000,3190000
2020-01-10 08:44:52.891000,1.10942,1.1094,100000,3940000
2020-01-10 08:44:53.924000,1.10943,1.1094,1200000,3940000
2020-01-10 08:44:54.025000,1.10942,1.1094,750000,3940000
2020-01-10 08:44:54.126000,1.10942,1.10941,100000,190000
2020-01-10 08:44:54.407000,1.10944,1.10942,2890000,190000
2020-01-10 08:44:54.508000,1.10943,1.10942,750000,190000
2020-01-10 08:44:54.663000,1.10944,1.10942,1200000,940000
2020-01-10 08:44:56.994000,1.10943,1.10941,470000,3370000
2020-01-10 08:44:57.132000,1.10943,1.10942,450000,750000
2020-01-10 08:44:58.849000,1.10944,1.10943,1570000,1500000
2020-01-10 08:44:59.329000,1.10944,1.10942,820000,750000
2020-01-10 08:45:00.289000,1.10943,1.10942,100000,750000
