time,ask,bid,ask_volume,bid_volume
2018-08-15 14:25:00.042000,1.13221,1.13219,6750000,1000000
2018-08-15 14:25:01.105000,1.1322,1.13218,1370000,1000000
2018-08-15 14:25:01.262000,1.13221,1.13218,7500000,1500000
2018-08-15 14:25:02.127000,1.13222,1.13221,2250000,4350000
2018-08-15 14:25:02.287000,1.13225,1.13222,1370000,1120000
2018-08-15 14:25:02.992000,1.13224,1.13222,2250000,1000000
2018-08-15 14:25:03.098000,1.13221,1.13219,1500000,1870000
2018-08-15 14:25:03.599000,1.13221,1.13218,3300000,1870000
2018-08-15 14:25:03.961000,1.13222,1.1322,3110000,2810000
2018-08-15 14:25:04.014000,1.13224,1.13221,1500000,1690000
2018-08-15 14:25:04.138000,1.13222,1.1322,1500000,3150000
2018-08-15 14:25:04.724000,1.13223,1.1322,1120000,2440000
2018-08-15 14:25:05.237000,1.13222,1.13219,1120000,4200000
2018-08-15 14:25:05.772000,1.13221,1.1322,1000000,1000000
2018-08-15 14:25:06.152000,1.13219,1.13218,1000000,1250000
2018-08-15 14:25:06.204000,1.13221,1.13218,2440000,1250000
2018-08-15 14:25:06.723000,1.1322,1.13218,1000000,1250000
2018-08-15 14:25:07.231000,1.13221,1.13217,4690000,3070000
2018-08-15 14:25:09.123000,1.13221,1.13218,3750000,1000000
2018-08-15 14:25:09.666000,1.13221,1.13219,2620000,1120000
2018-08-15 14:25:10.860000,1.1322,1.13217,1120000,4390000
2018-08-15 14:25:11.330000,1.13218,1.13216,2690000,8890000
2018-08-15 14:25:11.467000,1.13219,1.13216,1120000,1250000
2018-08-15 14:25:12.018000,1.1322,1.13216,1500000,9970000
2018-08-15 14:25:13.122000,1.1322,1.13216,1500000,11140000
2018-08-15 14:25:13.651000,1.1322,1.13217,1870000,1000000
2018-08-15 14:25:14.647000,1.1322,1.13216,1120000,9860000
2018-08-15 14:25:15.163000,1.13219,1.13216,1120000,9260000
2018-08-15 14:25:15.809000,1.13219,1.13216,1370000,1950000
2018-08-15 14:25:16.077000,1.13215,1.13214,1500000,1950000
2018-08-15 14:25:16.129000,1.13216,1.13213,3750000,1200000
2018-08-15 14:25:16.657000,1.13216,1.13212,10050000,4760000
2018-08-15 14:25:17.177000,1.13215,1.13212,1500000,10240000
2018-08-15 14:25:17.285000,1.13212,1.13211,1500000,4570000
2018-08-15 14:25:17.821000,1.13213,1.1321,1500000,3940000
2018-08-15 14:25:18.331000,1.13215,1.13211,1800000,5440000
2018-08-15 14:25:18.876000,1.13215,1.13212,4350000,1000000
2018-08-15 14:25:19.032000,1.13213,1.13212,1000000,1000000
2018-08-15 14:25:19.592000,1.13214,1.13211,1120000,4760000
2018-08-15 14:25:20.118000,1.13214,1.13211,1000000,5140000
2018-08-15 14:25:21.949000,1.13214,1.13211,1120000,2140000
2018-08-15 14:25:22.557000,1.13213,1.13211,1000000,1690000
2018-08-15 14:25:22.886000,1.1321,1.13208,6000000,1500000
2018-08-15 14:25:25.342000,1.13209,1.13208,1000000,1250000
2018-08-15 14:25:25.862000,1.13208,1.13207,1000000,1310000
2018-08-15 14:25:26.036000,1.13205,1.13204,3750000,1500000
2018-08-15 14:25:26.156000,1.13205,1.13201,3000000,4010000
2018-08-15 14:25:26.708000,1.13204,1.13202,1250000,1190000
2018-08-15 14:25:27.237000,1.13205,1.13202,1120000,1250000
2018-08-15 14:25:27.729000,1.132,1.13199,1500000,1950000
2018-08-15 14:25:27.780000,1.13198,1.13197,1000000,1250000
2018-08-15 14:25:28.321000,1.13198,1.13196,1000000,1000000
2018-08-15 14:25:28.844000,1.13197,1.13194,1120000,1500000
2018-08-15 14:25:29.376000,1.13198,1.13195,1000000,2440000
2018-08-15 14:25:29.942000,1.13198,1.13194,3560000,1120000
2018-08-15 14:25:30.303000,1.13198,1.13193,3370000,2810000
2018-08-15 14:25:30.568000,1.13195,1.13193,1500000,1870000
2018-08-15 14:25:31.273000,1.13195,1.13192,1310000,2810000
2018-08-15 14:25:31.831000,1.13194,1.13192,1000000,2060000
2018-08-15 14:25:32.401000,1.13195,1.13192,1870000,2060000
2018-08-15 14:25:33.599000,1.13193,1.1319,1000000,4870000
2018-08-15 14:25:34.106000,1.13194,1.13191,1000000,3560000
2018-08-15 14:25:35.048000,1.13194,1.13192,1000000,1000000
2018-08-15 14:25:37.744000,1.13194,1.13193,1000000,1000000
2018-08-15 14:25:38.063000,1.13196,1.13194,2440000,1620000
2018-08-15 14:25:38.637000,1.13196,1.13194,1100000,1000000
2018-08-15 14:25:39.063000,1.13194,1.13192,1000000,1500000
2018-08-15 14:25:39.621000,1.13195,1.13192,5360000,1000000
2018-08-15 14:25:40.149000,1.13194,1.13192,1000000,1000000
2018-08-15 14:25:40.680000,1.13195,1.13192,1990000,1000000
2018-08-15 14:25:41.224000,1.13195,1.13191,2740000,1690000
2018-08-15 14:25:41.824000,1.13194,1.13191,2620000,3190000
2018-08-15 14:25:42.819000,1.13195,1.13191,2060000,1310000
2018-08-15 14:25:43.229000,1.13194,1.13193,1690000,1000000
2018-08-15 14:25:44.159000,1.13193,1.13191,4120000,1000000
2018-08-15 14:25:44.214000,1.13191,1.13189,1250000,3710000
2018-08-15 14:25:44.818000,1.13192,1.13189,2250000,1690000
2018-08-15 14:25:45.189000,1.13194,1.13192,2250000,1000000
2018-08-15 14:25:45.737000,1.13194,1.13192,1000000,1190000
2018-08-15 14:25:46.130000,1.13194,1.13191,1000000,2060000
2018-08-15 14:25:46.709000,1.13194,1.13192,1000000,2620000
2018-08-15 14:25:50.772000,1.13192,1.1319,1000000,1950000
2018-08-15 14:25:51.150000,1.13191,1.13187,6000000,2290000
2018-08-15 14:25:51.463000,1.13194,1.13191,3000000,3040000
2018-08-15 14:25:53.537000,1.13193,1.1319,1120000,4390000
2018-08-15 14:25:53.588000,1.13194,1.13191,7500000,1190000
2018-08-15 14:26:01.733000,1.13195,1.13191,3070000,3560000
2018-08-15 14:26:02.240000,1.13195,1.13192,3340000,1250000
2018-08-15 14:26:02.814000,1.13195,1.13192,1000000,2440000
2018-08-15 14:26:03.859000,1.13194,1.13191,1870000,1000000
2018-08-15 14:26:04.381000,1.13195,1.13192,3450000,2810000
2018-08-15 14:26:04.434000,1.13195,1.13192,5250000,1870000
2018-08-15 14:26:05.265000,1.13195,1.13192,3000000,3560000
2018-08-15 14:26:07.341000,1.13195,1.13192,3370000,3560000
2018-08-15 14:26:12.625000,1.13196,1.13192,7500000,2250000
2018-08-15 14:26:13.354000,1.13195,1.13192,1500000,3000000
2018-08-15 14:26:13.992000,1.13196,1.13192,6370000,2250000
2018-08-15 14:26:15.539000,1.13197,1.13195,3750000,1160000
2018-08-15 14:26:15.863000,1.13195,1.13194,1000000,1200000
2018-08-15 14:26:20.143000,1.13196,1.13193,1690000,1570000
2018-08-15 14:26:20.668000,1.13196,1.13192,14250000,4870000
2018-08-15 14:26:21.177000,1.13194,1.13192,1250000,1100000
2018-08-15 14:26:21.886000,1.13192,1.1319,1000000,3000000
2018-08-15 14:26:22.209000,1.1319,1.13189,1000000,1120000
2018-08-15 14:26:22.526000,1.13196,1.13194,1120000,1570000
2018-08-15 14:26:23.445000,1.13196,1.13194,1200000,1500000
2018-08-15 14:26:24.019000,1.13196,1.13193,1200000,1760000
2018-08-15 14:26:24.843000,1.13198,1.13195,3370000,2440000
2018-08-15 14:26:24.894000,1.13199,1.13196,3940000,1010000
2018-08-15 14:26:25.445000,1.13201,1.13198,2620000,1120000
2018-08-15 14:26:25.966000,1.132,1.13197,6790000,2620000
2018-08-15 14:26:26.551000,1.13201,1.13197,5620000,1690000
2018-08-15 14:26:27.699000,1.132,1.13197,1000000,1690000
2018-08-15 14:26:28.334000,1.13201,1.13197,4500000,1690000
2018-08-15 14:26:29.617000,1.13202,1.13199,3750000,2250000
2018-08-15 14:26:30.163000,1.13201,1.13198,1870000,3940000
2018-08-15 14:26:31.830000,1.13202,1.13198,3940000,2000000
2018-08-15 14:26:32.364000,1.13202,1.13198,4310000,2620000
2018-08-15 14:26:35.193000,1.13201,1.13198,1120000,1690000
2018-08-15 14:26:35.630000,1.13202,1.132,2250000,2080000
2018-08-15 14:26:35.734000,1.13205,1.13203,1000000,1310000
2018-08-15 14:26:37.225000,1.13205,1.13203,1000000,3190000
2018-08-15 14:26:37.781000,1.13205,1.13203,1000000,1690000
2018-08-15 14:26:38.326000,1.13205,1.13203,3000000,1500000
2018-08-15 14:26:38.804000,1.13204,1.13201,4120000,1390000
2018-08-15 14:26:38.910000,1.13204,1.13201,4120000,1010000
2018-08-15 14:26:39.535000,1.13205,1.13202,1250000,3190000
2018-08-15 14:26:40.044000,1.13206,1.13202,10690000,1690000
2018-08-15 14:26:40.573000,1.13206,1.13202,5250000,5060000
2018-08-15 14:26:44.925000,1.13206,1.13204,1000000,1250000
2018-08-15 14:26:45.240000,1.13207,1.13204,7310000,1540000
2018-08-15 14:26:45.295000,1.1321,1.13207,1370000,5250000
2018-08-15 14:26:45.406000,1.13211,1.13208,5060000,3070000
2018-08-15 14:26:45.914000,1.13211,1.13207,3560000,4870000
2018-08-15 14:26:46.017000,1.13209,1.13208,1000000,1250000
2018-08-15 14:26:46.544000,1.1321,1.13207,2060000,2060000
2018-08-15 14:26:47.062000,1.1321,1.13208,1160000,1250000
2018-08-15 14:26:47.584000,1.13211,1.13207,7800000,2060000
2018-08-15 14:26:49.314000,1.1321,1.13208,3040000,1250000
2018-08-15 14:26:49.827000,1.1321,1.13207,1720000,1120000
2018-08-15 14:26:51.539000,1.13208,1.13206,1000000,7310000
2018-08-15 14:26:51.796000,1.13209,1.13207,1100000,1870000
2018-08-15 14:26:53.666000,1.13211,1.13207,3970000,2440000
2018-08-15 14:26:53.719000,1.13212,1.13211,1950000,1690000
2018-08-15 14:26:53.771000,1.13213,1.13212,1120000,1000000
2018-08-15 14:26:53.876000,1.13217,1.13216,1500000,1000000
2018-08-15 14:26:53.938000,1.13216,1.13214,1000000,1690000
2018-08-15 14:26:54.130000,1.13218,1.13216,1070000,2440000
2018-08-15 14:26:54.235000,1.13219,1.13217,1100000,1120000
2018-08-15 14:26:54.783000,1.1322,1.13217,1000000,2620000
2018-08-15 14:26:55.331000,1.1322,1.13218,1000000,1120000
2018-08-15 14:26:58.831000,1.1322,1.13217,1000000,3370000
2018-08-15 14:26:59.354000,1.1322,1.13218,1250000,1310000
2018-08-15 14:27:01.282000,1.13219,1.13217,1000000,1000000
2018-08-15 14:27:01.968000,1.13216,1.13214,1870000,1870000
2018-08-15 14:27:02.505000,1.13215,1.13213,1250000,2060000
2018-08-15 14:27:03.213000,1.13212,1.13211,1500000,1000000
2018-08-15 14:27:03.267000,1.13211,1.13207,6750000,2810000
2018-08-15 14:27:03.810000,1.13209,1.13207,1000000,1120000
2018-08-15 14:27:04.346000,1.13209,1.13207,1000000,1500000
2018-08-15 14:27:04.849000,1.13209,1.13207,1000000,1120000
2018-08-15 14:27:05.570000,1.1321,1.13209,1120000,2620000
2018-08-15 14:27:05.786000,1.13213,1.13211,2320000,2620000
2018-08-15 14:27:05.897000,1.13211,1.13209,1250000,3750000
2018-08-15 14:27:06.616000,1.13211,1.13209,1000000,1120000
2018-08-15 14:27:07.118000,1.1321,1.13208,1120000,1120000
2018-08-15 14:27:07.804000,1.13212,1.13208,2890000,3750000
2018-08-15 14:27:08.350000,1.13211,1.13207,6450000,4120000
2018-08-15 14:27:08.853000,1.13211,1.13208,2620000,1370000
2018-08-15 14:27:09.501000,1.13211,1.13208,2250000,1370000
2018-08-15 14:27:10.452000,1.13211,1.13208,1120000,1500000
2018-08-15 14:27:11.810000,1.13211,1.13208,1870000,2440000
2018-08-15 14:27:12.315000,1.13211,1.13208,1120000,1500000
2018-08-15 14:27:12.845000,1.13208,1.13207,1500000,2440000
2018-08-15 14:27:13.071000,1.13207,1.13205,6750000,1500000
2018-08-15 14:27:13.225000,1.13209,1.13205,1250000,7950000
2018-08-15 14:27:13.708000,1.13207,1.13205,1870000,1470000
2018-08-15 14:27:13.842000,1.13207,1.13204,5060000,4870000
2018-08-15 14:27:13.896000,1.13208,1.13206,1950000,2250000
2018-08-15 14:27:14.403000,1.13208,1.13206,1000000,2250000
2018-08-15 14:27:16.934000,1.13207,1.13205,3000000,1000000
2018-08-15 14:27:17.230000,1.13206,1.13204,1250000,2250000
2018-08-15 14:27:17.820000,1.13205,1.13204,4690000,1120000
2018-08-15 14:27:18.025000,1.13204,1.13202,1690000,2060000
2018-08-15 14:27:18.128000,1.132,1.13199,1000000,8620000
2018-08-15 14:27:18.311000,1.13199,1.13197,1000000,1870000
2018-08-15 14:27:18.365000,1.13198,1.13196,1000000,1500000
2018-08-15 14:27:18.675000,1.13199,1.13197,2510000,1000000
2018-08-15 14:27:19.195000,1.13199,1.13196,1690000,1690000
2018-08-15 14:27:19.720000,1.132,1.13196,1310000,4120000
2018-08-15 14:27:20.301000,1.132,1.13196,4390000,7310000
2018-08-15 14:27:20.814000,1.132,1.13196,2250000,4120000
2018-08-15 14:27:21.899000,1.132,1.13197,2060000,1310000
2018-08-15 14:27:22.401000,1.132,1.13196,1870000,6670000
2018-08-15 14:27:23.587000,1.13197,1.13195,2250000,2620000
2018-08-15 14:27:23.959000,1.13194,1.13193,1500000,1000000
2018-08-15 14:27:24.593000,1.13195,1.13193,1000000,1000000
2018-08-15 14:27:26.283000,1.13197,1.13196,1950000,2620000
2018-08-15 14:27:26.387000,1.13199,1.13197,1500000,1000000
2018-08-15 14:27:27.222000,1.13199,1.13196,1870000,3940000
2018-08-15 14:27:27.325000,1.13196,1.13195,1000000,1120000
2018-08-15 14:27:27.378000,1.13196,1.13194,3790000,2620000
2018-08-15 14:27:27.431000,1.13197,1.13193,4310000,7500000
2018-08-15 14:27:27.959000,1.13197,1.13193,5810000,1750000
2018-08-15 14:27:28.273000,1.13196,1.13194,3190000,1000000
2018-08-15 14:27:28.635000,1.13197,1.13196,1200000,1500000
2018-08-15 14:27:28.812000,1.13199,1.13197,1690000,1870000
2018-08-15 14:27:28.872000,1.132,1.13198,1690000,2440000
2018-08-15 14:27:29.029000,1.13203,1.13201,1000000,1120000
2018-08-15 14:27:29.315000,1.13205,1.13201,1120000,4120000
2018-08-15 14:27:30.004000,1.13204,1.13202,1500000,1120000
2018-08-15 14:27:30.525000,1.13205,1.13202,3750000,1120000
2018-08-15 14:27:31.113000,1.13204,1.13202,1000000,1870000
2018-08-15 14:27:31.459000,1.13203,1.13201,1000000,4690000
2018-08-15 14:27:31.512000,1.13204,1.13201,1500000,1500000
2018-08-15 14:27:32.127000,1.13205,1.13201,3000000,5100000
2018-08-15 14:27:33.658000,1.13201,1.132,1000000,4870000
2018-08-15 14:27:33.714000,1.13201,1.13198,5620000,1120000
2018-08-15 14:27:34.440000,1.13201,1.13197,3640000,2920000
2018-08-15 14:27:34.988000,1.132,1.13198,1250000,1120000
2018-08-15 14:27:35.519000,1.13201,1.13198,2620000,1120000
2018-08-15 14:27:35.673000,1.13202,1.132,2700000,3940000
2018-08-15 14:27:35.830000,1.13205,1.13201,2060000,5440000
2018-08-15 14:27:36.868000,1.13204,1.13201,1310000,1870000
2018-08-15 14:27:37.183000,1.13201,1.132,1000000,1000000
2018-08-15 14:27:37.698000,1.13201,1.13199,2510000,1500000
2018-08-15 14:27:38.921000,1.132,1.13199,1000000,1120000
2018-08-15 14:27:39.426000,1.13201,1.13199,1690000,1090000
2018-08-15 14:27:40.031000,1.13199,1.13197,1000000,1460000
2018-08-15 14:27:40.113000,1.13199,1.13196,5250000,1090000
2018-08-15 14:27:40.639000,1.13196,1.13193,2250000,3000000
2018-08-15 14:27:41.677000,1.13196,1.13193,8510000,1120000
2018-08-15 14:27:42.435000,1.13196,1.13193,5250000,1000000
2018-08-15 14:27:42.970000,1.13196,1.13192,2440000,4500000
2018-08-15 14:27:44.233000,1.13196,1.13193,3560000,2440000
2018-08-15 14:27:45.034000,1.13196,1.13193,2250000,1500000
2018-08-15 14:27:45.393000,1.13197,1.13196,2700000,1000000
2018-08-15 14:27:45.497000,1.132,1.13197,4010000,1500000
2018-08-15 14:27:46.047000,1.132,1.13197,1000000,1620000
2018-08-15 14:27:46.591000,1.13201,1.13197,4310000,5810000
2018-08-15 14:27:47.713000,1.13201,1.13198,1310000,1500000
2018-08-15 14:27:48.223000,1.13201,1.13198,2250000,1690000
2018-08-15 14:27:48.786000,1.13201,1.13198,1950000,3190000
2018-08-15 14:27:49.417000,1.13201,1.13198,5250000,1500000
2018-08-15 14:27:50.081000,1.13201,1.13198,1870000,1120000
2018-08-15 14:27:52.049000,1.13201,1.13198,3190000,4310000
2018-08-15 14:27:52.509000,1.13202,1.132,1500000,4310000
2018-08-15 14:27:52.621000,1.13205,1.13203,1000000,1000000
2018-08-15 14:27:53.280000,1.13206,1.13203,1500000,1000000
2018-08-15 14:27:53.814000,1.13205,1.13203,1000000,1000000
2018-08-15 14:27:55.981000,1.13204,1.13202,1000000,2620000
2018-08-15 14:27:56.033000,1.13202,1.13201,3750000,1000000
2018-08-15 14:27:56.084000,1.13201,1.13199,2250000,1500000
2018-08-15 14:27:59.837000,1.13199,1.13198,1120000,1000000
2018-08-15 14:27:59.892000,1.13199,1.13196,3000000,2250000
2018-08-15 14:28:00.031000,1.13196,1.13195,4500000,1120000
2018-08-15 14:28:00.619000,1.13195,1.13194,1000000,1000000
2018-08-15 14:28:01.139000,1.13196,1.13194,3820000,1000000
2018-08-15 14:28:02.558000,1.13195,1.13194,1250000,1000000
2018-08-15 14:28:03.098000,1.13199,1.13197,1950000,1310000
2018-08-15 14:28:03.151000,1.132,1.13197,1100000,3190000
2018-08-15 14:28:03.660000,1.13201,1.13198,2440000,1000000
2018-08-15 14:28:04.182000,1.132,1.13198,1000000,1000000
2018-08-15 14:28:04.700000,1.13201,1.13198,3940000,1500000
2018-08-15 14:28:05.365000,1.132,1.13198,1000000,1500000
2018-08-15 14:28:05.910000,1.13201,1.13198,5890000,1500000
2018-08-15 14:28:06.013000,1.13201,1.13199,3700000,2810000
2018-08-15 14:28:06.065000,1.13204,1.132,6340000,4500000
2018-08-15 14:28:06.573000,1.13203,1.132,1000000,5440000
2018-08-15 14:28:06.781000,1.13201,1.132,1000000,1250000
2018-08-15 14:28:07.311000,1.13201,1.13199,1000000,1870000
2018-08-15 14:28:08.696000,1.13203,1.132,6260000,1690000
2018-08-15 14:28:09.002000,1.13204,1.13202,1000000,1250000
2018-08-15 14:28:10.045000,1.13204,1.13203,1000000,1000000
2018-08-15 14:28:12.320000,1.13204,1.13202,1000000,1250000
2018-08-15 14:28:12.635000,1.13202,1.13201,1000000,1000000
2018-08-15 14:28:13.106000,1.13204,1.13201,3370000,1000000
2018-08-15 14:28:13.367000,1.13202,1.13201,1000000,1000000
2018-08-15 14:28:13.472000,1.13202,1.13198,5700000,2250000
2018-08-15 14:28:14.004000,1.13201,1.13199,1870000,1000000
2018-08-15 14:28:14.546000,1.13201,1.13198,1100000,1250000
2018-08-15 14:28:15.901000,1.13202,1.13198,10650000,1690000
2018-08-15 14:28:16.466000,1.13201,1.13198,2250000,1690000
2018-08-15 14:28:16.984000,1.13202,1.13198,8960000,1250000
2018-08-15 14:28:17.482000,1.13201,1.13198,1190000,1870000
2018-08-15 14:28:18.017000,1.13202,1.13198,8020000,1250000
2018-08-15 14:28:18.890000,1.13201,1.13198,3190000,4120000
2018-08-15 14:28:19.137000,1.13205,1.13202,1760000,2250000
2018-08-15 14:28:19.938000,1.13205,1.13202,8060000,1690000
2018-08-15 14:28:20.521000,1.13205,1.13202,1310000,1690000
2018-08-15 14:28:21.158000,1.13205,1.13202,3190000,1870000
2018-08-15 14:28:21.681000,1.13205,1.13202,2510000,1000000
2018-08-15 14:28:22.199000,1.13205,1.13202,3940000,1690000
2018-08-15 14:28:23.155000,1.13205,1.13202,3000000,2810000
2018-08-15 14:28:23.206000,1.13206,1.13203,5960000,1500000
2018-08-15 14:28:23.915000,1.13206,1.13203,2700000,2620000
2018-08-15 14:28:23.971000,1.13207,1.13205,10200000,1000000
2018-08-15 14:28:24.025000,1.13209,1.13207,4760000,1250000
2018-08-15 14:28:24.547000,1.1321,1.13208,2620000,1000000
2018-08-15 14:28:25.236000,1.1321,1.13207,1000000,1500000
2018-08-15 14:28:25.758000,1.13209,1.13207,1000000,1250000
2018-08-15 14:28:26.247000,1.13206,1.13205,1120000,2620000
2018-08-15 14:28:27.417000,1.13207,1.13205,2620000,2060000
2018-08-15 14:28:27.734000,1.13209,1.13207,1120000,3190000
2018-08-15 14:28:28.775000,1.13209,1.13207,3370000,1000000
2018-08-15 14:28:29.295000,1.13209,1.13207,1370000,1000000
2018-08-15 14:28:29.846000,1.13209,1.13207,1000000,1000000
2018-08-15 14:28:30.215000,1.13205,1.13202,1000000,3940000
2018-08-15 14:28:30.871000,1.13206,1.13203,7760000,1620000
2018-08-15 14:28:31.080000,1.13205,1.13202,1120000,1250000
2018-08-15 14:28:32.273000,1.13205,1.13202,4370000,1000000
2018-08-15 14:28:32.822000,1.13205,1.13202,4300000,1000000
2018-08-15 14:28:33.372000,1.13204,1.13202,1000000,1000000
2018-08-15 14:28:33.633000,1.13201,1.132,1000000,3190000
2018-08-15 14:28:33.737000,1.13201,1.13198,8810000,3940000
2018-08-15 14:28:34.245000,1.132,1.13197,1870000,3560000
2018-08-15 14:28:34.554000,1.13201,1.13197,2140000,2440000
2018-08-15 14:28:35.092000,1.132,1.13197,3000000,2440000
2018-08-15 14:28:35.302000,1.13201,1.132,4570000,2060000
2018-08-15 14:28:35.388000,1.13203,1.13202,1120000,1500000
2018-08-15 14:28:35.439000,1.13199,1.13197,1870000,1000000
2018-08-15 14:28:35.647000,1.13199,1.13196,1000000,3000000
2018-08-15 14:28:35.954000,1.132,1.13198,1690000,1000000
2018-08-15 14:28:36.475000,1.132,1.13197,1950000,1120000
2018-08-15 14:28:36.829000,1.13201,1.13199,4390000,1120000
2018-08-15 14:28:36.937000,1.13201,1.13197,4390000,6560000
2018-08-15 14:28:37.534000,1.132,1.13197,1000000,5470000
2018-08-15 14:28:38.115000,1.132,1.13197,2400000,1690000
2018-08-15 14:28:38.661000,1.132,1.13197,5590000,1250000
2018-08-15 14:28:39.178000,1.132,1.13197,5060000,1250000
2018-08-15 14:28:40.151000,1.13198,1.13197,1690000,1000000
2018-08-15 14:28:41.923000,1.13199,1.13197,1500000,2250000
2018-08-15 14:28:42.541000,1.13201,1.13199,3000000,1370000
2018-08-15 14:28:42.798000,1.13198,1.13196,1000000,1000000
2018-08-15 14:28:44.050000,1.13198,1.13196,1000000,4870000
2018-08-15 14:28:44.563000,1.13198,1.13196,1000000,2810000
2018-08-15 14:28:44.927000,1.13202,1.132,4650000,2250000
2018-08-15 14:28:45.119000,1.132,1.13198,1000000,8810000
2018-08-15 14:28:45.173000,1.13202,1.132,3640000,1000000
2018-08-15 14:28:45.388000,1.132,1.13199,1120000,1000000
2018-08-15 14:28:45.652000,1.13199,1.13196,1370000,1310000
2018-08-15 14:28:46.902000,1.132,1.13196,5960000,1000000
2018-08-15 14:28:46.956000,1.132,1.13196,8210000,1120000
2018-08-15 14:28:47.527000,1.13199,1.13196,1120000,1120000
2018-08-15 14:28:48.609000,1.13199,1.13195,3000000,6560000
2018-08-15 14:28:48.961000,1.13195,1.13192,1120000,2250000
2018-08-15 14:28:49.465000,1.13191,1.1319,1870000,1000000
2018-08-15 14:28:49.519000,1.1319,1.13188,1500000,1500000
2018-08-15 14:28:49.978000,1.13193,1.13189,1470000,5470000
2018-08-15 14:28:50.310000,1.13193,1.1319,1250000,4120000
2018-08-15 14:28:50.884000,1.13194,1.1319,6260000,2440000
2018-08-15 14:28:51.398000,1.13194,1.1319,4310000,1310000
2018-08-15 14:28:51.747000,1.13195,1.13191,2810000,5100000
2018-08-15 14:28:52.294000,1.13195,1.13191,2810000,4160000
2018-08-15 14:28:52.640000,1.13195,1.13193,1000000,1690000
2018-08-15 14:28:53.146000,1.13195,1.13193,1000000,4310000
2018-08-15 14:28:54.803000,1.13198,1.13195,1120000,1690000
2018-08-15 14:28:55.310000,1.13199,1.13195,3560000,1200000
2018-08-15 14:28:55.660000,1.13198,1.13196,1500000,1190000
2018-08-15 14:28:56.189000,1.13199,1.13196,2250000,1190000
2018-08-15 14:28:56.934000,1.13199,1.13195,6940000,5620000
2018-08-15 14:28:56.987000,1.13196,1.13195,1500000,1000000
2018-08-15 14:28:57.141000,1.13196,1.13192,5960000,3940000
2018-08-15 14:29:01.056000,1.13195,1.13193,1500000,1000000
2018-08-15 14:29:01.422000,1.13196,1.13193,5320000,1500000
2018-08-15 14:29:01.561000,1.13198,1.13196,2020000,4350000
2018-08-15 14:29:01.671000,1.132,1.13197,2700000,1870000
2018-08-15 14:29:02.160000,1.132,1.13199,1500000,1000000
2018-08-15 14:29:02.602000,1.13202,1.132,1570000,1250000
2018-08-15 14:29:02.814000,1.13203,1.13202,1000000,1500000
2018-08-15 14:29:03.013000,1.13202,1.13199,1100000,5320000
2018-08-15 14:29:03.374000,1.132,1.13199,1000000,3600000
2018-08-15 14:29:04.984000,1.13202,1.132,2320000,2250000
2018-08-15 14:29:05.036000,1.13205,1.13201,4950000,5250000
2018-08-15 14:29:05.244000,1.13204,1.13201,3370000,1500000
2018-08-15 14:29:05.781000,1.13204,1.13201,1250000,1500000
2018-08-15 14:29:06.316000,1.13203,1.13201,1870000,1500000
2018-08-15 14:29:06.791000,1.13201,1.132,1000000,1000000
2018-08-15 14:29:07.306000,1.13201,1.13199,1690000,3370000
2018-08-15 14:29:11.804000,1.132,1.13199,1870000,1500000
2018-08-15 14:29:12.003000,1.132,1.13197,1690000,1000000
2018-08-15 14:29:12.159000,1.13196,1.13195,3190000,1100000
2018-08-15 14:29:12.315000,1.13195,1.13192,2100000,1120000
2018-08-15 14:29:12.650000,1.13192,1.1319,1000000,2140000
2018-08-15 14:29:13.166000,1.13195,1.13191,5890000,2250000
2018-08-15 14:29:13.268000,1.13195,1.13191,3190000,1120000
2018-08-15 14:29:13.695000,1.13195,1.13193,1100000,1000000
2018-08-15 14:29:14.180000,1.13197,1.13195,3940000,1500000
2018-08-15 14:29:14.232000,1.13199,1.13197,1120000,1870000
2018-08-15 14:29:15.011000,1.13198,1.13196,2060000,1000000
2018-08-15 14:29:15.171000,1.13197,1.13193,3940000,2250000
2018-08-15 14:29:15.808000,1.13197,1.13194,1440000,1000000
2018-08-15 14:29:16.775000,1.13197,1.13193,9000000,1690000
2018-08-15 14:29:17.286000,1.13197,1.13193,2620000,3370000
2018-08-15 14:29:17.832000,1.13197,1.13193,9070000,1000000
2018-08-15 14:29:18.369000,1.13195,1.13192,2250000,1000000
2018-08-15 14:29:18.883000,1.13194,1.13192,1370000,1000000
2018-08-15 14:29:19.281000,1.13191,1.1319,1000000,2250000
2018-08-15 14:29:19.832000,1.13191,1.13189,1000000,1500000
2018-08-15 14:29:20.343000,1.13192,1.13189,1760000,1000000
2018-08-15 14:29:20.892000,1.13192,1.13188,2620000,3560000
2018-08-15 14:29:21.395000,1.13192,1.13189,3000000,1000000
2018-08-15 14:29:21.986000,1.13193,1.13189,4910000,3750000
2018-08-15 14:29:22.141000,1.13195,1.13192,1250000,1120000
2018-08-15 14:29:22.854000,1.13195,1.13191,3450000,1500000
2018-08-15 14:29:23.074000,1.13195,1.13191,7010000,1870000
2018-08-15 14:29:23.382000,1.13195,1.13191,4120000,3940000
2018-08-15 14:29:23.833000,1.13193,1.1319,3940000,1000000
2018-08-15 14:29:24.370000,1.13192,1.1319,2620000,1000000
2018-08-15 14:29:25.775000,1.13192,1.1319,1000000,2060000
2018-08-15 14:29:26.210000,1.13199,1.13196,1000000,2440000
2018-08-15 14:29:26.679000,1.13198,1.13195,1500000,3370000
2018-08-15 14:29:26.802000,1.13199,1.13195,3820000,3370000
2018-08-15 14:29:27.352000,1.13199,1.13196,1120000,1000000
2018-08-15 14:29:27.951000,1.13198,1.13196,1120000,1120000
2018-08-15 14:29:28.005000,1.13195,1.13194,1000000,3000000
2018-08-15 14:29:28.059000,1.13193,1.13192,2250000,1120000
2018-08-15 14:29:28.237000,1.13192,1.1319,4120000,3070000
2018-08-15 14:29:28.293000,1.13193,1.1319,1870000,1870000
2018-08-15 14:29:28.502000,1.1319,1.13188,4370000,4200000
2018-08-15 14:29:28.799000,1.13187,1.13185,2470000,1000000
2018-08-15 14:29:29.429000,1.13188,1.13186,3220000,1000000
2018-08-15 14:29:29.640000,1.13186,1.13183,2440000,7120000
2018-08-15 14:29:29.980000,1.13188,1.13184,3000000,7500000
2018-08-15 14:29:30.519000,1.13188,1.13185,4310000,1120000
2018-08-15 14:29:31.127000,1.13189,1.13185,6190000,2250000
2018-08-15 14:29:31.778000,1.13189,1.13185,4010000,3560000
2018-08-15 14:29:32.290000,1.13189,1.13185,5250000,2620000
2018-08-15 14:29:32.810000,1.13188,1.13185,1000000,4870000
2018-08-15 14:29:33.322000,1.13189,1.13185,1120000,1120000
2018-08-15 14:29:33.669000,1.13187,1.13185,1120000,1000000
2018-08-15 14:29:34.313000,1.13189,1.13186,1000000,4120000
2018-08-15 14:29:34.834000,1.13189,1.13186,1000000,3000000
2018-08-15 14:29:35.177000,1.1319,1.13187,1120000,4870000
2018-08-15 14:29:35.543000,1.1319,1.13186,3000000,5700000
2018-08-15 14:29:36.429000,1.13186,1.13185,1120000,1000000
2018-08-15 14:29:36.957000,1.13187,1.13185,1000000,7120000
2018-08-15 14:29:37.265000,1.13189,1.13185,2060000,2620000
2018-08-15 14:29:37.821000,1.13189,1.13185,1120000,3370000
2018-08-15 14:29:38.357000,1.1319,1.13188,2810000,1250000
2018-08-15 14:29:38.861000,1.1319,1.13187,4120000,1870000
2018-08-15 14:29:39.437000,1.1319,1.13187,2620000,1500000
2018-08-15 14:29:41.055000,1.1319,1.13188,6370000,1000000
2018-08-15 14:29:41.570000,1.1319,1.13188,7310000,1250000
2018-08-15 14:29:42.219000,1.1319,1.13187,1870000,1500000
2018-08-15 14:29:43.890000,1.13188,1.13185,2620000,7500000
2018-08-15 14:29:44.205000,1.13186,1.13184,1120000,1120000
2018-08-15 14:29:44.743000,1.13187,1.13185,1000000,3560000
2018-08-15 14:29:45.271000,1.13188,1.13186,1120000,1000000
2018-08-15 14:29:47.251000,1.13187,1.13186,3370000,1000000
2018-08-15 14:29:47.606000,1.13185,1.13183,1000000,1500000
2018-08-15 14:29:48.711000,1.13184,1.13182,24600000,1000000
2018-08-15 14:29:48.819000,1.13176,1.13174,1000000,4570000
2018-08-15 14:29:49.091000,1.13175,1.13173,1000000,1310000
2018-08-15 14:29:49.472000,1.13176,1.13175,1000000,1000000
2018-08-15 14:29:49.524000,1.13178,1.13175,1870000,3190000
2018-08-15 14:29:50.059000,1.13179,1.13177,1350000,1000000
2018-08-15 14:29:50.111000,1.13183,1.1318,1120000,1500000
2018-08-15 14:29:50.216000,1.13183,1.13181,1120000,1310000
2018-08-15 14:29:50.751000,1.13183,1.1318,1000000,2440000
2018-08-15 14:29:50.906000,1.13182,1.13179,2620000,4570000
2018-08-15 14:29:51.061000,1.1318,1.13178,1000000,1000000
2018-08-15 14:29:51.423000,1.13179,1.13176,1120000,1500000
2018-08-15 14:29:51.682000,1.13177,1.13175,1500000,1000000
2018-08-15 14:29:52.216000,1.13177,1.13174,2250000,1250000
2018-08-15 14:29:52.564000,1.13175,1.13174,1000000,1120000
2018-08-15 14:29:52.617000,1.13175,1.13172,1000000,1570000
2018-08-15 14:29:52.828000,1.13177,1.13175,4540000,1250000
2018-08-15 14:29:52.881000,1.13178,1.13174,1100000,5810000
2018-08-15 14:29:53.384000,1.13178,1.13174,2250000,12820000
2018-08-15 14:29:53.949000,1.13176,1.13174,1000000,4200000
2018-08-15 14:29:54.054000,1.13176,1.13173,1870000,1000000
2018-08-15 14:29:54.597000,1.13177,1.13173,9580000,2250000
2018-08-15 14:29:55.144000,1.13175,1.13172,1000000,5140000
2018-08-15 14:29:57.016000,1.13175,1.13172,1000000,2060000
2018-08-15 14:29:57.405000,1.13173,1.1317,2250000,4310000
2018-08-15 14:29:57.613000,1.13175,1.13171,4950000,5320000
2018-08-15 14:29:57.717000,1.13176,1.13172,1870000,2510000
2018-08-15 14:29:57.769000,1.13176,1.13172,1500000,2510000
2018-08-15 14:29:59.290000,1.13175,1.13172,1000000,1390000
2018-08-15 14:29:59.842000,1.13176,1.13172,1500000,1870000
2018-08-15 14:30:00.250000,1.13174,1.13171,2440000,3000000
2018-08-15 14:30:00.885000,1.13156,1.13154,5250000,1000000
2018-08-15 14:30:01.155000,1.13158,1.13156,1690000,27190001
2018-08-15 14:30:01.266000,1.13157,1.13154,1000000,1000000
2018-08-15 14:30:01.643000,1.1316,1.13158,2620000,1120000
2018-08-15 14:30:01.905000,1.13161,1.13155,4010000,5060000
2018-08-15 14:30:02.520000,1.13159,1.13155,1500000,3000000
2018-08-15 14:30:02.770000,1.13159,1.13154,1010000,4500000
2018-08-15 14:30:03.036000,1.13156,1.13154,1500000,4050000
2018-08-15 14:30:03.309000,1.13156,1.13152,2510000,3370000
2018-08-15 14:30:03.413000,1.13159,1.13154,5140000,3000000
2018-08-15 14:30:03.820000,1.1316,1.13156,5320000,1500000
2018-08-15 14:30:03.922000,1.1316,1.13156,1120000,2250000
2018-08-15 14:30:04.173000,1.13155,1.13151,1650000,1050000
2018-08-15 14:30:04.328000,1.13156,1.13154,5890000,7500000
2018-08-15 14:30:04.431000,1.13156,1.1315,5890000,4690000
2018-08-15 14:30:04.964000,1.13155,1.13151,1000000,2250000
2018-08-15 14:30:05.492000,1.13156,1.13151,4950000,2620000
2018-08-15 14:30:05.595000,1.13155,1.1315,4010000,4800000
2018-08-15 14:30:05.932000,1.13155,1.13151,2320000,1870000
2018-08-15 14:30:06.632000,1.13152,1.1315,1000000,3940000
2018-08-15 14:30:07.160000,1.13154,1.1315,1690000,1500000
2018-08-15 14:30:07.673000,1.13154,1.13151,1120000,1250000
2018-08-15 14:30:07.930000,1.13156,1.13152,4010000,6560000
2018-08-15 14:30:08.503000,1.13155,1.13152,2250000,4120000
2018-08-15 14:30:08.762000,1.13157,1.13155,2020000,1000000
2018-08-15 14:30:09.142000,1.13156,1.13154,2060000,3560000
2018-08-15 14:30:09.245000,1.13155,1.13153,1250000,2620000
2018-08-15 14:30:10.032000,1.13156,1.13153,1870000,1370000
2018-08-15 14:30:10.086000,1.13157,1.13156,1100000,1870000
2018-08-15 14:30:10.139000,1.13159,1.13156,1310000,1500000
2018-08-15 14:30:10.631000,1.13156,1.13155,1000000,1000000
2018-08-15 14:30:10.688000,1.13155,1.13153,1250000,1200000
2018-08-15 14:30:11.238000,1.13154,1.13152,1000000,1250000
2018-08-15 14:30:11.751000,1.13155,1.13153,1310000,1000000
2018-08-15 14:30:11.962000,1.1316,1.13157,1500000,1370000
2018-08-15 14:30:12.173000,1.13163,1.13159,9150000,1870000
2018-08-15 14:30:12.227000,1.13163,1.13161,7270000,1000000
2018-08-15 14:30:12.374000,1.13164,1.13161,1000000,1500000
2018-08-15 14:30:12.985000,1.13167,1.13164,6450000,1500000
2018-08-15 14:30:13.255000,1.1317,1.13167,2250000,1120000
2018-08-15 14:30:13.637000,1.13167,1.13164,4690000,2250000
2018-08-15 14:30:14.178000,1.13166,1.13162,5620000,5060000
2018-08-15 14:30:15.319000,1.13162,1.1316,1000000,1500000
2018-08-15 14:30:15.372000,1.13162,1.13158,6730000,1950000
2018-08-15 14:30:15.629000,1.13161,1.13158,1440000,1000000
2018-08-15 14:30:16.148000,1.13162,1.13161,1870000,1000000
2018-08-15 14:30:16.275000,1.13165,1.13162,1250000,4120000
2018-08-15 14:30:16.798000,1.13166,1.13163,3370000,1000000
2018-08-15 14:30:17.474000,1.13165,1.13162,2060000,1870000
2018-08-15 14:30:18.032000,1.13164,1.13162,1690000,1120000
2018-08-15 14:30:18.542000,1.13165,1.13162,1500000,1120000
2018-08-15 14:30:19.171000,1.13166,1.13162,3750000,3560000
2018-08-15 14:30:19.770000,1.13165,1.13163,4690000,1000000
2018-08-15 14:30:20.086000,1.13163,1.13162,1000000,2620000
2018-08-15 14:30:20.606000,1.13163,1.1316,2440000,1200000
2018-08-15 14:30:20.764000,1.13164,1.1316,1500000,7240000
2018-08-15 14:30:21.314000,1.13164,1.13161,1000000,1870000
2018-08-15 14:30:21.991000,1.13165,1.13161,5440000,6070000
2018-08-15 14:30:22.494000,1.13165,1.13162,4500000,1000000
2018-08-15 14:30:23.037000,1.13165,1.13163,1690000,1000000
2018-08-15 14:30:23.350000,1.13163,1.13162,1000000,1000000
2018-08-15 14:30:23.793000,1.13165,1.13163,1250000,1000000
2018-08-15 14:30:24.183000,1.13167,1.13164,5440000,1000000
2018-08-15 14:30:24.712000,1.13166,1.13164,1870000,1000000
2018-08-15 14:30:25.319000,1.13168,1.13167,1100000,1000000
2018-08-15 14:30:25.453000,1.13171,1.13169,5060000,1000000
2018-08-15 14:30:25.965000,1.1317,1.13169,1000000,1000000
2018-08-15 14:30:26.258000,1.13174,1.1317,3260000,2620000
2018-08-15 14:30:26.310000,1.13174,1.1317,1690000,6370000
2018-08-15 14:30:26.813000,1.13175,1.1317,10310000,4870000
2018-08-15 14:30:27.344000,1.13173,1.13172,1250000,1000000
2018-08-15 14:30:27.396000,1.13172,1.1317,1000000,1000000
2018-08-15 14:30:27.448000,1.13174,1.13172,10010000,1000000
2018-08-15 14:30:27.977000,1.13173,1.13171,1500000,3000000
2018-08-15 14:30:28.299000,1.13172,1.13169,8060000,1500000
2018-08-15 14:30:28.786000,1.13174,1.1317,3640000,1000000
2018-08-15 14:30:29.287000,1.13174,1.13171,2440000,1000000
2018-08-15 14:30:29.494000,1.13175,1.13173,3370000,1000000
2018-08-15 14:30:29.924000,1.13176,1.13174,4870000,1000000
2018-08-15 14:30:30.276000,1.13182,1.1318,1870000,3820000
2018-08-15 14:30:30.333000,1.13186,1.13182,5060000,1000000
2018-08-15 14:30:30.386000,1.13187,1.13184,3000000,1500000
2018-08-15 14:30:30.787000,1.13184,1.13182,1000000,1000000
2018-08-15 14:30:31.793000,1.13184,1.13181,2890000,1120000
2018-08-15 14:30:32.536000,1.13187,1.13185,7010000,1690000
2018-08-15 14:30:32.587000,1.13187,1.13186,5250000,1000000
2018-08-15 14:30:32.642000,1.13189,1.13187,1570000,1000000
2018-08-15 14:30:33.184000,1.13188,1.13186,1950000,1500000
2018-08-15 14:30:33.292000,1.1319,1.13186,7950000,1500000
2018-08-15 14:30:33.344000,1.13188,1.13186,3370000,1500000
2018-08-15 14:30:33.500000,1.1319,1.13186,3640000,3370000
2018-08-15 14:30:34.028000,1.1319,1.13187,1760000,1000000
2018-08-15 14:30:34.510000,1.13191,1.13187,1950000,2250000
2018-08-15 14:30:37.396000,1.13191,1.13189,3190000,1000000
2018-08-15 14:30:37.771000,1.13188,1.13186,1000000,1870000
2018-08-15 14:30:37.827000,1.13188,1.13184,3640000,5250000
2018-08-15 14:30:37.986000,1.13186,1.13184,4200000,1000000
2018-08-15 14:30:38.531000,1.13186,1.13183,4950000,1500000
2018-08-15 14:30:39.193000,1.13184,1.13182,9450000,1000000
2018-08-15 14:30:39.554000,1.1318,1.13178,1500000,3000000
2018-08-15 14:30:40.085000,1.1318,1.13178,2890000,1000000
2018-08-15 14:30:40.595000,1.1318,1.13178,1760000,1000000
2018-08-15 14:30:42.244000,1.13182,1.1318,1570000,1120000
2018-08-15 14:30:42.561000,1.13184,1.13182,2250000,1120000
2018-08-15 14:30:43.066000,1.13184,1.13182,1000000,1000000
2018-08-15 14:30:43.328000,1.13189,1.13186,4390000,1000000
2018-08-15 14:30:43.432000,1.13186,1.13185,1870000,2250000
2018-08-15 14:30:43.572000,1.13186,1.13183,6260000,1000000
2018-08-15 14:30:44.084000,1.13186,1.13183,2250000,1000000
2018-08-15 14:30:45.137000,1.13187,1.13184,7390000,1000000
2018-08-15 14:30:45.705000,1.13186,1.13185,1000000,1000000
2018-08-15 14:30:45.812000,1.13189,1.13186,3450000,3410000
2018-08-15 14:30:46.360000,1.1319,1.13186,2890000,6000000
2018-08-15 14:30:46.892000,1.1319,1.13186,2440000,4500000
2018-08-15 14:30:47.707000,1.1319,1.13186,7500000,5060000
2018-08-15 14:30:48.228000,1.1319,1.13186,5060000,4500000
2018-08-15 14:30:48.963000,1.1319,1.13186,3750000,5060000
2018-08-15 14:30:49.526000,1.1319,1.13186,4870000,5440000
2018-08-15 14:30:50.073000,1.1319,1.13187,1000000,2620000
2018-08-15 14:30:50.286000,1.13187,1.13184,2060000,3370000
2018-08-15 14:30:50.829000,1.13185,1.13183,1000000,3000000
2018-08-15 14:30:51.358000,1.13186,1.13183,1250000,4120000
2018-08-15 14:30:51.790000,1.13187,1.13185,1000000,1000000
2018-08-15 14:30:51.917000,1.13185,1.13182,1310000,3450000
2018-08-15 14:30:52.020000,1.13185,1.13183,1000000,1620000
2018-08-15 14:30:52.523000,1.13186,1.13183,2060000,1250000
2018-08-15 14:30:53.028000,1.13185,1.13183,2060000,1000000
2018-08-15 14:30:54.550000,1.13185,1.13183,1000000,1500000
2018-08-15 14:30:55.091000,1.13186,1.13184,2250000,2250000
2018-08-15 14:30:55.588000,1.13188,1.13185,5620000,1000000
2018-08-15 14:30:57.043000,1.13187,1.13185,1000000,1000000
2018-08-15 14:30:57.319000,1.13191,1.13189,1250000,1000000
2018-08-15 14:30:57.425000,1.13193,1.1319,7540000,1120000
2018-08-15 14:30:57.635000,1.13193,1.13192,2250000,1120000
2018-08-15 14:30:58.428000,1.13191,1.13189,2620000,2620000
2018-08-15 14:30:58.938000,1.1319,1.13189,1500000,1500000
2018-08-15 14:30:59.827000,1.1319,1.13188,1870000,2620000
2018-08-15 14:31:02.175000,1.13192,1.13189,3070000,1310000
2018-08-15 14:31:02.227000,1.13194,1.13191,2250000,1870000
2018-08-15 14:31:02.280000,1.13194,1.13191,1000000,2440000
2018-08-15 14:31:02.788000,1.13195,1.13192,1870000,1120000
2018-08-15 14:31:02.949000,1.13193,1.13192,2620000,1000000
2018-08-15 14:31:03.158000,1.13195,1.13192,3260000,1250000
2018-08-15 14:31:03.423000,1.13196,1.13195,1500000,1000000
2018-08-15 14:31:03.578000,1.13199,1.13196,1310000,3750000
2018-08-15 14:31:04.449000,1.13203,1.13202,1870000,1120000
2018-08-15 14:31:04.759000,1.13205,1.13202,1120000,2620000
2018-08-15 14:31:04.916000,1.13206,1.13205,2620000,1690000
2018-08-15 14:31:04.969000,1.13209,1.13206,1370000,1870000
2018-08-15 14:31:05.022000,1.13211,1.13208,1870000,2700000
2018-08-15 14:31:05.545000,1.13208,1.13206,2810000,1500000
2018-08-15 14:31:05.697000,1.13212,1.13208,13910000,3190000
2018-08-15 14:31:06.066000,1.13215,1.13212,3560000,1310000
2018-08-15 14:31:06.461000,1.13211,1.13209,3560000,1500000
2018-08-15 14:31:07.215000,1.1321,1.13208,1690000,1120000
2018-08-15 14:31:07.421000,1.13211,1.13209,3750000,1370000
2018-08-15 14:31:08.004000,1.13212,1.1321,1000000,6000000
2018-08-15 14:31:08.058000,1.13215,1.13213,1760000,1000000
2018-08-15 14:31:08.596000,1.13216,1.13213,5810000,1120000
2018-08-15 14:31:09.057000,1.13216,1.13213,6000000,1120000
2018-08-15 14:31:09.586000,1.13215,1.13213,1870000,1120000
2018-08-15 14:31:10.162000,1.13216,1.13215,3750000,1000000
2018-08-15 14:31:10.215000,1.13215,1.13213,1500000,2250000
2018-08-15 14:31:10.573000,1.13214,1.13211,1760000,2440000
2018-08-15 14:31:10.828000,1.13215,1.13211,6640000,2620000
2018-08-15 14:31:11.177000,1.13214,1.13211,2000000,2250000
2018-08-15 14:31:11.229000,1.13212,1.1321,1500000,1120000
2018-08-15 14:31:11.281000,1.13214,1.13211,3260000,1870000
2018-08-15 14:31:11.332000,1.13214,1.13211,1120000,1500000
2018-08-15 14:31:11.737000,1.13216,1.13212,9820000,1500000
2018-08-15 14:31:12.304000,1.13216,1.13212,3000000,2620000
2018-08-15 14:31:12.612000,1.13222,1.13219,1100000,5810000
2018-08-15 14:31:12.715000,1.13225,1.13221,6820000,3370000
2018-08-15 14:31:13.490000,1.13225,1.13221,3000000,3440000
2018-08-15 14:31:14.019000,1.13225,1.13221,8620000,1870000
2018-08-15 14:31:14.382000,1.13225,1.13221,2440000,3250000
2018-08-15 14:31:14.906000,1.13226,1.13223,1950000,3370000
2018-08-15 14:31:16.069000,1.13226,1.13223,1500000,4120000
2018-08-15 14:31:16.414000,1.13224,1.13221,1250000,1870000
2018-08-15 14:31:17.159000,1.13223,1.1322,3370000,1000000
2018-08-15 14:31:17.526000,1.13224,1.13222,1500000,1000000
2018-08-15 14:31:17.946000,1.13224,1.13221,4190000,3560000
2018-08-15 14:31:18.050000,1.13224,1.13222,3190000,1000000
2018-08-15 14:31:18.478000,1.13226,1.13223,1950000,1500000
2018-08-15 14:31:18.927000,1.13226,1.13223,7380000,2060000
2018-08-15 14:31:19.504000,1.13226,1.13222,11630000,2250000
2018-08-15 14:31:20.343000,1.13226,1.13221,10200000,2620000
2018-08-15 14:31:20.662000,1.13223,1.1322,1250000,6940000
2018-08-15 14:31:20.716000,1.13221,1.1322,3000000,3000000
2018-08-15 14:31:20.770000,1.1322,1.13218,1000000,1500000
2018-08-15 14:31:20.940000,1.13215,1.13213,1690000,4010000
2018-08-15 14:31:20.992000,1.13213,1.13212,1120000,1100000
2018-08-15 14:31:21.146000,1.13211,1.1321,1120000,1000000
2018-08-15 14:31:21.649000,1.13212,1.13209,1500000,5060000
2018-08-15 14:31:22.089000,1.13212,1.1321,1500000,1500000
2018-08-15 14:31:22.345000,1.13211,1.13209,1870000,1500000
2018-08-15 14:31:22.396000,1.13211,1.13208,3620000,1870000
2018-08-15 14:31:22.628000,1.13211,1.13208,3070000,4310000
2018-08-15 14:31:22.731000,1.13212,1.1321,1070000,2250000
2018-08-15 14:31:23.042000,1.13211,1.13208,3560000,1000000
2018-08-15 14:31:23.576000,1.13211,1.13208,3560000,1000000
2018-08-15 14:31:24.166000,1.13211,1.13208,4490000,1500000
2018-08-15 14:31:24.556000,1.1321,1.13206,1310000,2320000
2018-08-15 14:31:24.659000,1.13207,1.13203,5810000,2620000
2018-08-15 14:31:25.020000,1.13207,1.13206,1870000,1310000
2018-08-15 14:31:25.761000,1.13208,1.13206,1870000,1000000
2018-08-15 14:31:25.813000,1.13207,1.13205,6000000,1000000
2018-08-15 14:31:25.864000,1.13207,1.13204,15480000,2250000
2018-08-15 14:31:25.916000,1.13205,1.13203,1310000,2250000
2018-08-15 14:31:26.439000,1.13205,1.13204,1000000,1500000
2018-08-15 14:31:27.006000,1.13208,1.13205,3450000,1000000
2018-08-15 14:31:27.813000,1.13208,1.13205,1370000,5620000
2018-08-15 14:31:28.409000,1.13206,1.13203,4760000,1500000
2018-08-15 14:31:30.767000,1.13203,1.13202,1000000,1870000
2018-08-15 14:31:31.282000,1.13203,1.13202,1000000,1000000
2018-08-15 14:31:32.342000,1.13205,1.13203,1500000,2440000
2018-08-15 14:31:32.852000,1.13204,1.13202,1000000,1120000
2018-08-15 14:31:35.211000,1.13202,1.132,2620000,1000000
2018-08-15 14:31:35.426000,1.132,1.13199,4010000,1500000
2018-08-15 14:31:35.530000,1.13199,1.13196,10310000,2810000
2018-08-15 14:31:36.137000,1.13198,1.13197,1000000,1000000
2018-08-15 14:31:36.644000,1.13199,1.13196,1120000,2440000
2018-08-15 14:31:37.463000,1.13198,1.13197,1000000,1000000
2018-08-15 14:31:37.777000,1.13202,1.132,2320000,1370000
2018-08-15 14:31:38.815000,1.13203,1.13201,1120000,1120000
2018-08-15 14:31:39.327000,1.13204,1.13202,2250000,1000000
2018-08-15 14:31:40.383000,1.13203,1.132,2440000,2810000
2018-08-15 14:31:41.546000,1.13201,1.13198,1500000,3750000
2018-08-15 14:31:42.084000,1.13201,1.13199,1310000,1000000
2018-08-15 14:31:42.762000,1.13202,1.132,1870000,2440000
2018-08-15 14:31:45.851000,1.132,1.13197,1690000,1500000
2018-08-15 14:31:47.643000,1.13198,1.13197,1000000,3000000
2018-08-15 14:31:48.155000,1.13199,1.13197,4200000,1000000
2018-08-15 14:31:48.309000,1.13197,1.13195,9560000,2250000
2018-08-15 14:31:48.398000,1.13196,1.13194,1370000,1000000
2018-08-15 14:31:48.453000,1.13196,1.13192,3190000,2060000
2018-08-15 14:31:48.968000,1.13194,1.13193,1000000,1120000
2018-08-15 14:31:49.402000,1.13196,1.13194,2320000,3000000
2018-08-15 14:31:50.126000,1.13197,1.13194,2810000,6370000
2018-08-15 14:31:50.712000,1.13197,1.13194,3190000,3750000
2018-08-15 14:31:51.083000,1.13194,1.13193,1120000,1200000
2018-08-15 14:31:51.598000,1.13194,1.13192,1500000,1000000
2018-08-15 14:31:54.217000,1.13194,1.13192,1500000,2620000
2018-08-15 14:31:55.187000,1.13194,1.13192,1120000,1870000
2018-08-15 14:31:55.629000,1.13198,1.13196,1450000,1000000
2018-08-15 14:31:56.134000,1.13198,1.13196,1120000,3370000
2018-08-15 14:31:56.837000,1.13198,1.13196,1370000,1310000
2018-08-15 14:32:01.595000,1.13198,1.13197,1000000,1000000
2018-08-15 14:32:02.064000,1.132,1.13198,1420000,1250000
2018-08-15 14:32:02.588000,1.132,1.13198,1120000,1500000
2018-08-15 14:32:03.036000,1.13202,1.13199,4200000,5630000
2018-08-15 14:32:03.088000,1.13201,1.13199,1500000,1000000
2018-08-15 14:32:03.726000,1.13201,1.13198,3750000,1000000
2018-08-15 14:32:04.270000,1.132,1.13197,1370000,1120000
2018-08-15 14:32:04.943000,1.132,1.13197,1120000,2250000
2018-08-15 14:32:05.770000,1.13201,1.13198,4500000,2060000
2018-08-15 14:32:06.091000,1.13203,1.13201,1000000,1000000
2018-08-15 14:32:07.171000,1.13204,1.13201,1500000,2060000
2018-08-15 14:32:07.666000,1.13203,1.132,4500000,1570000
2018-08-15 14:32:08.232000,1.13202,1.13199,1120000,7120000
2018-08-15 14:32:09.358000,1.13202,1.132,1310000,2500000
2018-08-15 14:32:10.372000,1.13203,1.13199,3940000,4310000
2018-08-15 14:32:10.436000,1.13205,1.13204,5020000,1000000
2018-08-15 14:32:10.489000,1.13208,1.13205,1950000,2620000
2018-08-15 14:32:10.658000,1.1321,1.13208,1120000,1370000
2018-08-15 14:32:11.024000,1.13212,1.1321,1200000,1870000
2018-08-15 14:32:11.329000,1.13215,1.13213,3940000,1000000
2018-08-15 14:32:11.830000,1.13215,1.13212,1310000,1000000
2018-08-15 14:32:12.875000,1.13215,1.13212,4500000,2250000
2018-08-15 14:32:12.926000,1.13215,1.13212,4500000,2250000
2018-08-15 14:32:13.642000,1.13218,1.13215,1700000,7120000
2018-08-15 14:32:14.020000,1.1322,1.13216,4690000,3000000
2018-08-15 14:32:14.806000,1.1322,1.13216,1870000,3370000
2018-08-15 14:32:15.314000,1.1322,1.13217,3000000,1000000
2018-08-15 14:32:15.962000,1.13221,1.13217,5510000,1120000
2018-08-15 14:32:16.480000,1.1322,1.13217,1250000,1120000
2018-08-15 14:32:16.984000,1.1322,1.13217,1560000,3190000
2018-08-15 14:32:17.516000,1.1322,1.13218,1690000,1250000
2018-08-15 14:32:18.029000,1.13219,1.13217,2320000,1000000
2018-08-15 14:32:19.444000,1.13221,1.13217,7010000,1690000
2018-08-15 14:32:19.497000,1.13221,1.1322,1250000,1000000
2018-08-15 14:32:19.601000,1.13221,1.13218,5060000,1500000
2018-08-15 14:32:20.305000,1.1322,1.13218,2810000,1000000
2018-08-15 14:32:20.831000,1.1322,1.13218,1250000,1000000
2018-08-15 14:32:21.458000,1.13221,1.13218,3450000,1000000
2018-08-15 14:32:21.996000,1.1322,1.13217,1000000,1690000
2018-08-15 14:32:23.041000,1.1322,1.13217,2810000,1690000
2018-08-15 14:32:23.656000,1.1322,1.13217,4090000,1500000
2018-08-15 14:32:24.255000,1.1322,1.13217,3190000,1250000
2018-08-15 14:32:24.692000,1.13219,1.13215,5250000,2440000
2018-08-15 14:32:26.138000,1.13218,1.13216,4910000,2250000
2018-08-15 14:32:26.246000,1.13216,1.13214,2060000,2440000
2018-08-15 14:32:26.300000,1.13216,1.13213,2060000,2060000
2018-08-15 14:32:26.354000,1.13217,1.13214,1500000,3750000
2018-08-15 14:32:26.552000,1.1322,1.13218,1570000,1000000
2018-08-15 14:32:27.288000,1.1322,1.13218,3940000,1000000
2018-08-15 14:32:29.629000,1.1322,1.13218,1870000,1000000
2018-08-15 14:32:30.176000,1.1322,1.13218,3750000,1000000
2018-08-15 14:32:30.940000,1.1322,1.13218,4120000,1000000
2018-08-15 14:32:32.025000,1.13221,1.13219,3370000,1000000
2018-08-15 14:32:32.526000,1.13224,1.13221,3300000,3000000
2018-08-15 14:32:32.692000,1.1323,1.13229,1000000,1120000
2018-08-15 14:32:33.204000,1.13231,1.13229,1000000,1110000
2018-08-15 14:32:33.698000,1.13232,1.1323,2700000,1000000
2018-08-15 14:32:33.751000,1.13234,1.13231,1570000,9190000
2018-08-15 14:32:34.227000,1.13235,1.13234,1000000,1000000
2018-08-15 14:32:34.777000,1.1324,1.13239,1120000,2250000
2018-08-15 14:32:34.997000,1.13242,1.13241,1100000,1000000
2018-08-15 14:32:35.187000,1.13244,1.13242,1120000,1690000
2018-08-15 14:32:35.395000,1.13243,1.1324,6190000,3640000
2018-08-15 14:32:35.659000,1.13235,1.13233,1690000,1500000
2018-08-15 14:32:36.157000,1.13236,1.13234,3070000,3190000
2018-08-15 14:32:36.209000,1.13239,1.13236,1000000,2440000
2018-08-15 14:32:36.752000,1.13239,1.13236,1690000,2370000
2018-08-15 14:32:37.277000,1.13239,1.13236,1690000,1120000
2018-08-15 14:32:37.330000,1.13236,1.13234,6750000,1120000
2018-08-15 14:32:37.848000,1.13236,1.13233,4810000,1000000
2018-08-15 14:32:38.359000,1.13235,1.13232,5250000,3190000
2018-08-15 14:32:39.510000,1.13234,1.13232,1250000,1000000
2018-08-15 14:32:39.846000,1.13234,1.13231,2290000,1500000
2018-08-15 14:32:40.367000,1.13234,1.13232,1690000,1000000
2018-08-15 14:32:40.879000,1.13234,1.13233,1120000,1000000
2018-08-15 14:32:44.371000,1.13233,1.13231,11810000,1000000
2018-08-15 14:32:44.425000,1.13232,1.1323,3000000,1100000
2018-08-15 14:32:44.479000,1.13231,1.13228,1310000,1100000
2018-08-15 14:32:44.584000,1.13231,1.13227,2060000,7120000
2018-08-15 14:32:45.111000,1.1323,1.13227,1690000,2810000
2018-08-15 14:32:45.708000,1.1323,1.13227,5060000,1000000
2018-08-15 14:32:46.238000,1.1323,1.13226,1250000,3560000
2018-08-15 14:32:46.748000,1.1323,1.13226,1010000,1310000
2018-08-15 14:32:47.293000,1.13227,1.13224,3000000,4500000
2018-08-15 14:32:47.344000,1.13226,1.13224,2060000,3940000
2018-08-15 14:32:47.498000,1.13227,1.13224,1120000,8810000
2018-08-15 14:32:47.627000,1.13228,1.13225,5700000,8420000
2018-08-15 14:32:47.732000,1.1323,1.13227,1760000,2060000
2018-08-15 14:32:48.281000,1.1323,1.13227,1390000,3810000
2018-08-15 14:32:48.804000,1.1323,1.13227,1010000,1310000
2018-08-15 14:32:50.081000,1.1323,1.13228,3940000,1250000
2018-08-15 14:32:50.185000,1.13228,1.13225,2810000,7570000
2018-08-15 14:32:50.291000,1.13226,1.13224,1250000,1120000
2018-08-15 14:32:50.395000,1.13226,1.13223,5810000,2250000
2018-08-15 14:32:50.448000,1.13226,1.13224,5320000,1120000
2018-08-15 14:32:50.626000,1.13229,1.13226,1000000,2250000
2018-08-15 14:32:51.331000,1.13229,1.13227,1000000,1000000
2018-08-15 14:32:52.020000,1.1323,1.13227,3560000,1000000
2018-08-15 14:32:52.549000,1.1323,1.13227,3560000,1250000
2018-08-15 14:32:52.750000,1.13232,1.13231,1310000,1000000
2018-08-15 14:32:52.853000,1.13234,1.13232,1120000,1000000
2018-08-15 14:32:53.399000,1.13234,1.13232,3040000,1000000
2018-08-15 14:32:53.451000,1.13232,1.1323,1120000,2250000
2018-08-15 14:32:54.302000,1.13232,1.1323,1440000,1000000
2018-08-15 14:32:54.883000,1.13232,1.1323,1000000,1000000
2018-08-15 14:32:55.166000,1.13231,1.13229,2810000,1500000
2018-08-15 14:32:55.270000,1.1323,1.13227,2060000,3370000
2018-08-15 14:32:55.477000,1.13231,1.13228,1120000,1000000
2018-08-15 14:32:56.419000,1.13231,1.13228,4500000,1120000
2018-08-15 14:32:56.578000,1.13231,1.13228,6450000,1500000
2018-08-15 14:32:57.020000,1.1323,1.13227,4760000,1120000
2018-08-15 14:32:57.593000,1.1323,1.13227,5320000,1120000
2018-08-15 14:32:58.130000,1.13229,1.13227,1010000,1000000
2018-08-15 14:32:58.971000,1.13227,1.13224,2620000,2620000
2018-08-15 14:32:59.297000,1.13228,1.13226,3820000,1500000
2018-08-15 14:32:59.617000,1.13217,1.13214,6000000,4500000
2018-08-15 14:32:59.776000,1.13215,1.13213,1120000,1000000
2018-08-15 14:33:00.085000,1.13212,1.1321,1200000,1490000
2018-08-15 14:33:00.242000,1.13215,1.13211,4390000,1000000
2018-08-15 14:33:00.792000,1.13215,1.13211,3450000,2550000
2018-08-15 14:33:01.437000,1.13214,1.1321,1200000,6370000
2018-08-15 14:33:01.788000,1.13215,1.13212,1070000,1870000
2018-08-15 14:33:02.125000,1.13221,1.1322,1120000,1870000
2018-08-15 14:33:02.267000,1.13223,1.13222,1120000,2250000
2018-08-15 14:33:02.628000,1.13221,1.13219,4870000,1120000
2018-08-15 14:33:02.939000,1.13223,1.1322,2510000,1370000
2018-08-15 14:33:03.440000,1.13223,1.13222,1000000,1000000
2018-08-15 14:33:03.959000,1.13223,1.13221,1000000,1500000
2018-08-15 14:33:04.460000,1.13223,1.13221,1000000,1870000
2018-08-15 14:33:04.564000,1.13225,1.13223,2890000,1000000
2018-08-15 14:33:05.579000,1.13227,1.13225,4120000,1000000
2018-08-15 14:33:05.737000,1.13229,1.13225,1120000,4390000
2018-08-15 14:33:05.894000,1.13229,1.13225,4010000,3750000
2018-08-15 14:33:06.096000,1.13229,1.13225,4200000,3750000
2018-08-15 14:33:06.252000,1.13229,1.13225,3750000,3750000
2018-08-15 14:33:06.356000,1.13229,1.13225,3750000,3370000
2018-08-15 14:33:06.927000,1.13229,1.13225,4500000,3370000
2018-08-15 14:33:07.132000,1.13226,1.13224,1000000,3750000
2018-08-15 14:33:07.437000,1.1322,1.13218,1000000,2320000
2018-08-15 14:33:07.951000,1.13219,1.13217,1000000,1000000
2018-08-15 14:33:08.291000,1.13221,1.13219,9190000,1000000
2018-08-15 14:33:08.795000,1.13221,1.13218,3560000,1000000
2018-08-15 14:33:09.052000,1.13221,1.13216,4500000,3560000
2018-08-15 14:33:09.236000,1.13222,1.13216,10010000,3190000
2018-08-15 14:33:09.287000,1.13221,1.13217,4010000,1500000
2018-08-15 14:33:09.816000,1.13222,1.13217,5890000,1870000
2018-08-15 14:33:09.971000,1.13222,1.13217,5440000,1870000
2018-08-15 14:33:10.175000,1.13221,1.13217,1470000,2620000
2018-08-15 14:33:10.328000,1.13222,1.13217,5890000,1950000
2018-08-15 14:33:10.446000,1.13222,1.13217,5890000,1870000
2018-08-15 14:33:10.772000,1.13223,1.1322,1100000,1500000
2018-08-15 14:33:10.823000,1.13224,1.13221,1950000,1370000
2018-08-15 14:33:10.979000,1.13224,1.1322,4500000,4120000
2018-08-15 14:33:11.081000,1.13226,1.13222,5320000,2060000
2018-08-15 14:33:11.226000,1.13227,1.13223,6820000,1870000
2018-08-15 14:33:11.380000,1.13225,1.13221,1620000,4120000
2018-08-15 14:33:11.896000,1.13225,1.13222,2440000,1250000
2018-08-15 14:33:12.326000,1.13226,1.13225,2700000,1870000
2018-08-15 14:33:12.403000,1.13231,1.13226,5320000,3370000
2018-08-15 14:33:12.943000,1.13231,1.13226,6000000,4120000
2018-08-15 14:33:13.046000,1.1323,1.13226,5140000,3940000
2018-08-15 14:33:13.443000,1.13223,1.13221,1370000,2700000
2018-08-15 14:33:13.644000,1.13221,1.13217,1190000,2700000
2018-08-15 14:33:13.749000,1.13222,1.1322,3000000,5060000
2018-08-15 14:33:13.802000,1.13224,1.1322,1000000,3750000
2018-08-15 14:33:14.132000,1.1322,1.13219,1000000,1000000
2018-08-15 14:33:14.236000,1.13221,1.13217,1620000,5700000
2018-08-15 14:33:15.452000,1.13221,1.13218,4760000,1000000
2018-08-15 14:33:16.064000,1.13221,1.13218,4950000,1000000
2018-08-15 14:33:16.171000,1.13219,1.13216,1500000,2250000
2018-08-15 14:33:17.021000,1.13219,1.13216,3370000,2250000
2018-08-15 14:33:17.503000,1.13216,1.13214,1000000,9450000
2018-08-15 14:33:17.820000,1.13218,1.13216,1120000,1000000
2018-08-15 14:33:18.848000,1.13216,1.13213,1190000,12070000
2018-08-15 14:33:18.902000,1.13215,1.13212,1000000,2250000
2018-08-15 14:33:19.669000,1.13218,1.13216,1000000,5420000
2018-08-15 14:33:19.721000,1.1322,1.13217,1370000,3000000
2018-08-15 14:33:19.774000,1.13221,1.13217,2440000,4120000
2018-08-15 14:33:20.279000,1.13219,1.13217,1250000,1500000
2018-08-15 14:33:20.388000,1.13221,1.13217,3190000,1000000
2018-08-15 14:33:20.757000,1.1322,1.13217,1870000,1000000
2018-08-15 14:33:21.299000,1.1322,1.13216,1500000,5700000
2018-08-15 14:33:21.833000,1.13219,1.13216,1870000,1500000
2018-08-15 14:33:22.148000,1.13216,1.13214,2620000,1120000
2018-08-15 14:33:22.423000,1.13219,1.13215,3560000,2140000
2018-08-15 14:33:23.130000,1.13218,1.13215,1120000,2810000
2018-08-15 14:33:23.674000,1.13219,1.13215,4390000,4310000
2018-08-15 14:33:23.779000,1.13218,1.13215,1190000,2440000
2018-08-15 14:33:23.939000,1.13219,1.13215,3370000,1870000
2018-08-15 14:33:24.543000,1.1322,1.13217,1690000,1000000
2018-08-15 14:33:26.399000,1.1322,1.13217,3940000,1000000
2018-08-15 14:33:26.979000,1.1322,1.13217,2440000,1000000
2018-08-15 14:33:27.598000,1.1322,1.13218,1120000,1000000
2018-08-15 14:33:27.874000,1.13229,1.13226,2060000,1000000
2018-08-15 14:33:28.081000,1.13227,1.13226,2250000,1000000
2018-08-15 14:33:28.170000,1.13227,1.13223,7870000,3040000
2018-08-15 14:33:28.748000,1.13226,1.13223,2620000,1000000
2018-08-15 14:33:28.954000,1.13225,1.13222,1370000,1870000
2018-08-15 14:33:29.496000,1.13225,1.13222,2060000,1870000
2018-08-15 14:33:30.028000,1.13225,1.13222,1310000,1870000
2018-08-15 14:33:30.576000,1.13225,1.13222,3370000,1500000
2018-08-15 14:33:31.489000,1.13225,1.13221,8510000,1000000
2018-08-15 14:33:31.798000,1.13222,1.1322,1500000,4500000
2018-08-15 14:33:31.951000,1.13224,1.1322,6190000,1870000
2018-08-15 14:33:33.120000,1.13222,1.13219,2810000,3940000
2018-08-15 14:33:33.647000,1.1322,1.13218,1000000,1000000
2018-08-15 14:33:34.333000,1.13221,1.13219,1000000,1370000
2018-08-15 14:33:34.385000,1.13223,1.1322,1120000,1120000
2018-08-15 14:33:35.923000,1.13224,1.1322,3370000,2620000
2018-08-15 14:33:36.369000,1.13223,1.1322,2250000,2060000
2018-08-15 14:33:36.588000,1.13224,1.1322,2620000,3000000
2018-08-15 14:33:38.698000,1.13224,1.13221,1500000,1000000
2018-08-15 14:33:38.751000,1.13224,1.13223,1000000,1500000
2018-08-15 14:33:38.908000,1.13229,1.13227,1690000,1500000
2018-08-15 14:33:39.386000,1.13227,1.13225,1250000,2620000
2018-08-15 14:33:39.555000,1.13225,1.13223,1000000,1200000
2018-08-15 14:33:39.607000,1.13224,1.13222,1250000,1000000
2018-08-15 14:33:40.233000,1.13225,1.13222,5140000,1000000
2018-08-15 14:33:40.547000,1.13222,1.1322,1000000,8060000
2018-08-15 14:33:40.760000,1.13225,1.13222,1570000,1120000
2018-08-15 14:33:41.095000,1.13226,1.13222,6040000,1120000
2018-08-15 14:33:41.621000,1.13226,1.13222,5620000,2620000
2018-08-15 14:33:41.673000,1.13226,1.13224,4310000,1120000
2018-08-15 14:33:42.993000,1.13227,1.13224,5700000,1000000
2018-08-15 14:33:43.304000,1.13232,1.1323,1500000,1000000
2018-08-15 14:33:43.805000,1.13233,1.13231,1000000,1000000
2018-08-15 14:33:44.387000,1.13232,1.1323,3000000,1000000
2018-08-15 14:33:44.491000,1.13234,1.1323,3750000,4120000
2018-08-15 14:33:45.034000,1.13234,1.1323,1500000,5440000
2018-08-15 14:33:45.291000,1.13236,1.13233,6640000,1120000
2018-08-15 14:33:46.744000,1.13235,1.13233,1310000,1500000
2018-08-15 14:33:47.391000,1.13235,1.13233,1310000,1500000
2018-08-15 14:33:49.349000,1.13235,1.13233,1500000,1500000
2018-08-15 14:33:49.879000,1.13235,1.13233,1500000,1500000
2018-08-15 14:33:51.139000,1.13234,1.13232,1000000,1370000
2018-08-15 14:33:51.688000,1.13234,1.13231,2060000,3000000
2018-08-15 14:33:52.230000,1.13235,1.13231,1690000,3940000
2018-08-15 14:33:52.851000,1.13235,1.13231,1000000,7690000
2018-08-15 14:33:54.823000,1.13236,1.13232,3370000,1120000
2018-08-15 14:33:55.722000,1.13236,1.13232,3370000,1570000
2018-08-15 14:33:56.631000,1.13236,1.13232,4120000,1570000
2018-08-15 14:33:56.962000,1.13231,1.13229,1880000,2620000
2018-08-15 14:33:57.017000,1.13231,1.13227,1620000,12450000
2018-08-15 14:33:57.380000,1.13232,1.13228,6000000,2060000
2018-08-15 14:33:57.804000,1.13231,1.13227,3940000,2810000
2018-08-15 14:33:58.890000,1.13231,1.13227,5250000,1120000
2018-08-15 14:33:59.439000,1.13231,1.13227,5440000,1870000
2018-08-15 14:34:00.384000,1.1323,1.13227,1190000,2810000
2018-08-15 14:34:00.901000,1.13228,1.13226,1000000,1100000
2018-08-15 14:34:00.952000,1.1323,1.13226,3370000,3070000
2018-08-15 14:34:01.457000,1.1323,1.13226,4310000,2320000
2018-08-15 14:34:01.713000,1.13227,1.13225,4310000,3070000
2018-08-15 14:34:02.233000,1.13227,1.13224,2440000,1100000
2018-08-15 14:34:02.543000,1.13228,1.13226,1250000,4950000
2018-08-15 14:34:02.866000,1.1323,1.13226,3940000,2700000
2018-08-15 14:34:03.075000,1.13231,1.13229,1870000,1870000
2018-08-15 14:34:03.128000,1.13231,1.13228,1000000,6000000
2018-08-15 14:34:03.647000,1.13231,1.13229,1000000,1000000
2018-08-15 14:34:04.164000,1.13231,1.13228,1500000,8440000
2018-08-15 14:34:04.701000,1.13231,1.13228,1000000,14140000
2018-08-15 14:34:04.755000,1.13234,1.13231,1870000,4690000
2018-08-15 14:34:05.263000,1.13236,1.13232,6000000,3260000
2018-08-15 14:34:06.337000,1.13235,1.13232,5250000,1500000
2018-08-15 14:34:07.247000,1.13236,1.13232,5060000,3070000
2018-08-15 14:34:07.770000,1.13236,1.13232,10060000,3640000
2018-08-15 14:34:08.332000,1.13236,1.13232,6190000,3450000
2018-08-15 14:34:08.901000,1.13236,1.13232,6000000,3450000
2018-08-15 14:34:09.800000,1.13236,1.13232,5870000,2700000
2018-08-15 14:34:10.306000,1.13236,1.13232,5620000,2700000
2018-08-15 14:34:10.657000,1.13234,1.13232,1500000,1950000
2018-08-15 14:34:11.185000,1.13234,1.13233,1000000,1100000
2018-08-15 14:34:12.527000,1.13233,1.13231,4720000,4390000
2018-08-15 14:34:12.634000,1.13233,1.13229,6970000,4200000
2018-08-15 14:34:12.890000,1.13231,1.1323,1000000,1000000
2018-08-15 14:34:13.425000,1.13232,1.13229,4120000,1120000
2018-08-15 14:34:13.943000,1.13231,1.13229,1000000,1120000
2018-08-15 14:34:14.485000,1.1323,1.13228,1000000,6820000
2018-08-15 14:34:14.989000,1.13232,1.13228,4500000,1950000
2018-08-15 14:34:15.897000,1.13231,1.13228,3560000,3450000
2018-08-15 14:34:16.400000,1.13232,1.13228,5250000,5320000
2018-08-15 14:34:17.621000,1.13235,1.13231,1870000,3000000
2018-08-15 14:34:18.459000,1.13236,1.13232,3220000,3820000
2018-08-15 14:34:18.862000,1.13236,1.13234,2620000,2320000
2018-08-15 14:34:19.123000,1.1324,1.13237,1250000,1100000
2018-08-15 14:34:19.642000,1.1324,1.13237,1310000,1250000
2018-08-15 14:34:19.746000,1.13241,1.13237,2060000,1200000
2018-08-15 14:34:20.280000,1.13241,1.13238,3750000,1120000
2018-08-15 14:34:20.783000,1.13241,1.13237,6370000,2890000
2018-08-15 14:34:21.308000,1.13241,1.13237,5620000,2320000
2018-08-15 14:34:21.944000,1.13241,1.13236,8470000,4390000
2018-08-15 14:34:22.487000,1.1324,1.13237,1690000,1000000
2018-08-15 14:34:23.032000,1.13239,1.13237,1000000,1200000
2018-08-15 14:34:23.598000,1.13237,1.13236,1690000,1200000
2018-08-15 14:34:23.704000,1.13235,1.13233,1120000,1200000
2018-08-15 14:34:24.253000,1.13234,1.13231,2100000,2700000
2018-08-15 14:34:24.309000,1.13232,1.13231,1000000,1950000
2018-08-15 14:34:24.363000,1.13231,1.13229,1120000,3070000
2018-08-15 14:34:24.731000,1.13234,1.13231,1120000,2440000
2018-08-15 14:34:25.202000,1.13232,1.1323,1370000,4760000
2018-08-15 14:34:25.393000,1.13231,1.13228,4120000,1200000
2018-08-15 14:34:25.917000,1.13234,1.13232,1130000,1000000
2018-08-15 14:34:31.016000,1.13236,1.13232,5440000,3070000
2018-08-15 14:34:31.325000,1.13233,1.1323,11620000,1200000
2018-08-15 14:34:31.869000,1.13233,1.13231,1310000,1120000
2018-08-15 14:34:31.924000,1.13232,1.13229,1620000,3070000
2018-08-15 14:34:32.432000,1.1323,1.13228,1000000,4390000
2018-08-15 14:34:32.946000,1.13231,1.13228,1500000,3630000
2018-08-15 14:34:33.520000,1.1323,1.13228,1000000,3630000
2018-08-15 14:34:34.026000,1.13231,1.13228,1500000,2890000
2018-08-15 14:34:35.436000,1.1323,1.13228,1000000,4640000
2018-08-15 14:34:36.077000,1.13232,1.13228,3370000,4390000
2018-08-15 14:34:37.375000,1.13232,1.13228,2620000,4010000
2018-08-15 14:34:38.015000,1.13232,1.13229,4870000,1000000
2018-08-15 14:34:38.631000,1.13231,1.13228,1120000,9260000
2018-08-15 14:34:39.274000,1.13232,1.1323,2250000,1000000
2018-08-15 14:34:39.327000,1.13234,1.13231,1120000,9070000
2018-08-15 14:34:39.879000,1.13235,1.13233,1190000,1000000
2018-08-15 14:34:40.403000,1.13236,1.13233,1690000,1120000
2018-08-15 14:34:41.992000,1.13237,1.13235,4870000,1310000
2018-08-15 14:34:42.097000,1.13239,1.13235,3000000,3260000
2018-08-15 14:34:42.397000,1.13236,1.13233,3790000,1500000
2018-08-15 14:34:42.924000,1.13237,1.13233,8060000,7950000
2018-08-15 14:34:45.195000,1.13235,1.13233,1000000,1760000
2018-08-15 14:34:45.765000,1.13236,1.13232,5060000,3450000
2018-08-15 14:34:46.319000,1.13235,1.13232,3750000,1870000
2018-08-15 14:34:48.007000,1.13236,1.13233,6750000,2250000
2018-08-15 14:34:48.110000,1.13236,1.13234,1120000,1870000
2018-08-15 14:34:48.407000,1.13241,1.13239,2620000,1000000
2018-08-15 14:34:48.909000,1.13242,1.13239,5440000,1950000
2018-08-15 14:34:49.420000,1.13241,1.13239,1000000,1760000
2018-08-15 14:34:54.110000,1.1324,1.13239,1500000,1000000
2018-08-15 14:34:54.634000,1.13241,1.13239,3000000,2440000
2018-08-15 14:34:55.826000,1.13242,1.13241,1000000,1310000
2018-08-15 14:34:55.879000,1.13244,1.13241,1000000,3000000
2018-08-15 14:34:56.391000,1.13244,1.13241,1000000,2700000
2018-08-15 14:34:56.881000,1.13246,1.13243,1120000,2440000
2018-08-15 14:34:57.198000,1.13248,1.13246,1000000,2620000
2018-08-15 14:34:57.709000,1.13248,1.13245,1000000,4310000
2018-08-15 14:34:59.008000,1.13248,1.13245,1500000,7390000
2018-08-15 14:34:59.534000,1.13249,1.13246,1870000,1000000
2018-08-15 14:35:00.426000,1.13249,1.13246,1870000,1120000
2018-08-15 14:35:00.744000,1.13244,1.13242,1250000,5510000
2018-08-15 14:35:01.289000,1.13244,1.13242,1000000,1570000
2018-08-15 14:35:01.678000,1.13242,1.1324,1500000,4570000
2018-08-15 14:35:02.730000,1.13244,1.1324,6000000,1570000
2018-08-15 14:35:03.272000,1.13241,1.1324,2250000,1200000
2018-08-15 14:35:03.778000,1.13241,1.13239,2250000,4950000
2018-08-15 14:35:04.285000,1.13241,1.13239,1500000,2700000
2018-08-15 14:35:04.836000,1.1324,1.13239,1000000,1100000
2018-08-15 14:35:05.403000,1.1324,1.13238,1000000,6820000
2018-08-15 14:35:05.947000,1.13239,1.13238,1000000,3000000
2018-08-15 14:35:06.168000,1.13237,1.13235,2060000,1000000
2018-08-15 14:35:06.552000,1.13235,1.13234,1000000,3370000
2018-08-15 14:35:07.065000,1.13237,1.13234,2440000,4570000
2018-08-15 14:35:07.383000,1.13238,1.13237,1000000,3560000
2018-08-15 14:35:07.437000,1.13241,1.13237,4870000,5060000
2018-08-15 14:35:07.600000,1.1324,1.13237,3190000,1000000
2018-08-15 14:35:08.223000,1.1324,1.13237,2250000,1000000
2018-08-15 14:35:08.332000,1.13237,1.13235,4500000,1870000
2018-08-15 14:35:08.437000,1.13238,1.13236,2250000,1010000
2018-08-15 14:35:08.644000,1.13236,1.13235,1120000,1250000
2018-08-15 14:35:09.174000,1.13238,1.13235,3370000,1120000
2018-08-15 14:35:09.708000,1.13236,1.13234,1120000,3140000
2018-08-15 14:35:10.251000,1.13236,1.13234,1000000,5470000
2018-08-15 14:35:10.777000,1.13235,1.13233,1870000,1100000
2018-08-15 14:35:11.132000,1.13236,1.13235,1310000,2250000
2018-08-15 14:35:11.291000,1.13236,1.13233,1120000,4120000
2018-08-15 14:35:11.343000,1.13235,1.13233,1190000,1000000
2018-08-15 14:35:11.446000,1.13236,1.13232,6940000,2510000
2018-08-15 14:35:11.997000,1.13235,1.13231,1310000,7380000
2018-08-15 14:35:12.701000,1.13234,1.13231,3000000,1200000
2018-08-15 14:35:13.025000,1.13231,1.1323,1120000,1500000
2018-08-15 14:35:13.333000,1.13233,1.13231,1000000,1250000
2018-08-15 14:35:13.834000,1.13234,1.1323,1870000,4570000
2018-08-15 14:35:15.169000,1.13234,1.13231,1000000,1200000
2018-08-15 14:35:16.449000,1.13234,1.13231,1000000,3450000
2018-08-15 14:35:16.941000,1.13231,1.13229,1000000,3070000
2018-08-15 14:35:16.995000,1.13233,1.13229,3370000,3450000
2018-08-15 14:35:17.048000,1.13232,1.1323,1000000,2620000
2018-08-15 14:35:17.100000,1.13233,1.1323,2250000,4500000
2018-08-15 14:35:17.636000,1.13234,1.1323,5440000,4760000
2018-08-15 14:35:19.525000,1.13233,1.1323,1250000,7570000
2018-08-15 14:35:20.052000,1.13234,1.1323,3750000,5510000
2018-08-15 14:35:21.058000,1.13233,1.1323,1500000,5700000
2018-08-15 14:35:24.681000,1.13232,1.13231,1000000,1120000
2018-08-15 14:35:24.735000,1.13231,1.13229,3190000,3260000
2018-08-15 14:35:25.284000,1.13233,1.13229,3370000,8890000
2018-08-15 14:35:26.711000,1.13234,1.13231,3370000,1000000
2018-08-15 14:35:26.818000,1.13235,1.13232,1870000,2060000
2018-08-15 14:35:27.357000,1.13235,1.13232,1250000,6670000
2018-08-15 14:35:28.377000,1.13233,1.13232,1250000,1250000
2018-08-15 14:35:28.909000,1.13235,1.13232,1500000,1910000
2018-08-15 14:35:29.145000,1.13234,1.13232,5440000,1200000
2018-08-15 14:35:29.249000,1.13235,1.13231,3000000,7050000
2018-08-15 14:35:29.456000,1.13235,1.13232,1120000,2320000
2018-08-15 14:35:30.312000,1.13235,1.13231,1120000,8320000
2018-08-15 14:35:30.366000,1.13235,1.13231,1690000,6450000
2018-08-15 14:35:30.419000,1.13235,1.13231,1310000,6450000
2018-08-15 14:35:30.681000,1.13235,1.13232,2250000,2140000
2018-08-15 14:35:31.033000,1.13235,1.13232,2250000,1100000
2018-08-15 14:35:31.103000,1.13235,1.13232,1120000,3450000
2018-08-15 14:35:31.939000,1.13235,1.13232,1120000,3670000
2018-08-15 14:35:32.476000,1.13235,1.13232,1120000,1950000
2018-08-15 14:35:33.930000,1.13233,1.13231,2060000,2320000
2018-08-15 14:35:34.087000,1.13235,1.13231,2250000,2810000
2018-08-15 14:35:34.789000,1.13235,1.13233,1310000,1000000
2018-08-15 14:35:35.292000,1.13235,1.13232,1310000,3820000
2018-08-15 14:35:36.209000,1.13235,1.13232,1310000,3070000
2018-08-15 14:35:36.789000,1.13232,1.13231,1250000,4760000
2018-08-15 14:35:37.325000,1.13233,1.13231,1000000,4010000
2018-08-15 14:35:37.835000,1.13233,1.13231,1000000,5360000
2018-08-15 14:35:38.348000,1.13234,1.13232,1120000,2060000
2018-08-15 14:35:38.402000,1.13235,1.13233,1500000,1100000
2018-08-15 14:35:38.456000,1.13237,1.13235,9560000,1690000
2018-08-15 14:35:38.773000,1.13239,1.13236,1500000,3260000
2018-08-15 14:35:40.930000,1.13238,1.13236,2620000,1100000
2018-08-15 14:35:41.090000,1.13236,1.13233,3370000,1100000
2018-08-15 14:35:43.039000,1.13234,1.13233,1250000,1000000
2018-08-15 14:35:43.560000,1.13234,1.13232,1000000,1010000
2018-08-15 14:35:44.151000,1.13234,1.13232,1000000,3260000
2018-08-15 14:35:45.189000,1.13236,1.13233,1500000,1120000
2018-08-15 14:35:45.751000,1.13236,1.13233,1500000,3820000
2018-08-15 14:35:49.730000,1.13236,1.13233,1690000,4390000
2018-08-15 14:35:50.283000,1.13236,1.13233,4310000,1760000
2018-08-15 14:35:54.153000,1.13236,1.13233,2250000,1100000
2018-08-15 14:35:54.484000,1.13233,1.13231,1000000,1570000
2018-08-15 14:35:55.034000,1.13234,1.13231,1000000,3410000
2018-08-15 14:35:55.298000,1.13236,1.13232,2810000,4950000
2018-08-15 14:35:55.908000,1.13236,1.13233,1690000,1000000
2018-08-15 14:35:56.416000,1.13236,1.13233,4690000,3450000
2018-08-15 14:35:56.870000,1.13236,1.13232,1690000,7570000
2018-08-15 14:35:58.380000,1.13236,1.13232,1690000,10200000
2018-08-15 14:35:59.281000,1.13236,1.13233,3370000,1120000
2018-08-15 14:35:59.861000,1.13236,1.13234,2440000,1000000
2018-08-15 14:36:00.306000,1.13237,1.13234,10990000,1000000
2018-08-15 14:36:00.902000,1.13237,1.13232,11180000,8510000
2018-08-15 14:36:01.937000,1.13236,1.13233,2620000,1870000
2018-08-15 14:36:01.989000,1.13234,1.13231,11060000,2700000
2018-08-15 14:36:02.093000,1.13232,1.1323,1000000,1500000
2018-08-15 14:36:02.317000,1.13235,1.13231,8440000,9450000
2018-08-15 14:36:02.819000,1.13236,1.13232,5810000,3070000
2018-08-15 14:36:03.562000,1.13236,1.13232,2810000,4570000
2018-08-15 14:36:04.418000,1.13236,1.13232,4310000,7570000
2018-08-15 14:36:04.970000,1.13236,1.13233,5060000,1000000
2018-08-15 14:36:06.189000,1.13236,1.13232,2810000,5320000
2018-08-15 14:36:06.697000,1.13236,1.13232,2250000,6450000
2018-08-15 14:36:07.368000,1.13236,1.13233,1690000,1100000
2018-08-15 14:36:08.108000,1.13236,1.13233,2810000,1390000
2018-08-15 14:36:09.061000,1.13233,1.13232,5810000,3260000
2018-08-15 14:36:09.329000,1.13235,1.13232,2060000,2250000
2018-08-15 14:36:09.851000,1.13235,1.13233,1120000,1950000
2018-08-15 14:36:16.188000,1.13236,1.13234,1870000,1000000
2018-08-15 14:36:16.736000,1.13236,1.13234,1000000,1000000
2018-08-15 14:36:20.092000,1.13237,1.13234,2950000,1100000
2018-08-15 14:36:20.669000,1.13237,1.13234,5200000,1760000
2018-08-15 14:36:21.215000,1.13237,1.13233,14250000,1000000
2018-08-15 14:36:21.723000,1.13236,1.13233,4310000,1690000
2018-08-15 14:36:21.878000,1.13237,1.13234,4120000,1120000
2018-08-15 14:36:21.931000,1.13238,1.13236,3750000,1000000
2018-08-15 14:36:22.464000,1.1324,1.13237,3070000,2620000
2018-08-15 14:36:23.372000,1.13238,1.13236,8440000,1200000
2018-08-15 14:36:23.881000,1.13239,1.13236,5250000,1200000
2018-08-15 14:36:24.193000,1.13235,1.13233,3940000,1200000
2018-08-15 14:36:25.424000,1.13236,1.13232,7990000,1950000
2018-08-15 14:36:25.951000,1.13233,1.13232,5620000,1000000
2018-08-15 14:36:26.560000,1.13234,1.13231,1370000,1950000
2018-08-15 14:36:26.940000,1.13235,1.13231,3190000,2510000
2018-08-15 14:36:27.145000,1.13234,1.13231,1120000,2700000
2018-08-15 14:36:27.375000,1.13237,1.13236,18299999,2100000
2018-08-15 14:36:27.532000,1.1324,1.13238,1870000,1120000
2018-08-15 14:36:27.584000,1.13238,1.13237,2620000,1570000
2018-08-15 14:36:27.636000,1.1324,1.13237,1250000,2550000
2018-08-15 14:36:30.447000,1.13239,1.13237,1500000,1570000
2018-08-15 14:36:30.499000,1.13237,1.13236,1120000,1200000
2018-08-15 14:36:30.552000,1.13237,1.13235,1000000,1690000
2018-08-15 14:36:30.656000,1.13235,1.13233,1000000,1570000
2018-08-15 14:36:30.760000,1.13235,1.13232,1500000,4990000
2018-08-15 14:36:30.990000,1.13236,1.13234,5060000,1000000
2018-08-15 14:36:31.306000,1.13241,1.13239,1000000,2100000
2018-08-15 14:36:31.603000,1.13243,1.1324,3450000,1500000
2018-08-15 14:36:32.101000,1.13243,1.13242,1100000,1000000
2018-08-15 14:36:32.153000,1.13245,1.13242,3370000,2620000
2018-08-15 14:36:33.001000,1.13245,1.13242,1120000,2320000
2018-08-15 14:36:33.590000,1.13248,1.13247,14250000,1500000
2018-08-15 14:36:33.701000,1.13253,1.13252,2620000,1120000
2018-08-15 14:36:33.862000,1.1326,1.13257,1000000,4870000
2018-08-15 14:36:34.363000,1.13261,1.13258,2060000,1000000
2018-08-15 14:36:34.570000,1.1326,1.13258,1190000,1200000
2018-08-15 14:36:34.807000,1.13256,1.13253,1000000,1100000
2018-08-15 14:36:35.786000,1.13256,1.13252,1120000,2320000
2018-08-15 14:36:35.891000,1.13256,1.13252,1120000,1570000
2018-08-15 14:36:36.161000,1.13257,1.13254,2250000,1870000
2018-08-15 14:36:36.712000,1.13256,1.13253,1310000,1760000
2018-08-15 14:36:37.235000,1.13256,1.13253,2250000,1000000
2018-08-15 14:36:37.736000,1.13255,1.13252,1250000,1570000
2018-08-15 14:36:38.265000,1.13255,1.13252,1120000,3260000
2018-08-15 14:36:39.694000,1.13256,1.13252,1310000,1570000
2018-08-15 14:36:40.228000,1.13256,1.13252,1310000,1950000
2018-08-15 14:36:41.896000,1.13256,1.13254,1120000,1000000
2018-08-15 14:36:43.162000,1.13256,1.13254,4310000,1000000
2018-08-15 14:36:43.537000,1.13253,1.13252,2620000,2140000
2018-08-15 14:36:43.592000,1.13253,1.13251,4120000,1250000
2018-08-15 14:36:43.804000,1.1325,1.13248,1000000,1200000
2018-08-15 14:36:44.685000,1.1325,1.13249,1000000,1120000
2018-08-15 14:36:45.206000,1.1325,1.13248,1000000,1760000
2018-08-15 14:36:46.887000,1.13247,1.13245,2620000,2250000
2018-08-15 14:36:47.007000,1.13246,1.13243,2060000,1000000
2018-08-15 14:36:47.568000,1.13245,1.13243,1000000,1690000
2018-08-15 14:36:48.117000,1.13246,1.13243,3000000,1690000
2018-08-15 14:36:48.426000,1.13244,1.13243,1000000,1000000
2018-08-15 14:36:48.532000,1.13243,1.13241,1000000,1950000
2018-08-15 14:36:49.069000,1.13243,1.13241,1000000,2140000
2018-08-15 14:36:49.936000,1.1324,1.13239,1000000,1250000
2018-08-15 14:36:50.091000,1.13241,1.13237,5470000,2890000
2018-08-15 14:36:50.613000,1.1324,1.13237,1000000,5510000
2018-08-15 14:36:51.168000,1.13241,1.13237,4120000,3260000
2018-08-15 14:36:51.431000,1.13242,1.13241,1000000,2060000
2018-08-15 14:36:51.980000,1.13243,1.13241,1000000,2320000
2018-08-15 14:36:53.205000,1.13244,1.13243,1870000,1250000
2018-08-15 14:36:57.011000,1.13244,1.13242,1000000,3070000
2018-08-15 14:36:57.590000,1.13244,1.13242,1000000,4760000
2018-08-15 14:36:59.173000,1.13244,1.13242,1000000,1250000
2018-08-15 14:37:01.535000,1.13244,1.13242,1000000,2320000
2018-08-15 14:37:03.235000,1.13243,1.13242,1500000,1000000
2018-08-15 14:37:03.757000,1.13243,1.13241,1500000,2250000
2018-08-15 14:37:04.332000,1.13243,1.13242,1500000,1000000
2018-08-15 14:37:05.107000,1.13243,1.13241,1500000,2250000
2018-08-15 14:37:05.648000,1.13243,1.13242,1500000,1000000
2018-08-15 14:37:06.200000,1.13243,1.13241,1000000,2250000
2018-08-15 14:37:07.037000,1.13243,1.13241,1000000,3070000
2018-08-15 14:37:08.029000,1.13244,1.13242,1000000,1310000
2018-08-15 14:37:08.462000,1.13248,1.13246,7500000,1000000
2018-08-15 14:37:08.565000,1.13249,1.13247,2810000,2700000
2018-08-15 14:37:09.246000,1.13246,1.13245,1000000,1950000
2018-08-15 14:37:09.348000,1.13246,1.13244,3190000,1000000
2018-08-15 14:37:11.142000,1.13247,1.13245,1000000,1350000
2018-08-15 14:37:11.214000,1.13248,1.13247,1000000,1250000
2018-08-15 14:37:11.266000,1.1325,1.13247,5250000,8470000
2018-08-15 14:37:11.318000,1.13251,1.1325,1120000,1120000
2018-08-15 14:37:11.480000,1.13254,1.13252,1000000,1120000
2018-08-15 14:37:11.551000,1.13255,1.13253,1000000,2250000
2018-08-15 14:37:12.927000,1.13256,1.13252,3000000,5920000
2018-08-15 14:37:12.980000,1.13256,1.13252,6750000,3670000
2018-08-15 14:37:14.037000,1.13255,1.13251,1000000,8360000
2018-08-15 14:37:14.665000,1.13255,1.13252,4690000,1310000
2018-08-15 14:37:14.988000,1.13242,1.13241,1250000,1950000
2018-08-15 14:37:15.145000,1.13234,1.13231,2060000,1570000
2018-08-15 14:37:15.310000,1.13229,1.13228,1000000,1000000
2018-08-15 14:37:15.817000,1.1323,1.13228,1000000,1000000
2018-08-15 14:37:16.773000,1.1323,1.13226,1500000,2620000
2018-08-15 14:37:17.110000,1.13229,1.13225,3450000,2620000
2018-08-15 14:37:17.442000,1.13226,1.13222,4570000,1000000
2018-08-15 14:37:18.164000,1.13224,1.13221,1000000,1690000
2018-08-15 14:37:18.748000,1.13223,1.13221,1000000,3560000
2018-08-15 14:37:19.236000,1.13224,1.13222,1000000,1310000
2018-08-15 14:37:19.557000,1.13231,1.13226,2140000,4200000
2018-08-15 14:37:20.454000,1.1323,1.13227,1120000,1200000
2018-08-15 14:37:20.960000,1.1323,1.13227,1000000,1660000
2018-08-15 14:37:21.509000,1.13231,1.13226,2810000,6420000
2018-08-15 14:37:22.066000,1.13231,1.13226,3640000,4540000
2018-08-15 14:37:22.169000,1.13228,1.13226,3940000,1170000
2018-08-15 14:37:22.223000,1.13226,1.13222,1500000,1950000
2018-08-15 14:37:22.363000,1.13224,1.13221,1500000,1570000
2018-08-15 14:37:22.945000,1.13225,1.1322,4690000,3450000
2018-08-15 14:37:23.517000,1.13224,1.1322,1120000,6640000
2018-08-15 14:37:24.038000,1.13224,1.13221,1000000,3940000
2018-08-15 14:37:24.594000,1.13225,1.13221,3370000,2440000
2018-08-15 14:37:24.906000,1.13223,1.1322,2620000,1870000
2018-08-15 14:37:25.141000,1.1322,1.13217,1690000,1000000
2018-08-15 14:37:27.546000,1.13219,1.13216,1690000,1120000
2018-08-15 14:37:27.605000,1.13216,1.13215,1000000,2250000
2018-08-15 14:37:27.722000,1.13219,1.13217,1120000,1870000
2018-08-15 14:37:28.498000,1.13218,1.13216,1000000,1760000
2018-08-15 14:37:29.131000,1.13218,1.13214,6560000,3070000
2018-08-15 14:37:29.672000,1.13218,1.13215,3000000,2060000
2018-08-15 14:37:29.986000,1.13219,1.13217,3750000,4260000
2018-08-15 14:37:30.095000,1.13224,1.13223,1870000,1870000
2018-08-15 14:37:30.150000,1.13222,1.1322,1000000,2250000
2018-08-15 14:37:30.299000,1.13221,1.13219,1690000,4120000
2018-08-15 14:37:30.463000,1.13219,1.13217,2620000,1000000
2018-08-15 14:37:31.583000,1.13218,1.13216,7310000,1000000
2018-08-15 14:37:31.635000,1.13215,1.13213,1120000,2620000
2018-08-15 14:37:32.216000,1.13215,1.13213,1760000,1000000
2018-08-15 14:37:32.730000,1.13215,1.13211,3450000,2890000
2018-08-15 14:37:33.242000,1.13215,1.13213,1950000,1310000
2018-08-15 14:37:33.397000,1.13218,1.13214,11250000,2620000
2018-08-15 14:37:33.553000,1.13219,1.13215,1120000,7690000
2018-08-15 14:37:33.869000,1.1322,1.13218,2250000,1000000
2018-08-15 14:37:34.491000,1.1322,1.13219,1000000,1000000
2018-08-15 14:37:34.749000,1.13224,1.1322,2620000,3560000
2018-08-15 14:37:35.262000,1.13224,1.1322,1690000,3640000
2018-08-15 14:37:35.488000,1.13222,1.13218,8620000,3190000
2018-08-15 14:37:35.802000,1.13222,1.1322,1000000,1690000
2018-08-15 14:37:36.046000,1.13224,1.1322,1500000,5510000
2018-08-15 14:37:36.804000,1.13224,1.13221,1500000,3560000
2018-08-15 14:37:38.309000,1.13225,1.13221,4870000,2440000
2018-08-15 14:37:38.571000,1.13227,1.13225,5570000,1000000
2018-08-15 14:37:38.917000,1.13226,1.13223,1870000,1120000
2018-08-15 14:37:39.445000,1.13226,1.13223,1000000,1250000
2018-08-15 14:37:39.958000,1.13226,1.13222,3750000,1950000
2018-08-15 14:37:40.466000,1.13226,1.13222,3940000,1950000
2018-08-15 14:37:41.005000,1.13226,1.13224,1250000,1000000
2018-08-15 14:37:41.529000,1.13226,1.13224,1690000,1000000
2018-08-15 14:37:42.052000,1.13226,1.13224,1000000,1000000
2018-08-15 14:37:42.580000,1.13226,1.13223,1120000,1000000
2018-08-15 14:37:44.390000,1.13226,1.13223,1310000,1370000
2018-08-15 14:37:45.173000,1.13226,1.13223,1000000,1000000
2018-08-15 14:37:45.702000,1.13226,1.13223,9000000,1000000
2018-08-15 14:37:46.220000,1.13225,1.13222,1500000,4690000
2018-08-15 14:37:46.739000,1.13226,1.13222,4120000,2060000
2018-08-15 14:37:47.134000,1.13225,1.13222,1370000,1760000
2018-08-15 14:37:47.971000,1.13226,1.13223,2250000,1870000
2018-08-15 14:37:49.042000,1.13226,1.13223,3190000,2440000
2018-08-15 14:37:50.322000,1.13226,1.13225,3000000,1000000
2018-08-15 14:37:50.653000,1.1323,1.13227,2250000,3190000
2018-08-15 14:37:51.032000,1.13229,1.13227,5440000,1000000
2018-08-15 14:37:51.087000,1.13228,1.13226,1000000,1500000
2018-08-15 14:37:51.596000,1.13228,1.13225,1870000,1120000
2018-08-15 14:37:51.649000,1.13225,1.13224,1000000,1950000
2018-08-15 14:37:52.151000,1.13225,1.13223,3000000,1000000
2018-08-15 14:37:52.675000,1.13224,1.13223,1000000,1000000
2018-08-15 14:37:54.290000,1.13225,1.13223,1000000,1120000
2018-08-15 14:37:54.450000,1.13227,1.13223,4870000,3070000
2018-08-15 14:37:54.999000,1.13227,1.13223,5620000,1120000
2018-08-15 14:37:55.512000,1.13226,1.13223,1370000,3000000
2018-08-15 14:37:55.563000,1.13227,1.13223,12900000,3750000
2018-08-15 14:37:56.171000,1.13226,1.13223,1500000,3370000
2018-08-15 14:37:57.147000,1.13227,1.13223,6750000,2250000
2018-08-15 14:37:57.664000,1.13227,1.13223,11100000,1500000
2018-08-15 14:37:58.646000,1.13226,1.13223,2250000,4870000
2018-08-15 14:37:59.113000,1.13228,1.13224,6370000,2620000
2018-08-15 14:37:59.600000,1.13229,1.13227,1500000,1000000
2018-08-15 14:37:59.755000,1.13231,1.13227,6220000,1570000
2018-08-15 14:38:00.327000,1.1323,1.13227,1720000,3820000
2018-08-15 14:38:01.065000,1.13228,1.13226,1000000,4760000
2018-08-15 14:38:01.591000,1.1323,1.13226,6940000,1120000
2018-08-15 14:38:02.144000,1.1323,1.13226,5060000,1690000
2018-08-15 14:38:02.679000,1.13229,1.13227,1000000,1000000
2018-08-15 14:38:03.204000,1.1323,1.13227,3750000,1000000
2018-08-15 14:38:03.740000,1.1323,1.13226,2020000,7010000
2018-08-15 14:38:05.022000,1.1323,1.13227,3000000,1000000
2018-08-15 14:38:05.571000,1.1323,1.13229,1000000,1870000
2018-08-15 14:38:05.676000,1.13231,1.13227,7310000,2440000
2018-08-15 14:38:05.730000,1.13229,1.13226,1690000,2320000
2018-08-15 14:38:05.783000,1.13226,1.13225,1250000,1500000
2018-08-15 14:38:05.836000,1.13226,1.13223,1250000,3070000
2018-08-15 14:38:06.132000,1.13225,1.13223,1370000,1000000
2018-08-15 14:38:07.856000,1.13224,1.13221,1120000,4200000
2018-08-15 14:38:10.660000,1.13225,1.13221,5620000,5250000
2018-08-15 14:38:12.500000,1.13222,1.13221,2440000,1000000
2018-08-15 14:38:12.836000,1.13214,1.13212,1000000,1500000
2018-08-15 14:38:12.990000,1.13216,1.13213,6450000,1120000
2018-08-15 14:38:13.044000,1.13216,1.13215,1500000,2250000
2018-08-15 14:38:13.151000,1.13219,1.13216,1120000,4120000
2018-08-15 14:38:13.690000,1.13219,1.13217,1500000,1000000
2018-08-15 14:38:15.870000,1.13216,1.13214,7350000,2320000
2018-08-15 14:38:15.925000,1.13216,1.13214,2250000,1000000
2018-08-15 14:38:16.470000,1.13216,1.13213,1000000,4010000
2018-08-15 14:38:16.627000,1.13217,1.13214,1120000,2510000
2018-08-15 14:38:16.783000,1.13219,1.13216,3190000,1000000
2018-08-15 14:38:17.354000,1.13217,1.13215,1000000,7760000
2018-08-15 14:38:17.406000,1.13218,1.13216,1000000,1870000
2018-08-15 14:38:17.693000,1.1322,1.13217,4540000,1000000
2018-08-15 14:38:18.238000,1.13221,1.13219,1250000,1000000
2018-08-15 14:38:18.499000,1.13224,1.1322,6000000,8810000
2018-08-15 14:38:18.553000,1.13224,1.13223,4120000,1120000
2018-08-15 14:38:19.073000,1.13225,1.13222,1870000,1000000
2018-08-15 14:38:19.446000,1.13226,1.13222,5100000,5810000
2018-08-15 14:38:19.856000,1.13228,1.13226,1120000,2810000
2018-08-15 14:38:20.374000,1.13229,1.13227,1250000,1310000
2018-08-15 14:38:21.147000,1.13229,1.13228,1000000,1000000
2018-08-15 14:38:22.250000,1.13227,1.13226,1000000,1100000
2018-08-15 14:38:22.302000,1.13229,1.13226,1870000,1120000
2018-08-15 14:38:22.641000,1.1323,1.13228,1350000,1000000
2018-08-15 14:38:23.268000,1.13231,1.13228,6340000,1000000
2018-08-15 14:38:23.782000,1.13231,1.13228,4500000,2140000
2018-08-15 14:38:24.286000,1.1323,1.13228,8810000,1000000
2018-08-15 14:38:26.304000,1.13231,1.13229,4310000,4950000
2018-08-15 14:38:26.833000,1.1323,1.13227,1000000,4690000
2018-08-15 14:38:26.886000,1.13228,1.13226,2120000,4950000
2018-08-15 14:38:27.127000,1.13225,1.13224,1000000,1000000
2018-08-15 14:38:27.633000,1.13224,1.13223,1000000,1120000
2018-08-15 14:38:28.347000,1.13225,1.13224,1120000,1000000
2018-08-15 14:38:28.731000,1.13223,1.13221,1120000,1100000
2018-08-15 14:38:28.785000,1.13224,1.13222,4870000,1000000
2018-08-15 14:38:28.838000,1.13224,1.13221,3370000,1500000
2018-08-15 14:38:29.406000,1.13224,1.13223,1000000,1000000
2018-08-15 14:38:30.432000,1.13225,1.13223,5620000,1000000
2018-08-15 14:38:30.988000,1.13225,1.13223,1370000,1000000
2018-08-15 14:38:31.935000,1.13225,1.13223,1870000,1000000
2018-08-15 14:38:33.815000,1.13225,1.13224,1500000,1000000
2018-08-15 14:38:34.023000,1.13224,1.13222,1690000,1000000
2018-08-15 14:38:34.561000,1.13224,1.13222,5250000,1000000
2018-08-15 14:38:35.792000,1.13225,1.13222,4690000,1010000
2018-08-15 14:38:36.414000,1.13225,1.13223,1870000,1000000
2018-08-15 14:38:36.520000,1.13227,1.13224,4120000,4720000
2018-08-15 14:38:36.673000,1.13225,1.13224,1000000,1500000
2018-08-15 14:38:37.188000,1.13225,1.13223,4870000,1120000
2018-08-15 14:38:38.188000,1.13224,1.13223,1000000,1120000
2018-08-15 14:38:38.723000,1.13225,1.13224,1500000,1000000
2018-08-15 14:38:39.239000,1.13225,1.13223,3940000,1950000
2018-08-15 14:38:39.861000,1.13225,1.13224,1000000,1000000
2018-08-15 14:38:41.373000,1.13225,1.13222,5810000,1000000
2018-08-15 14:38:41.918000,1.13225,1.13222,3750000,1950000
2018-08-15 14:38:42.983000,1.13225,1.13223,1000000,2620000
2018-08-15 14:38:43.528000,1.13226,1.13223,5620000,2250000
2018-08-15 14:38:44.091000,1.13226,1.13223,4120000,1950000
2018-08-15 14:38:44.619000,1.13225,1.13223,2810000,1000000
2018-08-15 14:38:45.166000,1.13224,1.13223,1000000,1000000
2018-08-15 14:38:45.693000,1.13223,1.13222,1000000,1250000
2018-08-15 14:38:46.228000,1.13224,1.13223,1870000,1100000
2018-08-15 14:38:46.877000,1.13225,1.13224,1000000,2290000
2018-08-15 14:38:47.035000,1.13231,1.13228,3370000,1570000
2018-08-15 14:38:47.087000,1.1323,1.13229,1000000,1000000
2018-08-15 14:38:47.418000,1.1323,1.13228,4690000,1200000
2018-08-15 14:38:48.085000,1.1323,1.13228,2810000,1120000
2018-08-15 14:38:48.604000,1.1323,1.13228,2440000,1000000
2018-08-15 14:38:49.158000,1.1323,1.13228,2810000,1000000
2018-08-15 14:38:49.694000,1.13229,1.13227,1120000,2700000
2018-08-15 14:38:49.797000,1.13227,1.13226,3750000,1950000
2018-08-15 14:38:49.900000,1.13226,1.13225,2250000,1000000
2018-08-15 14:38:51.146000,1.13227,1.13225,3370000,1000000
2018-08-15 14:38:51.692000,1.13227,1.13225,6560000,1000000
2018-08-15 14:38:52.455000,1.13227,1.13225,4870000,1000000
2018-08-15 14:38:53.054000,1.13226,1.13225,1690000,1000000
2018-08-15 14:38:53.572000,1.13226,1.13224,1690000,1760000
2018-08-15 14:38:53.728000,1.13227,1.13224,4870000,2010000
2018-08-15 14:38:54.257000,1.13226,1.13224,1500000,2010000
2018-08-15 14:38:54.930000,1.13226,1.13224,2440000,1690000
2018-08-15 14:38:55.796000,1.13226,1.13223,2440000,4500000
2018-08-15 14:38:56.307000,1.13227,1.13223,5060000,4010000
2018-08-15 14:38:56.815000,1.13226,1.13223,1000000,4390000
2018-08-15 14:38:57.320000,1.13226,1.13223,4310000,3450000
2018-08-15 14:38:57.840000,1.13227,1.13223,11250000,2890000
2018-08-15 14:39:00.088000,1.13225,1.13223,1120000,1870000
2018-08-15 14:39:01.078000,1.13224,1.13223,1000000,1200000
2018-08-15 14:39:01.424000,1.13226,1.13225,3450000,1870000
2018-08-15 14:39:01.478000,1.13228,1.13227,1000000,2810000
2018-08-15 14:39:01.531000,1.13232,1.13231,1500000,2060000
2018-08-15 14:39:01.635000,1.13236,1.13233,3370000,5060000
2018-08-15 14:39:01.758000,1.13237,1.13235,4500000,2700000
2018-08-15 14:39:01.811000,1.1324,1.13238,6190000,1570000
2018-08-15 14:39:01.865000,1.13241,1.13238,3370000,1570000
2018-08-15 14:39:02.020000,1.13243,1.13242,4120000,1200000
2018-08-15 14:39:02.071000,1.13245,1.13242,1000000,3070000
2018-08-15 14:39:02.293000,1.13248,1.13247,2060000,2890000
2018-08-15 14:39:02.396000,1.13252,1.13248,6190000,2700000
2018-08-15 14:39:02.448000,1.13253,1.13251,5620000,1010000
2018-08-15 14:39:02.500000,1.13254,1.13252,1870000,1000000
2018-08-15 14:39:02.958000,1.13255,1.13252,8440000,1450000
2018-08-15 14:39:03.011000,1.13255,1.13251,2810000,2320000
2018-08-15 14:39:03.352000,1.13252,1.13251,1000000,2400000
2018-08-15 14:39:03.859000,1.13252,1.13248,8810000,1850000
2018-08-15 14:39:04.583000,1.13253,1.13251,4120000,1000000
2018-08-15 14:39:04.856000,1.13251,1.13249,1120000,4200000
2018-08-15 14:39:05.190000,1.13255,1.13251,3970000,4010000
2018-08-15 14:39:05.487000,1.13256,1.13253,2250000,1500000
2018-08-15 14:39:05.744000,1.13256,1.13253,5620000,2440000
2018-08-15 14:39:06.011000,1.13256,1.13253,1870000,1500000
2018-08-15 14:39:06.296000,1.13251,1.1325,1000000,1100000
2018-08-15 14:39:06.799000,1.13252,1.13248,6190000,1500000
2018-08-15 14:39:07.320000,1.1325,1.13248,1250000,2440000
2018-08-15 14:39:07.820000,1.1325,1.13247,1250000,1500000
2018-08-15 14:39:08.328000,1.13251,1.13248,6000000,1000000
2018-08-15 14:39:09.058000,1.13249,1.13248,1000000,1000000
2018-08-15 14:39:09.586000,1.13249,1.13247,1000000,1000000
2018-08-15 14:39:09.849000,1.1325,1.13248,1000000,3000000
2018-08-15 14:39:10.390000,1.13249,1.13248,1250000,1120000
2018-08-15 14:39:11.418000,1.13249,1.13246,3410000,1470000
2018-08-15 14:39:11.573000,1.13246,1.13243,1500000,3820000
2018-08-15 14:39:12.424000,1.13247,1.13246,3000000,1000000
2018-08-15 14:39:12.943000,1.13247,1.13245,7870000,1000000
2018-08-15 14:39:13.330000,1.13249,1.13246,9450000,1120000
2018-08-15 14:39:13.873000,1.13249,1.13246,3000000,1570000
2018-08-15 14:39:16.299000,1.1325,1.13246,5810000,2700000
2018-08-15 14:39:16.850000,1.13249,1.13246,1120000,3000000
2018-08-15 14:39:17.360000,1.13249,1.13246,1000000,3070000
2018-08-15 14:39:20.373000,1.1325,1.13246,8440000,1500000
2018-08-15 14:39:20.891000,1.13249,1.13246,1000000,1000000
2018-08-15 14:39:22.409000,1.13249,1.13247,2250000,1000000
2018-08-15 14:39:22.971000,1.1325,1.13247,7500000,1000000
2018-08-15 14:39:23.518000,1.1325,1.13248,3370000,1000000
2018-08-15 14:39:24.042000,1.1325,1.13248,7500000,1000000
2018-08-15 14:39:25.731000,1.13249,1.13246,6560000,3000000
2018-08-15 14:39:26.039000,1.13246,1.13244,3970000,1950000
2018-08-15 14:39:26.206000,1.13244,1.13243,2100000,1000000
2018-08-15 14:39:26.909000,1.13238,1.13236,1000000,1500000
2018-08-15 14:39:27.128000,1.13239,1.13236,1500000,3370000
2018-08-15 14:39:27.641000,1.1324,1.13237,1870000,2060000
2018-08-15 14:39:28.949000,1.1324,1.13237,1870000,3560000
2018-08-15 14:39:29.610000,1.1324,1.13237,2510000,1690000
2018-08-15 14:39:30.182000,1.1324,1.13237,2810000,1250000
2018-08-15 14:39:30.718000,1.13239,1.13237,1250000,1870000
2018-08-15 14:39:32.696000,1.13239,1.13237,4870000,1000000
2018-08-15 14:39:32.853000,1.1324,1.13237,4500000,1000000
2018-08-15 14:39:33.384000,1.13239,1.13237,1000000,1000000
2018-08-15 14:39:34.096000,1.1324,1.13237,3750000,1000000
2018-08-15 14:39:36.112000,1.13245,1.13243,3560000,1870000
2018-08-15 14:39:36.164000,1.13247,1.13244,4950000,2810000
2018-08-15 14:39:36.314000,1.13249,1.13246,1200000,1250000
2018-08-15 14:39:36.418000,1.1325,1.13246,3070000,3370000
2018-08-15 14:39:36.977000,1.1325,1.13246,3820000,2060000
2018-08-15 14:39:38.129000,1.13248,1.13246,2440000,3190000
2018-08-15 14:39:38.182000,1.13246,1.13244,4720000,3450000
2018-08-15 14:39:38.323000,1.13244,1.13242,1000000,4120000
2018-08-15 14:39:38.478000,1.13245,1.13241,5440000,3450000
2018-08-15 14:39:38.991000,1.13245,1.13241,10990000,1120000
2018-08-15 14:39:39.507000,1.13244,1.1324,6070000,2440000
2018-08-15 14:39:40.038000,1.13243,1.13239,4310000,5510000
2018-08-15 14:39:40.590000,1.13243,1.13239,2060000,4200000
2018-08-15 14:39:41.098000,1.13242,1.13239,1250000,3280000
2018-08-15 14:39:41.271000,1.1324,1.13238,1000000,1100000
2018-08-15 14:39:41.564000,1.13236,1.13233,1000000,3000000
2018-08-15 14:39:42.122000,1.13237,1.13236,1000000,1000000
2018-08-15 14:39:42.187000,1.13239,1.13236,3640000,1120000
2018-08-15 14:39:42.722000,1.13238,1.13235,1000000,8060000
2018-08-15 14:39:43.051000,1.13239,1.13237,1000000,2710000
2018-08-15 14:39:43.566000,1.1324,1.13238,1120000,1120000
2018-08-15 14:39:45.012000,1.13241,1.13238,3190000,1000000
2018-08-15 14:39:45.330000,1.13239,1.13236,1500000,4120000
2018-08-15 14:39:46.357000,1.13239,1.13236,1000000,8010000
2018-08-15 14:39:46.731000,1.13236,1.13235,1250000,1390000
2018-08-15 14:39:46.784000,1.13236,1.13234,1000000,4870000
2018-08-15 14:39:47.390000,1.13236,1.13234,3370000,1000000
2018-08-15 14:39:47.902000,1.13236,1.13234,1690000,1000000
2018-08-15 14:39:49.425000,1.13235,1.13233,2620000,1500000
2018-08-15 14:39:49.480000,1.13233,1.13232,5440000,1500000
2018-08-15 14:39:49.591000,1.13232,1.1323,1250000,2440000
2018-08-15 14:39:49.805000,1.1323,1.13228,1000000,1950000
2018-08-15 14:39:50.241000,1.13231,1.1323,1000000,1000000
2018-08-15 14:39:50.346000,1.13235,1.13231,10570000,3000000
2018-08-15 14:39:50.850000,1.13232,1.1323,4310000,1000000
2018-08-15 14:39:51.134000,1.13229,1.13226,3000000,2510000
2018-08-15 14:39:51.288000,1.13227,1.13225,2440000,1000000
2018-08-15 14:39:51.340000,1.13227,1.13224,3190000,2250000
2018-08-15 14:39:51.494000,1.13228,1.13225,2250000,3940000
2018-08-15 14:39:51.705000,1.13226,1.13224,1690000,1000000
2018-08-15 14:39:52.072000,1.13228,1.13226,1000000,1000000
2018-08-15 14:39:52.588000,1.13228,1.13225,1000000,7200000
2018-08-15 14:39:52.922000,1.13228,1.13227,1000000,1000000
2018-08-15 14:39:53.431000,1.13229,1.13227,1500000,1000000
2018-08-15 14:39:56.624000,1.1323,1.13228,5250000,1500000
2018-08-15 14:39:57.202000,1.13232,1.13228,1870000,4390000
2018-08-15 14:39:58.046000,1.13231,1.13229,1310000,4200000
2018-08-15 14:39:58.582000,1.13231,1.13229,1870000,1000000
2018-08-15 14:39:59.391000,1.13231,1.13229,2060000,1000000
2018-08-15 14:39:59.933000,1.13231,1.13229,1120000,1000000
2018-08-15 14:40:00.751000,1.13231,1.13228,2060000,2060000
2018-08-15 14:40:01.324000,1.13231,1.13227,1870000,6750000
2018-08-15 14:40:02.016000,1.13221,1.1322,1120000,3750000
2018-08-15 14:40:02.131000,1.13221,1.13219,1480000,1310000
2018-08-15 14:40:02.354000,1.13223,1.13221,1000000,3000000
2018-08-15 14:40:02.868000,1.13224,1.13221,2810000,3940000
2018-08-15 14:40:03.941000,1.13224,1.13221,1120000,2060000
2018-08-15 14:40:04.645000,1.13223,1.13222,1500000,1310000
2018-08-15 14:40:04.698000,1.13222,1.13219,4120000,3070000
2018-08-15 14:40:06.383000,1.13222,1.13218,1500000,4010000
2018-08-15 14:40:06.896000,1.13224,1.13221,7310000,1120000
2018-08-15 14:40:07.534000,1.13224,1.13221,1690000,1200000
2018-08-15 14:40:10.098000,1.13222,1.1322,2620000,1200000
2018-08-15 14:40:10.647000,1.13221,1.1322,1690000,1000000
2018-08-15 14:40:10.804000,1.13222,1.13218,6940000,1500000
2018-08-15 14:40:11.308000,1.1322,1.13217,2060000,2700000
2018-08-15 14:40:11.836000,1.13221,1.13218,1000000,4950000
2018-08-15 14:40:12.149000,1.13223,1.13221,1000000,1000000
2018-08-15 14:40:13.151000,1.13223,1.13221,2810000,1000000
2018-08-15 14:40:13.254000,1.13221,1.13219,1000000,1120000
2018-08-15 14:40:13.941000,1.13221,1.13218,1500000,3820000
2018-08-15 14:40:14.187000,1.13213,1.13211,3000000,1570000
2018-08-15 14:40:14.238000,1.1321,1.13208,3370000,1950000
2018-08-15 14:40:14.290000,1.13212,1.1321,4120000,1000000
2018-08-15 14:40:14.342000,1.1321,1.13208,1120000,4650000
2018-08-15 14:40:14.847000,1.13211,1.13208,1500000,1950000
2018-08-15 14:40:15.062000,1.13214,1.13211,4120000,2060000
2018-08-15 14:40:15.237000,1.13215,1.13214,2250000,2250000
2018-08-15 14:40:15.787000,1.13216,1.13213,1120000,2320000
2018-08-15 14:40:16.735000,1.13216,1.13213,1310000,2890000
2018-08-15 14:40:17.257000,1.13216,1.13213,1310000,2510000
2018-08-15 14:40:17.729000,1.1321,1.13209,1250000,2320000
2018-08-15 14:40:17.889000,1.13209,1.13207,1000000,1200000
2018-08-15 14:40:19.349000,1.1321,1.13207,4540000,1000000
2018-08-15 14:40:19.908000,1.13209,1.13207,1000000,1120000
2018-08-15 14:40:20.418000,1.13209,1.13207,1040000,1000000
2018-08-15 14:40:20.939000,1.13209,1.13207,1870000,1000000
2018-08-15 14:40:21.444000,1.1321,1.13207,3560000,1000000
2018-08-15 14:40:21.990000,1.1321,1.13207,2250000,5060000
2018-08-15 14:40:22.197000,1.13211,1.1321,2250000,1000000
2018-08-15 14:40:22.354000,1.13211,1.13207,1690000,3450000
2018-08-15 14:40:23.350000,1.13211,1.13208,2440000,3450000
2018-08-15 14:40:23.974000,1.13209,1.13208,1000000,2510000
2018-08-15 14:40:24.486000,1.13209,1.13206,1000000,9520000
2018-08-15 14:40:24.994000,1.13209,1.13206,1000000,3820000
2018-08-15 14:40:25.558000,1.13209,1.13207,1000000,1000000
2018-08-15 14:40:26.470000,1.13218,1.13217,1000000,1250000
2018-08-15 14:40:26.650000,1.13223,1.13222,1000000,1000000
2018-08-15 14:40:26.805000,1.13226,1.13224,1120000,1000000
2018-08-15 14:40:26.958000,1.13228,1.13226,3750000,1690000
2018-08-15 14:40:27.012000,1.13228,1.13224,2060000,4760000
2018-08-15 14:40:27.149000,1.13226,1.13224,1000000,1100000
2018-08-15 14:40:27.570000,1.13226,1.13222,4870000,3450000
2018-08-15 14:40:28.049000,1.13224,1.13222,1000000,1120000
2018-08-15 14:40:28.559000,1.13224,1.13223,1000000,1500000
2018-08-15 14:40:29.616000,1.13226,1.13224,1500000,2250000
2018-08-15 14:40:30.307000,1.13227,1.13225,3000000,2250000
2018-08-15 14:40:30.588000,1.13229,1.13225,3940000,3000000
2018-08-15 14:40:30.792000,1.13228,1.13225,9190000,1250000
2018-08-15 14:40:31.342000,1.13227,1.13224,3190000,5440000
2018-08-15 14:40:31.666000,1.13229,1.13227,2250000,3000000
2018-08-15 14:40:32.830000,1.13224,1.13222,4750000,8320000
2018-08-15 14:40:32.984000,1.13221,1.13219,2060000,1000000
2018-08-15 14:40:33.338000,1.13222,1.1322,2250000,1500000
2018-08-15 14:40:33.546000,1.13225,1.13223,4120000,1500000
2018-08-15 14:40:34.048000,1.13225,1.13223,1000000,1690000
2018-08-15 14:40:36.187000,1.13225,1.13223,1000000,4200000
2018-08-15 14:40:36.712000,1.13224,1.13222,1500000,4570000
2018-08-15 14:40:37.236000,1.13226,1.13222,3750000,1950000
2018-08-15 14:40:37.442000,1.13226,1.13224,1000000,1690000
2018-08-15 14:40:37.790000,1.13229,1.13228,1000000,1000000
2018-08-15 14:40:39.550000,1.13232,1.1323,4120000,1000000
2018-08-15 14:40:39.604000,1.13233,1.13231,9000000,1500000
2018-08-15 14:40:39.711000,1.13235,1.13233,1950000,1120000
2018-08-15 14:40:40.227000,1.13236,1.13233,1690000,5360000
2018-08-15 14:40:40.713000,1.13238,1.13237,4500000,3370000
2018-08-15 14:40:40.771000,1.13241,1.13238,2060000,4760000
2018-08-15 14:40:41.035000,1.13242,1.1324,1000000,4570000
2018-08-15 14:40:41.302000,1.13245,1.13242,1870000,1760000
2018-08-15 14:40:42.182000,1.13245,1.13243,1000000,1250000
2018-08-15 14:40:42.728000,1.13245,1.13242,1250000,3070000
2018-08-15 14:40:43.262000,1.13245,1.13242,1310000,4010000
2018-08-15 14:40:43.795000,1.13247,1.13244,3000000,1500000
2018-08-15 14:40:44.298000,1.13247,1.13243,2810000,5140000
2018-08-15 14:40:44.835000,1.13247,1.13243,9380000,4760000
2018-08-15 14:40:45.039000,1.13245,1.13242,1190000,2140000
2018-08-15 14:40:45.577000,1.13245,1.13242,1690000,1500000
2018-08-15 14:40:46.067000,1.13246,1.13242,4500000,1690000
2018-08-15 14:40:46.277000,1.13245,1.13242,4690000,1250000
2018-08-15 14:40:47.158000,1.13246,1.13245,4120000,1000000
2018-08-15 14:40:47.363000,1.13247,1.13244,1870000,1870000
2018-08-15 14:40:47.867000,1.13246,1.13245,1120000,1000000
2018-08-15 14:40:48.380000,1.13247,1.13244,7500000,1120000
2018-08-15 14:40:49.324000,1.13246,1.13245,1120000,1000000
2018-08-15 14:40:49.924000,1.13247,1.13244,4500000,1120000
2018-08-15 14:40:50.464000,1.13247,1.13244,4500000,1120000
2018-08-15 14:40:50.847000,1.13246,1.13245,1250000,1250000
2018-08-15 14:40:51.380000,1.13246,1.13245,1000000,1000000
2018-08-15 14:40:52.034000,1.13247,1.13244,1870000,1120000
2018-08-15 14:40:52.548000,1.13246,1.13244,1000000,4120000
2018-08-15 14:40:53.081000,1.13246,1.13244,1000000,2620000
2018-08-15 14:40:53.388000,1.13248,1.13246,1000000,2620000
2018-08-15 14:40:53.900000,1.13249,1.13246,1310000,3000000
2018-08-15 14:40:54.682000,1.13249,1.13247,1000000,1000000
2018-08-15 14:40:55.187000,1.1325,1.13247,1870000,1100000
2018-08-15 14:40:55.711000,1.13247,1.13246,1250000,1120000
2018-08-15 14:40:56.079000,1.13245,1.13243,1000000,3560000
2018-08-15 14:40:56.622000,1.13245,1.13243,1000000,1000000
2018-08-15 14:40:57.553000,1.13246,1.13244,1250000,3560000
2018-08-15 14:40:57.659000,1.13249,1.13246,1200000,1500000
2018-08-15 14:40:58.202000,1.13249,1.13246,2810000,1690000
2018-08-15 14:40:58.739000,1.13249,1.13245,1000000,4120000
2018-08-15 14:40:59.256000,1.1325,1.13246,6070000,1250000
2018-08-15 14:40:59.799000,1.13249,1.13245,1120000,4870000
2018-08-15 14:41:00.106000,1.13248,1.13245,1870000,2810000
2018-08-15 14:41:00.164000,1.13247,1.13244,1500000,3070000
2018-08-15 14:41:00.668000,1.13247,1.13243,3940000,3970000
2018-08-15 14:41:01.197000,1.13247,1.13244,10690000,1000000
2018-08-15 14:41:01.726000,1.13247,1.13243,3560000,2440000
2018-08-15 14:41:02.230000,1.13246,1.13244,1000000,1870000
2018-08-15 14:41:02.734000,1.13247,1.13243,6190000,5440000
2018-08-15 14:41:03.249000,1.13246,1.13243,4160000,1250000
2018-08-15 14:41:03.833000,1.13244,1.13241,1500000,3370000
2018-08-15 14:41:04.044000,1.13247,1.13244,8170000,1000000
