time,ask,bid,ask_volume,bid_volume
2017-09-27 14:25:00.095000,1.17313,1.1731,1950000,7310000
2017-09-27 14:25:00.571000,1.17317,1.17313,1760000,11440000
2017-09-27 14:25:00.777000,1.17315,1.17314,1250000,1000000
2017-09-27 14:25:01.281000,1.17317,1.17314,3370000,1000000
2017-09-27 14:25:01.799000,1.17317,1.17314,3220000,1000000
2017-09-27 14:25:04.597000,1.17316,1.17313,1000000,2700000
2017-09-27 14:25:05.107000,1.17315,1.17313,1120000,1390000
2017-09-27 14:25:07.767000,1.17316,1.17313,1690000,3370000
2017-09-27 14:25:08.075000,1.17317,1.17313,3560000,5250000
2017-09-27 14:25:08.295000,1.17314,1.17312,1690000,2440000
2017-09-27 14:25:09.060000,1.17313,1.17311,1690000,3000000
2017-09-27 14:25:09.979000,1.17312,1.17311,1000000,1870000
2017-09-27 14:25:10.664000,1.17312,1.1731,1000000,4350000
2017-09-27 14:25:14.090000,1.17313,1.1731,3370000,2850000
2017-09-27 14:25:16.200000,1.17309,1.17308,1500000,7690000
2017-09-27 14:25:16.304000,1.17305,1.17303,8060000,1010000
2017-09-27 14:25:16.356000,1.17304,1.17302,4120000,4870000
2017-09-27 14:25:16.788000,1.17305,1.17303,2250000,2810000
2017-09-27 14:25:17.096000,1.17306,1.17304,1250000,3190000
2017-09-27 14:25:17.670000,1.17307,1.17304,2810000,1250000
2017-09-27 14:25:20.021000,1.17308,1.17307,2700000,3970000
2017-09-27 14:25:20.072000,1.1731,1.17307,1500000,4500000
2017-09-27 14:25:20.809000,1.1731,1.17307,1000000,3450000
2017-09-27 14:25:21.555000,1.17308,1.17306,1000000,3940000
2017-09-27 14:25:21.708000,1.17306,1.17304,1690000,1120000
2017-09-27 14:25:22.255000,1.17306,1.17303,1690000,1310000
2017-09-27 14:25:22.803000,1.17306,1.17304,1690000,1500000
2017-09-27 14:25:23.923000,1.17306,1.17303,3000000,1120000
2017-09-27 14:25:24.026000,1.17303,1.17302,1120000,1950000
2017-09-27 14:25:24.130000,1.17302,1.173,1000000,1120000
2017-09-27 14:25:24.673000,1.17303,1.173,2840000,1120000
2017-09-27 14:25:25.053000,1.17301,1.17298,1000000,9190000
2017-09-27 14:25:25.721000,1.17302,1.17298,2320000,5620000
2017-09-27 14:25:26.299000,1.17301,1.17298,2440000,3940000
2017-09-27 14:25:28.032000,1.17301,1.17298,1870000,3000000
2017-09-27 14:25:29.039000,1.17299,1.17297,2620000,5440000
2017-09-27 14:25:29.195000,1.17298,1.17295,1000000,1390000
2017-09-27 14:25:29.734000,1.17299,1.17298,1000000,1120000
2017-09-27 14:25:29.939000,1.17298,1.17296,1000000,1100000
2017-09-27 14:25:30.558000,1.17299,1.17297,1500000,1120000
2017-09-27 14:25:30.918000,1.173,1.17298,1500000,1000000
2017-09-27 14:25:31.429000,1.17299,1.17297,1000000,1690000
2017-09-27 14:25:31.480000,1.173,1.17299,1000000,1000000
2017-09-27 14:25:31.634000,1.173,1.17297,1120000,2700000
2017-09-27 14:25:32.227000,1.173,1.17297,4500000,1000000
2017-09-27 14:25:32.279000,1.17298,1.17296,1250000,1310000
2017-09-27 14:25:32.476000,1.173,1.17297,2620000,1870000
2017-09-27 14:25:32.631000,1.17297,1.17295,2440000,1000000
2017-09-27 14:25:33.141000,1.17298,1.17295,8250000,1120000
2017-09-27 14:25:34.074000,1.17298,1.17295,2620000,1000000
2017-09-27 14:25:34.673000,1.17298,1.17295,2620000,1000000
2017-09-27 14:25:35.707000,1.17298,1.17297,1250000,3040000
2017-09-27 14:25:35.809000,1.17299,1.17297,1000000,2290000
2017-09-27 14:25:36.472000,1.17299,1.17296,4120000,1200000
2017-09-27 14:25:36.779000,1.173,1.17297,3560000,1000000
2017-09-27 14:25:38.067000,1.173,1.17297,3670000,1120000
2017-09-27 14:25:38.995000,1.173,1.17296,3750000,1690000
2017-09-27 14:25:39.506000,1.173,1.17296,3560000,2440000
2017-09-27 14:25:40.031000,1.17299,1.17296,2810000,2810000
2017-09-27 14:25:41.209000,1.17297,1.17295,1500000,3000000
2017-09-27 14:25:41.720000,1.17298,1.17297,1500000,1390000
2017-09-27 14:25:42.923000,1.17299,1.17297,1000000,1100000
2017-09-27 14:25:43.464000,1.173,1.17297,1120000,3450000
2017-09-27 14:25:43.567000,1.17299,1.17297,1000000,1870000
2017-09-27 14:25:44.027000,1.173,1.17298,2810000,5440000
2017-09-27 14:25:44.543000,1.17301,1.17298,2250000,7120000
2017-09-27 14:25:45.058000,1.17298,1.17297,1500000,1000000
2017-09-27 14:25:45.540000,1.17299,1.17298,1000000,1690000
2017-09-27 14:25:46.086000,1.173,1.17299,1200000,3750000
2017-09-27 14:25:46.624000,1.17299,1.17298,1000000,5250000
2017-09-27 14:25:46.983000,1.17299,1.17297,1000000,2440000
2017-09-27 14:25:47.499000,1.173,1.17297,2890000,2810000
2017-09-27 14:25:48.829000,1.173,1.17297,2440000,8060000
2017-09-27 14:25:49.365000,1.173,1.17297,3260000,10540000
2017-09-27 14:25:49.927000,1.173,1.17298,13420000,1000000
2017-09-27 14:25:50.134000,1.17303,1.17302,1100000,1500000
2017-09-27 14:25:50.441000,1.17305,1.17303,3560000,2440000
2017-09-27 14:25:50.658000,1.17307,1.17305,3370000,7500000
2017-09-27 14:25:51.169000,1.17307,1.17305,1690000,9000000
2017-09-27 14:25:52.177000,1.17308,1.17306,5890000,3750000
2017-09-27 14:25:53.117000,1.17307,1.17305,1310000,3750000
2017-09-27 14:25:53.936000,1.17307,1.17306,1120000,1000000
2017-09-27 14:25:54.456000,1.17307,1.17305,1120000,3750000
2017-09-27 14:25:54.980000,1.17307,1.17305,4310000,3750000
2017-09-27 14:25:55.221000,1.17301,1.17299,4540000,12370000
2017-09-27 14:25:55.528000,1.17301,1.173,1690000,1000000
2017-09-27 14:25:56.053000,1.17302,1.17301,1000000,1000000
2017-09-27 14:25:56.564000,1.17303,1.17302,1120000,4500000
2017-09-27 14:25:57.156000,1.17304,1.17302,6560000,1000000
2017-09-27 14:25:58.909000,1.17305,1.17304,2440000,1250000
2017-09-27 14:25:58.962000,1.17306,1.17305,1120000,1500000
2017-09-27 14:25:59.167000,1.17308,1.17306,5620000,1000000
2017-09-27 14:25:59.455000,1.1731,1.17308,1500000,1000000
2017-09-27 14:26:00.073000,1.1731,1.17307,2250000,5810000
2017-09-27 14:26:00.490000,1.17311,1.17309,6190000,5250000
2017-09-27 14:26:00.593000,1.17305,1.17304,1250000,1120000
2017-09-27 14:26:01.036000,1.17304,1.17303,3940000,1000000
2017-09-27 14:26:01.191000,1.17303,1.173,2440000,1120000
2017-09-27 14:26:01.718000,1.17302,1.17301,1000000,1000000
2017-09-27 14:26:02.081000,1.17304,1.17303,1000000,4120000
2017-09-27 14:26:02.804000,1.17305,1.17303,1000000,1500000
2017-09-27 14:26:03.354000,1.17305,1.17304,1310000,1000000
2017-09-27 14:26:06.151000,1.17306,1.17303,2850000,4120000
2017-09-27 14:26:06.509000,1.17304,1.17302,3000000,1500000
2017-09-27 14:26:06.919000,1.17305,1.17303,5810000,1000000
2017-09-27 14:26:07.382000,1.17305,1.17302,1870000,6110000
2017-09-27 14:26:08.766000,1.17305,1.17304,1120000,1000000
2017-09-27 14:26:09.293000,1.17305,1.17303,1310000,1310000
2017-09-27 14:26:09.939000,1.173,1.17298,1500000,2320000
2017-09-27 14:26:11.319000,1.173,1.17299,2060000,1000000
2017-09-27 14:26:12.912000,1.17297,1.17296,6190000,2320000
2017-09-27 14:26:13.016000,1.17295,1.17293,1500000,1100000
2017-09-27 14:26:13.222000,1.17298,1.17297,3000000,3750000
2017-09-27 14:26:13.524000,1.173,1.17298,2440000,1500000
2017-09-27 14:26:15.705000,1.173,1.17297,1500000,3000000
2017-09-27 14:26:17.381000,1.17298,1.17296,1000000,16760000
2017-09-27 14:26:17.789000,1.17299,1.17298,1870000,1120000
2017-09-27 14:26:17.891000,1.17298,1.17297,3000000,1000000
2017-09-27 14:26:18.115000,1.17299,1.17297,1120000,4690000
2017-09-27 14:26:18.626000,1.173,1.17297,1500000,10310000
2017-09-27 14:26:21.025000,1.173,1.17299,1000000,1000000
2017-09-27 14:26:21.651000,1.173,1.17297,1000000,6000000
2017-09-27 14:26:23.792000,1.173,1.17297,1500000,8250000
2017-09-27 14:26:24.333000,1.17299,1.17298,1000000,1120000
2017-09-27 14:26:24.852000,1.173,1.17298,1500000,1120000
2017-09-27 14:26:25.229000,1.17298,1.17297,1500000,2250000
2017-09-27 14:26:25.332000,1.17298,1.17294,1120000,5440000
2017-09-27 14:26:25.845000,1.17298,1.17294,4120000,5060000
2017-09-27 14:26:26.601000,1.17296,1.17293,2810000,8620000
2017-09-27 14:26:27.303000,1.17295,1.17293,2060000,1250000
2017-09-27 14:26:27.611000,1.17297,1.17294,7200000,1000000
2017-09-27 14:26:28.020000,1.17299,1.17297,4010000,6750000
2017-09-27 14:26:28.537000,1.173,1.17297,2510000,3750000
2017-09-27 14:26:29.054000,1.17298,1.17296,1000000,3190000
2017-09-27 14:26:29.224000,1.17297,1.17295,1690000,2250000
2017-09-27 14:26:29.533000,1.17296,1.17294,1000000,7540000
2017-09-27 14:26:30.041000,1.17298,1.17296,2060000,2250000
2017-09-27 14:26:30.635000,1.17298,1.17295,1690000,3000000
2017-09-27 14:26:30.738000,1.17297,1.17296,1500000,2620000
2017-09-27 14:26:30.943000,1.17297,1.17295,1000000,1120000
2017-09-27 14:26:33.221000,1.17298,1.17297,2440000,1000000
2017-09-27 14:26:33.477000,1.17302,1.17298,8140000,5250000
2017-09-27 14:26:34.014000,1.17301,1.17298,2810000,3000000
2017-09-27 14:26:34.530000,1.173,1.17298,1120000,1120000
2017-09-27 14:26:35.735000,1.17299,1.17298,1250000,1690000
2017-09-27 14:26:36.207000,1.17301,1.17298,5440000,4310000
2017-09-27 14:26:37.140000,1.17301,1.17298,4310000,3190000
2017-09-27 14:26:37.651000,1.173,1.17298,1120000,6750000
2017-09-27 14:26:38.199000,1.173,1.17298,1120000,1120000
2017-09-27 14:26:38.712000,1.173,1.17298,3370000,1000000
2017-09-27 14:26:38.968000,1.17301,1.17298,1000000,4870000
2017-09-27 14:26:39.484000,1.17299,1.17297,1000000,6300000
2017-09-27 14:26:39.998000,1.173,1.17297,11250000,1000000
2017-09-27 14:26:40.306000,1.17298,1.17297,1500000,3450000
2017-09-27 14:26:41.027000,1.173,1.17298,2810000,9000000
2017-09-27 14:26:44.268000,1.17298,1.17297,1120000,1100000
2017-09-27 14:26:44.771000,1.17298,1.17296,1120000,1120000
2017-09-27 14:26:44.976000,1.17296,1.17294,1000000,3860000
2017-09-27 14:26:45.578000,1.17297,1.17294,1690000,3220000
2017-09-27 14:26:46.098000,1.17297,1.17294,1120000,2470000
2017-09-27 14:26:46.642000,1.17297,1.17294,2250000,2850000
2017-09-27 14:26:47.165000,1.17295,1.17293,3190000,7200000
2017-09-27 14:26:47.676000,1.17294,1.17293,1120000,1000000
2017-09-27 14:26:49.671000,1.17294,1.17292,1120000,1000000
2017-09-27 14:26:50.185000,1.17294,1.17291,1870000,5550000
2017-09-27 14:26:50.442000,1.17292,1.17291,1250000,1990000
2017-09-27 14:26:50.977000,1.17293,1.17291,3000000,1000000
2017-09-27 14:26:51.844000,1.17292,1.1729,1000000,4870000
2017-09-27 14:26:52.385000,1.17293,1.17291,1870000,1000000
2017-09-27 14:26:52.491000,1.17291,1.17289,1000000,17170000
2017-09-27 14:26:52.543000,1.17292,1.1729,3000000,3670000
2017-09-27 14:26:53.057000,1.17292,1.17291,1500000,1000000
2017-09-27 14:26:53.593000,1.17293,1.17291,1870000,1200000
2017-09-27 14:26:54.885000,1.17295,1.17293,3370000,1000000
2017-09-27 14:26:56.055000,1.17295,1.17293,1000000,4570000
2017-09-27 14:26:57.034000,1.17295,1.17293,2250000,1100000
2017-09-27 14:26:58.037000,1.17295,1.17293,1000000,4800000
2017-09-27 14:27:00.064000,1.17295,1.17293,1000000,2700000
2017-09-27 14:27:00.588000,1.17296,1.17293,1500000,7200000
2017-09-27 14:27:01.100000,1.17295,1.17293,1000000,3070000
2017-09-27 14:27:01.408000,1.17296,1.17295,1500000,1000000
2017-09-27 14:27:01.957000,1.17296,1.17293,2250000,6450000
2017-09-27 14:27:02.467000,1.17297,1.17293,4500000,7570000
2017-09-27 14:27:02.982000,1.17297,1.17293,3370000,7570000
2017-09-27 14:27:03.492000,1.17296,1.17293,1000000,4200000
2017-09-27 14:27:04.837000,1.17297,1.17294,5250000,2510000
2017-09-27 14:27:05.627000,1.17296,1.17294,1500000,3260000
2017-09-27 14:27:09.185000,1.17295,1.17293,2500000,5890000
2017-09-27 14:27:09.239000,1.17295,1.17292,2250000,6000000
2017-09-27 14:27:09.392000,1.17295,1.17293,1870000,3070000
2017-09-27 14:27:09.904000,1.17295,1.17293,1500000,3370000
2017-09-27 14:27:10.385000,1.17296,1.17294,1500000,2700000
2017-09-27 14:27:12.339000,1.17297,1.17294,4720000,7570000
2017-09-27 14:27:13.031000,1.17296,1.17294,1000000,5320000
2017-09-27 14:27:13.597000,1.17297,1.17295,4350000,2320000
2017-09-27 14:27:14.096000,1.17299,1.17296,2250000,4160000
2017-09-27 14:27:14.639000,1.17299,1.17297,1000000,1100000
2017-09-27 14:27:16.796000,1.173,1.17297,8290000,3820000
2017-09-27 14:27:17.313000,1.17299,1.17297,2060000,5320000
2017-09-27 14:27:17.628000,1.17298,1.17296,2440000,1250000
2017-09-27 14:27:18.150000,1.17299,1.17297,2620000,1120000
2017-09-27 14:27:18.661000,1.17297,1.17296,1000000,1250000
2017-09-27 14:27:19.025000,1.17297,1.17295,1000000,3450000
2017-09-27 14:27:19.882000,1.17297,1.17295,1000000,2890000
2017-09-27 14:27:21.360000,1.17297,1.17295,2620000,3560000
2017-09-27 14:27:21.905000,1.17298,1.17297,3000000,1000000
2017-09-27 14:27:22.870000,1.17299,1.17296,2290000,5890000
2017-09-27 14:27:28.746000,1.17298,1.17296,1000000,7310000
2017-09-27 14:27:28.900000,1.17298,1.17295,2620000,1120000
2017-09-27 14:27:29.453000,1.17298,1.17295,3370000,1120000
2017-09-27 14:27:29.794000,1.17298,1.17296,3370000,6620000
2017-09-27 14:27:30.050000,1.173,1.17297,7350000,1950000
2017-09-27 14:27:30.924000,1.173,1.17298,5470000,1000000
2017-09-27 14:27:35.474000,1.173,1.17297,3220000,3070000
2017-09-27 14:27:36.190000,1.173,1.17297,3220000,2570000
2017-09-27 14:27:38.426000,1.173,1.17297,1870000,2700000
2017-09-27 14:27:39.827000,1.17298,1.17297,1250000,5620000
2017-09-27 14:27:40.425000,1.17297,1.17296,1000000,2290000
2017-09-27 14:27:41.366000,1.17297,1.17295,1000000,1990000
2017-09-27 14:27:44.008000,1.17296,1.17294,1000000,4420000
2017-09-27 14:27:44.516000,1.17297,1.17294,1310000,4420000
2017-09-27 14:27:45.172000,1.17296,1.17294,1000000,4050000
2017-09-27 14:27:46.212000,1.17296,1.17294,1000000,5550000
2017-09-27 14:27:47.426000,1.17297,1.17294,1500000,4420000
2017-09-27 14:27:51.396000,1.17298,1.17295,3000000,1870000
2017-09-27 14:27:53.249000,1.17298,1.17295,1720000,3820000
2017-09-27 14:27:54.055000,1.17298,1.17295,4120000,4420000
2017-09-27 14:27:55.781000,1.17297,1.17295,1000000,2100000
2017-09-27 14:27:56.597000,1.17298,1.17295,2620000,3300000
2017-09-27 14:28:00.604000,1.17297,1.17295,1000000,3670000
2017-09-27 14:28:02.167000,1.17298,1.17297,1000000,3750000
2017-09-27 14:28:02.685000,1.17299,1.17298,3000000,1000000
2017-09-27 14:28:03.206000,1.17299,1.17298,1120000,1000000
2017-09-27 14:28:03.829000,1.17299,1.17297,1500000,4870000
2017-09-27 14:28:04.509000,1.17299,1.17298,1500000,1000000
2017-09-27 14:28:04.797000,1.17298,1.17296,1000000,8700000
2017-09-27 14:28:04.849000,1.17299,1.17297,1000000,2250000
2017-09-27 14:28:05.352000,1.17299,1.17296,1120000,7950000
2017-09-27 14:28:05.887000,1.17299,1.17297,1000000,2250000
2017-09-27 14:28:06.426000,1.17299,1.17296,1000000,9450000
2017-09-27 14:28:08.641000,1.17298,1.17296,1000000,3260000
2017-09-27 14:28:09.280000,1.17297,1.17295,1000000,4160000
2017-09-27 14:28:09.789000,1.17297,1.17295,1120000,3600000
2017-09-27 14:28:10.581000,1.17297,1.17295,1120000,2100000
2017-09-27 14:28:11.970000,1.17296,1.17294,1000000,12290000
2017-09-27 14:28:13.296000,1.17297,1.17295,1120000,1350000
2017-09-27 14:28:14.158000,1.17297,1.17295,1000000,1300000
2017-09-27 14:28:14.677000,1.17297,1.17295,1000000,2470000
2017-09-27 14:28:16.488000,1.17297,1.17295,1000000,2850000
2017-09-27 14:28:16.591000,1.17298,1.17296,1870000,2700000
2017-09-27 14:28:17.103000,1.17298,1.17296,1000000,2440000
2017-09-27 14:28:17.707000,1.17299,1.17297,1500000,2250000
2017-09-27 14:28:18.066000,1.17297,1.17295,1000000,8360000
2017-09-27 14:28:18.643000,1.17298,1.17296,1000000,2060000
2017-09-27 14:28:19.177000,1.17298,1.17296,1000000,2060000
2017-09-27 14:28:20.036000,1.17297,1.17296,5250000,1350000
2017-09-27 14:28:20.506000,1.17299,1.17296,2060000,4720000
2017-09-27 14:28:21.032000,1.17299,1.17297,1120000,1720000
2017-09-27 14:28:21.394000,1.17298,1.17296,1000000,2550000
2017-09-27 14:28:22.166000,1.17296,1.17295,1120000,1350000
2017-09-27 14:28:24.706000,1.17296,1.17294,1000000,3000000
2017-09-27 14:28:25.229000,1.17296,1.17294,1000000,1500000
2017-09-27 14:28:25.738000,1.17295,1.17294,1000000,1120000
2017-09-27 14:28:25.841000,1.17297,1.17294,2060000,1120000
2017-09-27 14:28:26.535000,1.17296,1.17294,1500000,1500000
2017-09-27 14:28:27.134000,1.17295,1.17294,1000000,2440000
2017-09-27 14:28:28.029000,1.17295,1.17292,1870000,6860000
2017-09-27 14:28:28.390000,1.17293,1.17291,2060000,4430000
2017-09-27 14:28:28.838000,1.17295,1.17292,2810000,1500000
2017-09-27 14:28:29.566000,1.17296,1.17293,3750000,1120000
2017-09-27 14:28:30.450000,1.17296,1.17294,1000000,1500000
2017-09-27 14:28:31.004000,1.17297,1.17294,3000000,1500000
2017-09-27 14:28:31.547000,1.17297,1.17295,1000000,1000000
2017-09-27 14:28:33.154000,1.17297,1.17295,2060000,1000000
2017-09-27 14:28:33.751000,1.17296,1.17295,1250000,1500000
2017-09-27 14:28:34.175000,1.173,1.17298,5250000,7050000
2017-09-27 14:28:34.535000,1.17298,1.17296,1000000,1390000
2017-09-27 14:28:34.795000,1.17299,1.17297,2060000,1760000
2017-09-27 14:28:35.203000,1.17298,1.17296,1500000,1500000
2017-09-27 14:28:39.035000,1.17298,1.17296,1000000,2700000
2017-09-27 14:28:39.582000,1.17298,1.17296,1120000,3070000
2017-09-27 14:28:40.553000,1.17298,1.17297,1000000,1000000
2017-09-27 14:28:41.100000,1.17299,1.17297,2250000,1000000
2017-09-27 14:28:41.999000,1.17299,1.17295,7310000,7010000
2017-09-27 14:28:42.505000,1.17298,1.17295,1000000,1870000
2017-09-27 14:28:47.599000,1.17297,1.17296,3000000,1000000
2017-09-27 14:28:48.515000,1.17298,1.17296,4350000,1000000
2017-09-27 14:28:50.071000,1.17297,1.17294,3970000,3750000
2017-09-27 14:28:50.451000,1.17295,1.17294,1000000,1120000
2017-09-27 14:28:50.994000,1.17296,1.17294,1000000,1120000
2017-09-27 14:28:52.101000,1.17295,1.17294,1000000,1000000
2017-09-27 14:28:52.619000,1.17296,1.17294,1250000,1000000
2017-09-27 14:28:52.932000,1.17295,1.17293,2500000,1870000
2017-09-27 14:28:55.007000,1.17295,1.17294,2250000,1500000
2017-09-27 14:28:56.098000,1.17295,1.17292,2620000,5320000
2017-09-27 14:28:56.631000,1.17294,1.17292,1000000,3370000
2017-09-27 14:28:57.182000,1.17294,1.17293,1000000,1120000
2017-09-27 14:28:57.386000,1.17296,1.17293,3000000,1950000
2017-09-27 14:28:57.540000,1.17295,1.17292,5660000,2510000
2017-09-27 14:28:58.059000,1.17294,1.17293,1120000,1000000
2017-09-27 14:29:00.474000,1.17292,1.1729,1000000,3300000
2017-09-27 14:29:01.015000,1.17293,1.1729,1310000,3040000
2017-09-27 14:29:01.534000,1.17293,1.1729,1120000,4540000
2017-09-27 14:29:02.632000,1.17294,1.1729,3940000,3410000
2017-09-27 14:29:03.141000,1.17294,1.1729,4120000,2850000
2017-09-27 14:29:04.048000,1.17291,1.1729,1500000,1120000
2017-09-27 14:29:04.620000,1.17292,1.1729,1500000,1120000
2017-09-27 14:29:05.275000,1.17292,1.17289,1000000,2550000
2017-09-27 14:29:06.066000,1.17292,1.1729,1500000,1000000
2017-09-27 14:29:06.599000,1.17292,1.17291,1120000,1000000
2017-09-27 14:29:07.035000,1.17294,1.17293,1000000,2250000
2017-09-27 14:29:07.571000,1.17296,1.17293,2810000,3000000
2017-09-27 14:29:08.632000,1.17296,1.17293,1870000,3070000
2017-09-27 14:29:09.855000,1.17295,1.17293,1000000,3190000
2017-09-27 14:29:10.161000,1.17296,1.17294,3000000,1000000
2017-09-27 14:29:10.662000,1.17296,1.17295,1000000,1000000
2017-09-27 14:29:11.515000,1.17296,1.17294,1000000,1500000
2017-09-27 14:29:12.383000,1.17296,1.17294,1500000,1000000
2017-09-27 14:29:13.636000,1.17297,1.17294,4690000,1000000
2017-09-27 14:29:14.659000,1.17297,1.17294,4310000,1000000
2017-09-27 14:29:15.169000,1.17297,1.17294,4310000,1500000
2017-09-27 14:29:15.629000,1.17297,1.17295,2440000,1000000
2017-09-27 14:29:17.230000,1.17296,1.17295,1000000,1000000
2017-09-27 14:29:18.203000,1.17296,1.17294,3000000,1500000
2017-09-27 14:29:20.081000,1.17296,1.17295,1690000,1000000
2017-09-27 14:29:20.982000,1.17296,1.17295,1690000,2470000
2017-09-27 14:29:21.511000,1.17297,1.17295,3940000,3000000
2017-09-27 14:29:22.056000,1.17295,1.17293,1000000,3450000
2017-09-27 14:29:22.587000,1.17295,1.17292,1000000,2320000
2017-09-27 14:29:25.019000,1.17295,1.17294,1120000,1000000
2017-09-27 14:29:25.536000,1.17295,1.17293,1870000,1870000
2017-09-27 14:29:27.813000,1.17295,1.17292,2620000,1250000
2017-09-27 14:29:28.410000,1.17295,1.17292,2440000,1690000
2017-09-27 14:29:28.945000,1.17295,1.17291,1690000,6040000
2017-09-27 14:29:29.426000,1.17295,1.17294,1120000,1000000
2017-09-27 14:29:31.118000,1.17295,1.17292,1120000,8510000
2017-09-27 14:29:33.721000,1.17295,1.17292,3560000,1010000
2017-09-27 14:29:34.032000,1.17285,1.17284,1250000,6640000
2017-09-27 14:29:34.264000,1.17293,1.17292,1100000,2250000
2017-09-27 14:29:34.781000,1.17295,1.17293,3190000,1120000
2017-09-27 14:29:35.534000,1.17295,1.17293,1250000,2850000
2017-09-27 14:29:36.248000,1.17296,1.17293,3190000,7050000
2017-09-27 14:29:36.505000,1.17295,1.17294,1000000,3150000
2017-09-27 14:29:37.006000,1.17296,1.17294,2440000,2620000
2017-09-27 14:29:37.508000,1.17297,1.17294,4310000,3750000
2017-09-27 14:29:38.094000,1.17296,1.17294,1250000,2620000
2017-09-27 14:29:38.458000,1.17293,1.17292,11250000,1500000
2017-09-27 14:29:38.612000,1.17293,1.17291,1000000,2700000
2017-09-27 14:29:39.151000,1.17293,1.1729,1000000,5170000
2017-09-27 14:29:39.386000,1.17293,1.17292,1250000,1000000
2017-09-27 14:29:39.970000,1.17294,1.17291,1500000,1500000
2017-09-27 14:29:40.380000,1.17295,1.17293,3940000,2620000
2017-09-27 14:29:40.897000,1.17295,1.17293,1000000,3560000
2017-09-27 14:29:41.409000,1.17296,1.17293,3190000,2060000
2017-09-27 14:29:42.847000,1.17297,1.17293,3940000,2470000
2017-09-27 14:29:43.381000,1.17296,1.17294,1310000,1000000
2017-09-27 14:29:43.892000,1.17296,1.17294,1690000,3220000
2017-09-27 14:29:44.224000,1.17293,1.17292,4120000,2620000
2017-09-27 14:29:44.379000,1.17296,1.17295,1250000,1000000
2017-09-27 14:29:44.687000,1.17297,1.17296,1120000,3000000
2017-09-27 14:29:44.919000,1.173,1.17297,6410000,1000000
2017-09-27 14:29:45.280000,1.173,1.17299,2620000,1500000
2017-09-27 14:29:46.242000,1.17301,1.17299,2620000,1000000
2017-09-27 14:29:46.515000,1.17305,1.17303,1120000,1570000
2017-09-27 14:29:46.825000,1.17306,1.17305,3940000,1120000
2017-09-27 14:29:46.928000,1.17305,1.17303,1120000,1870000
2017-09-27 14:29:47.592000,1.17306,1.17304,3560000,1000000
2017-09-27 14:29:49.009000,1.17306,1.17303,2060000,1950000
2017-09-27 14:29:49.538000,1.17305,1.17303,3940000,1120000
2017-09-27 14:29:49.590000,1.17302,1.17301,1000000,1690000
2017-09-27 14:29:50.102000,1.17304,1.17301,4160000,1310000
2017-09-27 14:29:50.505000,1.17304,1.17303,1690000,1000000
2017-09-27 14:29:51.017000,1.17304,1.17301,2620000,2920000
2017-09-27 14:29:51.586000,1.17304,1.17301,2620000,1800000
2017-09-27 14:29:52.096000,1.17303,1.173,2810000,1100000
2017-09-27 14:29:52.775000,1.17303,1.17299,3560000,4010000
2017-09-27 14:29:53.304000,1.17303,1.17299,3940000,4200000
2017-09-27 14:29:54.023000,1.17305,1.17301,6560000,4610000
2017-09-27 14:29:54.535000,1.17304,1.17302,1000000,1160000
2017-09-27 14:29:55.786000,1.17303,1.17301,2250000,2620000
2017-09-27 14:29:56.298000,1.17305,1.17301,2060000,3300000
2017-09-27 14:29:57.779000,1.17305,1.17301,2440000,2920000
2017-09-27 14:29:59.021000,1.17304,1.17301,2060000,3070000
2017-09-27 14:30:00.091000,1.17303,1.17301,1250000,1000000
2017-09-27 14:30:00.352000,1.17304,1.17301,2440000,3000000
2017-09-27 14:30:00.875000,1.17304,1.17302,1690000,1200000
2017-09-27 14:30:01.388000,1.17304,1.17302,1690000,2210000
2017-09-27 14:30:02.069000,1.17304,1.17302,1690000,3000000
2017-09-27 14:30:02.352000,1.17305,1.17302,1310000,5440000
2017-09-27 14:30:03.570000,1.17305,1.17301,2810000,7690000
2017-09-27 14:30:03.765000,1.17305,1.17301,1760000,4310000
2017-09-27 14:30:04.127000,1.17305,1.17302,1120000,5400000
2017-09-27 14:30:04.863000,1.17305,1.17302,1870000,4720000
2017-09-27 14:30:06.586000,1.17305,1.17303,1250000,1160000
2017-09-27 14:30:08.050000,1.17306,1.17304,1500000,6560000
2017-09-27 14:30:08.357000,1.17308,1.17306,2440000,2770000
2017-09-27 14:30:09.175000,1.17308,1.17305,1250000,4690000
2017-09-27 14:30:09.814000,1.17309,1.17307,3940000,1000000
2017-09-27 14:30:10.064000,1.1731,1.17307,2810000,2620000
2017-09-27 14:30:10.115000,1.17309,1.17306,1310000,4870000
2017-09-27 14:30:10.795000,1.1731,1.17307,1690000,1870000
2017-09-27 14:30:11.308000,1.17309,1.17306,1310000,1870000
2017-09-27 14:30:12.105000,1.1731,1.17306,10010000,2250000
2017-09-27 14:30:12.651000,1.17309,1.17308,2060000,1120000
2017-09-27 14:30:12.959000,1.17309,1.17306,3190000,3750000
2017-09-27 14:30:13.062000,1.17307,1.17305,1870000,1370000
2017-09-27 14:30:13.215000,1.17305,1.17303,1310000,2250000
2017-09-27 14:30:13.731000,1.17305,1.17303,2060000,1500000
2017-09-27 14:30:14.276000,1.17305,1.17303,1310000,1000000
2017-09-27 14:30:14.821000,1.17306,1.17304,2440000,1000000
2017-09-27 14:30:15.297000,1.17305,1.17303,2060000,1500000
2017-09-27 14:30:15.833000,1.17305,1.17304,2060000,1000000
2017-09-27 14:30:16.490000,1.17305,1.17302,2440000,1000000
2017-09-27 14:30:16.644000,1.17303,1.17301,3190000,1070000
2017-09-27 14:30:16.696000,1.17303,1.173,3560000,1500000
2017-09-27 14:30:18.152000,1.17303,1.173,1310000,1120000
2017-09-27 14:30:18.687000,1.17304,1.17301,3190000,3000000
2017-09-27 14:30:18.842000,1.17305,1.17303,4310000,2250000
2017-09-27 14:30:18.996000,1.17304,1.17301,4690000,2550000
2017-09-27 14:30:19.509000,1.17304,1.17302,1250000,1000000
2017-09-27 14:30:20.027000,1.17304,1.17302,1690000,1000000
2017-09-27 14:30:20.456000,1.173,1.17298,1190000,13200000
2017-09-27 14:30:21.001000,1.173,1.17298,1310000,1000000
2017-09-27 14:30:21.104000,1.17301,1.17298,2440000,1120000
2017-09-27 14:30:21.258000,1.173,1.17298,1310000,1120000
2017-09-27 14:30:21.637000,1.17297,1.17295,1310000,1000000
2017-09-27 14:30:22.152000,1.17298,1.17296,2250000,1000000
2017-09-27 14:30:22.479000,1.17298,1.17294,4690000,4870000
2017-09-27 14:30:22.992000,1.17297,1.17294,1310000,1250000
2017-09-27 14:30:23.511000,1.17298,1.17293,6940000,6040000
2017-09-27 14:30:23.563000,1.17297,1.17295,1310000,1000000
2017-09-27 14:30:24.251000,1.17298,1.17296,6560000,1000000
2017-09-27 14:30:24.765000,1.17298,1.17296,2060000,1000000
2017-09-27 14:30:25.281000,1.17298,1.17296,1690000,1000000
2017-09-27 14:30:25.589000,1.173,1.17298,5060000,2250000
2017-09-27 14:30:25.948000,1.173,1.17297,6190000,1000000
2017-09-27 14:30:26.657000,1.17298,1.17297,1250000,1000000
2017-09-27 14:30:26.966000,1.17301,1.17299,1870000,1000000
2017-09-27 14:30:27.481000,1.17302,1.173,3190000,1000000
2017-09-27 14:30:28.006000,1.17304,1.17302,3370000,1500000
2017-09-27 14:30:28.250000,1.17302,1.17299,1010000,1370000
2017-09-27 14:30:28.763000,1.17302,1.17299,2140000,1310000
2017-09-27 14:30:28.917000,1.17303,1.17301,9370000,1500000
2017-09-27 14:30:29.536000,1.17302,1.173,1690000,1500000
2017-09-27 14:30:29.959000,1.17303,1.17302,1100000,1870000
2017-09-27 14:30:30.113000,1.17302,1.173,1190000,2290000
2017-09-27 14:30:30.319000,1.17304,1.173,3940000,2100000
2017-09-27 14:30:30.836000,1.17303,1.17301,2510000,1870000
2017-09-27 14:30:31.506000,1.17303,1.17301,1010000,1000000
2017-09-27 14:30:31.916000,1.17302,1.173,2060000,1000000
2017-09-27 14:30:32.774000,1.17303,1.17301,4760000,1000000
2017-09-27 14:30:33.338000,1.17303,1.173,1390000,1000000
2017-09-27 14:30:34.299000,1.17302,1.17301,1250000,1000000
2017-09-27 14:30:35.544000,1.17302,1.173,2440000,1000000
2017-09-27 14:30:36.166000,1.17303,1.17301,5140000,1000000
2017-09-27 14:30:37.040000,1.17302,1.173,1390000,1000000
2017-09-27 14:30:37.774000,1.17301,1.17299,1190000,2810000
2017-09-27 14:30:38.033000,1.17307,1.17305,1690000,1000000
2017-09-27 14:30:39.482000,1.17307,1.17305,1690000,1000000
2017-09-27 14:30:40.096000,1.17307,1.17304,2440000,1690000
2017-09-27 14:30:40.797000,1.17307,1.17305,1690000,1000000
2017-09-27 14:30:41.558000,1.17307,1.17305,2060000,1000000
2017-09-27 14:30:41.609000,1.17308,1.17307,1100000,3000000
2017-09-27 14:30:41.712000,1.1731,1.17308,1310000,1500000
2017-09-27 14:30:41.915000,1.17312,1.17311,1250000,1500000
2017-09-27 14:30:42.441000,1.17311,1.1731,1250000,1000000
2017-09-27 14:30:43.516000,1.17311,1.17309,1690000,1120000
2017-09-27 14:30:44.072000,1.17314,1.17312,6940000,1120000
2017-09-27 14:30:44.585000,1.17315,1.17312,3560000,1000000
2017-09-27 14:30:45.055000,1.17313,1.17311,1120000,1000000
2017-09-27 14:30:45.944000,1.17313,1.17311,1310000,1000000
2017-09-27 14:30:46.462000,1.17313,1.1731,3560000,1000000
2017-09-27 14:30:49.337000,1.17312,1.1731,2060000,1000000
2017-09-27 14:30:49.904000,1.17311,1.17309,2440000,1000000
2017-09-27 14:30:50.573000,1.17311,1.1731,1250000,1000000
2017-09-27 14:30:52.371000,1.17311,1.17309,1190000,1120000
2017-09-27 14:30:53.106000,1.17311,1.17309,1310000,1500000
2017-09-27 14:30:53.650000,1.17312,1.17309,4010000,1120000
2017-09-27 14:30:54.267000,1.17311,1.17309,4310000,1120000
2017-09-27 14:30:54.788000,1.17311,1.17309,2060000,1000000
2017-09-27 14:30:55.320000,1.17311,1.17308,2060000,3340000
2017-09-27 14:30:55.850000,1.17311,1.17308,1310000,2100000
2017-09-27 14:30:56.338000,1.17312,1.1731,2440000,1300000
2017-09-27 14:31:00.295000,1.17312,1.17309,3190000,4350000
2017-09-27 14:31:00.558000,1.17315,1.17312,1690000,3110000
2017-09-27 14:31:00.762000,1.17315,1.17314,1690000,1500000
2017-09-27 14:31:01.273000,1.17315,1.17313,1190000,1160000
2017-09-27 14:31:01.580000,1.17316,1.17315,1120000,1000000
2017-09-27 14:31:01.735000,1.17317,1.17313,2440000,5100000
2017-09-27 14:31:02.376000,1.17316,1.17313,1120000,2920000
2017-09-27 14:31:02.960000,1.17315,1.17313,1000000,1570000
2017-09-27 14:31:03.560000,1.17316,1.17314,2810000,1000000
2017-09-27 14:31:04.418000,1.17316,1.17313,2440000,1390000
2017-09-27 14:31:04.922000,1.17316,1.17313,1690000,1120000
2017-09-27 14:31:06.932000,1.17316,1.17312,3440000,10540000
2017-09-27 14:31:06.983000,1.17316,1.17312,3560000,7050000
2017-09-27 14:31:07.332000,1.17316,1.17314,4310000,1000000
2017-09-27 14:31:08.351000,1.17315,1.17312,7310000,1000000
2017-09-27 14:31:08.714000,1.17314,1.17311,1690000,1300000
2017-09-27 14:31:10.164000,1.17313,1.1731,3750000,2470000
2017-09-27 14:31:11.483000,1.17313,1.17311,6180000,1300000
2017-09-27 14:31:12.315000,1.17312,1.17309,1690000,2620000
2017-09-27 14:31:14.222000,1.1731,1.17309,1500000,1000000
2017-09-27 14:31:14.569000,1.17304,1.17302,3190000,1000000
2017-09-27 14:31:15.139000,1.17304,1.17302,3560000,1000000
2017-09-27 14:31:15.973000,1.17304,1.17302,2810000,1870000
2017-09-27 14:31:16.519000,1.17305,1.17303,1310000,1120000
2017-09-27 14:31:17.325000,1.17305,1.17303,1310000,3220000
2017-09-27 14:31:17.680000,1.17306,1.17304,3190000,1000000
2017-09-27 14:31:18.191000,1.17309,1.17307,8890000,2870000
2017-09-27 14:31:18.296000,1.1731,1.17309,3750000,1000000
2017-09-27 14:31:18.653000,1.17312,1.17311,1120000,1000000
2017-09-27 14:31:18.757000,1.17315,1.17313,1120000,2250000
2017-09-27 14:31:19.167000,1.17315,1.17312,12750000,1120000
2017-09-27 14:31:19.441000,1.17315,1.17313,1690000,2810000
2017-09-27 14:31:21.443000,1.17315,1.17314,1000000,1000000
2017-09-27 14:31:21.993000,1.17314,1.17312,1200000,3750000
2017-09-27 14:31:22.197000,1.17313,1.17311,1310000,1870000
2017-09-27 14:31:22.731000,1.17314,1.17312,7310000,1500000
2017-09-27 14:31:23.355000,1.17315,1.17313,8960000,3250000
2017-09-27 14:31:23.830000,1.17306,1.17305,3940000,4120000
2017-09-27 14:31:24.345000,1.17306,1.17303,1120000,2250000
2017-09-27 14:31:24.856000,1.17307,1.17305,2440000,1000000
2017-09-27 14:31:26.213000,1.17305,1.17304,1120000,1000000
2017-09-27 14:31:27.766000,1.17304,1.17302,2620000,4950000
2017-09-27 14:31:28.235000,1.17306,1.17304,2920000,1500000
2017-09-27 14:31:28.286000,1.17306,1.17303,3220000,3750000
2017-09-27 14:31:28.653000,1.17306,1.17304,2810000,1000000
2017-09-27 14:31:28.907000,1.17305,1.17303,1500000,1870000
2017-09-27 14:31:28.961000,1.17305,1.17302,11660000,1000000
2017-09-27 14:31:29.527000,1.17305,1.17302,2440000,1120000
2017-09-27 14:31:30.072000,1.17305,1.17303,1690000,1000000
2017-09-27 14:31:30.123000,1.17303,1.173,1000000,5620000
2017-09-27 14:31:30.175000,1.17302,1.173,2870000,2250000
2017-09-27 14:31:30.739000,1.17302,1.173,1250000,1000000
2017-09-27 14:31:31.828000,1.17303,1.17302,2810000,1000000
2017-09-27 14:31:32.179000,1.17304,1.17303,2620000,1120000
2017-09-27 14:31:32.385000,1.17306,1.17304,1250000,2250000
2017-09-27 14:31:32.851000,1.17308,1.17307,3750000,6370000
2017-09-27 14:31:33.054000,1.1731,1.17307,6070000,1870000
2017-09-27 14:31:33.361000,1.17308,1.17306,2060000,1000000
2017-09-27 14:31:33.874000,1.17308,1.17305,1690000,1870000
2017-09-27 14:31:34.392000,1.17308,1.17305,1250000,3750000
2017-09-27 14:31:34.982000,1.17308,1.17306,4310000,1000000
2017-09-27 14:31:35.304000,1.1731,1.17309,2440000,1000000
2017-09-27 14:31:35.611000,1.17311,1.1731,2620000,1500000
2017-09-27 14:31:35.920000,1.17309,1.17308,1090000,1000000
2017-09-27 14:31:36.580000,1.1731,1.17307,8700000,1120000
2017-09-27 14:31:36.950000,1.1731,1.17308,6000000,1000000
2017-09-27 14:31:37.294000,1.1731,1.17307,14060000,1500000
2017-09-27 14:31:37.602000,1.17309,1.17307,2870000,1120000
2017-09-27 14:31:37.705000,1.1731,1.17307,9380000,1120000
2017-09-27 14:31:38.104000,1.17308,1.17307,1000000,1000000
2017-09-27 14:31:38.622000,1.17308,1.17306,1000000,1120000
2017-09-27 14:31:39.189000,1.17308,1.17305,2550000,1000000
2017-09-27 14:31:39.723000,1.17308,1.17306,2170000,1000000
2017-09-27 14:31:40.084000,1.17307,1.17305,1310000,1000000
2017-09-27 14:31:40.747000,1.17307,1.17306,1500000,1000000
2017-09-27 14:31:41.714000,1.1731,1.17309,1120000,2100000
2017-09-27 14:31:41.970000,1.17316,1.17314,2810000,1000000
2017-09-27 14:31:42.242000,1.17314,1.17313,1120000,1350000
2017-09-27 14:31:42.785000,1.17314,1.17312,1310000,1000000
2017-09-27 14:31:43.310000,1.17313,1.17311,1250000,1000000
2017-09-27 14:31:43.910000,1.17313,1.17311,3190000,1000000
2017-09-27 14:31:44.604000,1.17313,1.17311,1250000,1000000
2017-09-27 14:31:45.118000,1.17312,1.17311,1000000,1500000
2017-09-27 14:31:46.588000,1.17313,1.17311,2440000,2850000
2017-09-27 14:31:47.201000,1.17314,1.17311,2100000,15410000
2017-09-27 14:31:47.763000,1.17314,1.17312,1000000,2060000
2017-09-27 14:31:48.468000,1.17314,1.17311,1000000,9790000
2017-09-27 14:31:48.879000,1.17313,1.17311,2060000,2850000
2017-09-27 14:31:49.272000,1.17312,1.17309,1000000,3750000
2017-09-27 14:31:49.786000,1.17313,1.1731,2060000,1120000
2017-09-27 14:31:50.269000,1.17314,1.17313,2250000,1000000
2017-09-27 14:31:50.423000,1.17315,1.17312,1050000,1300000
2017-09-27 14:31:50.973000,1.17315,1.17313,1050000,1120000
2017-09-27 14:31:51.572000,1.17315,1.17313,1540000,1000000
2017-09-27 14:31:52.080000,1.17315,1.17312,1050000,2850000
2017-09-27 14:31:52.829000,1.17315,1.17313,2060000,2810000
2017-09-27 14:31:52.881000,1.17317,1.17314,5250000,1000000
2017-09-27 14:31:53.421000,1.17316,1.17314,1190000,3860000
2017-09-27 14:31:55.558000,1.1732,1.17319,3000000,3750000
2017-09-27 14:31:55.867000,1.17322,1.1732,1120000,1120000
2017-09-27 14:31:56.443000,1.17324,1.17321,3560000,1500000
2017-09-27 14:31:56.802000,1.17327,1.17326,1100000,1000000
2017-09-27 14:31:57.374000,1.17326,1.17324,1870000,2850000
2017-09-27 14:31:57.632000,1.17323,1.17322,1250000,3820000
2017-09-27 14:31:57.837000,1.17322,1.1732,1000000,3860000
2017-09-27 14:31:58.599000,1.17322,1.1732,1000000,1570000
2017-09-27 14:31:59.151000,1.17321,1.17319,3560000,1870000
2017-09-27 14:31:59.694000,1.1732,1.17318,1500000,3070000
2017-09-27 14:32:01.646000,1.1732,1.17318,1000000,1100000
2017-09-27 14:32:02.214000,1.17319,1.17317,3000000,1870000
2017-09-27 14:32:02.266000,1.17317,1.17316,1120000,1000000
2017-09-27 14:32:02.421000,1.17315,1.17314,6000000,1200000
2017-09-27 14:32:02.935000,1.17316,1.17314,7120000,1570000
2017-09-27 14:32:03.958000,1.17315,1.17312,8620000,7800000
2017-09-27 14:32:04.010000,1.17314,1.17312,3190000,1570000
2017-09-27 14:32:04.548000,1.17313,1.17311,1500000,1000000
2017-09-27 14:32:05.202000,1.17311,1.17309,1000000,4420000
2017-09-27 14:32:05.474000,1.17314,1.1731,3320000,4420000
2017-09-27 14:32:05.681000,1.17315,1.17311,6560000,8470000
2017-09-27 14:32:06.041000,1.17317,1.17314,6000000,2320000
2017-09-27 14:32:06.576000,1.17317,1.17314,1500000,2700000
2017-09-27 14:32:07.041000,1.1732,1.17317,4270000,1720000
2017-09-27 14:32:07.574000,1.1732,1.17317,1250000,10010000
2017-09-27 14:32:07.890000,1.17322,1.17319,1000000,7120000
2017-09-27 14:32:09.025000,1.17321,1.1732,1000000,1100000
2017-09-27 14:32:09.576000,1.17322,1.17319,5810000,1120000
2017-09-27 14:32:10.693000,1.17322,1.1732,3190000,1120000
2017-09-27 14:32:11.762000,1.17322,1.17319,3000000,1950000
2017-09-27 14:32:12.281000,1.17322,1.17319,3000000,1950000
2017-09-27 14:32:13.854000,1.17321,1.17319,1000000,3820000
2017-09-27 14:32:14.616000,1.17322,1.17319,1500000,3820000
2017-09-27 14:32:15.130000,1.17321,1.17319,1000000,4100000
2017-09-27 14:32:16.121000,1.17322,1.17319,1310000,4760000
2017-09-27 14:32:16.588000,1.17323,1.17322,1690000,1000000
2017-09-27 14:32:16.640000,1.17324,1.17322,2210000,1250000
2017-09-27 14:32:17.186000,1.17324,1.17322,2590000,2060000
2017-09-27 14:32:18,1.17324,1.17321,3190000,1950000
2017-09-27 14:32:19.037000,1.17324,1.17321,1870000,2700000
2017-09-27 14:32:19.140000,1.17323,1.1732,2810000,4570000
2017-09-27 14:32:19.446000,1.17321,1.1732,1500000,1000000
2017-09-27 14:32:19.983000,1.17322,1.17319,5060000,1200000
2017-09-27 14:32:20.342000,1.17319,1.17317,2810000,1570000
2017-09-27 14:32:20.446000,1.17318,1.17316,1000000,2320000
2017-09-27 14:32:20.870000,1.17319,1.17316,7310000,4200000
2017-09-27 14:32:21.414000,1.17318,1.17317,1690000,1000000
2017-09-27 14:32:21.935000,1.17319,1.17318,1120000,1300000
2017-09-27 14:32:23.930000,1.17319,1.17317,2810000,1300000
2017-09-27 14:32:24.453000,1.1732,1.17318,7500000,1300000
2017-09-27 14:32:25.114000,1.1732,1.17317,3560000,1350000
2017-09-27 14:32:25.423000,1.17319,1.17317,4310000,1100000
2017-09-27 14:32:25.959000,1.17317,1.17316,1250000,2700000
2017-09-27 14:32:26.475000,1.17318,1.17316,1250000,5320000
2017-09-27 14:32:27.516000,1.17319,1.17317,1000000,1000000
2017-09-27 14:32:27.831000,1.17323,1.17322,1000000,2920000
2017-09-27 14:32:28.245000,1.17326,1.17325,3370000,1000000
2017-09-27 14:32:28.787000,1.17327,1.17324,2620000,2700000
2017-09-27 14:32:29.298000,1.17328,1.17324,9370000,3000000
2017-09-27 14:32:29.816000,1.17328,1.17324,5620000,4200000
2017-09-27 14:32:30.329000,1.17326,1.17324,1000000,6300000
2017-09-27 14:32:30.849000,1.17325,1.17323,1000000,1610000
2017-09-27 14:32:31.368000,1.17324,1.17322,1000000,4010000
2017-09-27 14:32:31.725000,1.17326,1.17322,4870000,3260000
2017-09-27 14:32:32.239000,1.17324,1.17321,1870000,6820000
2017-09-27 14:32:32.574000,1.1732,1.17318,1000000,4120000
2017-09-27 14:32:33.112000,1.1732,1.17318,1000000,1100000
2017-09-27 14:32:33.858000,1.17322,1.1732,6000000,1350000
2017-09-27 14:32:33.910000,1.17323,1.1732,1250000,3970000
2017-09-27 14:32:34.165000,1.17322,1.17319,1250000,3790000
2017-09-27 14:32:34.422000,1.17322,1.17319,1120000,2850000
2017-09-27 14:32:34.951000,1.17322,1.17321,1000000,1300000
2017-09-27 14:32:35.465000,1.17323,1.1732,2060000,2850000
2017-09-27 14:32:35.777000,1.17324,1.17322,3190000,1190000
2017-09-27 14:32:35.992000,1.17322,1.1732,1000000,2920000
2017-09-27 14:32:36.506000,1.17323,1.1732,2060000,1300000
2017-09-27 14:32:37.135000,1.17323,1.17321,11060000,1000000
2017-09-27 14:32:37.187000,1.17322,1.1732,2810000,2250000
2017-09-27 14:32:37.718000,1.17321,1.17318,1690000,6300000
2017-09-27 14:32:39.042000,1.17321,1.17319,2060000,1570000
2017-09-27 14:32:39.577000,1.17321,1.17319,3190000,1120000
2017-09-27 14:32:40.127000,1.17322,1.17319,6940000,4240000
2017-09-27 14:32:40.638000,1.17322,1.17319,2060000,4800000
2017-09-27 14:32:41.173000,1.17321,1.17319,1250000,2850000
2017-09-27 14:32:41.741000,1.17321,1.17319,1690000,1300000
2017-09-27 14:32:42.354000,1.17321,1.17319,1250000,1350000
2017-09-27 14:32:43.073000,1.17323,1.1732,6190000,1390000
2017-09-27 14:32:43.435000,1.17319,1.17317,1500000,6490000
2017-09-27 14:32:43.745000,1.17308,1.17306,2320000,2250000
2017-09-27 14:32:43.901000,1.17307,1.17304,1000000,2320000
2017-09-27 14:32:44.106000,1.17308,1.17306,1370000,7500000
2017-09-27 14:32:44.626000,1.17308,1.17306,2620000,1120000
2017-09-27 14:32:44.936000,1.17312,1.1731,1690000,1120000
2017-09-27 14:32:45.471000,1.17312,1.1731,1000000,4310000
2017-09-27 14:32:45.779000,1.17314,1.1731,15940000,1690000
2017-09-27 14:32:45.883000,1.17315,1.17314,2320000,2810000
2017-09-27 14:32:46.123000,1.17318,1.17317,1000000,1000000
2017-09-27 14:32:46.432000,1.17318,1.17315,1310000,1200000
2017-09-27 14:32:47.002000,1.17318,1.17316,1120000,1000000
2017-09-27 14:32:47.513000,1.17318,1.17316,1690000,1000000
2017-09-27 14:32:48.319000,1.17318,1.17316,1000000,1000000
2017-09-27 14:32:48.835000,1.17317,1.17316,1250000,1000000
2017-09-27 14:32:49.228000,1.17315,1.17314,1120000,1120000
2017-09-27 14:32:49.484000,1.17307,1.17306,1120000,11250000
2017-09-27 14:32:50.630000,1.17306,1.17305,1000000,1000000
2017-09-27 14:32:51.175000,1.17306,1.17304,1000000,2810000
2017-09-27 14:32:51.688000,1.17306,1.17304,1000000,1120000
2017-09-27 14:32:53.109000,1.17306,1.17304,1070000,1120000
2017-09-27 14:32:53.694000,1.17307,1.17303,2890000,3260000
2017-09-27 14:32:54.347000,1.17307,1.17303,2510000,3260000
2017-09-27 14:32:54.480000,1.17304,1.17303,1000000,1950000
2017-09-27 14:32:54.634000,1.173,1.17298,1870000,1500000
2017-09-27 14:32:54.909000,1.173,1.17296,3370000,7120000
2017-09-27 14:32:55.065000,1.17299,1.17298,1000000,1000000
2017-09-27 14:32:55.833000,1.17301,1.17298,3750000,1120000
2017-09-27 14:32:56.377000,1.173,1.17298,1690000,1120000
2017-09-27 14:32:56.864000,1.17298,1.17294,3940000,3450000
2017-09-27 14:32:57.018000,1.17294,1.17293,1310000,2620000
2017-09-27 14:32:57.071000,1.17293,1.17291,1120000,1100000
2017-09-27 14:32:57.564000,1.17291,1.17289,1000000,2320000
2017-09-27 14:32:57.734000,1.17289,1.17288,1000000,1250000
2017-09-27 14:32:58.194000,1.17288,1.17286,1310000,1250000
2017-09-27 14:32:58.695000,1.17287,1.17285,1000000,1200000
2017-09-27 14:32:59.208000,1.17287,1.17284,2810000,1120000
2017-09-27 14:32:59.908000,1.17286,1.17284,1690000,1000000
2017-09-27 14:33:00.369000,1.17281,1.17279,3560000,9260000
2017-09-27 14:33:00.911000,1.1728,1.17278,1500000,3370000
2017-09-27 14:33:01.431000,1.17279,1.17278,1300000,1000000
2017-09-27 14:33:01.942000,1.17279,1.17277,1000000,2620000
2017-09-27 14:33:02.468000,1.1728,1.17277,1870000,1570000
2017-09-27 14:33:02.980000,1.1728,1.17277,1000000,8510000
2017-09-27 14:33:03.289000,1.1728,1.17276,1690000,1650000
2017-09-27 14:33:03.443000,1.1728,1.17276,2060000,1000000
2017-09-27 14:33:03.600000,1.17279,1.17275,2440000,1310000
2017-09-27 14:33:04.115000,1.17279,1.17276,1000000,1120000
2017-09-27 14:33:04.732000,1.17281,1.17277,1870000,2440000
2017-09-27 14:33:05.040000,1.17279,1.17277,1870000,4720000
2017-09-27 14:33:05.400000,1.1728,1.17277,2620000,1000000
2017-09-27 14:33:05.605000,1.1728,1.17276,9640000,1000000
2017-09-27 14:33:06.148000,1.1728,1.17275,6560000,3190000
2017-09-27 14:33:06.543000,1.17277,1.17275,2620000,1500000
2017-09-27 14:33:06.871000,1.17268,1.17266,3190000,3520000
2017-09-27 14:33:06.922000,1.17268,1.17265,3190000,1690000
2017-09-27 14:33:07.286000,1.17269,1.17266,6190000,1200000
2017-09-27 14:33:08.026000,1.17268,1.17264,2810000,1670000
2017-09-27 14:33:08.545000,1.17268,1.17264,18190001,3190000
2017-09-27 14:33:08.597000,1.17267,1.17263,4870000,6640000
2017-09-27 14:33:08.801000,1.17267,1.17264,4310000,1370000
2017-09-27 14:33:09.168000,1.17263,1.17261,2810000,3450000
2017-09-27 14:33:09.271000,1.17265,1.17263,1870000,1000000
2017-09-27 14:33:10.036000,1.17266,1.17265,1120000,1000000
2017-09-27 14:33:10.243000,1.17268,1.17265,1690000,1690000
2017-09-27 14:33:10.773000,1.17268,1.17266,1120000,1000000
2017-09-27 14:33:11.286000,1.17268,1.17267,1000000,1500000
2017-09-27 14:33:11.441000,1.1727,1.17268,1120000,1000000
2017-09-27 14:33:12.128000,1.17271,1.1727,1870000,2100000
2017-09-27 14:33:12.180000,1.17274,1.17273,1120000,1500000
2017-09-27 14:33:12.481000,1.17274,1.17271,2620000,4950000
2017-09-27 14:33:12.892000,1.17274,1.17272,1870000,1000000
2017-09-27 14:33:13.195000,1.17274,1.17271,1870000,1500000
2017-09-27 14:33:13.609000,1.17274,1.1727,8810000,1310000
2017-09-27 14:33:13.898000,1.17274,1.17272,1250000,2060000
2017-09-27 14:33:14.182000,1.17273,1.17271,1120000,2400000
2017-09-27 14:33:14.693000,1.17272,1.17271,1000000,1000000
2017-09-27 14:33:15.330000,1.17273,1.17271,3560000,1000000
2017-09-27 14:33:15.794000,1.17271,1.1727,1000000,3600000
2017-09-27 14:33:15.897000,1.17269,1.17268,1250000,2320000
2017-09-27 14:33:16.118000,1.17268,1.17265,1250000,8060000
2017-09-27 14:33:16.272000,1.17266,1.17264,1000000,4500000
2017-09-27 14:33:16.428000,1.17266,1.17263,1500000,1500000
2017-09-27 14:33:16.582000,1.17264,1.17262,1500000,3940000
2017-09-27 14:33:17.098000,1.17263,1.17261,1690000,1090000
2017-09-27 14:33:17.617000,1.17263,1.17261,1690000,1170000
2017-09-27 14:33:18.136000,1.17263,1.1726,1690000,9370000
2017-09-27 14:33:18.650000,1.17263,1.17262,1250000,1120000
2017-09-27 14:33:19.155000,1.17263,1.17262,1250000,4120000
2017-09-27 14:33:19.667000,1.17264,1.17262,1250000,4120000
2017-09-27 14:33:20.447000,1.17264,1.17262,1000000,2250000
2017-09-27 14:33:21.428000,1.17264,1.17262,1000000,4500000
2017-09-27 14:33:21.939000,1.17264,1.17262,1000000,3750000
2017-09-27 14:33:22.502000,1.17265,1.17262,6000000,6190000
2017-09-27 14:33:22.555000,1.17264,1.17262,1000000,5440000
2017-09-27 14:33:23.160000,1.17264,1.17262,1000000,4500000
2017-09-27 14:33:23.627000,1.17265,1.17264,1250000,3000000
2017-09-27 14:33:23.995000,1.17264,1.17262,1000000,7690000
2017-09-27 14:33:25.175000,1.17264,1.17262,1000000,4870000
2017-09-27 14:33:25.701000,1.17265,1.17263,1250000,1690000
2017-09-27 14:33:26.014000,1.17255,1.17252,3640000,2440000
2017-09-27 14:33:26.119000,1.17255,1.17251,1690000,5060000
2017-09-27 14:33:26.645000,1.17256,1.17253,7200000,1000000
2017-09-27 14:33:27.165000,1.17254,1.17251,1120000,4310000
2017-09-27 14:33:27.421000,1.17255,1.17254,1250000,1500000
2017-09-27 14:33:27.937000,1.17254,1.17252,1250000,2060000
2017-09-27 14:33:28.441000,1.17253,1.17251,1000000,3860000
2017-09-27 14:33:28.493000,1.17254,1.17252,3190000,1570000
2017-09-27 14:33:29.118000,1.17254,1.17252,1310000,9000000
2017-09-27 14:33:29.222000,1.17257,1.17256,6260000,1500000
2017-09-27 14:33:29.377000,1.17256,1.17254,1250000,1390000
2017-09-27 14:33:30.208000,1.17257,1.17253,3070000,3000000
2017-09-27 14:33:30.785000,1.17256,1.17254,1000000,1000000
2017-09-27 14:33:31.041000,1.17257,1.17256,1870000,3750000
2017-09-27 14:33:31.195000,1.1726,1.17258,2250000,1500000
2017-09-27 14:33:31.893000,1.17259,1.17257,1250000,5060000
2017-09-27 14:33:32.544000,1.17259,1.17258,1250000,1000000
2017-09-27 14:33:33.435000,1.17259,1.17257,1000000,4570000
2017-09-27 14:33:33.494000,1.17261,1.1726,3560000,1500000
2017-09-27 14:33:34.007000,1.1726,1.17259,1690000,1250000
2017-09-27 14:33:34.325000,1.17257,1.17255,2440000,1000000
2017-09-27 14:33:34.377000,1.17258,1.17256,3560000,1000000
2017-09-27 14:33:34.582000,1.17257,1.17255,1310000,1500000
2017-09-27 14:33:35.117000,1.17256,1.17253,1500000,2250000
2017-09-27 14:33:35.661000,1.17256,1.17253,1500000,2440000
2017-09-27 14:33:36.169000,1.17256,1.17254,1690000,1310000
2017-09-27 14:33:36.377000,1.17255,1.17252,2440000,8400000
2017-09-27 14:33:36.890000,1.17254,1.17252,1250000,4200000
2017-09-27 14:33:37.409000,1.17255,1.17252,1690000,4870000
2017-09-27 14:33:37.922000,1.17254,1.17253,1250000,1250000
2017-09-27 14:33:38.236000,1.17252,1.17249,1000000,6560000
2017-09-27 14:33:38.545000,1.17254,1.17253,1250000,1120000
2017-09-27 14:33:38.707000,1.17257,1.17256,1250000,3370000
2017-09-27 14:33:38.763000,1.17259,1.17257,1870000,4350000
2017-09-27 14:33:39.019000,1.17257,1.17256,1000000,1050000
2017-09-27 14:33:39.297000,1.17256,1.17252,1120000,7240000
2017-09-27 14:33:39.809000,1.17255,1.17253,1690000,1120000
2017-09-27 14:33:40.204000,1.17253,1.17251,1000000,1390000
2017-09-27 14:33:40.308000,1.17252,1.17249,1120000,3000000
2017-09-27 14:33:40.793000,1.17254,1.17252,1370000,2100000
2017-09-27 14:33:41.392000,1.17254,1.17252,2810000,1620000
2017-09-27 14:33:41.906000,1.17255,1.17252,2060000,6940000
2017-09-27 14:33:42.248000,1.17254,1.17252,1000000,1310000
2017-09-27 14:33:42.558000,1.17253,1.17251,1000000,2100000
2017-09-27 14:33:42.845000,1.17251,1.17249,1000000,1310000
2017-09-27 14:33:43.204000,1.17249,1.17246,1690000,9820000
2017-09-27 14:33:43.332000,1.17248,1.17245,1000000,1870000
2017-09-27 14:33:43.387000,1.17249,1.17247,2060000,2250000
2017-09-27 14:33:43.660000,1.17248,1.17245,1120000,1000000
2017-09-27 14:33:43.713000,1.17249,1.17247,2250000,2250000
2017-09-27 14:33:44.079000,1.1725,1.17248,3370000,1500000
2017-09-27 14:33:44.449000,1.17249,1.17247,1000000,3450000
2017-09-27 14:33:45.026000,1.17247,1.17246,29469999,2250000
2017-09-27 14:33:45.206000,1.17242,1.17241,1310000,15750000
2017-09-27 14:33:45.881000,1.17242,1.1724,1250000,1760000
2017-09-27 14:33:46.036000,1.17241,1.17239,7310000,1870000
2017-09-27 14:33:46.140000,1.17243,1.17242,3750000,1500000
2017-09-27 14:33:46.242000,1.17243,1.1724,4500000,3370000
2017-09-27 14:33:46.662000,1.17243,1.17242,1310000,3750000
2017-09-27 14:33:46.819000,1.17245,1.17243,2440000,2810000
2017-09-27 14:33:47.383000,1.17246,1.17244,3820000,1000000
2017-09-27 14:33:47.897000,1.17244,1.17242,2890000,1000000
2017-09-27 14:33:47.950000,1.17242,1.17241,1000000,1000000
2017-09-27 14:33:48.406000,1.17244,1.17243,2810000,2250000
2017-09-27 14:33:48.767000,1.17243,1.1724,3940000,2320000
2017-09-27 14:33:49.137000,1.1724,1.17238,1000000,1120000
2017-09-27 14:33:49.692000,1.17241,1.17238,1690000,1120000
2017-09-27 14:33:50.732000,1.17241,1.17238,1500000,1500000
2017-09-27 14:33:51.593000,1.17241,1.1724,1250000,2620000
2017-09-27 14:33:51.904000,1.17244,1.17242,1250000,4500000
2017-09-27 14:33:52.727000,1.17244,1.17242,5060000,2140000
2017-09-27 14:33:53.038000,1.17241,1.17238,2250000,1120000
2017-09-27 14:33:53.543000,1.17241,1.17239,2060000,1000000
2017-09-27 14:33:54.057000,1.17242,1.1724,3940000,1000000
2017-09-27 14:33:54.109000,1.17243,1.17241,9260000,2250000
2017-09-27 14:33:54.216000,1.17243,1.1724,7500000,1120000
2017-09-27 14:33:54.422000,1.17241,1.17239,1690000,1000000
2017-09-27 14:33:54.949000,1.17241,1.17238,3940000,1120000
2017-09-27 14:33:55.257000,1.17239,1.17237,2810000,2870000
2017-09-27 14:33:55.309000,1.17236,1.17235,1000000,1000000
2017-09-27 14:33:55.826000,1.17237,1.17234,3750000,1250000
2017-09-27 14:33:56.409000,1.17236,1.17235,1000000,1500000
2017-09-27 14:33:56.461000,1.17238,1.17236,2060000,1000000
2017-09-27 14:33:56.616000,1.17237,1.17235,1760000,2620000
2017-09-27 14:33:57.227000,1.17234,1.17233,1250000,1120000
2017-09-27 14:33:57.329000,1.17234,1.17231,1120000,1310000
2017-09-27 14:33:57.689000,1.17232,1.1723,1000000,2620000
2017-09-27 14:33:58.067000,1.17234,1.17232,7090000,1870000
2017-09-27 14:33:58.477000,1.17233,1.17232,1270000,1870000
2017-09-27 14:33:58.999000,1.17233,1.17231,1000000,1310000
2017-09-27 14:33:59.357000,1.17231,1.17229,1000000,2250000
2017-09-27 14:33:59.511000,1.17232,1.17229,2250000,4870000
2017-09-27 14:33:59.663000,1.17231,1.17229,1000000,3190000
2017-09-27 14:33:59.724000,1.17229,1.17227,2440000,2620000
2017-09-27 14:33:59.827000,1.17227,1.17226,1500000,1870000
2017-09-27 14:34:00.187000,1.1723,1.17229,4500000,1500000
2017-09-27 14:34:00.386000,1.17233,1.17232,3940000,1500000
2017-09-27 14:34:00.903000,1.17233,1.17232,2510000,3750000
2017-09-27 14:34:01.451000,1.17232,1.17231,1000000,1000000
2017-09-27 14:34:01.504000,1.17231,1.17229,1870000,2250000
2017-09-27 14:34:01.557000,1.17231,1.17228,2620000,5700000
2017-09-27 14:34:01.661000,1.17233,1.17231,5320000,7750000
2017-09-27 14:34:02.171000,1.17232,1.1723,2440000,1310000
2017-09-27 14:34:02.751000,1.17232,1.1723,1690000,3560000
2017-09-27 14:34:03.292000,1.17234,1.17231,2440000,3750000
2017-09-27 14:34:03.513000,1.17234,1.17233,1250000,3750000
2017-09-27 14:34:03.670000,1.17233,1.17232,1500000,1000000
2017-09-27 14:34:04.208000,1.17234,1.17232,1250000,4120000
2017-09-27 14:34:04.661000,1.17235,1.17234,3560000,3000000
2017-09-27 14:34:05.178000,1.17235,1.17234,1500000,1120000
2017-09-27 14:34:05.763000,1.17234,1.17233,1250000,1500000
2017-09-27 14:34:06.317000,1.17234,1.17233,1250000,1870000
2017-09-27 14:34:06.676000,1.17236,1.17235,2440000,1000000
2017-09-27 14:34:07.208000,1.17235,1.17233,1000000,4500000
2017-09-27 14:34:07.661000,1.17238,1.17236,7950000,5620000
2017-09-27 14:34:07.970000,1.17236,1.17235,2440000,1120000
2017-09-27 14:34:08.485000,1.17236,1.17235,1250000,3000000
2017-09-27 14:34:08.998000,1.17236,1.17235,1250000,1870000
2017-09-27 14:34:09.512000,1.17236,1.17234,2440000,1500000
2017-09-27 14:34:10.025000,1.17236,1.17234,1690000,1870000
2017-09-27 14:34:10.379000,1.17238,1.17237,3750000,2620000
2017-09-27 14:34:10.788000,1.17239,1.17238,3370000,1000000
2017-09-27 14:34:11.301000,1.1724,1.17239,3070000,4500000
2017-09-27 14:34:11.405000,1.17241,1.17238,1870000,2620000
2017-09-27 14:34:11.508000,1.1724,1.17238,1000000,2440000
2017-09-27 14:34:11.764000,1.17239,1.17237,2250000,3370000
2017-09-27 14:34:11.975000,1.17236,1.17234,1000000,9370000
2017-09-27 14:34:12.489000,1.17235,1.17234,1000000,1000000
2017-09-27 14:34:13.614000,1.17235,1.17232,1690000,3850000
2017-09-27 14:34:13.929000,1.17233,1.17231,1000000,3370000
2017-09-27 14:34:14.453000,1.17233,1.17231,1120000,1370000
2017-09-27 14:34:14.731000,1.17236,1.17234,3370000,1000000
2017-09-27 14:34:14.784000,1.17234,1.17232,1000000,2290000
2017-09-27 14:34:14.989000,1.17233,1.17231,1000000,1000000
2017-09-27 14:34:16.129000,1.17231,1.17229,1690000,2440000
2017-09-27 14:34:16.638000,1.17231,1.17227,1690000,6190000
2017-09-27 14:34:17.157000,1.17231,1.17228,2890000,1250000
2017-09-27 14:34:17.462000,1.1723,1.17228,1120000,4870000
2017-09-27 14:34:18.028000,1.17232,1.17229,5700000,1870000
2017-09-27 14:34:18.907000,1.17232,1.17231,1310000,3370000
2017-09-27 14:34:19.436000,1.17233,1.17231,4500000,1000000
2017-09-27 14:34:19.967000,1.17232,1.17231,1100000,1000000
2017-09-27 14:34:20.488000,1.17233,1.17231,5140000,1000000
2017-09-27 14:34:20.794000,1.17234,1.17231,1000000,15820000
2017-09-27 14:34:20.846000,1.17236,1.17232,4010000,1870000
2017-09-27 14:34:21.397000,1.17234,1.17232,1500000,3000000
2017-09-27 14:34:21.908000,1.17235,1.17232,3560000,7900000
2017-09-27 14:34:22.425000,1.17235,1.17232,1250000,6370000
2017-09-27 14:34:22.832000,1.17236,1.17234,3190000,4500000
2017-09-27 14:34:23.392000,1.17236,1.17234,4120000,1000000
2017-09-27 14:34:23.907000,1.17236,1.17233,4120000,2250000
2017-09-27 14:34:24.330000,1.17237,1.17235,6370000,1500000
2017-09-27 14:34:25.013000,1.17237,1.17235,3450000,1000000
2017-09-27 14:34:25.524000,1.17236,1.17235,1000000,1000000
2017-09-27 14:34:27.351000,1.17237,1.17235,6190000,1120000
2017-09-27 14:34:27.920000,1.17237,1.17236,3070000,8780000
2017-09-27 14:34:28.387000,1.17239,1.17238,4690000,1000000
2017-09-27 14:34:28.490000,1.1724,1.17238,7310000,1000000
2017-09-27 14:34:29.140000,1.17239,1.17238,1500000,1000000
2017-09-27 14:34:29.429000,1.17244,1.17241,2060000,6220000
2017-09-27 14:34:29.685000,1.17247,1.17246,1500000,4500000
2017-09-27 14:34:29.971000,1.1725,1.17247,6190000,4500000
2017-09-27 14:34:30.693000,1.17249,1.17248,1310000,1120000
2017-09-27 14:34:30.899000,1.17247,1.17246,1000000,1000000
2017-09-27 14:34:31.105000,1.17246,1.17244,1120000,1870000
2017-09-27 14:34:32.509000,1.17247,1.17246,3190000,1000000
2017-09-27 14:34:33.064000,1.17248,1.17247,2250000,1500000
2017-09-27 14:34:33.271000,1.17249,1.17247,1250000,1120000
2017-09-27 14:34:34.569000,1.17251,1.17248,8810000,3970000
2017-09-27 14:34:34.880000,1.17253,1.17251,1000000,5020000
2017-09-27 14:34:34.936000,1.17252,1.1725,6220000,1000000
2017-09-27 14:34:34.988000,1.17251,1.17248,3370000,1000000
2017-09-27 14:34:35.730000,1.17251,1.17248,6450000,1120000
2017-09-27 14:34:35.782000,1.17249,1.17246,5250000,1120000
2017-09-27 14:34:36.088000,1.17246,1.17245,1000000,3000000
2017-09-27 14:34:36.446000,1.17248,1.17245,2890000,15370000
2017-09-27 14:34:36.807000,1.17246,1.17245,1000000,1500000
2017-09-27 14:34:37.014000,1.17244,1.17243,1500000,1870000
2017-09-27 14:34:37.592000,1.17245,1.17243,15000000,2250000
2017-09-27 14:34:38.408000,1.17245,1.17242,1500000,2620000
2017-09-27 14:34:39.859000,1.17245,1.17242,1500000,2250000
2017-09-27 14:34:40.167000,1.17246,1.17243,1500000,4200000
2017-09-27 14:34:40.701000,1.17245,1.17244,1000000,1000000
2017-09-27 14:34:41.613000,1.17245,1.17243,1000000,2620000
2017-09-27 14:34:41.921000,1.17235,1.17233,1000000,2620000
2017-09-27 14:34:42.238000,1.1724,1.17237,2440000,3750000
2017-09-27 14:34:42.758000,1.17239,1.17237,1120000,1370000
2017-09-27 14:34:43.014000,1.17238,1.17235,1120000,2440000
2017-09-27 14:34:43.116000,1.17239,1.17238,1000000,1120000
2017-09-27 14:34:43.634000,1.17241,1.17238,1690000,1870000
2017-09-27 14:34:44.008000,1.17241,1.1724,2250000,1870000
2017-09-27 14:34:44.319000,1.1724,1.17238,1000000,3600000
2017-09-27 14:34:44.830000,1.17242,1.1724,1310000,1000000
2017-09-27 14:34:45.300000,1.17243,1.17242,5440000,1000000
2017-09-27 14:34:45.404000,1.17244,1.17243,1120000,1500000
2017-09-27 14:34:45.750000,1.17247,1.17245,3560000,1870000
2017-09-27 14:34:46.314000,1.17247,1.17245,1310000,4500000
2017-09-27 14:34:46.581000,1.17238,1.17235,15750000,2510000
2017-09-27 14:34:47.727000,1.17238,1.17237,4120000,1000000
2017-09-27 14:34:48.393000,1.17239,1.17237,4690000,6750000
2017-09-27 14:34:48.496000,1.1724,1.17239,1500000,1000000
2017-09-27 14:34:49.007000,1.17243,1.17242,7950000,5060000
2017-09-27 14:34:49.210000,1.17241,1.17238,3750000,1050000
2017-09-27 14:34:50.186000,1.17241,1.17237,8250000,3750000
2017-09-27 14:34:51.003000,1.17241,1.17239,7120000,1000000
2017-09-27 14:34:51.208000,1.17241,1.17238,2810000,5550000
2017-09-27 14:34:51.820000,1.17242,1.17238,2810000,1950000
2017-09-27 14:34:52.229000,1.17242,1.1724,2440000,2500000
2017-09-27 14:34:52.643000,1.17242,1.17239,2810000,1950000
2017-09-27 14:34:54.110000,1.17242,1.17239,2810000,1200000
2017-09-27 14:34:55.315000,1.17242,1.17239,3560000,1000000
2017-09-27 14:34:55.680000,1.17242,1.17241,1250000,6600000
2017-09-27 14:34:55.786000,1.17241,1.17239,2250000,5250000
2017-09-27 14:34:56.304000,1.17242,1.17239,2810000,3070000
2017-09-27 14:34:57.421000,1.17242,1.17241,1000000,2250000
2017-09-27 14:34:57.676000,1.17242,1.17239,1000000,4570000
2017-09-27 14:34:58.223000,1.17242,1.1724,1000000,1000000
2017-09-27 14:34:58.428000,1.17243,1.17241,5810000,1500000
2017-09-27 14:34:58.790000,1.17254,1.17252,2250000,2250000
2017-09-27 14:34:58.842000,1.17252,1.17249,2700000,1000000
2017-09-27 14:34:59.355000,1.17252,1.17249,1310000,2850000
2017-09-27 14:34:59.505000,1.17251,1.17249,1000000,2850000
2017-09-27 14:34:59.659000,1.17246,1.17244,1120000,2250000
2017-09-27 14:35:00.275000,1.17248,1.17246,1000000,3000000
2017-09-27 14:35:00.327000,1.1725,1.17247,1250000,1500000
2017-09-27 14:35:00.736000,1.17251,1.17249,2440000,1000000
2017-09-27 14:35:00.839000,1.1725,1.17248,1310000,1000000
2017-09-27 14:35:01.355000,1.17249,1.17246,1120000,1500000
2017-09-27 14:35:02.002000,1.17246,1.17244,1000000,1870000
2017-09-27 14:35:02.057000,1.17246,1.17244,1250000,2810000
2017-09-27 14:35:02.572000,1.17246,1.17243,1000000,1120000
2017-09-27 14:35:02.730000,1.17244,1.17242,2550000,6370000
2017-09-27 14:35:02.834000,1.17242,1.17238,10120000,1690000
2017-09-27 14:35:02.887000,1.1724,1.17238,6000000,1000000
2017-09-27 14:35:03.400000,1.1724,1.17239,6000000,1000000
2017-09-27 14:35:03.841000,1.17242,1.17238,3000000,1870000
2017-09-27 14:35:04.510000,1.1724,1.17238,2250000,1250000
2017-09-27 14:35:05.947000,1.17239,1.17237,1000000,5810000
2017-09-27 14:35:06.051000,1.1724,1.17237,4760000,1690000
2017-09-27 14:35:07.478000,1.1724,1.17238,1000000,1000000
2017-09-27 14:35:07.979000,1.17241,1.17239,1000000,1310000
2017-09-27 14:35:08.311000,1.17243,1.17242,2320000,1690000
2017-09-27 14:35:08.468000,1.17245,1.17243,2250000,1250000
2017-09-27 14:35:08.622000,1.17244,1.17242,1000000,3560000
2017-09-27 14:35:09.135000,1.17245,1.17243,1000000,2810000
2017-09-27 14:35:09.444000,1.17246,1.17244,1120000,1870000
2017-09-27 14:35:09.547000,1.17248,1.17246,1000000,2060000
2017-09-27 14:35:09.755000,1.1725,1.17247,1010000,1690000
2017-09-27 14:35:09.882000,1.17251,1.17249,3450000,1500000
2017-09-27 14:35:11.701000,1.17246,1.17245,12000000,19219999
2017-09-27 14:35:11.864000,1.17245,1.17243,5700000,3190000
2017-09-27 14:35:12.273000,1.17247,1.17244,2700000,4310000
2017-09-27 14:35:12.588000,1.17245,1.17243,1000000,3940000
2017-09-27 14:35:13.099000,1.17244,1.17242,2320000,2440000
2017-09-27 14:35:14.277000,1.17242,1.17241,1000000,1250000
2017-09-27 14:35:14.783000,1.17243,1.17242,1120000,1000000
2017-09-27 14:35:15.499000,1.17244,1.17242,3000000,1310000
2017-09-27 14:35:15.908000,1.17242,1.17241,1000000,1690000
2017-09-27 14:35:16.424000,1.17242,1.17241,1500000,1310000
2017-09-27 14:35:16.873000,1.1724,1.17239,2250000,1500000
2017-09-27 14:35:17.187000,1.17233,1.17232,1690000,2620000
2017-09-27 14:35:17.290000,1.17234,1.17232,1250000,2250000
2017-09-27 14:35:17.864000,1.17234,1.17232,1690000,1250000
2017-09-27 14:35:18.380000,1.17234,1.17232,1000000,1250000
2017-09-27 14:35:19.581000,1.17235,1.17232,1310000,2440000
2017-09-27 14:35:20.088000,1.17235,1.17232,4690000,3940000
2017-09-27 14:35:20.594000,1.17235,1.17232,1000000,1500000
2017-09-27 14:35:21.098000,1.17237,1.17232,3640000,3190000
2017-09-27 14:35:22.745000,1.17235,1.17232,1000000,3190000
2017-09-27 14:35:23.763000,1.17236,1.17234,1370000,1000000
2017-09-27 14:35:25.380000,1.17236,1.17233,1500000,1000000
2017-09-27 14:35:25.681000,1.17237,1.17235,19570000,1000000
2017-09-27 14:35:25.938000,1.17237,1.17234,1690000,1000000
2017-09-27 14:35:26.100000,1.17237,1.17235,2440000,1000000
2017-09-27 14:35:26.634000,1.17238,1.17236,2810000,1000000
2017-09-27 14:35:28.602000,1.17237,1.17235,1120000,1000000
2017-09-27 14:35:29.937000,1.17238,1.17237,1500000,1500000
2017-09-27 14:35:30.364000,1.1724,1.17238,3370000,1000000
2017-09-27 14:35:30.921000,1.1724,1.17237,2620000,4870000
2017-09-27 14:35:31.433000,1.17239,1.17237,1250000,3750000
2017-09-27 14:35:32.016000,1.17239,1.17237,1690000,1500000
2017-09-27 14:35:32.146000,1.1724,1.17237,1310000,1870000
2017-09-27 14:35:32.939000,1.17241,1.17237,8140000,2620000
2017-09-27 14:35:33.943000,1.17241,1.17237,10390000,2620000
2017-09-27 14:35:34.955000,1.1724,1.17238,2810000,1000000
2017-09-27 14:35:35.720000,1.17243,1.17241,6190000,1500000
2017-09-27 14:35:35.823000,1.17242,1.1724,1370000,1120000
2017-09-27 14:35:35.926000,1.17243,1.17242,3300000,1500000
2017-09-27 14:35:36.082000,1.17242,1.1724,1000000,1120000
2017-09-27 14:35:36.631000,1.17242,1.1724,1690000,1000000
2017-09-27 14:35:37.191000,1.17244,1.17242,14140000,2850000
2017-09-27 14:35:37.293000,1.17243,1.17241,2250000,1120000
2017-09-27 14:35:37.447000,1.17241,1.17239,2250000,1120000
2017-09-27 14:35:37.974000,1.17241,1.17238,1120000,2620000
2017-09-27 14:35:38.497000,1.17239,1.17237,6370000,3750000
2017-09-27 14:35:38.652000,1.17238,1.17235,1690000,1870000
2017-09-27 14:35:39.192000,1.17238,1.17235,3560000,2300000
2017-09-27 14:35:39.712000,1.17238,1.17235,2250000,1920000
2017-09-27 14:35:40.255000,1.17238,1.17236,2250000,1000000
2017-09-27 14:35:40.308000,1.17239,1.17237,7010000,1000000
2017-09-27 14:35:40.670000,1.17238,1.17235,3000000,1570000
2017-09-27 14:35:40.981000,1.17237,1.17235,3640000,1000000
2017-09-27 14:35:41.534000,1.17237,1.17235,2440000,1000000
2017-09-27 14:35:42.069000,1.17237,1.17235,3940000,1000000
2017-09-27 14:35:42.584000,1.17237,1.17234,1310000,1000000
2017-09-27 14:35:43.766000,1.17237,1.17235,2060000,1000000
2017-09-27 14:35:44.283000,1.17237,1.17234,3190000,1000000
2017-09-27 14:35:45.239000,1.17237,1.17234,2440000,1000000
2017-09-27 14:35:45.749000,1.17237,1.17234,3190000,1000000
2017-09-27 14:35:47.406000,1.17237,1.17234,5060000,1000000
2017-09-27 14:35:47.918000,1.17237,1.17235,3190000,1000000
2017-09-27 14:35:48.760000,1.17238,1.17237,3370000,3000000
2017-09-27 14:35:49.124000,1.17236,1.17234,5810000,1000000
2017-09-27 14:35:49.833000,1.17237,1.17234,2060000,1000000
2017-09-27 14:35:50.423000,1.17236,1.17234,1000000,1500000
2017-09-27 14:35:50.979000,1.17235,1.17234,1000000,1500000
2017-09-27 14:35:51.506000,1.17236,1.17234,2250000,1000000
2017-09-27 14:35:52.187000,1.17236,1.17233,1870000,1870000
2017-09-27 14:35:52.695000,1.17235,1.17232,1500000,4870000
2017-09-27 14:35:53.028000,1.17238,1.17236,9820000,1000000
2017-09-27 14:35:53.131000,1.17237,1.17235,1310000,1000000
2017-09-27 14:35:53.183000,1.17236,1.17234,1000000,4120000
2017-09-27 14:35:53.818000,1.17236,1.17234,1000000,1870000
2017-09-27 14:35:54.252000,1.17239,1.17238,2140000,1500000
2017-09-27 14:35:54.355000,1.17241,1.17238,2250000,1120000
2017-09-27 14:35:54.612000,1.17241,1.17239,1120000,1950000
2017-09-27 14:35:54.905000,1.17241,1.17238,1870000,5700000
2017-09-27 14:35:55.264000,1.17241,1.17239,1870000,1150000
2017-09-27 14:35:56.059000,1.17238,1.17236,1120000,2700000
2017-09-27 14:35:56.633000,1.17238,1.17235,1500000,3410000
2017-09-27 14:35:57.667000,1.17238,1.17235,1500000,3340000
2017-09-27 14:35:58.180000,1.17237,1.17235,1000000,1120000
2017-09-27 14:35:58.685000,1.17237,1.17234,1690000,1000000
2017-09-27 14:35:59.199000,1.17237,1.17234,1500000,1000000
2017-09-27 14:35:59.761000,1.17237,1.17233,2810000,2620000
2017-09-27 14:36:00.272000,1.17236,1.17233,1000000,5700000
2017-09-27 14:36:00.798000,1.17237,1.17235,2440000,1000000
2017-09-27 14:36:01.311000,1.17237,1.17234,1000000,1950000
2017-09-27 14:36:02.330000,1.17237,1.17234,1370000,2250000
2017-09-27 14:36:02.638000,1.17238,1.17237,1250000,1570000
2017-09-27 14:36:03.201000,1.17238,1.17237,1250000,3450000
2017-09-27 14:36:03.717000,1.17239,1.17236,1120000,7390000
2017-09-27 14:36:04.746000,1.17239,1.17236,11290000,2250000
2017-09-27 14:36:04.848000,1.17237,1.17234,1000000,1390000
2017-09-27 14:36:05.377000,1.17237,1.17236,1000000,2250000
2017-09-27 14:36:05.791000,1.17238,1.17233,4690000,5140000
2017-09-27 14:36:07.282000,1.17238,1.17235,3560000,1000000
2017-09-27 14:36:07.681000,1.17239,1.17237,1000000,1000000
2017-09-27 14:36:08.066000,1.17239,1.17235,3560000,2700000
2017-09-27 14:36:08.632000,1.17238,1.17234,1500000,3260000
2017-09-27 14:36:09.108000,1.17236,1.17232,2060000,5700000
2017-09-27 14:36:09.912000,1.17236,1.17232,3560000,2320000
2017-09-27 14:36:10.539000,1.17236,1.17232,1120000,2890000
2017-09-27 14:36:10.849000,1.17237,1.17235,2440000,1000000
2017-09-27 14:36:12.334000,1.17238,1.17236,2060000,1000000
2017-09-27 14:36:12.869000,1.17238,1.17236,3190000,1000000
2017-09-27 14:36:13.383000,1.1724,1.17237,8060000,1000000
2017-09-27 14:36:13.884000,1.17241,1.17238,8350000,1000000
2017-09-27 14:36:14.735000,1.1724,1.17237,1500000,4690000
2017-09-27 14:36:15.571000,1.17238,1.17236,3370000,1540000
2017-09-27 14:36:15.777000,1.17238,1.17234,6190000,1570000
2017-09-27 14:36:16.308000,1.17237,1.17235,1500000,1000000
2017-09-27 14:36:17.029000,1.17236,1.17235,1000000,1000000
2017-09-27 14:36:17.573000,1.17237,1.17235,2440000,1000000
2017-09-27 14:36:17.625000,1.17239,1.17237,4720000,1000000
2017-09-27 14:36:17.828000,1.1724,1.17237,2490000,4500000
2017-09-27 14:36:18.345000,1.1724,1.17238,3050000,1000000
2017-09-27 14:36:18.857000,1.1724,1.17238,1370000,1250000
2017-09-27 14:36:19.431000,1.1724,1.17237,1370000,2510000
2017-09-27 14:36:20.403000,1.1724,1.17237,1620000,8440000
2017-09-27 14:36:21.722000,1.1724,1.17237,1370000,2060000
2017-09-27 14:36:24.186000,1.1724,1.17238,1870000,1310000
2017-09-27 14:36:24.728000,1.1724,1.17238,1250000,2060000
2017-09-27 14:36:26.987000,1.17241,1.17238,5290000,2810000
2017-09-27 14:36:28.012000,1.1724,1.17237,1500000,6940000
2017-09-27 14:36:28.416000,1.17241,1.17239,9040000,1000000
2017-09-27 14:36:29.600000,1.17241,1.17238,6970000,1320000
2017-09-27 14:36:33.926000,1.17241,1.17238,3000000,1070000
2017-09-27 14:36:34.606000,1.17241,1.17238,7120000,1870000
2017-09-27 14:36:37.055000,1.17239,1.17238,1000000,1250000
2017-09-27 14:36:37.576000,1.17239,1.17237,1000000,6820000
2017-09-27 14:36:38.117000,1.1724,1.17237,1100000,6450000
2017-09-27 14:36:39.235000,1.1724,1.17238,1250000,2440000
2017-09-27 14:36:40.662000,1.1724,1.17238,1000000,1250000
2017-09-27 14:36:41.229000,1.17241,1.17239,3970000,1000000
2017-09-27 14:36:41.541000,1.17246,1.17243,3000000,2700000
2017-09-27 14:36:41.697000,1.17248,1.17246,1120000,1000000
2017-09-27 14:36:41.927000,1.17249,1.17247,1500000,1000000
2017-09-27 14:36:43.240000,1.17249,1.17247,2620000,2250000
2017-09-27 14:36:43.395000,1.17244,1.17242,3220000,1000000
2017-09-27 14:36:43.770000,1.17245,1.17243,1120000,1500000
2017-09-27 14:36:43.823000,1.17246,1.17244,1500000,1690000
2017-09-27 14:36:44.336000,1.17248,1.17246,1070000,1000000
2017-09-27 14:36:44.387000,1.17249,1.17247,1690000,1000000
2017-09-27 14:36:44.930000,1.17248,1.17247,1000000,1000000
2017-09-27 14:36:45.134000,1.17246,1.17244,4000000,4950000
2017-09-27 14:36:45.290000,1.17242,1.1724,6040000,1310000
2017-09-27 14:36:45.783000,1.17241,1.17239,1670000,2440000
2017-09-27 14:36:45.886000,1.1724,1.17237,3490000,2440000
2017-09-27 14:36:46.427000,1.17239,1.17237,1870000,1120000
2017-09-27 14:36:46.938000,1.17239,1.17236,1250000,1500000
2017-09-27 14:36:47.062000,1.1724,1.17238,5060000,1000000
2017-09-27 14:36:49.271000,1.17239,1.17237,2810000,1000000
2017-09-27 14:36:49.478000,1.17242,1.1724,4120000,1000000
2017-09-27 14:36:51.193000,1.17243,1.17242,1120000,1120000
2017-09-27 14:36:51.296000,1.17245,1.17242,2810000,3940000
2017-09-27 14:36:51.501000,1.17247,1.17246,1500000,1000000
2017-09-27 14:36:51.714000,1.17248,1.17246,1500000,1120000
2017-09-27 14:36:51.919000,1.17247,1.17246,1000000,1000000
2017-09-27 14:36:52.433000,1.17247,1.17245,1000000,2440000
2017-09-27 14:36:52.958000,1.17247,1.17245,1000000,1000000
2017-09-27 14:36:53.762000,1.17246,1.17244,3940000,1000000
2017-09-27 14:36:54.069000,1.17243,1.17241,3000000,1000000
2017-09-27 14:36:54.506000,1.17242,1.17239,1670000,3370000
2017-09-27 14:36:54.610000,1.17242,1.1724,1350000,1000000
2017-09-27 14:36:55.166000,1.17242,1.17241,1300000,1000000
2017-09-27 14:36:55.479000,1.17245,1.17243,1000000,1500000
2017-09-27 14:36:55.684000,1.17246,1.17244,1250000,1500000
2017-09-27 14:36:57.649000,1.17246,1.17244,2250000,1000000
2017-09-27 14:36:58.108000,1.17245,1.17243,1120000,2320000
2017-09-27 14:36:59.380000,1.17246,1.17244,5810000,1000000
2017-09-27 14:36:59.585000,1.1725,1.17249,1120000,1500000
2017-09-27 14:36:59.637000,1.17252,1.1725,1200000,7310000
2017-09-27 14:36:59.741000,1.1725,1.17249,1910000,3000000
2017-09-27 14:36:59.793000,1.17248,1.17246,4310000,1570000
2017-09-27 14:36:59.897000,1.17247,1.17245,2810000,1000000
2017-09-27 14:37:00.531000,1.17247,1.17244,1120000,1000000
2017-09-27 14:37:00.855000,1.17246,1.17243,2620000,1200000
2017-09-27 14:37:00.959000,1.17244,1.17241,1690000,4500000
2017-09-27 14:37:01.486000,1.17244,1.1724,2440000,4200000
2017-09-27 14:37:02.591000,1.17242,1.1724,1000000,1200000
2017-09-27 14:37:02.644000,1.1724,1.17239,1120000,1200000
2017-09-27 14:37:02.696000,1.1724,1.17237,1000000,3070000
2017-09-27 14:37:03.560000,1.17241,1.17237,2440000,1570000
2017-09-27 14:37:04.072000,1.1724,1.17237,3190000,1950000
2017-09-27 14:37:06.007000,1.1724,1.17237,2250000,1500000
2017-09-27 14:37:06.110000,1.17237,1.17235,3190000,4690000
2017-09-27 14:37:06.216000,1.17236,1.17234,2250000,1000000
2017-09-27 14:37:06.696000,1.17238,1.17236,5810000,1000000
2017-09-27 14:37:06.749000,1.17237,1.17235,1870000,1250000
2017-09-27 14:37:07.263000,1.17236,1.17235,1000000,1000000
2017-09-27 14:37:07.877000,1.17237,1.17235,1500000,1000000
2017-09-27 14:37:08.503000,1.17236,1.17234,4120000,1000000
2017-09-27 14:37:08.555000,1.17235,1.17233,5060000,1000000
2017-09-27 14:37:09.833000,1.17235,1.17232,1370000,2620000
2017-09-27 14:37:10.158000,1.17238,1.17237,2440000,1870000
2017-09-27 14:37:10.313000,1.17238,1.17235,4690000,3070000
2017-09-27 14:37:10.509000,1.17237,1.17234,1370000,2250000
2017-09-27 14:37:10.713000,1.17237,1.17233,1870000,4310000
2017-09-27 14:37:10.867000,1.17238,1.17234,5060000,1100000
2017-09-27 14:37:11.439000,1.17237,1.17236,1870000,1000000
2017-09-27 14:37:12.079000,1.17237,1.17234,2440000,1870000
2017-09-27 14:37:12.234000,1.17238,1.17236,2440000,1500000
2017-09-27 14:37:12.484000,1.1724,1.17237,3070000,2440000
2017-09-27 14:37:12.996000,1.17238,1.17235,1370000,2140000
2017-09-27 14:37:13.504000,1.17237,1.17235,1120000,1500000
2017-09-27 14:37:13.912000,1.17238,1.17236,2700000,1000000
2017-09-27 14:37:14.270000,1.1724,1.17238,2620000,1000000
2017-09-27 14:37:17.194000,1.1724,1.17237,3190000,3190000
2017-09-27 14:37:17.708000,1.1724,1.17239,1120000,1000000
2017-09-27 14:37:18.234000,1.17241,1.17239,2060000,1250000
2017-09-27 14:37:18.845000,1.17241,1.17238,5060000,1250000
2017-09-27 14:37:19.354000,1.1724,1.17239,1000000,1120000
2017-09-27 14:37:19.458000,1.17244,1.17241,4800000,1190000
2017-09-27 14:37:20.013000,1.17243,1.1724,1120000,2890000
2017-09-27 14:37:20.623000,1.17243,1.17241,1120000,1190000
2017-09-27 14:37:21.146000,1.17243,1.1724,1120000,6560000
2017-09-27 14:37:21.449000,1.17243,1.17242,1500000,3750000
2017-09-27 14:37:21.554000,1.17245,1.17243,1000000,3190000
2017-09-27 14:37:22.588000,1.17246,1.17244,1000000,1190000
2017-09-27 14:37:23.073000,1.17248,1.17246,1120000,2440000
2017-09-27 14:37:23.675000,1.17249,1.17247,4310000,1310000
2017-09-27 14:37:24.196000,1.17249,1.17247,3940000,1190000
2017-09-27 14:37:24.748000,1.17248,1.17247,1000000,1690000
2017-09-27 14:37:25.267000,1.17249,1.17246,1690000,3560000
2017-09-27 14:37:25.782000,1.17249,1.17247,1690000,1190000
2017-09-27 14:37:26.399000,1.17248,1.17246,2250000,5440000
2017-09-27 14:37:26.912000,1.17249,1.17247,6000000,1190000
2017-09-27 14:37:26.963000,1.17247,1.17246,1500000,1500000
2017-09-27 14:37:27.546000,1.17248,1.17246,3000000,1200000
2017-09-27 14:37:28.078000,1.17248,1.17246,1000000,2890000
2017-09-27 14:37:28.594000,1.17249,1.17246,1690000,1570000
2017-09-27 14:37:29.231000,1.17248,1.17246,3000000,1950000
2017-09-27 14:37:29.334000,1.17249,1.17248,3750000,1250000
2017-09-27 14:37:29.837000,1.17248,1.17246,2250000,2700000
2017-09-27 14:37:30.387000,1.17249,1.17246,2060000,2510000
2017-09-27 14:37:30.939000,1.17248,1.17247,1000000,1310000
2017-09-27 14:37:31.563000,1.17249,1.17246,3940000,2140000
2017-09-27 14:37:31.949000,1.17252,1.17251,2810000,1310000
2017-09-27 14:37:32.154000,1.17254,1.17252,7500000,4010000
2017-09-27 14:37:32.790000,1.17256,1.17255,1250000,1000000
2017-09-27 14:37:33.314000,1.17255,1.17254,2250000,1500000
2017-09-27 14:37:33.904000,1.17256,1.17255,1720000,1000000
2017-09-27 14:37:34.683000,1.17258,1.17256,1760000,1000000
2017-09-27 14:37:34.993000,1.17259,1.17257,1570000,2620000
2017-09-27 14:37:36.809000,1.1726,1.17257,2170000,5440000
2017-09-27 14:37:36.963000,1.17262,1.1726,5060000,1000000
2017-09-27 14:37:37.484000,1.17262,1.1726,1870000,2060000
2017-09-27 14:37:37.960000,1.17266,1.17264,16370001,2060000
2017-09-27 14:37:38.486000,1.17267,1.17264,2250000,1500000
2017-09-27 14:37:38.897000,1.17265,1.17263,1000000,3560000
2017-09-27 14:37:39.411000,1.17266,1.17263,4050000,1310000
2017-09-27 14:37:39.921000,1.17265,1.17263,1620000,2060000
2017-09-27 14:37:40.149000,1.17266,1.17265,1000000,1000000
2017-09-27 14:37:40.513000,1.1727,1.17268,3190000,1120000
2017-09-27 14:37:41.031000,1.17271,1.17269,1450000,1000000
2017-09-27 14:37:41.503000,1.17272,1.17271,3940000,1120000
2017-09-27 14:37:41.911000,1.17278,1.17275,6750000,1000000
2017-09-27 14:37:42.524000,1.17276,1.17275,1000000,1000000
2017-09-27 14:37:42.927000,1.17278,1.17275,2440000,1690000
2017-09-27 14:37:42.980000,1.17278,1.17277,1870000,1000000
2017-09-27 14:37:43.497000,1.17278,1.17276,5660000,1500000
2017-09-27 14:37:43.813000,1.17281,1.17278,10120000,2250000
2017-09-27 14:37:44.383000,1.1728,1.17277,1870000,6940000
2017-09-27 14:37:44.594000,1.1728,1.17277,9150000,3940000
2017-09-27 14:37:44.806000,1.1728,1.17278,6410000,1000000
2017-09-27 14:37:44.910000,1.1728,1.17276,3940000,1690000
2017-09-27 14:37:45.063000,1.1728,1.17278,3190000,1000000
2017-09-27 14:37:45.662000,1.17279,1.17278,1500000,1000000
2017-09-27 14:37:46.168000,1.1728,1.17277,5060000,1690000
2017-09-27 14:37:46.674000,1.17279,1.17277,3940000,2250000
2017-09-27 14:37:46.982000,1.17276,1.17274,2240000,5700000
2017-09-27 14:37:47.086000,1.17275,1.17273,2050000,1120000
2017-09-27 14:37:47.620000,1.17275,1.17272,1190000,3000000
2017-09-27 14:37:47.723000,1.17276,1.17274,7120000,3000000
2017-09-27 14:37:48.269000,1.17276,1.17274,6370000,1000000
2017-09-27 14:37:48.784000,1.17275,1.17273,3560000,1000000
2017-09-27 14:37:49.069000,1.17274,1.17272,3410000,2250000
2017-09-27 14:37:49.172000,1.17272,1.1727,1190000,4950000
2017-09-27 14:37:49.469000,1.17274,1.17272,5060000,1000000
2017-09-27 14:37:49.981000,1.17273,1.17271,1690000,1000000
2017-09-27 14:37:51.278000,1.17272,1.1727,1690000,1000000
2017-09-27 14:37:51.811000,1.17273,1.17271,9190000,1000000
2017-09-27 14:37:52.385000,1.17272,1.17271,1690000,1000000
2017-09-27 14:37:52.896000,1.17274,1.17272,9190000,1000000
2017-09-27 14:37:52.948000,1.17272,1.1727,1120000,4870000
2017-09-27 14:37:53.051000,1.17273,1.17271,6000000,1000000
2017-09-27 14:37:53.153000,1.17272,1.1727,1500000,3000000
2017-09-27 14:37:53.893000,1.17272,1.1727,1870000,1500000
2017-09-27 14:37:55.561000,1.17272,1.1727,2060000,1000000
2017-09-27 14:37:56.521000,1.17271,1.1727,1000000,1000000
2017-09-27 14:37:57.050000,1.17271,1.1727,1000000,1000000
2017-09-27 14:37:57.582000,1.17272,1.1727,2060000,1000000
2017-09-27 14:37:58.774000,1.17272,1.17269,3370000,2250000
2017-09-27 14:37:59.753000,1.17269,1.17268,1500000,2620000
2017-09-27 14:38:00.607000,1.1727,1.17269,1000000,1000000
2017-09-27 14:38:01.225000,1.17271,1.17269,1310000,2250000
2017-09-27 14:38:01.571000,1.17267,1.17265,2850000,11900000
2017-09-27 14:38:02.618000,1.17267,1.17264,5430000,3000000
2017-09-27 14:38:03.225000,1.17266,1.17263,3190000,2510000
2017-09-27 14:38:03.763000,1.17266,1.17263,15370000,1500000
2017-09-27 14:38:04.121000,1.17266,1.17265,2060000,2250000
2017-09-27 14:38:04.436000,1.17266,1.17262,17330000,2620000
2017-09-27 14:38:05.514000,1.17266,1.17262,15000000,1200000
2017-09-27 14:38:06.033000,1.17265,1.17261,9190000,2920000
2017-09-27 14:38:06.760000,1.17264,1.17261,1310000,3670000
2017-09-27 14:38:07.542000,1.17264,1.17262,1190000,1100000
2017-09-27 14:38:08.307000,1.17264,1.17261,1190000,2170000
2017-09-27 14:38:08.855000,1.17265,1.17261,7690000,1500000
2017-09-27 14:38:09.494000,1.17264,1.17262,4310000,1000000
2017-09-27 14:38:10.063000,1.17264,1.17261,5210000,1870000
2017-09-27 14:38:10.746000,1.17264,1.1726,3820000,2810000
2017-09-27 14:38:11.812000,1.17264,1.1726,4310000,1310000
2017-09-27 14:38:12.313000,1.17263,1.1726,1310000,2060000
2017-09-27 14:38:12.826000,1.17263,1.1726,1310000,1500000
2017-09-27 14:38:13.745000,1.17264,1.17261,10690000,1000000
2017-09-27 14:38:14.258000,1.17264,1.17261,10160000,1000000
2017-09-27 14:38:14.442000,1.17263,1.17259,1500000,3220000
2017-09-27 14:38:14.545000,1.1726,1.17259,1500000,1500000
2017-09-27 14:38:14.649000,1.17258,1.17255,1120000,5620000
2017-09-27 14:38:15.179000,1.17258,1.17255,1120000,3540000
2017-09-27 14:38:15.874000,1.17258,1.17256,1000000,1160000
2017-09-27 14:38:16.052000,1.1726,1.17258,3940000,1500000
2017-09-27 14:38:16.567000,1.1726,1.17258,1000000,1120000
2017-09-27 14:38:17.063000,1.17262,1.17261,1000000,3000000
2017-09-27 14:38:17.576000,1.17263,1.1726,4870000,1000000
2017-09-27 14:38:19.584000,1.17263,1.1726,1500000,3190000
2017-09-27 14:38:20.093000,1.17264,1.17261,1250000,1250000
2017-09-27 14:38:20.620000,1.17265,1.17261,9750000,1250000
2017-09-27 14:38:21.131000,1.17265,1.17262,8250000,1000000
2017-09-27 14:38:21.653000,1.17265,1.17263,2810000,1000000
2017-09-27 14:38:22.160000,1.17265,1.17263,1120000,1000000
2017-09-27 14:38:24.383000,1.17267,1.17263,4310000,2040000
2017-09-27 14:38:24.689000,1.17267,1.17265,1570000,1000000
2017-09-27 14:38:25.985000,1.17267,1.17265,1760000,1000000
2017-09-27 14:38:26.792000,1.17267,1.17265,1010000,1000000
2017-09-27 14:38:27.359000,1.17268,1.17266,1190000,7120000
2017-09-27 14:38:27.411000,1.17269,1.17267,1570000,1500000
2017-09-27 14:38:28.464000,1.1727,1.17268,1870000,1000000
2017-09-27 14:38:29.584000,1.1727,1.17267,1370000,1120000
2017-09-27 14:38:30.094000,1.1727,1.17267,2810000,1120000
2017-09-27 14:38:30.317000,1.17268,1.17267,1000000,1000000
2017-09-27 14:38:30.369000,1.17268,1.17265,5660000,5060000
2017-09-27 14:38:30.913000,1.17267,1.17264,4870000,1250000
2017-09-27 14:38:31.744000,1.17268,1.17266,4310000,1000000
2017-09-27 14:38:32.253000,1.17268,1.17266,3940000,1000000
2017-09-27 14:38:32.865000,1.17269,1.17267,4310000,1000000
2017-09-27 14:38:33.479000,1.1727,1.17268,1870000,1000000
2017-09-27 14:38:33.632000,1.1727,1.17267,1870000,1870000
2017-09-27 14:38:34.162000,1.1727,1.17267,1000000,3940000
2017-09-27 14:38:34.769000,1.1727,1.17267,1000000,2440000
2017-09-27 14:38:35.361000,1.17271,1.17268,4310000,1000000
2017-09-27 14:38:35.620000,1.17271,1.17269,4310000,1000000
2017-09-27 14:38:36.144000,1.17271,1.17269,2810000,1000000
2017-09-27 14:38:36.414000,1.17272,1.17269,4310000,1000000
2017-09-27 14:38:37.152000,1.17271,1.17269,1000000,1000000
2017-09-27 14:38:38.488000,1.17271,1.17268,1870000,1870000
2017-09-27 14:38:40.427000,1.17269,1.17266,2400000,6640000
2017-09-27 14:38:40.736000,1.1727,1.17267,1000000,4310000
2017-09-27 14:38:41.939000,1.1727,1.17267,1250000,2890000
2017-09-27 14:38:42.566000,1.1727,1.17268,1250000,1190000
2017-09-27 14:38:43.093000,1.17271,1.17268,3000000,2060000
2017-09-27 14:38:43.907000,1.17271,1.17268,4690000,1870000
2017-09-27 14:38:44.441000,1.17271,1.17268,5810000,1500000
2017-09-27 14:38:44.994000,1.1727,1.17268,3560000,1000000
2017-09-27 14:38:45.557000,1.1727,1.17267,1000000,3070000
2017-09-27 14:38:45.609000,1.17268,1.17266,2250000,3000000
2017-09-27 14:38:46.124000,1.17268,1.17266,2250000,1120000
2017-09-27 14:38:46.822000,1.17268,1.17266,2620000,1000000
2017-09-27 14:38:48.753000,1.17268,1.17265,1870000,3370000
2017-09-27 14:38:50.061000,1.17267,1.17266,2440000,1500000
2017-09-27 14:38:50.523000,1.17267,1.17264,1690000,1950000
2017-09-27 14:38:51.031000,1.17268,1.17265,11850000,1000000
2017-09-27 14:38:53.661000,1.17265,1.17264,1310000,2060000
2017-09-27 14:38:54.054000,1.17267,1.17264,1350000,3450000
2017-09-27 14:38:54.207000,1.17267,1.17266,1300000,1000000
2017-09-27 14:38:54.786000,1.17268,1.17266,3000000,1000000
2017-09-27 14:38:55.315000,1.17269,1.17267,1720000,1250000
2017-09-27 14:38:55.688000,1.1727,1.17267,4120000,1250000
2017-09-27 14:38:56.204000,1.17269,1.17267,1720000,1500000
2017-09-27 14:38:56.766000,1.17269,1.17267,1000000,1370000
2017-09-27 14:38:57.315000,1.17271,1.17267,9560000,2250000
2017-09-27 14:38:57.930000,1.1727,1.17269,1000000,1000000
2017-09-27 14:38:58.450000,1.17271,1.17269,4870000,1000000
2017-09-27 14:38:58.965000,1.17271,1.1727,6000000,1120000
2017-09-27 14:39:00.029000,1.17272,1.17271,1500000,1120000
2017-09-27 14:39:00.290000,1.17273,1.17272,1000000,1500000
2017-09-27 14:39:00.921000,1.17274,1.17272,1870000,2440000
2017-09-27 14:39:01.438000,1.17274,1.17272,1120000,3190000
2017-09-27 14:39:01.951000,1.17275,1.17273,1500000,2440000
2017-09-27 14:39:02.337000,1.17276,1.17273,5470000,3750000
2017-09-27 14:39:02.798000,1.17274,1.17273,5620000,2250000
2017-09-27 14:39:03.156000,1.17276,1.17273,4950000,4120000
2017-09-27 14:39:03.564000,1.17277,1.17274,7690000,2060000
2017-09-27 14:39:04.095000,1.17278,1.17276,2250000,1000000
2017-09-27 14:39:05.271000,1.17279,1.17276,2250000,1370000
2017-09-27 14:39:05.840000,1.17278,1.17276,1500000,1000000
2017-09-27 14:39:06.345000,1.1728,1.17279,5250000,1120000
2017-09-27 14:39:06.676000,1.17278,1.17276,2250000,1500000
2017-09-27 14:39:07.191000,1.17279,1.17275,2620000,5420000
2017-09-27 14:39:08.945000,1.1728,1.17277,1120000,1960000
2017-09-27 14:39:09.252000,1.17278,1.17277,1000000,2620000
2017-09-27 14:39:09.767000,1.17279,1.17276,4720000,3370000
2017-09-27 14:39:09.870000,1.17279,1.17276,2470000,2060000
2017-09-27 14:39:09.922000,1.17279,1.17276,1870000,2060000
2017-09-27 14:39:10.862000,1.17279,1.17276,1500000,3260000
2017-09-27 14:39:11.067000,1.17278,1.17276,1190000,2140000
2017-09-27 14:39:11.658000,1.17278,1.17276,1690000,3540000
2017-09-27 14:39:11.975000,1.17276,1.17273,4310000,1670000
2017-09-27 14:39:12.521000,1.17274,1.17273,4220000,1690000
2017-09-27 14:39:12.733000,1.17277,1.17275,1870000,1200000
2017-09-27 14:39:13.263000,1.17277,1.17274,3000000,2620000
2017-09-27 14:39:13.675000,1.1728,1.17279,5700000,1310000
2017-09-27 14:39:13.829000,1.17279,1.17277,1370000,1570000
2017-09-27 14:39:14.126000,1.17278,1.17275,1870000,2230000
2017-09-27 14:39:14.644000,1.17279,1.17276,10780000,1250000
2017-09-27 14:39:15.485000,1.17279,1.17276,5810000,1250000
2017-09-27 14:39:16.591000,1.17279,1.17277,3560000,1250000
2017-09-27 14:39:17.101000,1.17279,1.17276,1120000,1310000
2017-09-27 14:39:17.736000,1.17278,1.17276,1000000,1250000
2017-09-27 14:39:18.260000,1.17278,1.17277,1000000,1000000
2017-09-27 14:39:18.790000,1.17278,1.17276,1000000,1000000
2017-09-27 14:39:19.851000,1.17279,1.17276,1500000,3940000
2017-09-27 14:39:21.106000,1.17278,1.17276,1120000,3000000
2017-09-27 14:39:21.158000,1.17279,1.17276,3370000,4870000
2017-09-27 14:39:21.312000,1.17281,1.17278,2620000,6920000
2017-09-27 14:39:21.634000,1.1728,1.17278,3560000,3640000
2017-09-27 14:39:21.737000,1.17279,1.17277,4130000,1500000
2017-09-27 14:39:21.840000,1.17276,1.17274,1000000,12370000
2017-09-27 14:39:21.891000,1.17275,1.17273,1500000,18639999
2017-09-27 14:39:22.417000,1.17277,1.17274,1120000,4390000
2017-09-27 14:39:22.930000,1.17277,1.17274,1690000,3560000
2017-09-27 14:39:22.983000,1.17276,1.17274,2250000,1120000
2017-09-27 14:39:23.224000,1.17275,1.17272,5250000,1250000
2017-09-27 14:39:23.737000,1.17275,1.17272,1000000,4910000
2017-09-27 14:39:24.041000,1.17277,1.17274,1250000,1250000
2017-09-27 14:39:24.582000,1.17278,1.17274,3750000,1690000
2017-09-27 14:39:25.671000,1.17278,1.17274,3190000,1310000
2017-09-27 14:39:26.211000,1.17278,1.17274,3750000,2060000
2017-09-27 14:39:26.974000,1.17278,1.17274,2810000,3190000
2017-09-27 14:39:27.956000,1.17277,1.17274,1000000,3190000
2017-09-27 14:39:28.474000,1.17278,1.17274,3560000,2440000
2017-09-27 14:39:29.841000,1.17278,1.17276,1120000,2440000
2017-09-27 14:39:30.140000,1.17278,1.17275,2250000,1120000
2017-09-27 14:39:31.395000,1.17278,1.17275,1000000,2810000
2017-09-27 14:39:31.925000,1.17279,1.17276,1160000,1190000
2017-09-27 14:39:32.878000,1.1728,1.17275,5890000,10940000
2017-09-27 14:39:33.531000,1.1728,1.17276,4760000,1310000
2017-09-27 14:39:34.034000,1.17279,1.17276,1120000,2440000
2017-09-27 14:39:35.674000,1.1728,1.17277,3600000,1870000
2017-09-27 14:39:36.190000,1.1728,1.17277,1000000,5620000
2017-09-27 14:39:42.970000,1.17278,1.17276,1000000,5510000
2017-09-27 14:39:43.309000,1.17276,1.17274,1000000,1000000
2017-09-27 14:39:43.617000,1.17275,1.17272,2060000,7200000
2017-09-27 14:39:43.770000,1.17276,1.17273,1500000,2060000
2017-09-27 14:39:44.746000,1.17276,1.17273,1120000,2810000
2017-09-27 14:39:45.111000,1.17277,1.17276,2250000,1250000
2017-09-27 14:39:45.371000,1.17276,1.17273,3000000,1690000
2017-09-27 14:39:45.987000,1.17276,1.17275,1000000,1000000
2017-09-27 14:39:46.090000,1.17278,1.17275,1870000,1500000
2017-09-27 14:39:46.142000,1.17278,1.17275,2060000,2440000
2017-09-27 14:39:46.653000,1.17278,1.17276,1120000,1050000
2017-09-27 14:39:47.190000,1.17278,1.17276,2250000,1300000
2017-09-27 14:39:47.775000,1.17278,1.17276,1000000,1310000
2017-09-27 14:39:48.291000,1.17279,1.17276,1000000,1500000
2017-09-27 14:39:48.798000,1.1728,1.17278,1310000,1500000
2017-09-27 14:39:49.328000,1.1728,1.17277,2440000,4990000
2017-09-27 14:39:50.039000,1.17278,1.17277,1000000,1870000
2017-09-27 14:39:50.193000,1.17277,1.17276,1000000,1000000
2017-09-27 14:39:50.550000,1.17277,1.17274,1000000,4120000
2017-09-27 14:39:52.169000,1.17276,1.17273,1000000,8470000
2017-09-27 14:39:52.679000,1.17277,1.17274,1500000,1120000
2017-09-27 14:39:53.871000,1.17278,1.17275,4500000,2470000
2017-09-27 14:39:54.402000,1.17277,1.17275,1000000,1000000
2017-09-27 14:39:57.364000,1.17278,1.17276,5060000,3370000
2017-09-27 14:39:57.940000,1.17278,1.17276,1310000,3370000
2017-09-27 14:39:59.446000,1.17279,1.17277,2440000,1000000
2017-09-27 14:40:00.259000,1.17279,1.17277,1310000,1000000
2017-09-27 14:40:01.891000,1.17279,1.17275,1250000,7350000
2017-09-27 14:40:03.461000,1.17277,1.17276,1000000,1120000
2017-09-27 14:40:04.541000,1.17278,1.17275,1000000,10530000
2017-09-27 14:40:08.665000,1.1728,1.17276,4870000,3370000
2017-09-27 14:40:09.185000,1.1728,1.17277,2620000,2810000
2017-09-27 14:40:09.556000,1.17278,1.17277,1000000,1000000
2017-09-27 14:40:10.106000,1.17279,1.17277,1870000,1000000
2017-09-27 14:40:10.639000,1.1728,1.17278,6860000,3000000
2017-09-27 14:40:10.694000,1.17285,1.17283,9450000,1870000
2017-09-27 14:40:10.848000,1.17285,1.17283,1000000,4160000
2017-09-27 14:40:11.359000,1.17285,1.17283,1000000,3410000
2017-09-27 14:40:11.967000,1.17285,1.17283,1000000,3190000
2017-09-27 14:40:12.537000,1.17284,1.17281,1120000,3190000
2017-09-27 14:40:15.853000,1.17285,1.17283,1500000,1120000
2017-09-27 14:40:16.398000,1.17285,1.17282,1310000,2060000
2017-09-27 14:40:17.077000,1.17285,1.17282,1120000,3560000
2017-09-27 14:40:17.620000,1.17285,1.17282,1500000,1690000
2017-09-27 14:40:17.927000,1.17283,1.1728,1000000,4310000
2017-09-27 14:40:19.014000,1.17282,1.17281,1000000,1000000
2017-09-27 14:40:19.315000,1.1728,1.17278,1000000,6560000
2017-09-27 14:40:20.517000,1.1728,1.17278,1000000,2440000
2017-09-27 14:40:21.327000,1.17281,1.17278,1350000,2250000
2017-09-27 14:40:21.688000,1.1728,1.17278,3600000,1500000
2017-09-27 14:40:21.893000,1.17269,1.17268,2620000,1250000
2017-09-27 14:40:22.111000,1.17268,1.17266,1000000,2620000
2017-09-27 14:40:22.368000,1.17261,1.17259,1870000,1690000
2017-09-27 14:40:22.821000,1.17263,1.1726,1000000,3750000
2017-09-27 14:40:23.130000,1.17264,1.17262,3370000,1000000
2017-09-27 14:40:23.470000,1.17265,1.17264,1690000,1000000
2017-09-27 14:40:23.573000,1.17266,1.17265,1120000,1500000
2017-09-27 14:40:24.143000,1.17267,1.17264,1120000,2060000
2017-09-27 14:40:24.297000,1.17267,1.17265,1500000,1000000
2017-09-27 14:40:24.810000,1.17267,1.17265,1250000,1310000
2017-09-27 14:40:25.428000,1.17267,1.17266,1120000,1000000
2017-09-27 14:40:25.957000,1.17267,1.17265,1120000,1120000
2017-09-27 14:40:26.493000,1.17267,1.17266,1120000,1000000
2017-09-27 14:40:26.852000,1.17267,1.17264,1500000,2440000
2017-09-27 14:40:26.905000,1.17268,1.17266,1000000,4120000
2017-09-27 14:40:27.018000,1.17269,1.17267,1570000,1120000
2017-09-27 14:40:27.380000,1.17265,1.17263,5620000,5890000
2017-09-27 14:40:27.690000,1.17266,1.17263,5320000,5630000
2017-09-27 14:40:28.196000,1.17267,1.17263,1310000,9940000
2017-09-27 14:40:28.350000,1.17265,1.17262,8440000,2060000
2017-09-27 14:40:28.698000,1.17262,1.1726,1000000,3560000
2017-09-27 14:40:29.313000,1.17263,1.1726,1000000,3560000
2017-09-27 14:40:29.645000,1.17266,1.17264,1500000,1250000
2017-09-27 14:40:31.266000,1.17267,1.17266,4010000,1500000
2017-09-27 14:40:31.369000,1.1727,1.17267,1760000,2620000
2017-09-27 14:40:31.508000,1.17268,1.17266,2250000,2250000
2017-09-27 14:40:31.716000,1.17263,1.1726,1500000,9000000
2017-09-27 14:40:31.974000,1.17266,1.17264,1950000,2620000
2017-09-27 14:40:32.315000,1.17267,1.17265,1250000,1000000
2017-09-27 14:40:32.991000,1.17268,1.17266,3260000,1000000
2017-09-27 14:40:33.976000,1.17268,1.17266,2440000,1570000
2017-09-27 14:40:34.619000,1.17269,1.17267,7760000,1000000
2017-09-27 14:40:34.773000,1.1727,1.17267,1500000,4120000
2017-09-27 14:40:35.423000,1.17268,1.17266,4760000,1250000
2017-09-27 14:40:35.884000,1.1727,1.17267,8770000,1120000
2017-09-27 14:40:36.419000,1.1727,1.17268,1250000,1310000
2017-09-27 14:40:36.934000,1.17271,1.17268,1500000,1000000
2017-09-27 14:40:37.916000,1.1727,1.17267,1000000,9790000
2017-09-27 14:40:38.125000,1.17269,1.17267,1120000,1250000
2017-09-27 14:40:38.280000,1.17268,1.17266,1000000,3560000
2017-09-27 14:40:38.589000,1.17265,1.17264,1000000,1120000
2017-09-27 14:40:39.299000,1.17266,1.17265,2060000,1310000
2017-09-27 14:40:39.632000,1.17268,1.17266,1000000,1690000
2017-09-27 14:40:39.683000,1.1727,1.17266,5400000,4910000
2017-09-27 14:40:40.254000,1.17271,1.17268,5590000,1310000
2017-09-27 14:40:40.766000,1.17269,1.17268,1000000,1310000
2017-09-27 14:40:41.293000,1.17269,1.17266,1000000,5700000
2017-09-27 14:40:42.685000,1.1727,1.17268,1310000,1000000
2017-09-27 14:40:43.388000,1.1727,1.17267,1120000,1500000
2017-09-27 14:40:43.848000,1.17267,1.17265,1000000,3260000
2017-09-27 14:40:44.084000,1.17267,1.17263,6070000,2250000
2017-09-27 14:40:44.135000,1.17265,1.17262,5660000,1500000
2017-09-27 14:40:44.445000,1.17262,1.17261,3000000,1250000
2017-09-27 14:40:44.775000,1.17264,1.17261,3450000,1120000
2017-09-27 14:40:44.827000,1.17265,1.17264,1000000,1310000
2017-09-27 14:40:45.642000,1.17265,1.17263,1000000,1390000
2017-09-27 14:40:46.054000,1.17267,1.17264,7120000,1690000
2017-09-27 14:40:46.425000,1.17265,1.17263,1000000,2620000
2017-09-27 14:40:46.684000,1.17263,1.1726,1500000,1120000
2017-09-27 14:40:47.204000,1.17263,1.17261,1500000,1000000
2017-09-27 14:40:48.051000,1.17264,1.17263,1310000,1000000
2017-09-27 14:40:48.565000,1.17265,1.17263,4310000,1000000
2017-09-27 14:40:49.024000,1.17267,1.17264,4120000,1690000
2017-09-27 14:40:49.281000,1.17268,1.17267,5510000,1500000
2017-09-27 14:40:49.822000,1.17268,1.17266,3940000,1690000
2017-09-27 14:40:50.428000,1.17268,1.17267,1000000,1000000
2017-09-27 14:40:51.113000,1.1727,1.17269,1120000,1000000
2017-09-27 14:40:51.216000,1.1727,1.17268,1000000,1000000
2017-09-27 14:40:51.745000,1.1727,1.17269,1000000,1000000
2017-09-27 14:40:52.399000,1.17271,1.17269,6190000,1000000
2017-09-27 14:40:52.981000,1.17271,1.17269,4990000,1000000
2017-09-27 14:40:53.388000,1.1727,1.17267,1350000,3090000
2017-09-27 14:40:53.546000,1.17271,1.17269,7720000,1000000
2017-09-27 14:40:53.825000,1.1727,1.17268,1350000,1000000
2017-09-27 14:40:54.618000,1.1727,1.17267,1300000,2810000
2017-09-27 14:40:56.955000,1.1727,1.17267,2100000,4030000
2017-09-27 14:40:57.856000,1.17268,1.17267,1350000,1690000
2017-09-27 14:40:58.386000,1.17268,1.17266,1910000,2340000
2017-09-27 14:40:58.932000,1.17268,1.17266,3040000,1780000
2017-09-27 14:40:59.456000,1.17267,1.17266,1310000,1000000
2017-09-27 14:40:59.975000,1.17267,1.17265,2810000,2440000
2017-09-27 14:41:00.128000,1.17265,1.17264,1120000,6940000
2017-09-27 14:41:00.714000,1.17267,1.17266,3790000,4500000
2017-09-27 14:41:02.371000,1.17267,1.17266,4310000,4500000
2017-09-27 14:41:02.882000,1.17267,1.17265,5060000,6190000
2017-09-27 14:41:04.453000,1.17264,1.17261,3040000,2250000
2017-09-27 14:41:04.609000,1.17262,1.1726,1500000,6940000
2017-09-27 14:41:05.142000,1.1726,1.17259,2160000,3940000
2017-09-27 14:41:05.246000,1.17257,1.17256,1000000,1000000
2017-09-27 14:41:05.800000,1.17257,1.17255,1500000,1200000
2017-09-27 14:41:06.058000,1.17256,1.17255,3560000,1200000
2017-09-27 14:41:06.214000,1.17254,1.17251,3750000,4390000
2017-09-27 14:41:06.592000,1.17255,1.17254,3370000,1310000
2017-09-27 14:41:07.106000,1.17255,1.17253,1120000,1620000
2017-09-27 14:41:08.237000,1.17257,1.17253,3710000,5890000
2017-09-27 14:41:08.697000,1.17254,1.17252,6600000,5890000
2017-09-27 14:41:09.153000,1.17253,1.1725,1870000,2250000
2017-09-27 14:41:09.665000,1.17253,1.17251,1870000,1000000
2017-09-27 14:41:09.881000,1.17251,1.1725,7690000,1250000
2017-09-27 14:41:09.933000,1.17248,1.17246,18219999,1000000
2017-09-27 14:41:10.450000,1.17249,1.17247,1250000,1200000
2017-09-27 14:41:10.979000,1.17248,1.17247,1300000,1000000
2017-09-27 14:41:11.520000,1.17247,1.17246,1000000,1120000
2017-09-27 14:41:11.676000,1.17251,1.17247,6670000,3190000
2017-09-27 14:41:11.729000,1.17251,1.17248,2810000,1370000
2017-09-27 14:41:12.246000,1.17249,1.17247,1500000,2810000
2017-09-27 14:41:12.809000,1.17249,1.17247,1120000,1870000
2017-09-27 14:41:13.349000,1.1725,1.17248,1870000,2510000
2017-09-27 14:41:13.665000,1.17248,1.17246,1310000,1390000
2017-09-27 14:41:13.820000,1.1725,1.17247,1310000,1000000
2017-09-27 14:41:14.091000,1.17251,1.17248,1870000,3190000
2017-09-27 14:41:15.069000,1.17251,1.17248,2250000,3830000
2017-09-27 14:41:15.377000,1.17256,1.17254,3560000,1310000
2017-09-27 14:41:15.900000,1.17256,1.17253,2810000,3940000
2017-09-27 14:41:16.413000,1.17255,1.17253,1000000,1310000
2017-09-27 14:41:16.826000,1.17258,1.17255,3190000,1000000
2017-09-27 14:41:17.491000,1.17258,1.17255,3750000,1000000
2017-09-27 14:41:18.336000,1.17258,1.17256,1690000,1500000
2017-09-27 14:41:18.900000,1.17257,1.17255,1000000,3560000
2017-09-27 14:41:19.105000,1.17259,1.17256,2810000,1500000
2017-09-27 14:41:19.590000,1.17261,1.17258,1870000,1760000
2017-09-27 14:41:19.796000,1.1726,1.17258,1000000,1310000
2017-09-27 14:41:20.308000,1.1726,1.17258,3190000,1190000
2017-09-27 14:41:20.510000,1.17259,1.17256,1000000,2440000
2017-09-27 14:41:20.770000,1.17257,1.17255,1000000,6560000
2017-09-27 14:41:21.134000,1.1726,1.17258,7390000,1000000
2017-09-27 14:41:21.345000,1.17259,1.17256,2060000,1690000
2017-09-27 14:41:21.757000,1.17258,1.17256,2440000,1690000
2017-09-27 14:41:22.281000,1.17258,1.17255,3000000,4120000
2017-09-27 14:41:22.807000,1.17256,1.17254,1250000,1120000
2017-09-27 14:41:23.315000,1.17256,1.17255,1000000,1690000
2017-09-27 14:41:24.240000,1.17257,1.17253,1120000,5700000
2017-09-27 14:41:24.393000,1.17258,1.17256,1250000,3820000
2017-09-27 14:41:25.017000,1.17259,1.17256,2890000,3000000
2017-09-27 14:41:25.538000,1.17259,1.17256,2890000,1500000
2017-09-27 14:41:26.252000,1.17259,1.17257,1250000,5440000
2017-09-27 14:41:26.666000,1.17265,1.17264,5140000,1000000
2017-09-27 14:41:26.717000,1.17267,1.17264,1500000,5700000
2017-09-27 14:41:27.233000,1.17266,1.17264,1000000,1950000
2017-09-27 14:41:28.001000,1.17266,1.17264,1000000,5060000
2017-09-27 14:41:28.529000,1.17267,1.17265,1000000,1310000
2017-09-27 14:41:28.633000,1.17269,1.17268,1120000,1500000
2017-09-27 14:41:28.789000,1.1727,1.17268,2060000,1690000
2017-09-27 14:41:29.319000,1.17267,1.17265,1000000,4010000
2017-09-27 14:41:29.628000,1.17264,1.17262,1000000,8060000
2017-09-27 14:41:29.983000,1.17268,1.17266,2440000,1250000
2017-09-27 14:41:30.036000,1.1727,1.17267,1120000,2810000
2017-09-27 14:41:30.139000,1.17269,1.17267,1000000,3560000
2017-09-27 14:41:30.553000,1.17268,1.17266,1120000,1000000
2017-09-27 14:41:30.911000,1.17267,1.17265,2440000,3190000
2017-09-27 14:41:31.421000,1.17267,1.17265,1690000,1690000
2017-09-27 14:41:33.046000,1.17267,1.17264,2060000,5810000
2017-09-27 14:41:34.227000,1.17267,1.17266,1310000,1000000
2017-09-27 14:41:35.755000,1.17267,1.17265,2370000,1690000
2017-09-27 14:41:35.909000,1.17261,1.17259,4310000,9450000
2017-09-27 14:41:36.063000,1.17262,1.17259,4310000,5320000
2017-09-27 14:41:36.573000,1.17263,1.17261,6600000,1300000
2017-09-27 14:41:37.084000,1.17263,1.1726,3790000,1350000
2017-09-27 14:41:37.656000,1.17262,1.1726,1690000,1420000
2017-09-27 14:41:38.240000,1.17262,1.1726,1250000,1300000
2017-09-27 14:41:38.767000,1.17262,1.1726,1870000,1490000
2017-09-27 14:41:39.714000,1.17262,1.17259,1690000,3450000
2017-09-27 14:41:39.817000,1.17263,1.17261,11060000,1000000
2017-09-27 14:41:40.359000,1.17263,1.17262,1120000,1000000
2017-09-27 14:41:40.877000,1.17263,1.17261,1870000,1000000
2017-09-27 14:41:41.222000,1.17266,1.17263,2250000,4120000
2017-09-27 14:41:41.736000,1.17265,1.17263,1000000,1500000
2017-09-27 14:41:42.197000,1.17267,1.17265,1690000,1120000
2017-09-27 14:41:43.305000,1.17267,1.17265,1250000,1310000
2017-09-27 14:41:44.106000,1.17268,1.17266,1310000,1000000
2017-09-27 14:41:44.260000,1.17269,1.17267,5250000,1000000
2017-09-27 14:41:52.079000,1.1727,1.17268,7120000,1000000
2017-09-27 14:41:52.442000,1.17267,1.17266,2470000,1000000
2017-09-27 14:41:52.545000,1.17263,1.17261,1000000,1120000
2017-09-27 14:41:53.048000,1.17262,1.17261,1120000,1300000
2017-09-27 14:41:54.149000,1.17263,1.1726,1500000,1120000
2017-09-27 14:41:54.253000,1.17263,1.17262,1310000,2250000
2017-09-27 14:41:54.304000,1.17262,1.17259,2470000,4310000
2017-09-27 14:41:54.458000,1.17259,1.17258,1000000,1000000
2017-09-27 14:41:54.976000,1.17259,1.17257,2620000,1000000
2017-09-27 14:41:55.521000,1.17259,1.17257,2620000,1000000
