time,ask,bid,ask_volume,bid_volume
2019-12-04 10:25:00.137000,1.10749,1.10748,750000,940000
2019-12-04 10:25:00.239000,1.1075,1.10748,2620000,190000
2019-12-04 10:25:01.367000,1.1075,1.10747,2620000,2060000
2019-12-04 10:25:01.650000,1.10749,1.10747,750000,1310000
2019-12-04 10:25:01.853000,1.10748,1.10746,2350000,3750000
2019-12-04 10:25:02.106000,1.10747,1.10746,820000,1870000
2019-12-04 10:25:02.698000,1.10748,1.10745,1500000,2810000
2019-12-04 10:25:02.800000,1.10747,1.10745,750000,7090000
2019-12-04 10:25:02.901000,1.10748,1.10746,1500000,750000
2019-12-04 10:25:03.103000,1.10748,1.10745,1500000,3190000
2019-12-04 10:25:03.306000,1.10748,1.10744,2250000,5440000
2019-12-04 10:25:03.559000,1.10748,1.10745,2620000,750000
2019-12-04 10:25:03.660000,1.10746,1.10744,750000,4500000
2019-12-04 10:25:04.693000,1.10746,1.10743,1500000,1870000
2019-12-04 10:25:08.285000,1.10743,1.10741,190000,6900000
2019-12-04 10:25:08.406000,1.10741,1.10739,5210000,940000
2019-12-04 10:25:08.457000,1.1074,1.10737,2250000,1690000
2019-12-04 10:25:09.176000,1.1074,1.10737,4950000,190000
2019-12-04 10:25:09.632000,1.1074,1.10737,3370000,190000
2019-12-04 10:25:10.075000,1.10739,1.10737,750000,940000
2019-12-04 10:25:10.472000,1.10739,1.10738,750000,750000
2019-12-04 10:25:13.339000,1.10739,1.10737,750000,2810000
2019-12-04 10:25:13.441000,1.10741,1.1074,4650000,1500000
2019-12-04 10:25:13.542000,1.10743,1.1074,1500000,1200000
2019-12-04 10:25:13.643000,1.10742,1.1074,1500000,3750000
2019-12-04 10:25:13.745000,1.10742,1.10741,750000,370000
2019-12-04 10:25:14.714000,1.10742,1.1074,750000,750000
2019-12-04 10:25:14.816000,1.10741,1.10738,750000,3450000
2019-12-04 10:25:16.316000,1.1074,1.10737,750000,2250000
2019-12-04 10:25:21.380000,1.1074,1.10738,2620000,750000
2019-12-04 10:25:21.481000,1.1074,1.10739,370000,1870000
2019-12-04 10:25:21.600000,1.10741,1.1074,1120000,750000
2019-12-04 10:25:21.702000,1.10741,1.1074,750000,750000
2019-12-04 10:25:21.889000,1.10742,1.10739,3750000,4500000
2019-12-04 10:25:22.168000,1.10741,1.1074,750000,750000
2019-12-04 10:25:22.674000,1.10742,1.10739,3750000,4870000
2019-12-04 10:25:24.475000,1.10742,1.10738,3450000,3940000
2019-12-04 10:25:25.514000,1.10741,1.10739,370000,370000
2019-12-04 10:25:26.600000,1.10742,1.1074,3450000,750000
2019-12-04 10:25:26.903000,1.10742,1.10738,3370000,5060000
2019-12-04 10:25:27.284000,1.10742,1.10739,4120000,750000
2019-12-04 10:25:27.406000,1.10742,1.10738,3370000,5060000
2019-12-04 10:25:27.540000,1.10741,1.10739,750000,1500000
2019-12-04 10:25:28.690000,1.10741,1.10738,750000,1870000
2019-12-04 10:25:29.159000,1.10741,1.10739,1120000,370000
2019-12-04 10:25:30.193000,1.10742,1.10738,2320000,5890000
2019-12-04 10:25:31.272000,1.10742,1.10739,2320000,370000
2019-12-04 10:25:32.630000,1.10742,1.1074,2320000,750000
2019-12-04 10:25:32.731000,1.10742,1.10739,1950000,1120000
2019-12-04 10:25:34.583000,1.10742,1.1074,2700000,750000
2019-12-04 10:25:34.799000,1.10742,1.10739,2700000,1870000
2019-12-04 10:25:35.952000,1.10741,1.10739,370000,370000
2019-12-04 10:25:38.253000,1.10742,1.10738,1570000,5140000
2019-12-04 10:25:39.474000,1.10741,1.10738,750000,4390000
2019-12-04 10:25:39.576000,1.10742,1.10738,1570000,5140000
2019-12-04 10:25:43.365000,1.10742,1.10739,2320000,750000
2019-12-04 10:25:43.466000,1.10742,1.10738,1570000,5890000
2019-12-04 10:25:44.144000,1.10741,1.10739,100000,750000
2019-12-04 10:25:44.246000,1.10739,1.10737,4200000,750000
2019-12-04 10:25:44.297000,1.10737,1.10735,750000,1570000
2019-12-04 10:25:44.398000,1.10736,1.10735,750000,1200000
2019-12-04 10:25:44.500000,1.10737,1.10735,2320000,820000
2019-12-04 10:25:46.486000,1.10735,1.10733,2250000,2700000
2019-12-04 10:25:46.587000,1.10731,1.1073,750000,1690000
2019-12-04 10:25:46.717000,1.10733,1.10731,8320000,740000
2019-12-04 10:25:46.819000,1.10731,1.10728,1500000,190000
2019-12-04 10:25:46.869000,1.10731,1.10729,1500000,740000
2019-12-04 10:25:46.920000,1.10731,1.10728,1500000,190000
2019-12-04 10:25:49.455000,1.10731,1.10729,820000,1500000
2019-12-04 10:25:52.169000,1.10731,1.10728,820000,1690000
2019-12-04 10:25:53.024000,1.1073,1.10728,750000,2440000
2019-12-04 10:25:53.450000,1.10731,1.10729,820000,750000
2019-12-04 10:25:53.560000,1.10731,1.10728,820000,1760000
2019-12-04 10:25:57.475000,1.1073,1.10728,750000,2440000
2019-12-04 10:25:57.615000,1.10731,1.10728,1570000,1690000
2019-12-04 10:26:00.439000,1.10731,1.10729,1570000,750000
2019-12-04 10:26:01.212000,1.10733,1.10732,5700000,750000
2019-12-04 10:26:01.313000,1.10734,1.10733,3370000,750000
2019-12-04 10:26:01.414000,1.10735,1.10733,750000,1310000
2019-12-04 10:26:01.923000,1.10736,1.10733,2060000,2810000
2019-12-04 10:26:02.851000,1.10736,1.10734,940000,750000
2019-12-04 10:26:03.142000,1.10736,1.10733,940000,1010000
2019-12-04 10:26:03.250000,1.10736,1.10734,940000,750000
2019-12-04 10:26:03.409000,1.10736,1.10733,940000,1310000
2019-12-04 10:26:05.517000,1.10736,1.10734,940000,750000
2019-12-04 10:26:06.281000,1.10736,1.10733,940000,1390000
2019-12-04 10:26:10.364000,1.10735,1.10732,100000,4570000
2019-12-04 10:26:10.465000,1.10735,1.10733,520000,190000
2019-12-04 10:26:10.566000,1.10735,1.10732,1870000,2620000
2019-12-04 10:26:10.693000,1.10735,1.10733,1870000,1310000
2019-12-04 10:26:10.900000,1.10734,1.10733,750000,1310000
2019-12-04 10:26:11.001000,1.10735,1.10733,1870000,1310000
2019-12-04 10:26:11.464000,1.10734,1.10733,750000,560000
2019-12-04 10:26:11.515000,1.10736,1.10733,750000,2060000
2019-12-04 10:26:15.529000,1.10736,1.10734,750000,750000
2019-12-04 10:26:15.630000,1.10738,1.10736,5250000,2510000
2019-12-04 10:26:15.984000,1.10738,1.10737,370000,3560000
2019-12-04 10:26:16.481000,1.10741,1.10738,2250000,750000
2019-12-04 10:26:16.871000,1.10741,1.10737,2250000,4390000
2019-12-04 10:26:17.392000,1.1074,1.10737,750000,4310000
2019-12-04 10:26:17.544000,1.10741,1.10737,6070000,2810000
2019-12-04 10:26:17.746000,1.10741,1.10738,3450000,750000
2019-12-04 10:26:18.692000,1.1074,1.10737,1950000,2620000
2019-12-04 10:26:18.793000,1.10739,1.10737,750000,2250000
2019-12-04 10:26:18.894000,1.1074,1.10739,1120000,370000
2019-12-04 10:26:19.720000,1.1074,1.10738,370000,370000
2019-12-04 10:26:20.988000,1.1074,1.10737,1500000,4310000
2019-12-04 10:26:21.100000,1.10739,1.10737,1500000,1500000
2019-12-04 10:26:21.252000,1.10739,1.10736,750000,940000
2019-12-04 10:26:21.505000,1.10739,1.10737,750000,750000
2019-12-04 10:26:21.657000,1.10739,1.10736,750000,1690000
2019-12-04 10:26:22.127000,1.10738,1.10736,370000,3190000
2019-12-04 10:26:22.229000,1.10736,1.10735,750000,1500000
2019-12-04 10:26:22.330000,1.10736,1.10734,1500000,1500000
2019-12-04 10:26:28.390000,1.10738,1.10737,3370000,1500000
2019-12-04 10:26:28.491000,1.10739,1.10737,5620000,750000
2019-12-04 10:26:29.548000,1.10739,1.10736,1570000,560000
2019-12-04 10:26:29.854000,1.10739,1.10735,5700000,3560000
2019-12-04 10:26:29.905000,1.10737,1.10735,750000,2250000
2019-12-04 10:26:30.007000,1.10737,1.10734,1200000,3560000
2019-12-04 10:26:30.108000,1.10736,1.10734,370000,2810000
2019-12-04 10:26:32.385000,1.10737,1.10735,1120000,560000
2019-12-04 10:26:32.487000,1.10738,1.10736,1500000,2320000
2019-12-04 10:26:32.589000,1.10739,1.10737,3000000,1500000
2019-12-04 10:26:33.347000,1.10738,1.10736,1500000,3940000
2019-12-04 10:26:33.448000,1.10738,1.10735,1500000,2810000
2019-12-04 10:26:33.550000,1.10739,1.10737,4950000,190000
2019-12-04 10:26:34.788000,1.10739,1.10737,2250000,940000
2019-12-04 10:26:34.991000,1.1074,1.10738,3070000,190000
2019-12-04 10:26:35.901000,1.1074,1.10737,3640000,1690000
2019-12-04 10:26:36.054000,1.10739,1.10737,100000,940000
2019-12-04 10:26:38.219000,1.1074,1.10737,2700000,2440000
2019-12-04 10:26:38.320000,1.10739,1.10737,750000,3190000
2019-12-04 10:26:40.448000,1.10739,1.10736,750000,4310000
2019-12-04 10:26:40.600000,1.1074,1.10736,9520000,2060000
2019-12-04 10:26:41.143000,1.1074,1.10738,4870000,370000
2019-12-04 10:26:41.346000,1.10739,1.10738,370000,370000
2019-12-04 10:26:41.640000,1.10739,1.10737,370000,1120000
2019-12-04 10:26:41.793000,1.10739,1.10738,370000,940000
2019-12-04 10:26:43.224000,1.10739,1.10737,370000,1120000
2019-12-04 10:26:44.410000,1.1074,1.10736,2620000,6560000
2019-12-04 10:26:45.875000,1.1074,1.10737,2620000,750000
2019-12-04 10:26:46.095000,1.10739,1.10737,750000,750000
2019-12-04 10:26:46.197000,1.10739,1.10736,750000,12640000
2019-12-04 10:26:46.926000,1.10739,1.10737,750000,2250000
2019-12-04 10:26:47.565000,1.10739,1.10738,750000,1500000
2019-12-04 10:26:47.666000,1.1074,1.10738,2620000,1500000
2019-12-04 10:26:48.505000,1.10739,1.10738,750000,1500000
2019-12-04 10:26:48.784000,1.10739,1.10737,750000,1690000
2019-12-04 10:26:51.388000,1.1074,1.10738,1500000,1500000
2019-12-04 10:26:55.776000,1.10741,1.1074,1870000,2250000
2019-12-04 10:26:55.827000,1.10742,1.10741,750000,450000
2019-12-04 10:26:55.928000,1.10743,1.10741,1200000,820000
2019-12-04 10:26:56.228000,1.10744,1.10741,2700000,1010000
2019-12-04 10:26:56.686000,1.10743,1.1074,1760000,3560000
2019-12-04 10:26:56.789000,1.10742,1.1074,750000,940000
2019-12-04 10:26:57.517000,1.10741,1.1074,750000,750000
2019-12-04 10:26:58.646000,1.10741,1.10739,750000,2440000
2019-12-04 10:26:59,1.10741,1.1074,750000,1500000
2019-12-04 10:26:59.051000,1.10743,1.10742,1120000,750000
2019-12-04 10:26:59.153000,1.10744,1.10743,1120000,190000
2019-12-04 10:26:59.305000,1.10745,1.10743,450000,560000
2019-12-04 10:27:00.306000,1.10745,1.10742,3410000,750000
2019-12-04 10:27:00.509000,1.10745,1.10743,1840000,750000
2019-12-04 10:27:01.548000,1.10745,1.10742,750000,4690000
2019-12-04 10:27:01.649000,1.10746,1.10742,7270000,3190000
2019-12-04 10:27:04.647000,1.10745,1.10742,750000,4690000
2019-12-04 10:27:04.956000,1.10746,1.10742,8700000,3940000
2019-12-04 10:27:06.065000,1.10745,1.10742,750000,5060000
2019-12-04 10:27:07.475000,1.10746,1.10742,6450000,4460000
2019-12-04 10:27:09.336000,1.10745,1.10742,750000,6340000
2019-12-04 10:27:09.769000,1.10746,1.10742,5620000,4840000
2019-12-04 10:27:10.008000,1.10746,1.10743,5620000,100000
2019-12-04 10:27:10.598000,1.10744,1.10742,820000,1500000
2019-12-04 10:27:10.700000,1.10744,1.10741,750000,1570000
2019-12-04 10:27:10.801000,1.10744,1.10743,750000,370000
2019-12-04 10:27:10.902000,1.10744,1.10742,750000,1390000
2019-12-04 10:27:11.003000,1.10745,1.10742,5510000,940000
2019-12-04 10:27:11.105000,1.10745,1.10743,3750000,940000
2019-12-04 10:27:11.207000,1.10744,1.10743,750000,2510000
2019-12-04 10:27:11.751000,1.10745,1.10743,3000000,2510000
2019-12-04 10:27:12.620000,1.10745,1.10742,3070000,5140000
2019-12-04 10:27:13.169000,1.10743,1.10741,750000,4760000
2019-12-04 10:27:13.422000,1.10745,1.10741,4200000,4460000
2019-12-04 10:27:14.518000,1.10745,1.10742,4950000,190000
2019-12-04 10:27:15.058000,1.10745,1.10741,4950000,6710000
2019-12-04 10:27:15.369000,1.10745,1.10742,4950000,450000
2019-12-04 10:27:15.471000,1.10744,1.10742,750000,450000
2019-12-04 10:27:15.639000,1.10744,1.10741,750000,5210000
2019-12-04 10:27:15.792000,1.10745,1.10741,4950000,4090000
2019-12-04 10:27:16.044000,1.10744,1.10742,750000,3940000
2019-12-04 10:27:16.145000,1.10745,1.10742,4570000,2440000
2019-12-04 10:27:16.246000,1.10745,1.10743,4200000,100000
2019-12-04 10:27:16.398000,1.10745,1.10742,3640000,2440000
2019-12-04 10:27:16.615000,1.10744,1.10742,750000,3190000
2019-12-04 10:27:16.874000,1.10745,1.10742,3640000,2440000
2019-12-04 10:27:17.152000,1.10744,1.10742,750000,3190000
2019-12-04 10:27:17.405000,1.10744,1.10741,2320000,750000
2019-12-04 10:27:17.507000,1.10744,1.10742,1120000,190000
2019-12-04 10:27:17.608000,1.10745,1.10742,1870000,260000
2019-12-04 10:27:25.193000,1.10745,1.10743,370000,820000
2019-12-04 10:27:25.325000,1.10747,1.10744,2140000,1500000
2019-12-04 10:27:25.939000,1.10747,1.10743,640000,8700000
2019-12-04 10:27:26.687000,1.10747,1.10744,560000,1500000
2019-12-04 10:27:27.442000,1.10747,1.10743,560000,8020000
2019-12-04 10:27:28.478000,1.10747,1.10745,560000,100000
2019-12-04 10:27:28.579000,1.10747,1.10744,560000,640000
2019-12-04 10:27:29.382000,1.10747,1.10743,450000,8510000
2019-12-04 10:27:30.545000,1.10747,1.10745,1200000,750000
2019-12-04 10:27:31.829000,1.10748,1.10745,7200000,750000
2019-12-04 10:27:32.158000,1.10747,1.10745,750000,750000
2019-12-04 10:27:32.650000,1.10748,1.10745,5700000,750000
2019-12-04 10:27:36.234000,1.10747,1.10745,750000,750000
2019-12-04 10:27:36.729000,1.10748,1.10745,4200000,750000
2019-12-04 10:27:37.789000,1.10746,1.10745,370000,750000
2019-12-04 10:27:39.034000,1.10748,1.10745,3450000,750000
2019-12-04 10:27:39.541000,1.10747,1.10745,750000,750000
2019-12-04 10:27:39.973000,1.10748,1.10745,4200000,750000
2019-12-04 10:27:40.074000,1.10747,1.10745,750000,750000
2019-12-04 10:27:42.388000,1.10748,1.10745,5700000,750000
2019-12-04 10:27:42.490000,1.10747,1.10745,100000,750000
2019-12-04 10:27:42.792000,1.10746,1.10745,750000,750000
2019-12-04 10:27:45.464000,1.10747,1.10745,1870000,750000
2019-12-04 10:27:49.012000,1.10746,1.10745,370000,750000
2019-12-04 10:27:50.275000,1.10747,1.10745,3370000,750000
2019-12-04 10:27:55,1.10747,1.10744,2250000,3000000
2019-12-04 10:27:55.322000,1.10747,1.10745,1500000,100000
2019-12-04 10:27:55.423000,1.10747,1.10744,2250000,750000
2019-12-04 10:27:56.849000,1.10747,1.10745,750000,450000
2019-12-04 10:27:57.060000,1.10747,1.10746,750000,100000
2019-12-04 10:27:57.111000,1.10749,1.10746,7120000,2700000
2019-12-04 10:27:57.213000,1.1075,1.10748,3450000,190000
2019-12-04 10:28:01.821000,1.10747,1.10746,190000,2320000
2019-12-04 10:28:01.923000,1.10746,1.10745,820000,750000
2019-12-04 10:28:02.176000,1.10746,1.10744,100000,370000
2019-12-04 10:28:02.277000,1.10746,1.10743,1570000,1390000
2019-12-04 10:28:02.865000,1.10746,1.10744,100000,750000
2019-12-04 10:28:05.216000,1.10746,1.10743,100000,2590000
2019-12-04 10:28:05.317000,1.10746,1.10744,100000,100000
2019-12-04 10:28:06.122000,1.10746,1.10743,100000,2210000
2019-12-04 10:28:07.518000,1.10746,1.10744,1570000,750000
2019-12-04 10:28:10.112000,1.10747,1.10744,1870000,4200000
2019-12-04 10:28:10.660000,1.10747,1.10745,370000,100000
2019-12-04 10:28:12.072000,1.10748,1.10745,3640000,100000
2019-12-04 10:28:13.165000,1.10747,1.10745,370000,100000
2019-12-04 10:28:20.502000,1.10747,1.10744,2250000,9260000
2019-12-04 10:28:27.475000,1.10747,1.10745,3000000,750000
2019-12-04 10:28:33.477000,1.10747,1.10744,750000,2060000
2019-12-04 10:28:34.815000,1.10747,1.10745,750000,190000
2019-12-04 10:28:34.916000,1.10749,1.10748,1200000,750000
2019-12-04 10:28:35.069000,1.1075,1.10749,370000,940000
2019-12-04 10:28:35.170000,1.10751,1.10749,370000,750000
2019-12-04 10:28:35.433000,1.10752,1.10749,370000,1500000
2019-12-04 10:28:35.535000,1.10752,1.1075,1120000,750000
2019-12-04 10:28:36.792000,1.10753,1.1075,4460000,750000
2019-12-04 10:28:40.303000,1.10753,1.10752,1500000,750000
2019-12-04 10:28:40.404000,1.10756,1.10754,1870000,750000
2019-12-04 10:28:40.999000,1.10757,1.10754,4390000,2250000
2019-12-04 10:28:41.100000,1.10755,1.10754,750000,1500000
2019-12-04 10:28:41.201000,1.10756,1.10754,750000,1500000
2019-12-04 10:28:41.330000,1.10755,1.10754,750000,1500000
2019-12-04 10:28:41.431000,1.10756,1.10754,750000,2250000
2019-12-04 10:28:41.893000,1.10755,1.10754,750000,1500000
2019-12-04 10:28:41.995000,1.10753,1.10751,370000,1500000
2019-12-04 10:28:42.197000,1.10754,1.10751,3000000,1690000
2019-12-04 10:28:44.079000,1.10755,1.10751,3000000,4010000
2019-12-04 10:28:44.180000,1.10755,1.10752,3000000,1500000
2019-12-04 10:28:48.655000,1.10754,1.10752,750000,3370000
2019-12-04 10:29:01.619000,1.10754,1.10753,750000,370000
2019-12-04 10:29:03.397000,1.10754,1.10752,750000,2810000
2019-12-04 10:29:06.629000,1.10754,1.10753,750000,370000
2019-12-04 10:29:08.655000,1.10755,1.10753,1500000,370000
2019-12-04 10:29:08.989000,1.10755,1.10752,1500000,3940000
2019-12-04 10:29:16.350000,1.10755,1.10753,940000,750000
2019-12-04 10:29:16.758000,1.10754,1.10753,190000,750000
2019-12-04 10:29:16.859000,1.10755,1.10753,1690000,1500000
2019-12-04 10:29:17.112000,1.10754,1.10752,2440000,1500000
2019-12-04 10:29:17.214000,1.10753,1.10751,7010000,750000
2019-12-04 10:29:19.832000,1.10752,1.10749,1690000,6820000
2019-12-04 10:29:19.933000,1.10751,1.10749,190000,5700000
2019-12-04 10:29:20.035000,1.10752,1.10749,1690000,6070000
2019-12-04 10:29:20.521000,1.10752,1.1075,190000,750000
2019-12-04 10:29:20.774000,1.10752,1.10751,940000,750000
2019-12-04 10:29:21.892000,1.10751,1.10749,260000,3450000
2019-12-04 10:29:21.993000,1.10751,1.1075,1500000,750000
2019-12-04 10:29:22.095000,1.10751,1.10748,3940000,1120000
2019-12-04 10:29:24.151000,1.1075,1.10748,750000,750000
2019-12-04 10:29:24.252000,1.10751,1.10747,2440000,5890000
2019-12-04 10:29:24.532000,1.10751,1.10748,2250000,2510000
2019-12-04 10:29:27.791000,1.10751,1.1075,1500000,100000
2019-12-04 10:29:28.145000,1.10752,1.10751,750000,1570000
2019-12-04 10:29:28.348000,1.10753,1.10751,1500000,370000
2019-12-04 10:29:28.805000,1.10753,1.10752,750000,750000
2019-12-04 10:29:29.008000,1.10753,1.10751,750000,1950000
2019-12-04 10:29:29.210000,1.10754,1.10751,640000,1500000
2019-12-04 10:29:29.620000,1.10754,1.10752,1010000,750000
2019-12-04 10:29:29.823000,1.10753,1.10752,370000,750000
2019-12-04 10:29:29.950000,1.10754,1.10752,940000,750000
2019-12-04 10:29:30.202000,1.10755,1.10751,5890000,4570000
2019-12-04 10:29:30.303000,1.10755,1.10752,4010000,750000
2019-12-04 10:29:31.880000,1.10754,1.10752,750000,750000
2019-12-04 10:29:31.981000,1.10755,1.10753,3450000,100000
2019-12-04 10:29:37.386000,1.10754,1.10752,100000,450000
2019-12-04 10:29:40.520000,1.10754,1.10751,1690000,2700000
2019-12-04 10:29:40.722000,1.10754,1.10752,1310000,750000
2019-12-04 10:29:44.024000,1.10754,1.10751,1500000,3640000
2019-12-04 10:29:44.125000,1.10754,1.10752,1500000,1760000
2019-12-04 10:29:46.172000,1.10754,1.10751,940000,1760000
2019-12-04 10:29:46.375000,1.10754,1.10752,1690000,750000
2019-12-04 10:29:47.264000,1.10753,1.10751,820000,750000
2019-12-04 10:29:47.366000,1.10752,1.1075,750000,4870000
2019-12-04 10:29:49.649000,1.10752,1.10751,750000,750000
2019-12-04 10:29:49.851000,1.10752,1.1075,1010000,2890000
2019-12-04 10:29:50.003000,1.10752,1.10751,750000,100000
2019-12-04 10:29:53.257000,1.10752,1.1075,750000,2250000
2019-12-04 10:29:53.359000,1.10751,1.10749,1500000,3740000
2019-12-04 10:29:55.614000,1.10752,1.1075,750000,3940000
2019-12-04 10:29:55.715000,1.10752,1.10751,750000,750000
2019-12-04 10:29:55.816000,1.10752,1.1075,750000,4760000
2019-12-04 10:29:55.917000,1.10752,1.10751,750000,750000
2019-12-04 10:30:00.554000,1.10754,1.10751,750000,7010000
2019-12-04 10:30:00.655000,1.10754,1.10752,750000,750000
2019-12-04 10:30:00.756000,1.10754,1.10753,750000,370000
2019-12-04 10:30:01.678000,1.10754,1.10751,750000,9710000
2019-12-04 10:30:02.038000,1.10754,1.10752,1500000,750000
2019-12-04 10:30:02.600000,1.10754,1.10751,750000,8140000
2019-12-04 10:30:03.348000,1.10753,1.10751,750000,1500000
2019-12-04 10:30:03.455000,1.10753,1.10751,750000,1870000
2019-12-04 10:30:04.096000,1.10752,1.1075,1120000,2700000
2019-12-04 10:30:06.830000,1.10751,1.10749,750000,2170000
2019-12-04 10:30:06.983000,1.10751,1.10747,3640000,3820000
2019-12-04 10:30:07.085000,1.1075,1.10747,1500000,520000
2019-12-04 10:30:08.099000,1.10748,1.10746,1690000,3190000
2019-12-04 10:30:08.200000,1.10747,1.10746,370000,2250000
2019-12-04 10:30:08.352000,1.10745,1.10744,750000,1690000
2019-12-04 10:30:09.872000,1.10747,1.10746,750000,1120000
2019-12-04 10:30:09.974000,1.10748,1.10747,1870000,940000
2019-12-04 10:30:10.075000,1.10749,1.10747,750000,1690000
2019-12-04 10:30:15.247000,1.10748,1.10747,1500000,3000000
2019-12-04 10:30:15.298000,1.10747,1.10745,750000,1200000
2019-12-04 10:30:16.094000,1.10746,1.10744,750000,3970000
2019-12-04 10:30:16.268000,1.10747,1.10744,3000000,1720000
2019-12-04 10:30:16.621000,1.10747,1.10745,4500000,140000
2019-12-04 10:30:17.025000,1.10747,1.10744,3000000,3030000
2019-12-04 10:30:17.256000,1.10747,1.10745,3370000,370000
2019-12-04 10:30:18.779000,1.10746,1.10745,100000,370000
2019-12-04 10:30:18.880000,1.10747,1.10745,4310000,370000
2019-12-04 10:30:19.229000,1.10747,1.10744,3940000,1830000
2019-12-04 10:30:19.334000,1.10747,1.10745,3750000,750000
2019-12-04 10:30:19.485000,1.10746,1.10745,750000,1500000
2019-12-04 10:30:19.893000,1.10747,1.10745,1500000,1690000
2019-12-04 10:30:19.995000,1.10747,1.10746,750000,820000
2019-12-04 10:30:20.096000,1.10748,1.10747,750000,750000
2019-12-04 10:30:20.458000,1.10749,1.10747,1500000,940000
2019-12-04 10:30:21.629000,1.10749,1.10746,2440000,6340000
2019-12-04 10:30:21.910000,1.1075,1.10747,3370000,190000
2019-12-04 10:30:22.163000,1.10749,1.10747,750000,640000
2019-12-04 10:30:23.033000,1.1075,1.10747,2320000,190000
2019-12-04 10:30:23.134000,1.10749,1.10747,1120000,1120000
2019-12-04 10:30:24.592000,1.10749,1.10748,2620000,190000
2019-12-04 10:30:24.703000,1.10749,1.10747,2620000,1870000
2019-12-04 10:30:31.174000,1.1075,1.10746,1690000,4270000
2019-12-04 10:30:31.276000,1.1075,1.10747,2250000,190000
2019-12-04 10:30:31.479000,1.1075,1.10748,1870000,100000
2019-12-04 10:30:31.581000,1.1075,1.10747,1870000,1690000
2019-12-04 10:30:37.382000,1.10749,1.10747,750000,560000
2019-12-04 10:30:38.090000,1.10749,1.10746,1500000,4760000
2019-12-04 10:30:38.191000,1.10748,1.10746,1010000,750000
2019-12-04 10:30:38.293000,1.10747,1.10746,100000,750000
2019-12-04 10:30:38.413000,1.10747,1.10746,2320000,750000
2019-12-04 10:30:38.515000,1.10748,1.10746,7390000,750000
2019-12-04 10:30:38.616000,1.10748,1.10747,1500000,100000
2019-12-04 10:30:38.717000,1.10749,1.10747,1570000,2210000
2019-12-04 10:30:40.718000,1.10747,1.10746,100000,370000
2019-12-04 10:30:40.820000,1.10747,1.10745,100000,3450000
2019-12-04 10:30:41.213000,1.10746,1.10745,370000,1260000
2019-12-04 10:30:42.254000,1.10747,1.10745,2320000,1450000
2019-12-04 10:30:42.810000,1.10746,1.10745,1570000,2760000
2019-12-04 10:30:43.217000,1.10747,1.10744,450000,2580000
2019-12-04 10:30:46.270000,1.10747,1.10746,100000,190000
2019-12-04 10:30:48.076000,1.10748,1.10746,4390000,190000
2019-12-04 10:30:51.513000,1.10749,1.10747,5620000,370000
2019-12-04 10:30:56.117000,1.10749,1.10747,1870000,1500000
2019-12-04 10:30:56.621000,1.10749,1.10747,750000,750000
2019-12-04 10:31:00.271000,1.10749,1.10748,750000,100000
2019-12-04 10:31:01.561000,1.10749,1.10747,750000,1390000
2019-12-04 10:31:08.682000,1.10749,1.10748,750000,100000
2019-12-04 10:31:08.733000,1.1075,1.10749,1120000,1570000
2019-12-04 10:31:08.885000,1.10753,1.10751,1500000,1200000
2019-12-04 10:31:08.986000,1.10753,1.10752,750000,820000
2019-12-04 10:31:09.087000,1.10753,1.10751,1500000,1500000
2019-12-04 10:31:09.239000,1.10752,1.1075,750000,6820000
2019-12-04 10:31:09.372000,1.10752,1.10751,750000,820000
2019-12-04 10:31:10.900000,1.10754,1.10751,2620000,450000
2019-12-04 10:31:13.888000,1.10754,1.10752,2620000,100000
2019-12-04 10:31:14.141000,1.10754,1.10751,1500000,2700000
2019-12-04 10:31:15.527000,1.10754,1.10752,1500000,750000
2019-12-04 10:31:15.678000,1.10754,1.10751,3750000,2620000
2019-12-04 10:31:18.369000,1.10754,1.10752,4120000,100000
2019-12-04 10:31:18.571000,1.10753,1.10752,750000,2320000
2019-12-04 10:31:18.910000,1.10754,1.10752,3750000,820000
2019-12-04 10:31:20.435000,1.10755,1.10752,5140000,750000
2019-12-04 10:31:20.569000,1.10754,1.10752,750000,1500000
2019-12-04 10:31:35.520000,1.10754,1.10751,2620000,1570000
2019-12-04 10:31:39.520000,1.10753,1.10751,750000,2320000
2019-12-04 10:31:39.979000,1.10753,1.10752,750000,750000
2019-12-04 10:31:40.108000,1.10752,1.10751,750000,1120000
2019-12-04 10:31:40.260000,1.10752,1.1075,3000000,2250000
2019-12-04 10:31:40.361000,1.10752,1.10751,1690000,750000
2019-12-04 10:31:40.564000,1.10752,1.1075,750000,2250000
2019-12-04 10:31:40.665000,1.10752,1.10751,750000,1500000
2019-12-04 10:31:40.766000,1.10753,1.10752,1870000,750000
2019-12-04 10:31:40.868000,1.10754,1.10752,750000,2320000
2019-12-04 10:31:40.997000,1.10754,1.10753,940000,750000
2019-12-04 10:31:42.430000,1.10755,1.10753,2440000,1500000
2019-12-04 10:31:43.953000,1.10756,1.10755,3370000,100000
2019-12-04 10:31:44.054000,1.10756,1.10755,750000,1500000
2019-12-04 10:31:44.156000,1.10757,1.10755,3560000,750000
2019-12-04 10:31:44.278000,1.10756,1.10754,2620000,750000
2019-12-04 10:31:45.221000,1.10755,1.10754,750000,750000
2019-12-04 10:31:45.428000,1.10756,1.10754,1120000,750000
2019-12-04 10:31:45.762000,1.10755,1.10754,100000,750000
2019-12-04 10:31:45.863000,1.10755,1.10753,2440000,1500000
2019-12-04 10:31:46.066000,1.10754,1.10752,750000,2250000
2019-12-04 10:31:46.592000,1.10754,1.10752,2440000,750000
2019-12-04 10:31:46.693000,1.10752,1.10751,750000,1500000
2019-12-04 10:31:46.795000,1.10753,1.10752,370000,1500000
2019-12-04 10:31:46.896000,1.10753,1.10751,750000,750000
2019-12-04 10:31:47.048000,1.10753,1.1075,750000,3670000
2019-12-04 10:31:48.731000,1.10753,1.10751,1870000,370000
2019-12-04 10:31:51.590000,1.10753,1.1075,750000,3970000
2019-12-04 10:31:52.771000,1.10753,1.10752,750000,100000
2019-12-04 10:31:52.876000,1.10753,1.1075,750000,4420000
2019-12-04 10:31:53.028000,1.10752,1.1075,1120000,1120000
2019-12-04 10:31:54.735000,1.10753,1.10751,1870000,3450000
2019-12-04 10:31:54.836000,1.10754,1.10752,940000,820000
2019-12-04 10:31:55.871000,1.10755,1.10752,5620000,1500000
2019-12-04 10:31:58.615000,1.10754,1.10752,750000,750000
2019-12-04 10:31:58.814000,1.10755,1.10752,6190000,1500000
2019-12-04 10:31:59.028000,1.10754,1.10752,750000,750000
2019-12-04 10:31:59.143000,1.10755,1.10752,5440000,750000
2019-12-04 10:32:00.085000,1.10754,1.10752,370000,750000
2019-12-04 10:32:00.865000,1.10755,1.10752,4500000,2320000
2019-12-04 10:32:02.249000,1.10755,1.10753,750000,820000
2019-12-04 10:32:02.350000,1.10755,1.10754,750000,750000
2019-12-04 10:32:02.628000,1.10756,1.10754,750000,750000
2019-12-04 10:32:02.780000,1.10756,1.10753,750000,5020000
2019-12-04 10:32:02.992000,1.10756,1.10754,750000,750000
2019-12-04 10:32:04.826000,1.10757,1.10754,5440000,750000
2019-12-04 10:32:04.940000,1.10756,1.10754,1500000,750000
2019-12-04 10:32:05.485000,1.10757,1.10754,7690000,1500000
2019-12-04 10:32:06.072000,1.10756,1.10754,750000,1500000
2019-12-04 10:32:06.470000,1.10755,1.10754,750000,1500000
2019-12-04 10:32:06.571000,1.10756,1.10754,750000,1500000
2019-12-04 10:32:06.885000,1.10755,1.10754,750000,1500000
2019-12-04 10:32:06.986000,1.10756,1.10754,750000,1500000
2019-12-04 10:32:07.653000,1.10757,1.10754,3940000,750000
2019-12-04 10:32:10.170000,1.10757,1.10753,4690000,1500000
2019-12-04 10:32:10.805000,1.10756,1.10753,750000,1500000
2019-12-04 10:32:10.906000,1.10757,1.10753,5440000,750000
2019-12-04 10:32:11.171000,1.10757,1.10755,2250000,1760000
2019-12-04 10:32:11.273000,1.10758,1.10756,2250000,100000
2019-12-04 10:32:11.504000,1.10758,1.10757,750000,100000
2019-12-04 10:32:11.555000,1.10757,1.10755,750000,5140000
2019-12-04 10:32:12.234000,1.10756,1.10755,370000,750000
2019-12-04 10:32:12.335000,1.10756,1.10754,750000,450000
2019-12-04 10:32:14.955000,1.10756,1.10752,750000,3640000
2019-12-04 10:32:16.389000,1.10756,1.10754,1870000,100000
2019-12-04 10:32:17.022000,1.10755,1.10754,750000,100000
2019-12-04 10:32:17.175000,1.10755,1.10753,750000,100000
2019-12-04 10:32:18.240000,1.10755,1.10752,1500000,2060000
2019-12-04 10:32:19.861000,1.10754,1.10752,5060000,370000
2019-12-04 10:32:19.972000,1.10753,1.10751,750000,820000
2019-12-04 10:32:20.865000,1.10754,1.10752,2620000,100000
2019-12-04 10:32:21.067000,1.10754,1.10751,1870000,260000
2019-12-04 10:32:24.841000,1.10753,1.10751,370000,1310000
2019-12-04 10:32:35.818000,1.10753,1.1075,2510000,750000
2019-12-04 10:32:35.874000,1.10751,1.10749,370000,3150000
2019-12-04 10:32:36.854000,1.10752,1.10749,450000,2850000
2019-12-04 10:32:36.955000,1.10753,1.10751,3370000,370000
2019-12-04 10:32:37.056000,1.10752,1.10751,750000,370000
2019-12-04 10:32:37.259000,1.10753,1.10751,4200000,370000
2019-12-04 10:32:37.516000,1.10752,1.10751,750000,370000
2019-12-04 10:32:37.763000,1.10753,1.10751,4200000,370000
2019-12-04 10:32:37.972000,1.10753,1.1075,4200000,1690000
2019-12-04 10:32:40.965000,1.10752,1.10751,750000,750000
2019-12-04 10:32:41.255000,1.10753,1.1075,4120000,1390000
2019-12-04 10:32:42.295000,1.10753,1.10751,1870000,370000
2019-12-04 10:32:42.397000,1.10753,1.10752,2250000,1570000
2019-12-04 10:32:43.255000,1.10753,1.10751,1500000,7010000
2019-12-04 10:32:43.457000,1.10753,1.10752,1500000,1010000
2019-12-04 10:32:45.600000,1.10753,1.10751,940000,2810000
2019-12-04 10:32:47.473000,1.10753,1.10752,940000,1500000
2019-12-04 10:32:47.777000,1.10754,1.10753,2620000,100000
2019-12-04 10:32:53.596000,1.10756,1.10754,1870000,2510000
2019-12-04 10:32:53.697000,1.10756,1.10755,750000,1500000
2019-12-04 10:32:53.748000,1.10758,1.10755,4120000,1690000
2019-12-04 10:32:54.001000,1.10757,1.10755,2250000,750000
2019-12-04 10:32:54.153000,1.10757,1.10754,3190000,260000
2019-12-04 10:32:54.254000,1.10755,1.10754,1500000,100000
2019-12-04 10:32:54.646000,1.10755,1.10753,750000,1390000
2019-12-04 10:32:55.108000,1.10755,1.10753,750000,1310000
2019-12-04 10:32:55.209000,1.10755,1.10753,750000,190000
2019-12-04 10:32:57.606000,1.10754,1.10753,750000,750000
2019-12-04 10:32:57.709000,1.10752,1.1075,750000,4390000
2019-12-04 10:33:02.305000,1.10752,1.10749,1870000,3860000
2019-12-04 10:33:02.869000,1.10751,1.10749,190000,3860000
2019-12-04 10:33:02.998000,1.10752,1.10749,1120000,3860000
2019-12-04 10:33:03.134000,1.10752,1.1075,1870000,750000
2019-12-04 10:33:03.925000,1.10752,1.10749,1120000,3600000
2019-12-04 10:33:04.228000,1.10752,1.1075,1120000,750000
2019-12-04 10:33:04.329000,1.10752,1.10751,1120000,750000
2019-12-04 10:33:04.431000,1.10753,1.10751,1500000,2770000
2019-12-04 10:33:05.055000,1.10754,1.10753,750000,750000
2019-12-04 10:33:05.156000,1.10754,1.10753,750000,1500000
2019-12-04 10:33:05.829000,1.10754,1.10752,1500000,1570000
2019-12-04 10:33:13.751000,1.10753,1.10751,750000,6070000
2019-12-04 10:33:13.852000,1.10754,1.10752,3370000,1500000
2019-12-04 10:33:13.954000,1.10754,1.10753,1500000,370000
2019-12-04 10:33:14.055000,1.10754,1.10752,1500000,2810000
2019-12-04 10:33:15.782000,1.10755,1.10752,3560000,2440000
2019-12-04 10:33:16.372000,1.10755,1.10753,3560000,750000
2019-12-04 10:33:16.473000,1.10755,1.10752,3560000,1310000
2019-12-04 10:33:18.375000,1.10755,1.10754,4310000,750000
2019-12-04 10:33:18.477000,1.10756,1.10754,1310000,1500000
2019-12-04 10:33:19.174000,1.10757,1.10754,4120000,1500000
2019-12-04 10:33:20.100000,1.10756,1.10754,750000,1570000
2019-12-04 10:33:20.259000,1.10757,1.10754,4870000,1570000
2019-12-04 10:33:20.511000,1.10756,1.10754,1500000,1570000
2019-12-04 10:33:21.642000,1.10757,1.10754,4870000,820000
2019-12-04 10:33:22.384000,1.10756,1.10754,750000,820000
2019-12-04 10:33:22.485000,1.10757,1.10755,750000,1200000
2019-12-04 10:33:22.587000,1.10758,1.10756,1500000,6260000
2019-12-04 10:33:22.689000,1.1076,1.10756,3070000,7090000
2019-12-04 10:33:22.790000,1.1076,1.10757,3820000,2250000
2019-12-04 10:33:22.905000,1.10759,1.10758,750000,1500000
2019-12-04 10:33:23.590000,1.1076,1.10757,3370000,1500000
2019-12-04 10:33:24.300000,1.1076,1.10756,1870000,6640000
2019-12-04 10:33:27.048000,1.1076,1.10757,2620000,750000
2019-12-04 10:33:27.213000,1.1076,1.10756,1870000,7390000
2019-12-04 10:33:27.318000,1.1076,1.10757,1870000,370000
2019-12-04 10:33:29.660000,1.10759,1.10758,750000,370000
2019-12-04 10:33:33.407000,1.1076,1.10758,1120000,370000
2019-12-04 10:33:34.207000,1.1076,1.10757,370000,1120000
2019-12-04 10:33:34.308000,1.10759,1.10757,2060000,370000
2019-12-04 10:33:34.410000,1.10758,1.10757,750000,1870000
2019-12-04 10:33:35.385000,1.10759,1.10757,750000,750000
2019-12-04 10:33:35.490000,1.10759,1.10756,750000,5890000
2019-12-04 10:33:35.591000,1.10759,1.10757,750000,750000
2019-12-04 10:33:36.908000,1.10758,1.10757,750000,1120000
2019-12-04 10:33:39.027000,1.10759,1.10757,1120000,370000
2019-12-04 10:33:39.879000,1.1076,1.10757,4870000,1950000
2019-12-04 10:33:45.497000,1.1076,1.10756,3000000,6640000
2019-12-04 10:33:46.123000,1.1076,1.10757,3750000,750000
2019-12-04 10:33:46.250000,1.1076,1.10756,3000000,6640000
2019-12-04 10:33:46.352000,1.1076,1.10757,5250000,1570000
2019-12-04 10:33:47.579000,1.1076,1.10759,750000,1760000
2019-12-04 10:33:47.681000,1.10762,1.1076,1200000,2890000
2019-12-04 10:33:47.782000,1.10764,1.10761,4760000,750000
2019-12-04 10:33:48.653000,1.10763,1.10761,750000,750000
2019-12-04 10:33:49.838000,1.10762,1.1076,750000,820000
2019-12-04 10:33:50.141000,1.10761,1.1076,750000,100000
2019-12-04 10:33:50.243000,1.10761,1.10759,1500000,3750000
2019-12-04 10:33:50.697000,1.10761,1.10758,750000,1200000
2019-12-04 10:33:52.249000,1.10761,1.10757,750000,5890000
2019-12-04 10:33:53.952000,1.1076,1.10757,750000,5140000
2019-12-04 10:33:54.132000,1.1076,1.10758,1500000,750000
2019-12-04 10:33:54.234000,1.10759,1.10758,190000,750000
2019-12-04 10:33:54.386000,1.10759,1.10757,940000,940000
2019-12-04 10:34:00.368000,1.1076,1.10757,3750000,820000
2019-12-04 10:34:00.469000,1.1076,1.10758,750000,1200000
2019-12-04 10:34:04.315000,1.10761,1.10758,3820000,370000
2019-12-04 10:34:04.780000,1.1076,1.10758,750000,370000
2019-12-04 10:34:04.881000,1.10761,1.10758,3820000,450000
2019-12-04 10:34:04.983000,1.1076,1.10758,750000,450000
2019-12-04 10:34:05.098000,1.10761,1.10758,3820000,450000
2019-12-04 10:34:06.527000,1.1076,1.10758,750000,1870000
2019-12-04 10:34:06.952000,1.10762,1.10759,4870000,6070000
2019-12-04 10:34:07.054000,1.10762,1.1076,3370000,370000
2019-12-04 10:34:07.155000,1.10762,1.10759,6370000,2320000
2019-12-04 10:34:07.520000,1.10761,1.10759,1500000,1570000
2019-12-04 10:34:08.099000,1.1076,1.10758,2250000,1870000
2019-12-04 10:34:08.426000,1.10761,1.10758,4570000,1120000
2019-12-04 10:34:08.883000,1.1076,1.10758,750000,1120000
2019-12-04 10:34:19.280000,1.1076,1.10757,3560000,2700000
2019-12-04 10:34:19.381000,1.10759,1.10757,750000,2700000
2019-12-04 10:34:19.636000,1.1076,1.10757,4310000,2700000
2019-12-04 10:34:23.847000,1.1076,1.10758,1690000,370000
2019-12-04 10:34:32.887000,1.1076,1.10759,1500000,190000
2019-12-04 10:34:32.989000,1.10761,1.10759,750000,3640000
2019-12-04 10:34:33.140000,1.10761,1.1076,750000,750000
2019-12-04 10:34:33.569000,1.10761,1.10759,750000,2890000
2019-12-04 10:34:33.952000,1.1076,1.10759,750000,1500000
2019-12-04 10:34:34.054000,1.1076,1.10758,750000,3070000
2019-12-04 10:34:34.930000,1.10759,1.10758,750000,100000
2019-12-04 10:34:35.031000,1.10759,1.10757,750000,1870000
2019-12-04 10:34:35.686000,1.1076,1.10757,1500000,2400000
2019-12-04 10:34:35.847000,1.10761,1.10757,5810000,2400000
2019-12-04 10:34:39.762000,1.1076,1.10758,370000,370000
2019-12-04 10:34:40.200000,1.10761,1.10757,5060000,2770000
2019-12-04 10:34:40.491000,1.1076,1.10757,2250000,3520000
2019-12-04 10:34:45.423000,1.1076,1.10758,750000,100000
2019-12-04 10:34:45.532000,1.1076,1.10757,750000,4270000
2019-12-04 10:34:46.579000,1.10761,1.10757,3560000,4270000
2019-12-04 10:34:47.648000,1.10761,1.10759,3560000,100000
2019-12-04 10:34:53.641000,1.1076,1.10759,750000,1500000
2019-12-04 10:34:53.836000,1.10761,1.10759,5250000,1500000
2019-12-04 10:34:54.842000,1.1076,1.10759,750000,1500000
2019-12-04 10:34:58.151000,1.10759,1.10758,1500000,750000
2019-12-04 10:34:58.202000,1.10759,1.10757,2250000,1950000
2019-12-04 10:34:58.253000,1.10757,1.10756,750000,1950000
2019-12-04 10:34:58.304000,1.10757,1.10755,2810000,750000
2019-12-04 10:34:58.406000,1.10755,1.10753,750000,2640000
2019-12-04 10:34:58.509000,1.10756,1.10753,1870000,820000
2019-12-04 10:34:58.611000,1.10756,1.10754,3370000,750000
2019-12-04 10:34:58.712000,1.10756,1.10755,1500000,750000
2019-12-04 10:34:58.914000,1.10756,1.10754,750000,5400000
2019-12-04 10:34:59.015000,1.10756,1.10755,750000,750000
2019-12-04 10:34:59.117000,1.10757,1.10754,1870000,3070000
2019-12-04 10:34:59.168000,1.10756,1.10754,750000,3070000
2019-12-04 10:35:00.016000,1.10756,1.10755,750000,750000
2019-12-04 10:35:00.168000,1.10757,1.10756,1500000,750000
2019-12-04 10:35:00.270000,1.10758,1.10757,1500000,750000
2019-12-04 10:35:00.371000,1.10758,1.10757,1500000,750000
2019-12-04 10:35:04.319000,1.10759,1.10758,1500000,100000
2019-12-04 10:35:04.420000,1.10759,1.10758,750000,150000
2019-12-04 10:35:06.804000,1.1076,1.10758,1500000,1270000
2019-12-04 10:35:08.051000,1.10759,1.10758,190000,1270000
2019-12-04 10:35:08.253000,1.10759,1.10757,1690000,1840000
2019-12-04 10:35:10.060000,1.10759,1.10758,2440000,370000
2019-12-04 10:35:10.810000,1.10759,1.10757,940000,1460000
2019-12-04 10:35:11.996000,1.10759,1.10758,940000,100000
2019-12-04 10:35:18.523000,1.10759,1.10757,940000,2210000
2019-12-04 10:35:22.665000,1.10759,1.10758,1690000,100000
2019-12-04 10:35:22.767000,1.10759,1.10757,1690000,1690000
2019-12-04 10:35:24.520000,1.10759,1.10758,1690000,750000
2019-12-04 10:35:27.499000,1.10759,1.10757,940000,1090000
2019-12-04 10:35:27.977000,1.10759,1.10758,940000,450000
2019-12-04 10:35:28.230000,1.1076,1.10759,1500000,750000
2019-12-04 10:35:28.281000,1.10763,1.10761,4120000,1690000
2019-12-04 10:35:28.455000,1.10762,1.1076,2320000,4570000
2019-12-04 10:35:28.557000,1.1076,1.10759,750000,3000000
2019-12-04 10:35:28.658000,1.10761,1.1076,1500000,750000
2019-12-04 10:35:29.007000,1.10761,1.10758,2250000,3820000
2019-12-04 10:35:29.585000,1.1076,1.10758,750000,3070000
2019-12-04 10:35:29.949000,1.10761,1.10758,3070000,3000000
2019-12-04 10:35:33.072000,1.10761,1.10759,1570000,750000
2019-12-04 10:35:33.173000,1.1076,1.10759,450000,750000
2019-12-04 10:35:35.114000,1.10759,1.10758,750000,2250000
2019-12-04 10:35:36.901000,1.10758,1.10756,1500000,190000
2019-12-04 10:35:37.005000,1.10757,1.10755,2700000,370000
2019-12-04 10:35:38.065000,1.10757,1.10754,1950000,1200000
2019-12-04 10:35:38.754000,1.10756,1.10755,750000,1120000
2019-12-04 10:35:39.711000,1.10758,1.10755,4010000,750000
2019-12-04 10:35:42.019000,1.10756,1.10754,190000,1570000
2019-12-04 10:35:45.688000,1.10757,1.10754,3190000,820000
2019-12-04 10:35:46.613000,1.10756,1.10755,750000,750000
2019-12-04 10:35:46.715000,1.10757,1.10754,3260000,150000
2019-12-04 10:35:47.414000,1.10756,1.10754,1870000,100000
2019-12-04 10:35:47.515000,1.10755,1.10753,750000,2060000
2019-12-04 10:35:47.616000,1.10756,1.10753,4120000,2060000
2019-12-04 10:35:53.498000,1.10754,1.10753,190000,750000
2019-12-04 10:35:57.476000,1.10754,1.10752,190000,2510000
2019-12-04 10:35:59.509000,1.10754,1.10753,190000,1120000
2019-12-04 10:36:31.937000,1.10755,1.10753,750000,3190000
2019-12-04 10:36:32.140000,1.10756,1.10755,2620000,750000
2019-12-04 10:36:32.796000,1.10757,1.10755,1500000,750000
2019-12-04 10:36:32.948000,1.10758,1.10756,4120000,750000
2019-12-04 10:36:33.590000,1.10758,1.10755,3820000,370000
2019-12-04 10:36:33.692000,1.10756,1.10754,370000,750000
2019-12-04 10:36:36.269000,1.10755,1.10753,100000,750000
2019-12-04 10:36:36.370000,1.10755,1.10752,820000,7010000
2019-12-04 10:36:37.675000,1.10756,1.10753,3820000,2020000
2019-12-04 10:36:37.827000,1.10756,1.10754,750000,750000
2019-12-04 10:36:38.821000,1.10757,1.10755,750000,1500000
2019-12-04 10:36:38.922000,1.10758,1.10755,4870000,750000
2019-12-04 10:36:39.092000,1.10758,1.10754,4870000,4460000
2019-12-04 10:36:39.833000,1.10758,1.10755,6370000,750000
2019-12-04 10:36:41.437000,1.10756,1.10754,1500000,750000
2019-12-04 10:36:45.066000,1.10755,1.10754,750000,750000
2019-12-04 10:36:45.477000,1.10755,1.10753,1500000,4010000
2019-12-04 10:36:46.700000,1.10755,1.10752,750000,6640000
2019-12-04 10:36:47.958000,1.10755,1.10753,750000,750000
2019-12-04 10:36:48.952000,1.10755,1.10752,750000,3940000
2019-12-04 10:36:49.213000,1.10755,1.10753,750000,750000
2019-12-04 10:36:50.110000,1.10755,1.10752,1120000,3940000
2019-12-04 10:36:51.068000,1.10754,1.10752,370000,5060000
2019-12-04 10:36:51.169000,1.10755,1.10752,1500000,5440000
2019-12-04 10:37:00.576000,1.10754,1.10752,750000,3190000
2019-12-04 10:37:03.428000,1.10755,1.10753,1500000,100000
2019-12-04 10:37:03.529000,1.10755,1.10754,750000,940000
2019-12-04 10:37:13.410000,1.10756,1.10755,1500000,190000
2019-12-04 10:37:13.512000,1.10757,1.10756,750000,190000
2019-12-04 10:37:13.614000,1.10757,1.10754,3000000,4310000
2019-12-04 10:37:13.717000,1.10756,1.10754,750000,3560000
2019-12-04 10:37:13.869000,1.10755,1.10754,750000,3190000
2019-12-04 10:37:22.493000,1.10755,1.10752,1690000,3260000
2019-12-04 10:37:22.544000,1.10754,1.10752,750000,1010000
2019-12-04 10:37:28.182000,1.10755,1.10752,3260000,2060000
2019-12-04 10:37:28.667000,1.10753,1.10752,750000,750000
2019-12-04 10:37:28.768000,1.10752,1.1075,750000,2440000
2019-12-04 10:37:28.870000,1.10752,1.10751,750000,750000
2019-12-04 10:37:28.971000,1.10753,1.1075,750000,2890000
2019-12-04 10:37:29.180000,1.10753,1.10751,750000,100000
2019-12-04 10:37:30.392000,1.10752,1.1075,1500000,2810000
2019-12-04 10:37:30.444000,1.1075,1.10748,750000,3450000
2019-12-04 10:37:30.495000,1.10751,1.10749,1120000,750000
2019-12-04 10:37:30.653000,1.10751,1.1075,750000,940000
2019-12-04 10:37:30.755000,1.10753,1.10751,3370000,750000
2019-12-04 10:37:36.579000,1.10754,1.10751,4120000,940000
2019-12-04 10:37:36.762000,1.10753,1.1075,100000,4310000
2019-12-04 10:37:36.865000,1.10752,1.10749,1500000,3550000
2019-12-04 10:37:36.966000,1.10752,1.1075,1500000,750000
2019-12-04 10:37:37.586000,1.10752,1.10749,750000,2800000
2019-12-04 10:37:37.738000,1.10752,1.1075,750000,750000
2019-12-04 10:37:37.857000,1.10753,1.1075,2700000,750000
2019-12-04 10:37:37.958000,1.10753,1.10751,750000,1200000
2019-12-04 10:37:38.060000,1.10754,1.10751,6150000,1570000
2019-12-04 10:37:38.162000,1.10754,1.10752,3450000,750000
2019-12-04 10:37:38.401000,1.10755,1.10752,1570000,1690000
2019-12-04 10:37:39.624000,1.10755,1.10753,3370000,750000
2019-12-04 10:37:42.475000,1.10754,1.10753,750000,750000
2019-12-04 10:37:43.347000,1.10754,1.10752,750000,6640000
2019-12-04 10:37:43.449000,1.10754,1.10753,750000,750000
2019-12-04 10:37:45.625000,1.10756,1.10753,4870000,2250000
2019-12-04 10:37:45.676000,1.10754,1.10753,750000,1500000
2019-12-04 10:37:45.778000,1.10754,1.10752,750000,2320000
2019-12-04 10:37:48.292000,1.10754,1.10752,4200000,1500000
2019-12-04 10:37:48.444000,1.10753,1.10751,1500000,3000000
2019-12-04 10:37:49.182000,1.10754,1.10752,1120000,1870000
2019-12-04 10:37:49.284000,1.10755,1.10753,750000,1010000
2019-12-04 10:37:49.436000,1.10756,1.10755,750000,100000
2019-12-04 10:37:49.588000,1.10757,1.10756,750000,1500000
2019-12-04 10:37:49.740000,1.10758,1.10756,750000,4760000
2019-12-04 10:37:49.842000,1.10759,1.10757,750000,1500000
2019-12-04 10:37:49.943000,1.1076,1.10758,3370000,750000
2019-12-04 10:37:50.045000,1.1076,1.10757,2620000,1500000
2019-12-04 10:37:50.299000,1.1076,1.10758,2320000,750000
2019-12-04 10:37:51.600000,1.1076,1.10757,2700000,2250000
2019-12-04 10:37:54.685000,1.1076,1.10758,2320000,750000
2019-12-04 10:37:55.628000,1.1076,1.10759,1500000,1690000
2019-12-04 10:37:55.679000,1.10762,1.1076,1120000,1760000
2019-12-04 10:37:55.781000,1.10763,1.10762,370000,3000000
2019-12-04 10:37:55.882000,1.10765,1.10763,1870000,750000
2019-12-04 10:37:57.372000,1.10764,1.10763,750000,750000
2019-12-04 10:37:59.376000,1.10765,1.10763,3450000,1500000
2019-12-04 10:37:59.528000,1.10765,1.10762,3450000,2250000
2019-12-04 10:38:00.286000,1.10764,1.10762,750000,2250000
2019-12-04 10:38:00.388000,1.10763,1.10761,940000,1120000
2019-12-04 10:38:00.614000,1.10764,1.10762,4760000,750000
2019-12-04 10:38:03.352000,1.10764,1.10763,750000,750000
2019-12-04 10:38:03.504000,1.10764,1.10762,1120000,1690000
2019-12-04 10:38:05.703000,1.10763,1.10762,750000,750000
2019-12-04 10:38:05.822000,1.10763,1.10761,750000,1570000
2019-12-04 10:38:05.974000,1.10763,1.1076,4090000,1770000
2019-12-04 10:38:06.075000,1.10762,1.1076,750000,1770000
2019-12-04 10:38:06.270000,1.10762,1.10761,750000,1500000
2019-12-04 10:38:06.372000,1.10763,1.10762,750000,750000
2019-12-04 10:38:06.496000,1.10764,1.10762,1870000,750000
2019-12-04 10:38:07.299000,1.10763,1.10762,1500000,750000
2019-12-04 10:38:07.401000,1.10764,1.10762,3070000,750000
2019-12-04 10:38:07.900000,1.10763,1.10762,450000,750000
2019-12-04 10:38:09.160000,1.10764,1.10762,4120000,750000
2019-12-04 10:38:10.152000,1.10765,1.10762,3820000,1500000
2019-12-04 10:38:10.405000,1.10764,1.10763,1500000,750000
2019-12-04 10:38:10.507000,1.10764,1.10762,1500000,2250000
2019-12-04 10:38:10.557000,1.10765,1.10762,3900000,1500000
2019-12-04 10:38:11.365000,1.10764,1.10762,750000,2250000
2019-12-04 10:38:12.105000,1.10763,1.10762,750000,750000
2019-12-04 10:38:12.207000,1.10764,1.10762,1870000,750000
2019-12-04 10:38:12.359000,1.10764,1.10761,1120000,3000000
2019-12-04 10:38:12.460000,1.10763,1.10761,750000,2250000
2019-12-04 10:38:12.561000,1.10763,1.10762,750000,750000
2019-12-04 10:38:12.662000,1.10764,1.10761,2320000,2250000
2019-12-04 10:38:13.305000,1.10764,1.10763,370000,750000
2019-12-04 10:38:13.582000,1.10763,1.10762,1500000,750000
2019-12-04 10:38:15.630000,1.10762,1.10761,1500000,100000
2019-12-04 10:38:15.746000,1.10764,1.10761,3900000,100000
2019-12-04 10:38:16.781000,1.10763,1.10762,750000,750000
2019-12-04 10:38:16.884000,1.10764,1.10762,750000,1570000
2019-12-04 10:38:16.985000,1.10764,1.10763,750000,750000
2019-12-04 10:38:21.474000,1.10765,1.10763,1500000,750000
2019-12-04 10:38:23.822000,1.10764,1.10763,2250000,750000
2019-12-04 10:38:30.982000,1.10765,1.10763,1500000,750000
2019-12-04 10:38:31.084000,1.10766,1.10763,2810000,750000
2019-12-04 10:38:33.054000,1.10764,1.10763,750000,750000
2019-12-04 10:38:33.155000,1.10763,1.10762,750000,750000
2019-12-04 10:38:33.257000,1.10763,1.10762,750000,1500000
2019-12-04 10:38:33.358000,1.10764,1.10762,3450000,750000
2019-12-04 10:38:33.532000,1.10764,1.10761,3190000,1500000
2019-12-04 10:38:34.349000,1.10764,1.10762,4390000,750000
2019-12-04 10:38:36,1.10763,1.10762,750000,2250000
2019-12-04 10:38:36.378000,1.10764,1.10763,3940000,750000
2019-12-04 10:38:36.485000,1.10763,1.10762,450000,750000
2019-12-04 10:38:36.587000,1.10764,1.10762,3940000,750000
2019-12-04 10:38:40.827000,1.10763,1.10762,750000,1500000
2019-12-04 10:38:40.928000,1.10764,1.10762,4760000,750000
2019-12-04 10:38:42.308000,1.10763,1.10762,750000,750000
2019-12-04 10:38:42.444000,1.10764,1.10762,4310000,750000
2019-12-04 10:38:44.357000,1.10763,1.10762,750000,1500000
2019-12-04 10:38:44.458000,1.10764,1.10762,3640000,750000
2019-12-04 10:38:48.060000,1.10763,1.10762,750000,750000
2019-12-04 10:38:48.340000,1.10764,1.10762,4010000,750000
2019-12-04 10:38:49.035000,1.10763,1.10762,750000,750000
2019-12-04 10:38:49.179000,1.10764,1.10762,3560000,750000
2019-12-04 10:38:51.150000,1.10763,1.10762,750000,1500000
2019-12-04 10:38:51.302000,1.10764,1.10762,4010000,750000
2019-12-04 10:38:51.527000,1.10764,1.10762,4690000,750000
2019-12-04 10:38:51.645000,1.10763,1.10762,2250000,750000
2019-12-04 10:38:51.747000,1.10764,1.10762,3190000,750000
2019-12-04 10:38:52.802000,1.10763,1.10762,750000,1500000
2019-12-04 10:38:52.912000,1.10765,1.10763,1500000,750000
2019-12-04 10:38:53.013000,1.10764,1.10763,370000,750000
2019-12-04 10:38:54.385000,1.10765,1.10763,1500000,7500000
2019-12-04 10:38:54.486000,1.10767,1.10764,3940000,1120000
2019-12-04 10:39:02.380000,1.10767,1.10766,3370000,190000
2019-12-04 10:39:02.482000,1.10768,1.10767,1720000,2250000
2019-12-04 10:39:02.583000,1.10769,1.10767,750000,3000000
2019-12-04 10:39:02.735000,1.10769,1.10768,750000,750000
2019-12-04 10:39:03.086000,1.1077,1.10767,3450000,750000
2019-12-04 10:39:03.898000,1.10769,1.10768,750000,750000
2019-12-04 10:39:04.429000,1.10769,1.10767,750000,1500000
2019-12-04 10:39:06.517000,1.10771,1.10769,2550000,750000
2019-12-04 10:39:06.619000,1.10772,1.10771,1500000,17139999
2019-12-04 10:39:06.670000,1.10774,1.10772,3520000,750000
2019-12-04 10:39:06.771000,1.10773,1.10772,190000,1500000
2019-12-04 10:39:06.873000,1.10774,1.10772,2250000,1500000
2019-12-04 10:39:07.444000,1.10775,1.10772,3190000,2060000
2019-12-04 10:39:08.610000,1.10775,1.10773,1690000,100000
2019-12-04 10:39:09.874000,1.10775,1.10772,190000,1690000
2019-12-04 10:39:11.298000,1.10774,1.10772,1500000,1690000
2019-12-04 10:39:12.162000,1.10775,1.10772,3000000,1870000
2019-12-04 10:39:13.380000,1.10775,1.10773,4950000,940000
2019-12-04 10:39:13.486000,1.10774,1.10771,820000,4310000
2019-12-04 10:39:13.587000,1.10773,1.10772,820000,750000
2019-12-04 10:39:13.688000,1.10773,1.10771,2320000,2810000
2019-12-04 10:39:13.891000,1.10774,1.10771,3190000,2250000
2019-12-04 10:39:14.042000,1.10775,1.10771,4870000,4760000
2019-12-04 10:39:14.144000,1.10775,1.10772,1120000,1870000
2019-12-04 10:39:14.548000,1.10775,1.10773,2510000,750000
2019-12-04 10:39:14.650000,1.10775,1.10772,3710000,1120000
2019-12-04 10:39:15.552000,1.10774,1.10772,750000,1500000
2019-12-04 10:39:15.653000,1.10774,1.10773,1500000,750000
2019-12-04 10:39:15.754000,1.10773,1.10772,1500000,750000
2019-12-04 10:39:16.915000,1.10773,1.10771,560000,1500000
2019-12-04 10:39:17.168000,1.10774,1.10771,940000,3190000
2019-12-04 10:39:17.270000,1.10774,1.10772,2440000,1500000
2019-12-04 10:39:20.731000,1.10773,1.10772,2250000,1500000
2019-12-04 10:39:20.782000,1.10771,1.1077,100000,2440000
2019-12-04 10:39:20.885000,1.1077,1.10769,750000,300000
2019-12-04 10:39:20.987000,1.1077,1.10768,1500000,3820000
2019-12-04 10:39:21.888000,1.1077,1.10769,750000,750000
2019-12-04 10:39:22.535000,1.1077,1.10768,750000,2700000
2019-12-04 10:39:23.598000,1.1077,1.10769,750000,750000
2019-12-04 10:39:23.902000,1.1077,1.10768,750000,2250000
2019-12-04 10:39:24.514000,1.10771,1.10768,2320000,1500000
2019-12-04 10:39:25.224000,1.10769,1.10768,100000,1690000
2019-12-04 10:39:26.676000,1.10769,1.10767,6070000,1500000
2019-12-04 10:39:26.778000,1.10767,1.10766,370000,750000
2019-12-04 10:39:26.901000,1.10766,1.10765,1570000,750000
2019-12-04 10:39:27.003000,1.10765,1.10763,1570000,750000
2019-12-04 10:39:27.105000,1.10764,1.10762,750000,3750000
2019-12-04 10:39:27.206000,1.10764,1.10762,750000,2250000
2019-12-04 10:39:27.359000,1.10764,1.10763,1500000,750000
2019-12-04 10:39:27.460000,1.10763,1.10762,750000,2250000
2019-12-04 10:39:27.934000,1.10765,1.10762,5590000,750000
2019-12-04 10:39:28.187000,1.10764,1.10763,820000,750000
2019-12-04 10:39:28.288000,1.10763,1.10762,100000,750000
2019-12-04 10:39:28.390000,1.10763,1.1076,1120000,2320000
2019-12-04 10:39:28.491000,1.10761,1.1076,370000,1500000
2019-12-04 10:39:28.592000,1.10762,1.1076,370000,3070000
2019-12-04 10:39:28.693000,1.10763,1.10761,1570000,820000
2019-12-04 10:39:32.069000,1.10763,1.1076,370000,2890000
2019-12-04 10:39:32.381000,1.10763,1.10762,750000,750000
2019-12-04 10:39:37.019000,1.10764,1.10762,4200000,750000
2019-12-04 10:39:37.474000,1.10763,1.10762,750000,750000
2019-12-04 10:39:37.688000,1.10764,1.10762,4950000,750000
2019-12-04 10:39:38.807000,1.10764,1.10763,750000,1500000
2019-12-04 10:39:38.908000,1.10765,1.10764,750000,750000
2019-12-04 10:39:39.018000,1.10766,1.10764,820000,750000
2019-12-04 10:39:43.865000,1.10765,1.10764,1500000,750000
2019-12-04 10:39:43.967000,1.10766,1.10764,820000,750000
2019-12-04 10:39:44.525000,1.10765,1.10764,100000,750000
2019-12-04 10:39:44.694000,1.10764,1.10763,1570000,750000
2019-12-04 10:39:44.896000,1.10764,1.10762,3820000,1570000
2019-12-04 10:39:45.311000,1.10764,1.10763,100000,750000
2019-12-04 10:39:47.199000,1.10765,1.10763,1120000,750000
2019-12-04 10:39:47.451000,1.10766,1.10763,1500000,520000
2019-12-04 10:39:47.553000,1.10765,1.10763,190000,820000
2019-12-04 10:39:47.859000,1.10764,1.10763,100000,750000
2019-12-04 10:39:48.229000,1.10765,1.10763,190000,820000
2019-12-04 10:39:49.185000,1.10765,1.10764,750000,750000
2019-12-04 10:39:49.286000,1.10767,1.10765,370000,100000
2019-12-04 10:39:49.600000,1.10767,1.10766,370000,750000
2019-12-04 10:39:50.126000,1.10767,1.10765,370000,750000
2019-12-04 10:39:51.169000,1.10766,1.10765,260000,750000
2019-12-04 10:39:51.270000,1.10765,1.10764,820000,820000
2019-12-04 10:39:51.372000,1.10765,1.10763,260000,750000
2019-12-04 10:39:55.225000,1.10764,1.10763,370000,750000
2019-12-04 10:39:55.326000,1.10763,1.10762,750000,1500000
2019-12-04 10:39:55.478000,1.10763,1.10761,750000,3640000
2019-12-04 10:39:55.829000,1.10763,1.10762,750000,750000
2019-12-04 10:39:56.331000,1.10763,1.10761,750000,3260000
2019-12-04 10:39:56.482000,1.10763,1.10762,750000,750000
2019-12-04 10:39:56.815000,1.10763,1.10761,750000,2510000
2019-12-04 10:39:57.144000,1.10764,1.10761,100000,3260000
2019-12-04 10:39:57.245000,1.10765,1.10763,750000,1200000
2019-12-04 10:39:57.397000,1.10766,1.10763,2440000,2400000
2019-12-04 10:39:57.554000,1.10766,1.10764,3940000,100000
2019-12-04 10:39:58.072000,1.10765,1.10764,750000,750000
2019-12-04 10:39:58.173000,1.10766,1.10763,1690000,750000
2019-12-04 10:39:58.275000,1.10765,1.10763,750000,1500000
2019-12-04 10:39:58.376000,1.10765,1.10764,750000,750000
2019-12-04 10:39:58.623000,1.10765,1.10763,750000,1500000
2019-12-04 10:39:58.725000,1.10765,1.10764,750000,750000
2019-12-04 10:39:59.278000,1.10765,1.10764,940000,1500000
2019-12-04 10:39:59.871000,1.10766,1.10764,2060000,750000
2019-12-04 10:39:59.973000,1.10765,1.10764,190000,750000
2019-12-04 10:40:00.236000,1.10767,1.10765,750000,1500000
2019-12-04 10:40:00.817000,1.10767,1.10764,750000,4090000
2019-12-04 10:40:00.918000,1.10767,1.10765,750000,820000
2019-12-04 10:40:02.310000,1.10767,1.10764,750000,3710000
2019-12-04 10:40:02.628000,1.10767,1.10765,750000,100000
2019-12-04 10:40:03.032000,1.10767,1.10764,750000,3110000
2019-12-04 10:40:03.133000,1.10767,1.10765,750000,100000
2019-12-04 10:40:03.312000,1.10767,1.10764,750000,3110000
2019-12-04 10:40:03.494000,1.10767,1.10765,750000,450000
2019-12-04 10:40:03.609000,1.10767,1.10764,750000,4610000
2019-12-04 10:40:03.861000,1.10767,1.10765,1120000,370000
2019-12-04 10:40:04.865000,1.10767,1.10766,370000,100000
2019-12-04 10:40:04.967000,1.10768,1.10765,3260000,820000
2019-12-04 10:40:06.703000,1.10766,1.10764,1760000,3970000
2019-12-04 10:40:06.804000,1.10766,1.10764,4310000,2470000
2019-12-04 10:40:06.905000,1.10766,1.10764,4310000,750000
2019-12-04 10:40:07.007000,1.10766,1.10764,4310000,750000
2019-12-04 10:40:07.480000,1.10765,1.10764,260000,750000
2019-12-04 10:40:07.582000,1.10764,1.10762,6640000,2320000
2019-12-04 10:40:07.733000,1.10763,1.10762,6640000,1500000
2019-12-04 10:40:07.835000,1.10762,1.10761,750000,2400000
2019-12-04 10:40:08.011000,1.10763,1.10762,4390000,750000
2019-12-04 10:40:08.113000,1.10762,1.10761,750000,750000
2019-12-04 10:40:08.413000,1.10763,1.10761,4390000,750000
2019-12-04 10:40:10.297000,1.10762,1.10761,370000,750000
2019-12-04 10:40:11.201000,1.10762,1.1076,370000,1500000
2019-12-04 10:40:11.668000,1.10763,1.1076,5890000,2250000
2019-12-04 10:40:12.065000,1.10763,1.10761,7010000,750000
2019-12-04 10:40:12.556000,1.10763,1.1076,5140000,1500000
2019-12-04 10:40:12.657000,1.10762,1.1076,1120000,1720000
2019-12-04 10:40:15.586000,1.10762,1.10761,5250000,750000
2019-12-04 10:40:15.738000,1.10762,1.1076,2620000,1720000
2019-12-04 10:40:16.166000,1.10763,1.1076,6640000,1500000
2019-12-04 10:40:17.720000,1.10762,1.1076,750000,750000
2019-12-04 10:40:17.821000,1.10763,1.1076,4390000,750000
2019-12-04 10:40:19.194000,1.10762,1.1076,750000,1500000
2019-12-04 10:40:22.663000,1.10762,1.10761,1500000,100000
2019-12-04 10:40:23.199000,1.10762,1.1076,370000,820000
2019-12-04 10:40:23.502000,1.10763,1.1076,3000000,2140000
2019-12-04 10:40:23.603000,1.10762,1.10761,370000,820000
2019-12-04 10:40:23.760000,1.10763,1.10761,370000,1500000
2019-12-04 10:40:31.505000,1.10761,1.1076,820000,1950000
2019-12-04 10:40:31.607000,1.1076,1.10759,3070000,750000
2019-12-04 10:40:31.658000,1.10759,1.10758,940000,750000
2019-12-04 10:40:31.759000,1.10757,1.10755,750000,1200000
2019-12-04 10:40:31.810000,1.10758,1.10757,1390000,1650000
2019-12-04 10:40:32.063000,1.10758,1.10757,2140000,150000
2019-12-04 10:40:32.443000,1.10756,1.10755,750000,1120000
2019-12-04 10:40:38.582000,1.10757,1.10755,1870000,1500000
2019-12-04 10:40:38.988000,1.10756,1.10755,750000,1500000
2019-12-04 10:40:39.527000,1.10757,1.10755,370000,1870000
2019-12-04 10:40:39.911000,1.10758,1.10756,4120000,1500000
2019-12-04 10:40:40.012000,1.10757,1.10756,750000,2250000
2019-12-04 10:40:42.138000,1.10758,1.10756,3750000,1500000
2019-12-04 10:40:44.619000,1.10757,1.10756,370000,1500000
2019-12-04 10:40:48.042000,1.10758,1.10757,4870000,750000
2019-12-04 10:40:51.429000,1.10757,1.10755,750000,2890000
2019-12-04 10:40:51.564000,1.10754,1.10753,750000,1870000
2019-12-04 10:40:51.666000,1.10754,1.10753,750000,750000
2019-12-04 10:40:51.767000,1.10754,1.10752,750000,2890000
2019-12-04 10:40:52.796000,1.10755,1.10753,4870000,1500000
2019-12-04 10:40:52.898000,1.10755,1.10754,1500000,750000
2019-12-04 10:40:52.999000,1.10757,1.10754,1120000,3000000
2019-12-04 10:40:53.719000,1.10757,1.10755,2620000,100000
2019-12-04 10:40:53.820000,1.10757,1.10754,2620000,5700000
2019-12-04 10:40:55.177000,1.10757,1.10755,2250000,100000
2019-12-04 10:40:55.327000,1.10757,1.10754,2250000,4120000
2019-12-04 10:40:55.428000,1.10757,1.10755,3000000,750000
2019-12-04 10:41:02.205000,1.10756,1.10755,750000,1500000
2019-12-04 10:41:02.306000,1.10757,1.10754,3560000,1500000
2019-12-04 10:41:02.912000,1.10758,1.10755,4950000,190000
2019-12-04 10:41:02.963000,1.10758,1.10757,1200000,750000
2019-12-04 10:41:03.014000,1.1076,1.10757,1200000,2320000
2019-12-04 10:41:03.065000,1.1076,1.10759,750000,100000
2019-12-04 10:41:03.166000,1.10761,1.10759,370000,1650000
2019-12-04 10:41:03.806000,1.10761,1.1076,370000,100000
2019-12-04 10:41:04.301000,1.10762,1.10759,1500000,3450000
2019-12-04 10:41:08.572000,1.1076,1.10758,750000,1570000
2019-12-04 10:41:08.673000,1.10759,1.10758,370000,750000
2019-12-04 10:41:09.699000,1.10759,1.10757,1500000,2620000
2019-12-04 10:41:11.703000,1.10758,1.10756,370000,3070000
2019-12-04 10:41:11.804000,1.10759,1.10756,1690000,3750000
2019-12-04 10:41:11.905000,1.10759,1.10757,1500000,100000
2019-12-04 10:41:12.006000,1.1076,1.10757,9940000,1200000
2019-12-04 10:41:15.370000,1.10758,1.10757,1500000,1500000
2019-12-04 10:41:15.471000,1.10758,1.10756,1500000,3070000
2019-12-04 10:41:16.078000,1.10758,1.10757,1500000,1500000
2019-12-04 10:41:16.231000,1.10758,1.10756,1500000,3000000
2019-12-04 10:41:16.333000,1.10759,1.10756,370000,2400000
2019-12-04 10:41:16.459000,1.10759,1.10757,1870000,1500000
2019-12-04 10:41:18.327000,1.10759,1.10756,1500000,2400000
2019-12-04 10:41:18.660000,1.10759,1.10757,3070000,750000
2019-12-04 10:41:19.919000,1.10759,1.10756,1570000,2400000
2019-12-04 10:41:21.350000,1.10759,1.10757,3070000,750000
2019-12-04 10:41:21.956000,1.10759,1.10756,1570000,2400000
2019-12-04 10:41:22.057000,1.10759,1.10757,1120000,750000
2019-12-04 10:41:22.158000,1.10759,1.10756,370000,2320000
2019-12-04 10:41:24.535000,1.1076,1.10756,6560000,3070000
2019-12-04 10:41:25.920000,1.10758,1.10757,750000,750000
2019-12-04 10:41:26.529000,1.10759,1.10757,3370000,750000
2019-12-04 10:41:26.630000,1.1076,1.10757,4690000,820000
2019-12-04 10:41:26.832000,1.10759,1.10757,750000,3750000
2019-12-04 10:41:26.934000,1.1076,1.10757,3940000,750000
2019-12-04 10:41:27.672000,1.10759,1.10757,750000,1500000
2019-12-04 10:41:28.573000,1.1076,1.10757,6940000,1500000
2019-12-04 10:41:28.674000,1.10759,1.10757,750000,3000000
2019-12-04 10:41:28.877000,1.10758,1.10757,750000,2250000
2019-12-04 10:41:29.508000,1.10759,1.10757,4690000,750000
2019-12-04 10:41:29.821000,1.10758,1.10756,750000,3750000
2019-12-04 10:41:29.974000,1.10758,1.10756,1500000,3000000
2019-12-04 10:41:33.679000,1.10756,1.10755,370000,750000
2019-12-04 10:41:33.831000,1.10756,1.10754,370000,3370000
2019-12-04 10:41:35.745000,1.10757,1.10754,1870000,3000000
2019-12-04 10:41:38.372000,1.10757,1.10755,2620000,750000
2019-12-04 10:41:38.474000,1.10757,1.10754,2250000,3370000
2019-12-04 10:41:40.267000,1.10757,1.10755,3000000,750000
2019-12-04 10:41:40.368000,1.10756,1.10755,370000,750000
2019-12-04 10:41:40.803000,1.10756,1.10754,370000,1870000
2019-12-04 10:41:41.019000,1.10756,1.10755,370000,750000
2019-12-04 10:41:41.120000,1.10756,1.10754,370000,1870000
2019-12-04 10:41:43.408000,1.10757,1.10753,4500000,5140000
2019-12-04 10:41:43.621000,1.10757,1.10755,5250000,750000
2019-12-04 10:41:44.018000,1.10757,1.10754,4500000,750000
2019-12-04 10:41:45.313000,1.10757,1.10755,6370000,750000
2019-12-04 10:41:46.230000,1.10757,1.10754,5620000,750000
2019-12-04 10:41:47.140000,1.10756,1.10754,1500000,750000
2019-12-04 10:41:47.545000,1.10757,1.10754,4870000,750000
2019-12-04 10:41:47.695000,1.10756,1.10754,750000,750000
2019-12-04 10:41:51.912000,1.10756,1.10755,1500000,750000
2019-12-04 10:41:52.116000,1.10756,1.10754,2250000,2250000
2019-12-04 10:41:53.052000,1.10756,1.10755,1500000,750000
2019-12-04 10:41:53.382000,1.10756,1.10754,1500000,2250000
2019-12-04 10:41:55.850000,1.10756,1.10755,1500000,750000
2019-12-04 10:41:56.302000,1.10756,1.10754,1500000,1500000
2019-12-04 10:41:59.638000,1.10756,1.10753,750000,8440000
2019-12-04 10:42:00.552000,1.10756,1.10754,750000,1500000
2019-12-04 10:42:00.653000,1.10756,1.10753,750000,8810000
2019-12-04 10:42:03.427000,1.10756,1.10754,1500000,750000
2019-12-04 10:42:03.660000,1.10756,1.10753,1500000,4310000
2019-12-04 10:42:03.945000,1.10756,1.10754,1870000,370000
2019-12-04 10:42:07.613000,1.10755,1.10754,750000,370000
2019-12-04 10:42:10.703000,1.10754,1.10753,750000,1500000
2019-12-04 10:42:10.804000,1.10753,1.10751,2250000,1200000
2019-12-04 10:42:10.905000,1.10752,1.1075,1500000,100000
2019-12-04 10:42:11.028000,1.10751,1.10749,2060000,3370000
2019-12-04 10:42:11.133000,1.1075,1.10749,3750000,370000
2019-12-04 10:42:11.234000,1.10749,1.10748,1760000,750000
2019-12-04 10:42:11.285000,1.10748,1.10747,1270000,1500000
2019-12-04 10:42:11.386000,1.10747,1.10746,1500000,750000
2019-12-04 10:42:11.487000,1.10746,1.10745,1120000,3370000
2019-12-04 10:42:12.053000,1.10745,1.10743,750000,2810000
2019-12-04 10:42:12.154000,1.10746,1.10743,2250000,2060000
2019-12-04 10:42:12.582000,1.10746,1.10744,2250000,750000
2019-12-04 10:42:12.691000,1.10746,1.10743,2250000,3560000
2019-12-04 10:42:12.792000,1.10746,1.10744,3000000,750000
2019-12-04 10:42:12.893000,1.10745,1.10744,750000,750000
2019-12-04 10:42:13.138000,1.10745,1.10743,750000,3560000
2019-12-04 10:42:13.239000,1.10746,1.10743,2250000,3560000
2019-12-04 10:42:14.226000,1.10745,1.10743,750000,5440000
2019-12-04 10:42:14.487000,1.10745,1.10744,750000,820000
2019-12-04 10:42:14.588000,1.10746,1.10744,3000000,5320000
2019-12-04 10:42:16.070000,1.10745,1.10744,750000,3750000
2019-12-04 10:42:16.171000,1.10745,1.10743,750000,6560000
2019-12-04 10:42:16.592000,1.10746,1.10743,3000000,6370000
2019-12-04 10:42:18.007000,1.10746,1.10744,3000000,750000
2019-12-04 10:42:18.108000,1.10746,1.10743,3000000,6370000
2019-12-04 10:42:18.495000,1.10746,1.10744,3000000,750000
2019-12-04 10:42:23.324000,1.10746,1.10743,2700000,1120000
2019-12-04 10:42:30.299000,1.10746,1.10744,1950000,750000
2019-12-04 10:42:30.477000,1.10745,1.10744,750000,750000
2019-12-04 10:42:30.764000,1.10745,1.10743,750000,2250000
2019-12-04 10:42:32.515000,1.10745,1.10744,750000,750000
2019-12-04 10:42:32.616000,1.10745,1.10743,750000,7570000
2019-12-04 10:42:35.517000,1.10745,1.10744,750000,750000
2019-12-04 10:42:36.527000,1.10745,1.10743,750000,6000000
2019-12-04 10:42:39.475000,1.10746,1.10743,2320000,4950000
2019-12-04 10:42:40.954000,1.10746,1.10744,2320000,3750000
2019-12-04 10:42:42.377000,1.10746,1.10743,1570000,1950000
2019-12-04 10:42:44.788000,1.10745,1.10743,750000,2700000
2019-12-04 10:42:46.683000,1.10743,1.10742,1010000,750000
2019-12-04 10:42:46.734000,1.10743,1.10741,1010000,1200000
2019-12-04 10:42:47.236000,1.10744,1.10742,1870000,750000
2019-12-04 10:42:47.337000,1.10744,1.10743,750000,190000
2019-12-04 10:42:47.489000,1.10744,1.10742,750000,1690000
2019-12-04 10:42:47.705000,1.10745,1.10742,3820000,2440000
2019-12-04 10:42:47.806000,1.10744,1.10742,190000,2440000
2019-12-04 10:42:50.889000,1.10742,1.10741,750000,1500000
2019-12-04 10:42:51.040000,1.10741,1.1074,370000,370000
2019-12-04 10:42:51.141000,1.10741,1.10739,370000,2250000
2019-12-04 10:42:52.370000,1.10741,1.1074,370000,750000
2019-12-04 10:42:52.472000,1.10742,1.10741,1500000,370000
2019-12-04 10:42:52.573000,1.10743,1.10741,3000000,1120000
2019-12-04 10:42:52.674000,1.10742,1.1074,370000,750000
2019-12-04 10:42:52.985000,1.10742,1.10739,370000,1870000
2019-12-04 10:42:53.797000,1.10742,1.1074,1870000,750000
2019-12-04 10:42:54.036000,1.10742,1.10739,1120000,750000
2019-12-04 10:42:54.177000,1.10741,1.10739,1500000,1500000
2019-12-04 10:42:57.002000,1.10741,1.1074,1500000,750000
2019-12-04 10:42:57.480000,1.10741,1.10739,1500000,1500000
2019-12-04 10:42:58.060000,1.10741,1.1074,1500000,750000
2019-12-04 10:42:58.164000,1.10741,1.10739,1500000,750000
2019-12-04 10:42:59.272000,1.10741,1.10738,1500000,2250000
2019-12-04 10:42:59.686000,1.10741,1.10737,5140000,1120000
2019-12-04 10:42:59.843000,1.10741,1.10736,6710000,11890000
2019-12-04 10:42:59.948000,1.1074,1.10737,1500000,2250000
2019-12-04 10:43:00.401000,1.1074,1.10736,1500000,8140000
2019-12-04 10:43:00.672000,1.10739,1.10737,370000,370000
2019-12-04 10:43:02.124000,1.10738,1.10737,750000,750000
2019-12-04 10:43:02.226000,1.10738,1.10736,1500000,4500000
2019-12-04 10:43:03.525000,1.10737,1.10735,750000,1870000
2019-12-04 10:43:03.627000,1.10737,1.10734,750000,1870000
2019-12-04 10:43:03.882000,1.10738,1.10735,4570000,1500000
2019-12-04 10:43:03.983000,1.10738,1.10734,4120000,3000000
2019-12-04 10:43:04.245000,1.10737,1.10734,750000,750000
2019-12-04 10:43:04.719000,1.10737,1.10735,750000,750000
2019-12-04 10:43:04.821000,1.10737,1.10734,750000,750000
2019-12-04 10:43:05.167000,1.10737,1.10735,750000,750000
2019-12-04 10:43:05.269000,1.10737,1.10734,750000,750000
2019-12-04 10:43:05.430000,1.10737,1.10735,750000,750000
2019-12-04 10:43:06.693000,1.10737,1.10734,750000,750000
2019-12-04 10:43:06.958000,1.10737,1.10735,750000,750000
2019-12-04 10:43:07.246000,1.10737,1.10734,750000,750000
2019-12-04 10:43:07.865000,1.10736,1.10734,3190000,1500000
2019-12-04 10:43:10.170000,1.10736,1.10735,940000,750000
2019-12-04 10:43:11.564000,1.10736,1.10734,940000,1500000
2019-12-04 10:43:13.290000,1.10736,1.10735,940000,750000
2019-12-04 10:43:13.684000,1.10736,1.10734,940000,750000
2019-12-04 10:43:15.530000,1.10735,1.10732,1500000,3750000
2019-12-04 10:43:15.631000,1.10734,1.10731,750000,6340000
2019-12-04 10:43:15.735000,1.10734,1.10732,2250000,1500000
2019-12-04 10:43:15.944000,1.10734,1.10731,750000,2790000
2019-12-04 10:43:16.420000,1.10734,1.10732,1500000,750000
2019-12-04 10:43:16.943000,1.10734,1.10731,750000,2510000
2019-12-04 10:43:20.951000,1.10734,1.10732,6000000,750000
2019-12-04 10:43:21.052000,1.10734,1.10731,5250000,6520000
2019-12-04 10:43:21.153000,1.10733,1.10731,2620000,4500000
2019-12-04 10:43:21.282000,1.10733,1.10732,1870000,750000
2019-12-04 10:43:21.823000,1.10735,1.10732,4930000,260000
2019-12-04 10:43:22.165000,1.10734,1.10732,750000,190000
2019-12-04 10:43:24.900000,1.10733,1.10732,750000,190000
2019-12-04 10:43:25.001000,1.10733,1.10731,4500000,750000
2019-12-04 10:43:25.153000,1.10733,1.1073,3940000,1200000
2019-12-04 10:43:27.450000,1.10731,1.1073,1120000,1310000
2019-12-04 10:43:31.089000,1.10731,1.10729,750000,4950000
2019-12-04 10:43:31.771000,1.10732,1.10729,2870000,4200000
2019-12-04 10:43:31.872000,1.10731,1.1073,1500000,370000
2019-12-04 10:43:31.973000,1.10732,1.1073,4870000,1200000
2019-12-04 10:43:32.550000,1.10732,1.10729,5950000,2250000
2019-12-04 10:43:32.651000,1.10731,1.10729,750000,1500000
2019-12-04 10:43:32.752000,1.10732,1.10729,6820000,750000
2019-12-04 10:43:32.853000,1.10731,1.10729,750000,750000
2019-12-04 10:43:34.144000,1.10732,1.10729,7500000,2250000
2019-12-04 10:43:34.848000,1.10731,1.10729,750000,3750000
2019-12-04 10:43:34.949000,1.10732,1.10729,6000000,3000000
2019-12-04 10:43:35.187000,1.10731,1.10729,750000,2250000
2019-12-04 10:43:35.310000,1.10731,1.10728,750000,2140000
2019-12-04 10:43:35.760000,1.10731,1.10729,750000,750000
2019-12-04 10:43:35.862000,1.10731,1.10728,750000,5140000
2019-12-04 10:43:36.278000,1.10731,1.10729,1500000,750000
2019-12-04 10:43:36.448000,1.10731,1.10728,750000,3640000
2019-12-04 10:43:38.116000,1.10732,1.1073,2250000,100000
2019-12-04 10:43:38.217000,1.10732,1.1073,1870000,2620000
2019-12-04 10:43:38.484000,1.10732,1.10729,3750000,2140000
2019-12-04 10:43:38.585000,1.10731,1.10729,750000,750000
2019-12-04 10:43:39.680000,1.10731,1.1073,750000,100000
2019-12-04 10:43:39.781000,1.10732,1.1073,2620000,100000
2019-12-04 10:43:43.090000,1.10732,1.10731,1500000,100000
2019-12-04 10:43:43.192000,1.10733,1.10732,750000,750000
2019-12-04 10:43:43.463000,1.10733,1.10731,750000,1570000
2019-12-04 10:43:44.383000,1.10732,1.10731,750000,370000
2019-12-04 10:43:44.484000,1.10732,1.1073,750000,820000
2019-12-04 10:43:44.637000,1.10732,1.10731,750000,100000
2019-12-04 10:43:44.788000,1.10734,1.10731,7120000,100000
2019-12-04 10:43:44.890000,1.10734,1.10732,5250000,750000
2019-12-04 10:43:45.094000,1.10734,1.10731,1500000,2320000
2019-12-04 10:43:45.246000,1.10734,1.10733,1500000,100000
2019-12-04 10:43:45.611000,1.10734,1.10732,1950000,100000
2019-12-04 10:43:47.417000,1.10733,1.10731,750000,370000
2019-12-04 10:43:47.519000,1.10732,1.10729,1870000,7390000
2019-12-04 10:43:47.621000,1.10732,1.1073,1500000,2510000
2019-12-04 10:43:47.722000,1.10733,1.10729,4310000,2060000
2019-12-04 10:43:47.823000,1.10732,1.1073,370000,450000
2019-12-04 10:43:47.924000,1.10732,1.10729,750000,2060000
2019-12-04 10:43:48.291000,1.10732,1.1073,1810000,100000
2019-12-04 10:43:48.496000,1.10732,1.10729,750000,4200000
2019-12-04 10:43:48.748000,1.10732,1.1073,2250000,2250000
2019-12-04 10:43:48.850000,1.10732,1.10729,1500000,3820000
2019-12-04 10:43:50.165000,1.10732,1.1073,3000000,1500000
2019-12-04 10:43:50.266000,1.10732,1.10729,1500000,2320000
2019-12-04 10:43:51.969000,1.10731,1.10729,750000,6820000
2019-12-04 10:43:52.173000,1.10732,1.10729,1500000,1570000
2019-12-04 10:43:52.826000,1.10731,1.10729,750000,3000000
2019-12-04 10:43:52.977000,1.10732,1.10729,1500000,1500000
2019-12-04 10:43:53.459000,1.10731,1.10729,750000,3000000
2019-12-04 10:43:54.014000,1.10732,1.1073,750000,2890000
2019-12-04 10:43:55.440000,1.10733,1.10731,6190000,190000
2019-12-04 10:43:55.541000,1.10732,1.1073,370000,1120000
2019-12-04 10:43:55.844000,1.10731,1.1073,750000,750000
2019-12-04 10:43:57.661000,1.10731,1.10729,750000,3370000
2019-12-04 10:43:58.582000,1.10732,1.10729,750000,2620000
2019-12-04 10:44:01.068000,1.10732,1.1073,1500000,1500000
2019-12-04 10:44:01.787000,1.10732,1.10729,750000,2620000
2019-12-04 10:44:02.100000,1.10732,1.1073,1500000,1500000
2019-12-04 10:44:02.223000,1.10732,1.10729,750000,2620000
2019-12-04 10:44:02.324000,1.10731,1.10729,750000,5810000
2019-12-04 10:44:02.426000,1.10732,1.1073,750000,1500000
2019-12-04 10:44:02.527000,1.10733,1.10729,3980000,4310000
2019-12-04 10:44:03.120000,1.10733,1.1073,4730000,1500000
2019-12-04 10:44:03.221000,1.10733,1.10729,3230000,4310000
2019-12-04 10:44:03.329000,1.10732,1.10729,1500000,2620000
2019-12-04 10:44:03.632000,1.10732,1.1073,160000,190000
2019-12-04 10:44:03.733000,1.10733,1.1073,2860000,750000
2019-12-04 10:44:04.579000,1.10732,1.1073,750000,2250000
2019-12-04 10:44:04.681000,1.10732,1.10729,1500000,5060000
2019-12-04 10:44:05.340000,1.10731,1.1073,750000,750000
2019-12-04 10:44:05.442000,1.10732,1.10731,750000,190000
2019-12-04 10:44:06.367000,1.10732,1.1073,1500000,370000
2019-12-04 10:44:09.770000,1.10731,1.10729,100000,2060000
2019-12-04 10:44:09.821000,1.1073,1.10728,750000,3750000
2019-12-04 10:44:09.923000,1.10728,1.10726,370000,5400000
2019-12-04 10:44:10.176000,1.10727,1.10726,750000,3820000
2019-12-04 10:44:10.278000,1.10728,1.10726,4200000,820000
2019-12-04 10:44:10.379000,1.10727,1.10726,2250000,820000
2019-12-04 10:44:10.480000,1.10728,1.10726,6450000,820000
2019-12-04 10:44:10.883000,1.10728,1.10725,6900000,1120000
2019-12-04 10:44:11.159000,1.10728,1.10726,8560000,750000
2019-12-04 10:44:11.683000,1.10728,1.10724,7060000,1760000
2019-12-04 10:44:12.353000,1.10727,1.10725,1870000,1500000
2019-12-04 10:44:12.491000,1.10726,1.10724,100000,2960000
2019-12-04 10:44:13.798000,1.10726,1.10725,1570000,750000
2019-12-04 10:44:13.899000,1.10726,1.10724,1570000,1390000
2019-12-04 10:44:14.318000,1.10725,1.10724,750000,1390000
2019-12-04 10:44:18.442000,1.10726,1.10724,1570000,640000
2019-12-04 10:44:21.644000,1.10724,1.10723,100000,820000
2019-12-04 10:44:21.747000,1.10724,1.10722,100000,100000
2019-12-04 10:44:22.301000,1.10725,1.10721,5320000,3640000
2019-12-04 10:44:23.631000,1.10724,1.10721,750000,1390000
2019-12-04 10:44:23.733000,1.10722,1.1072,750000,4460000
2019-12-04 10:44:23.884000,1.10721,1.1072,750000,750000
2019-12-04 10:44:24.036000,1.10721,1.10719,750000,4310000
2019-12-04 10:44:24.138000,1.10722,1.1072,3750000,750000
2019-12-04 10:44:24.322000,1.10723,1.1072,2250000,2140000
2019-12-04 10:44:24.423000,1.10723,1.10721,2250000,100000
2019-12-04 10:44:24.524000,1.10724,1.10721,1500000,1390000
2019-12-04 10:44:25.499000,1.10724,1.10722,1870000,370000
2019-12-04 10:44:26.777000,1.10724,1.10721,1500000,1390000
2019-12-04 10:44:30.504000,1.10724,1.10722,1500000,750000
2019-12-04 10:44:31.669000,1.10724,1.10721,1500000,2890000
2019-12-04 10:44:32.305000,1.10724,1.10722,2250000,750000
2019-12-04 10:44:36.474000,1.10725,1.10721,4280000,2890000
2019-12-04 10:44:40.082000,1.10724,1.10722,370000,370000
2019-12-04 10:44:42.733000,1.10725,1.10722,3530000,190000
2019-12-04 10:44:43.165000,1.10724,1.10722,1120000,190000
2019-12-04 10:44:45.124000,1.10724,1.10723,1120000,2250000
2019-12-04 10:44:45.175000,1.10726,1.10725,910000,1500000
2019-12-04 10:44:45.377000,1.10727,1.10725,750000,1690000
2019-12-04 10:44:45.479000,1.10728,1.10725,5060000,1690000
2019-12-04 10:44:45.782000,1.10727,1.10725,750000,940000
2019-12-04 10:44:45.883000,1.10728,1.10725,4310000,940000
2019-12-04 10:44:46.049000,1.10727,1.10725,750000,940000
2019-12-04 10:44:47.681000,1.10728,1.10726,750000,260000
2019-12-04 10:44:47.782000,1.10728,1.10727,750000,190000
2019-12-04 10:44:49.270000,1.10729,1.10727,750000,940000
2019-12-04 10:44:49.371000,1.1073,1.10727,4570000,940000
2019-12-04 10:44:53.427000,1.1073,1.10729,1500000,100000
2019-12-04 10:44:53.478000,1.1073,1.10727,1500000,8590000
2019-12-04 10:44:53.778000,1.1073,1.10728,750000,750000
2019-12-04 10:44:56.143000,1.10731,1.10728,2440000,560000
2019-12-04 10:44:57.787000,1.10731,1.1073,370000,940000
2019-12-04 10:44:57.838000,1.10732,1.10731,1580000,100000
2019-12-04 10:44:57.940000,1.10733,1.10732,750000,190000
2019-12-04 10:44:58.042000,1.10733,1.10731,1500000,750000
2019-12-04 10:44:58.212000,1.10733,1.1073,1500000,5590000
2019-12-04 10:44:58.567000,1.10733,1.10731,1870000,940000
