time,ask,bid,ask_volume,bid_volume
2017-04-13 12:25:00.362000,1.06274,1.0627,3370000,2250000
2017-04-13 12:25:02.021000,1.06274,1.06271,1120000,1500000
2017-04-13 12:25:07.796000,1.06274,1.0627,1000000,1120000
2017-04-13 12:25:08.364000,1.06274,1.06271,1000000,1000000
2017-04-13 12:25:18.498000,1.06275,1.06271,5850000,1000000
2017-04-13 12:25:21.119000,1.06275,1.06271,3370000,1370000
2017-04-13 12:25:22.701000,1.06276,1.06274,1500000,1000000
2017-04-13 12:25:23.108000,1.06278,1.06276,1000000,1120000
2017-04-13 12:25:23.617000,1.06279,1.06276,1870000,1120000
2017-04-13 12:25:24.233000,1.06279,1.06276,1640000,1370000
2017-04-13 12:25:24.843000,1.0628,1.06277,1870000,1120000
2017-04-13 12:25:25.729000,1.06281,1.06279,4500000,1000000
2017-04-13 12:25:26.365000,1.06278,1.06275,3750000,14850000
2017-04-13 12:25:26.417000,1.06276,1.06274,1500000,2100000
2017-04-13 12:25:26.925000,1.06278,1.06274,5920000,1000000
2017-04-13 12:25:29.160000,1.06278,1.06276,1950000,1120000
2017-04-13 12:25:29.667000,1.06278,1.06276,1000000,1120000
2017-04-13 12:25:29.718000,1.0628,1.06276,4500000,1120000
2017-04-13 12:25:30.218000,1.06281,1.06278,6750000,1720000
2017-04-13 12:25:30.726000,1.06281,1.06278,1000000,2470000
2017-04-13 12:25:31.267000,1.06281,1.06278,1000000,1400000
2017-04-13 12:25:33.536000,1.06281,1.06279,1000000,1000000
2017-04-13 12:25:34.083000,1.06281,1.06277,1120000,9420000
2017-04-13 12:25:34.916000,1.06281,1.06279,1120000,1000000
2017-04-13 12:25:35.594000,1.06281,1.0628,1000000,1350000
2017-04-13 12:25:35.926000,1.06286,1.06283,2250000,1370000
2017-04-13 12:25:36.432000,1.06285,1.06283,1000000,1120000
2017-04-13 12:25:36.958000,1.06285,1.06282,1000000,6370000
2017-04-13 12:25:38.013000,1.06286,1.06283,1570000,1000000
2017-04-13 12:25:38.550000,1.06286,1.06282,1570000,10720000
2017-04-13 12:25:40.306000,1.06284,1.06283,1000000,1500000
2017-04-13 12:25:40.813000,1.06285,1.06283,1100000,1500000
2017-04-13 12:25:41.616000,1.06286,1.06283,1500000,3750000
2017-04-13 12:25:41.920000,1.06284,1.06282,1000000,5620000
2017-04-13 12:25:42.445000,1.06285,1.06282,1100000,4870000
2017-04-13 12:25:44.388000,1.06283,1.06281,1000000,3040000
2017-04-13 12:25:44.895000,1.06283,1.0628,1000000,3000000
2017-04-13 12:25:45.802000,1.06282,1.0628,1000000,1500000
2017-04-13 12:25:47.012000,1.06282,1.06279,1100000,11470000
2017-04-13 12:25:47.642000,1.06282,1.0628,1100000,1120000
2017-04-13 12:25:48.738000,1.06282,1.06279,1100000,12340000
2017-04-13 12:25:49.045000,1.06278,1.06276,1000000,7120000
2017-04-13 12:25:49.583000,1.06277,1.06275,1000000,1500000
2017-04-13 12:25:50.121000,1.06277,1.06274,1000000,5620000
2017-04-13 12:25:53.582000,1.06277,1.06273,1000000,12560000
2017-04-13 12:25:54.342000,1.06274,1.06272,1120000,7120000
2017-04-13 12:25:54.545000,1.06274,1.0627,1120000,2250000
2017-04-13 12:25:54.757000,1.06272,1.06269,1000000,8170000
2017-04-13 12:26:10.628000,1.06271,1.06268,1000000,9110000
2017-04-13 12:26:10.933000,1.06269,1.06268,1000000,1120000
2017-04-13 12:26:11.088000,1.06269,1.06266,1000000,1000000
2017-04-13 12:26:15.812000,1.0627,1.06268,4120000,1000000
2017-04-13 12:26:15.965000,1.06271,1.06269,1000000,1120000
2017-04-13 12:26:16.118000,1.06273,1.0627,3000000,1000000
2017-04-13 12:26:21.755000,1.06273,1.06269,2620000,1500000
2017-04-13 12:26:27.359000,1.06273,1.0627,1500000,1000000
2017-04-13 12:26:28.530000,1.06273,1.06269,1500000,2620000
2017-04-13 12:26:29.900000,1.06273,1.0627,1500000,1000000
2017-04-13 12:26:30.446000,1.06273,1.06269,1500000,1870000
2017-04-13 12:26:32.834000,1.06273,1.06269,1000000,6970000
2017-04-13 12:26:33.715000,1.06275,1.0627,3370000,2620000
2017-04-13 12:26:35.120000,1.06275,1.06271,1870000,1000000
2017-04-13 12:26:35.526000,1.06276,1.06273,5620000,1000000
2017-04-13 12:26:37.191000,1.06276,1.06274,1870000,1000000
2017-04-13 12:26:37.394000,1.06278,1.06275,1000000,1000000
2017-04-13 12:26:37.898000,1.06279,1.06276,3000000,1000000
2017-04-13 12:26:39.023000,1.06279,1.06275,3000000,2620000
2017-04-13 12:26:40.705000,1.06279,1.06275,2250000,3370000
2017-04-13 12:26:41.211000,1.0628,1.06277,1000000,1000000
2017-04-13 12:26:42.542000,1.06281,1.06278,1500000,1000000
2017-04-13 12:26:42.846000,1.06283,1.06278,11440000,1870000
2017-04-13 12:26:43.382000,1.06282,1.06278,1500000,1870000
2017-04-13 12:26:46.746000,1.06281,1.06277,1000000,1870000
2017-04-13 12:26:46.950000,1.06279,1.06276,1000000,4390000
2017-04-13 12:26:47.456000,1.06279,1.06275,1000000,5620000
2017-04-13 12:26:48.334000,1.06279,1.06275,1000000,5920000
2017-04-13 12:26:48.741000,1.06279,1.06277,1000000,1000000
2017-04-13 12:26:52.742000,1.0628,1.06277,1870000,1000000
2017-04-13 12:26:53.321000,1.06281,1.06277,12220000,1000000
2017-04-13 12:26:57.121000,1.06279,1.06277,1000000,1000000
2017-04-13 12:26:57.779000,1.06278,1.06277,1000000,1000000
2017-04-13 12:26:58.302000,1.06278,1.06276,1500000,1000000
2017-04-13 12:26:59.824000,1.06279,1.06276,5470000,1000000
2017-04-13 12:27:03.080000,1.06279,1.06277,1120000,1000000
2017-04-13 12:27:06.278000,1.06279,1.06278,1120000,1000000
2017-04-13 12:27:06.941000,1.06279,1.06277,1120000,1000000
2017-04-13 12:27:09.426000,1.06279,1.06276,1870000,1500000
2017-04-13 12:27:17.797000,1.06279,1.06277,1870000,1000000
2017-04-13 12:27:19.639000,1.06279,1.06276,1870000,1000000
2017-04-13 12:27:25.179000,1.0628,1.06276,4690000,1000000
2017-04-13 12:27:25.881000,1.06279,1.06276,1000000,1500000
2017-04-13 12:27:28.492000,1.06278,1.06276,1000000,1120000
2017-04-13 12:27:29.745000,1.06278,1.06275,1000000,4720000
2017-04-13 12:27:30.151000,1.06281,1.06278,5250000,1120000
2017-04-13 12:27:30.354000,1.06282,1.06277,3000000,6970000
2017-04-13 12:27:30.862000,1.06281,1.06277,2250000,1720000
2017-04-13 12:27:31.385000,1.06281,1.06277,1500000,1720000
2017-04-13 12:27:34.019000,1.06281,1.06278,1500000,1120000
2017-04-13 12:27:43.387000,1.06282,1.06278,3940000,1120000
2017-04-13 12:27:44.496000,1.06278,1.06276,1000000,8250000
2017-04-13 12:27:44.547000,1.06279,1.06276,2250000,4120000
2017-04-13 12:27:44.985000,1.06281,1.06276,4500000,5470000
2017-04-13 12:27:45.655000,1.06281,1.06276,3750000,5470000
2017-04-13 12:27:46.200000,1.06281,1.06276,3940000,7350000
2017-04-13 12:27:52.782000,1.0628,1.06276,1000000,7350000
2017-04-13 12:27:58.144000,1.06281,1.06276,1000000,7350000
2017-04-13 12:27:58.667000,1.06281,1.06277,3750000,1120000
2017-04-13 12:27:58.718000,1.06279,1.06276,3370000,2250000
2017-04-13 12:27:58.871000,1.06277,1.06274,1500000,1000000
2017-04-13 12:27:59.175000,1.06279,1.06274,6370000,2250000
2017-04-13 12:27:59.988000,1.06279,1.06275,5250000,1000000
2017-04-13 12:28:00.495000,1.0628,1.06275,6560000,1870000
2017-04-13 12:28:01.003000,1.06281,1.06276,11360000,1000000
2017-04-13 12:28:08.109000,1.0628,1.06276,1000000,1870000
2017-04-13 12:28:08.615000,1.06281,1.06276,7310000,1870000
2017-04-13 12:28:11.234000,1.06281,1.06276,7690000,1870000
2017-04-13 12:28:11.498000,1.06278,1.06276,1000000,1120000
2017-04-13 12:28:19.852000,1.06279,1.06276,1000000,6220000
2017-04-13 12:28:22.989000,1.06279,1.06277,1000000,2620000
2017-04-13 12:28:23.508000,1.06279,1.06277,1000000,2620000
2017-04-13 12:28:24.799000,1.0628,1.06277,1500000,2620000
2017-04-13 12:28:25.307000,1.0628,1.06277,1120000,6970000
2017-04-13 12:28:25.894000,1.06279,1.06277,1000000,1500000
2017-04-13 12:28:27.035000,1.06279,1.06276,1000000,3220000
2017-04-13 12:28:30.055000,1.0628,1.06276,1500000,2470000
2017-04-13 12:28:31.255000,1.0628,1.06276,1000000,2470000
2017-04-13 12:28:31.307000,1.0628,1.06276,1000000,2470000
2017-04-13 12:28:32.058000,1.0628,1.06276,1000000,3970000
2017-04-13 12:28:32.610000,1.0628,1.06276,1000000,3220000
2017-04-13 12:28:38.280000,1.06279,1.06276,1000000,1120000
2017-04-13 12:28:40.684000,1.0628,1.06276,3000000,1000000
2017-04-13 12:28:43.578000,1.06279,1.06276,1000000,1000000
2017-04-13 12:28:44.137000,1.06278,1.06276,1000000,1000000
2017-04-13 12:28:45.024000,1.06279,1.06276,1000000,1000000
2017-04-13 12:28:45.542000,1.06279,1.06275,1000000,2620000
2017-04-13 12:28:46.696000,1.0628,1.06276,2340000,1120000
2017-04-13 12:28:47.220000,1.06279,1.06275,1120000,5620000
2017-04-13 12:28:47.715000,1.0628,1.06275,1000000,11850000
2017-04-13 12:28:48.222000,1.0628,1.06276,1000000,1870000
2017-04-13 12:28:48.646000,1.06281,1.06277,1000000,4870000
2017-04-13 12:28:49.180000,1.06282,1.06278,6790000,1120000
2017-04-13 12:28:49.711000,1.06282,1.06279,1000000,2620000
2017-04-13 12:28:50.151000,1.06287,1.06284,1000000,1370000
2017-04-13 12:28:50.798000,1.06288,1.06284,1350000,1120000
2017-04-13 12:28:51.337000,1.06288,1.06285,1000000,2250000
2017-04-13 12:28:58.176000,1.06286,1.06285,1000000,1000000
2017-04-13 12:28:58.610000,1.06288,1.06284,3750000,2620000
2017-04-13 12:28:59.160000,1.06289,1.06284,3000000,4120000
2017-04-13 12:28:59.666000,1.06289,1.06285,1500000,1870000
2017-04-13 12:28:59.819000,1.0629,1.06285,3750000,6750000
2017-04-13 12:29:00.602000,1.0629,1.06286,1000000,1120000
2017-04-13 12:29:01.108000,1.0629,1.06286,1000000,1870000
2017-04-13 12:29:01.615000,1.0629,1.06286,6370000,1000000
2017-04-13 12:29:02.163000,1.0629,1.06285,6750000,2250000
2017-04-13 12:29:02.835000,1.0629,1.06285,6190000,2620000
2017-04-13 12:29:03.544000,1.0629,1.06285,3750000,3750000
2017-04-13 12:29:04.392000,1.06291,1.06286,7870000,2250000
2017-04-13 12:29:05.268000,1.0629,1.06286,1000000,1500000
2017-04-13 12:29:07.498000,1.06291,1.06288,5660000,1000000
2017-04-13 12:29:08.434000,1.06291,1.06286,5660000,3000000
2017-04-13 12:29:10.070000,1.06291,1.06286,5660000,3000000
2017-04-13 12:29:11.808000,1.06291,1.06288,5290000,1000000
2017-04-13 12:29:12.366000,1.06289,1.06288,1000000,1500000
2017-04-13 12:29:12.620000,1.0629,1.06286,5620000,1000000
2017-04-13 12:29:14.303000,1.06289,1.06286,2250000,1000000
2017-04-13 12:29:20.193000,1.0629,1.06286,3190000,1000000
2017-04-13 12:29:21.553000,1.0629,1.06288,3000000,1000000
2017-04-13 12:29:21.784000,1.0629,1.06286,2250000,3000000
2017-04-13 12:29:22.364000,1.06289,1.06286,1500000,1000000
2017-04-13 12:29:22.990000,1.0629,1.06286,3750000,1000000
2017-04-13 12:29:28.181000,1.06289,1.06286,1000000,1000000
2017-04-13 12:29:29.360000,1.06289,1.06285,1120000,3000000
2017-04-13 12:29:30.069000,1.06289,1.06284,1720000,7570000
2017-04-13 12:29:30.121000,1.06285,1.06282,2100000,12820000
2017-04-13 12:29:30.375000,1.06283,1.06282,1500000,1500000
2017-04-13 12:29:30.713000,1.06285,1.0628,5850000,1500000
2017-04-13 12:29:31.931000,1.06284,1.06279,1000000,2250000
2017-04-13 12:29:32.456000,1.06285,1.06279,7120000,2250000
2017-04-13 12:29:35.139000,1.06285,1.0628,4870000,1000000
2017-04-13 12:29:36.410000,1.06279,1.06278,2470000,2320000
2017-04-13 12:29:36.664000,1.06276,1.06274,3840000,2500000
2017-04-13 12:29:37.219000,1.06276,1.06273,1120000,4500000
2017-04-13 12:29:37.372000,1.06277,1.06275,1500000,1000000
2017-04-13 12:29:37.881000,1.06278,1.06276,1500000,1000000
2017-04-13 12:29:38.482000,1.06278,1.06275,1500000,1000000
2017-04-13 12:29:38.992000,1.06279,1.06275,2620000,1000000
2017-04-13 12:29:39.777000,1.06279,1.06274,2620000,4120000
2017-04-13 12:29:40.821000,1.06279,1.06273,3000000,4120000
2017-04-13 12:29:41.348000,1.06279,1.06274,2620000,1000000
2017-04-13 12:29:41.898000,1.0628,1.06274,4870000,1500000
2017-04-13 12:29:42.970000,1.0628,1.06273,3370000,5620000
2017-04-13 12:29:44.418000,1.0628,1.06274,3370000,1500000
2017-04-13 12:29:45.040000,1.0628,1.06273,3370000,4120000
2017-04-13 12:29:46.001000,1.06282,1.0628,1910000,1000000
2017-04-13 12:29:46.205000,1.06286,1.06283,3000000,1000000
2017-04-13 12:29:46.441000,1.06285,1.06281,1000000,1000000
2017-04-13 12:29:46.543000,1.06285,1.06279,3000000,4870000
2017-04-13 12:29:46.950000,1.06287,1.0628,1500000,1870000
2017-04-13 12:29:47.208000,1.06285,1.06279,1000000,3000000
2017-04-13 12:29:47.721000,1.06284,1.06279,1000000,1000000
2017-04-13 12:29:48.243000,1.06284,1.06278,1000000,1000000
2017-04-13 12:29:48.547000,1.06281,1.06276,1000000,1000000
2017-04-13 12:29:48.919000,1.06279,1.06275,1000000,2620000
2017-04-13 12:29:49.173000,1.06279,1.06272,1500000,3370000
2017-04-13 12:29:49.427000,1.06281,1.06272,2250000,6220000
2017-04-13 12:29:49.529000,1.06279,1.06272,1000000,3750000
2017-04-13 12:29:50.156000,1.06279,1.06275,1500000,1000000
2017-04-13 12:29:50.208000,1.06279,1.06272,1000000,2770000
2017-04-13 12:29:50.413000,1.06281,1.06274,1500000,1120000
2017-04-13 12:29:51.150000,1.06283,1.06274,1870000,3000000
2017-04-13 12:29:51.202000,1.06283,1.06276,1500000,1000000
2017-04-13 12:29:51.507000,1.06285,1.06276,1120000,1000000
2017-04-13 12:29:52.456000,1.06285,1.06283,1120000,1000000
2017-04-13 12:29:52.661000,1.06289,1.06286,1000000,3000000
2017-04-13 12:29:52.790000,1.06293,1.06286,2290000,3000000
2017-04-13 12:29:52.893000,1.06292,1.06286,1370000,2250000
2017-04-13 12:29:53.199000,1.06289,1.06286,1370000,1000000
2017-04-13 12:29:53.251000,1.06289,1.06282,1370000,1000000
2017-04-13 12:29:53.773000,1.06289,1.06281,1000000,1000000
2017-04-13 12:29:54.281000,1.06289,1.06282,1000000,1000000
2017-04-13 12:29:54.690000,1.06291,1.06282,1000000,1370000
2017-04-13 12:29:54.997000,1.06292,1.06288,1870000,1000000
2017-04-13 12:29:55.150000,1.06295,1.06288,2250000,1000000
2017-04-13 12:29:55.253000,1.06294,1.0629,1000000,1000000
2017-04-13 12:29:55.355000,1.06296,1.0629,1000000,1500000
2017-04-13 12:29:55.459000,1.06298,1.0629,2770000,1500000
2017-04-13 12:29:55.764000,1.06297,1.06288,2250000,1500000
2017-04-13 12:29:56.223000,1.06298,1.0629,4570000,1500000
2017-04-13 12:29:56.528000,1.06298,1.06294,1000000,1000000
2017-04-13 12:29:56.708000,1.06301,1.06292,5060000,1500000
2017-04-13 12:29:56.963000,1.063,1.06292,1370000,1000000
2017-04-13 12:29:57.066000,1.06294,1.0629,2500000,1500000
2017-04-13 12:29:57.169000,1.06295,1.0629,1000000,1000000
2017-04-13 12:29:57.220000,1.06291,1.06289,1500000,1690000
2017-04-13 12:29:57.627000,1.06296,1.06288,1000000,1000000
2017-04-13 12:29:58.104000,1.06297,1.06289,3000000,1170000
2017-04-13 12:29:59.369000,1.06297,1.06287,2620000,1950000
2017-04-13 12:29:59.472000,1.06297,1.06287,1870000,1200000
2017-04-13 12:29:59.675000,1.06297,1.06289,2250000,1120000
2017-04-13 12:29:59.879000,1.06293,1.06288,1000000,1370000
2017-04-13 12:30:00.283000,1.06291,1.06287,1250000,1370000
2017-04-13 12:30:00.335000,1.06292,1.06287,1120000,1000000
2017-04-13 12:30:00.546000,1.06295,1.06285,3000000,1000000
2017-04-13 12:30:00.800000,1.06295,1.06284,1500000,1870000
2017-04-13 12:30:00.954000,1.06295,1.06284,1500000,1870000
2017-04-13 12:30:01.259000,1.06295,1.06284,2250000,3750000
2017-04-13 12:30:01.544000,1.06295,1.06285,1120000,1370000
2017-04-13 12:30:01.849000,1.0631,1.06307,6750000,1000000
2017-04-13 12:30:01.901000,1.06311,1.06308,1000000,1000000
2017-04-13 12:30:01.952000,1.06312,1.06304,7500000,1500000
2017-04-13 12:30:02.003000,1.06312,1.06309,1000000,1000000
2017-04-13 12:30:02.155000,1.06313,1.06304,1000000,1000000
2017-04-13 12:30:02.206000,1.06313,1.06304,1500000,1020000
2017-04-13 12:30:02.579000,1.06313,1.06304,1120000,1120000
2017-04-13 12:30:02.630000,1.06311,1.06304,1000000,1120000
2017-04-13 12:30:02.936000,1.06308,1.06302,1000000,1000000
2017-04-13 12:30:03.566000,1.06308,1.06302,1500000,1000000
2017-04-13 12:30:03.617000,1.06308,1.063,1120000,1000000
2017-04-13 12:30:03.770000,1.06306,1.063,1120000,1000000
2017-04-13 12:30:04.278000,1.06303,1.06299,1870000,1000000
2017-04-13 12:30:04.584000,1.06302,1.06297,1650000,1000000
2017-04-13 12:30:04.800000,1.063,1.06297,1120000,1000000
2017-04-13 12:30:04.903000,1.063,1.0629,1120000,1800000
2017-04-13 12:30:05.417000,1.063,1.06297,1120000,1000000
2017-04-13 12:30:05.844000,1.06306,1.06297,1500000,10500000
2017-04-13 12:30:06.392000,1.06306,1.06298,1000000,1500000
2017-04-13 12:30:06.853000,1.06305,1.06298,1370000,1000000
2017-04-13 12:30:07.033000,1.06304,1.06295,1120000,1870000
2017-04-13 12:30:07.795000,1.06303,1.06295,1000000,1120000
2017-04-13 12:30:08.151000,1.06301,1.06294,1000000,4870000
2017-04-13 12:30:08.476000,1.06303,1.063,1000000,5770000
2017-04-13 12:30:08.527000,1.06306,1.063,1370000,5020000
2017-04-13 12:30:08.579000,1.06307,1.06301,1370000,1450000
2017-04-13 12:30:08.835000,1.0631,1.063,1120000,5470000
2017-04-13 12:30:08.987000,1.0631,1.063,1000000,6000000
2017-04-13 12:30:09.561000,1.06309,1.063,3750000,1000000
2017-04-13 12:30:09.612000,1.06305,1.06299,1000000,2250000
2017-04-13 12:30:10.119000,1.06304,1.06299,1000000,3000000
2017-04-13 12:30:10.375000,1.06303,1.06297,1000000,7160000
2017-04-13 12:30:10.790000,1.06303,1.06295,1500000,2620000
2017-04-13 12:30:10.841000,1.06303,1.06297,1000000,1000000
2017-04-13 12:30:11.711000,1.06302,1.06296,1000000,1000000
2017-04-13 12:30:12.103000,1.06301,1.06295,1870000,3370000
2017-04-13 12:30:12.509000,1.06301,1.06298,4120000,1000000
2017-04-13 12:30:12.560000,1.06301,1.06299,2620000,1120000
2017-04-13 12:30:13.019000,1.06304,1.06298,1000000,1500000
2017-04-13 12:30:13.615000,1.06302,1.06297,1000000,13120000
2017-04-13 12:30:13.870000,1.063,1.06295,1000000,1000000
2017-04-13 12:30:14.380000,1.06299,1.06295,1000000,1000000
2017-04-13 12:30:15.410000,1.063,1.06296,1120000,1000000
2017-04-13 12:30:15.917000,1.063,1.06295,1500000,1000000
2017-04-13 12:30:16.427000,1.063,1.06295,1370000,1000000
2017-04-13 12:30:16.950000,1.06299,1.06295,1500000,1000000
2017-04-13 12:30:17.561000,1.06299,1.06295,2250000,1000000
2017-04-13 12:30:17.612000,1.06299,1.06295,2250000,1000000
2017-04-13 12:30:17.888000,1.06299,1.06295,2250000,1120000
2017-04-13 12:30:18.314000,1.063,1.06297,3750000,1000000
2017-04-13 12:30:18.620000,1.06302,1.06299,1120000,1500000
2017-04-13 12:30:18.991000,1.06303,1.06301,3750000,1000000
2017-04-13 12:30:19.285000,1.06299,1.06298,3000000,3750000
2017-04-13 12:30:19.336000,1.06299,1.06297,2620000,4780000
2017-04-13 12:30:19.845000,1.06298,1.06296,1000000,1000000
2017-04-13 12:30:19.896000,1.06298,1.06294,1000000,6370000
2017-04-13 12:30:20.333000,1.06298,1.06296,1000000,1370000
2017-04-13 12:30:20.486000,1.063,1.06297,1000000,1650000
2017-04-13 12:30:20.699000,1.06303,1.06297,4120000,1120000
2017-04-13 12:30:21.055000,1.06301,1.06297,2250000,2250000
2017-04-13 12:30:21.207000,1.06301,1.06295,6190000,4120000
2017-04-13 12:30:21.309000,1.063,1.06294,1000000,4120000
2017-04-13 12:30:21.735000,1.063,1.06294,2810000,3000000
2017-04-13 12:30:21.790000,1.063,1.06294,2810000,2250000
2017-04-13 12:30:22.301000,1.06299,1.06294,1000000,1500000
2017-04-13 12:30:24.154000,1.06299,1.06294,1000000,4870000
2017-04-13 12:30:24.606000,1.06301,1.06295,1500000,4500000
2017-04-13 12:30:25.002000,1.06301,1.06297,1870000,1000000
2017-04-13 12:30:25.309000,1.06305,1.06299,5060000,4120000
2017-04-13 12:30:25.563000,1.06302,1.06299,1000000,3520000
2017-04-13 12:30:25.817000,1.06304,1.06298,2250000,4500000
2017-04-13 12:30:26.121000,1.06302,1.06297,1000000,6370000
2017-04-13 12:30:26.657000,1.06303,1.06298,2620000,1120000
2017-04-13 12:30:27.115000,1.06301,1.06298,1000000,1000000
2017-04-13 12:30:27.701000,1.06302,1.06298,1870000,1120000
2017-04-13 12:30:28.258000,1.06303,1.06298,3000000,1120000
2017-04-13 12:30:28.715000,1.06302,1.06298,4540000,1120000
2017-04-13 12:30:29.583000,1.06299,1.06297,1720000,1500000
2017-04-13 12:30:29.685000,1.06299,1.06296,1540000,1120000
2017-04-13 12:30:30.194000,1.06298,1.06295,1000000,1120000
2017-04-13 12:30:30.706000,1.063,1.06295,5290000,1870000
2017-04-13 12:30:32.511000,1.063,1.06295,10500000,1870000
2017-04-13 12:30:33.728000,1.06299,1.06295,1000000,1870000
2017-04-13 12:30:34.870000,1.06298,1.06295,1000000,1870000
2017-04-13 12:30:35.213000,1.06298,1.06297,5620000,1500000
2017-04-13 12:30:35.672000,1.06302,1.06298,1500000,2620000
2017-04-13 12:30:36.219000,1.06303,1.06299,1870000,1120000
2017-04-13 12:30:36.324000,1.06301,1.06299,1000000,1120000
2017-04-13 12:30:37.123000,1.06301,1.06298,3000000,2250000
2017-04-13 12:30:37.762000,1.06303,1.06298,1870000,1000000
2017-04-13 12:30:38.300000,1.06302,1.06297,1000000,6370000
2017-04-13 12:30:39.758000,1.06303,1.06299,4500000,1120000
2017-04-13 12:30:39.810000,1.06304,1.06299,3000000,5620000
2017-04-13 12:30:40.318000,1.06305,1.063,1500000,2620000
2017-04-13 12:30:41.459000,1.06303,1.063,1120000,1120000
2017-04-13 12:30:41.560000,1.06305,1.063,4120000,1120000
2017-04-13 12:30:41.713000,1.06303,1.06299,1000000,4120000
2017-04-13 12:30:42.916000,1.06302,1.063,1000000,1000000
2017-04-13 12:30:43.122000,1.063,1.06297,1000000,1500000
2017-04-13 12:30:43.173000,1.06298,1.06297,1000000,1000000
2017-04-13 12:30:43.326000,1.06298,1.06295,1000000,4500000
2017-04-13 12:30:44.456000,1.06299,1.06295,1500000,1000000
2017-04-13 12:30:45.389000,1.06299,1.06297,1500000,1870000
2017-04-13 12:30:45.895000,1.063,1.06297,1500000,1000000
2017-04-13 12:30:47.313000,1.06301,1.06297,8250000,1000000
2017-04-13 12:30:48.228000,1.06301,1.06299,1000000,1500000
2017-04-13 12:30:48.329000,1.06303,1.06299,4500000,6370000
2017-04-13 12:30:48.431000,1.06303,1.06299,2250000,7500000
2017-04-13 12:30:48.534000,1.06305,1.063,4120000,2620000
2017-04-13 12:30:49.126000,1.06303,1.063,1000000,1500000
2017-04-13 12:30:49.634000,1.06304,1.063,1500000,1000000
2017-04-13 12:30:50.140000,1.06305,1.06299,13870000,3000000
2017-04-13 12:30:50.714000,1.06305,1.063,8250000,1870000
2017-04-13 12:30:52.342000,1.06305,1.06301,5250000,1000000
2017-04-13 12:30:52.857000,1.06304,1.06301,1000000,1500000
2017-04-13 12:30:54.378000,1.06305,1.06301,1500000,2620000
2017-04-13 12:30:54.684000,1.06308,1.06305,1500000,1000000
2017-04-13 12:30:55.197000,1.06309,1.06305,5660000,1000000
2017-04-13 12:30:55.532000,1.06306,1.06304,1350000,2250000
2017-04-13 12:30:55.688000,1.06306,1.06302,1000000,2620000
2017-04-13 12:30:55.790000,1.06307,1.06303,3000000,5250000
2017-04-13 12:30:56.145000,1.06309,1.06304,3560000,1000000
2017-04-13 12:30:56.843000,1.06307,1.06304,1000000,1000000
2017-04-13 12:30:57.387000,1.06308,1.06304,1500000,1000000
2017-04-13 12:30:57.908000,1.06309,1.06304,6040000,1000000
2017-04-13 12:30:58.441000,1.06309,1.06305,1500000,1000000
2017-04-13 12:30:58.892000,1.06309,1.06305,1000000,1870000
2017-04-13 12:30:58.943000,1.0631,1.06305,5620000,4120000
2017-04-13 12:30:59.196000,1.06309,1.06306,1120000,2620000
2017-04-13 12:30:59.792000,1.06309,1.06306,1120000,2250000
2017-04-13 12:31:00.231000,1.06311,1.06305,14190000,3750000
2017-04-13 12:31:00.751000,1.0631,1.06305,1120000,3000000
2017-04-13 12:31:02.459000,1.0631,1.06305,1500000,2250000
2017-04-13 12:31:02.989000,1.0631,1.06305,2620000,2250000
2017-04-13 12:31:03.638000,1.06307,1.06305,1000000,2620000
2017-04-13 12:31:03.942000,1.06301,1.06299,1370000,2250000
2017-04-13 12:31:04.379000,1.063,1.06296,5440000,1000000
2017-04-13 12:31:04.683000,1.06298,1.06294,2620000,3370000
2017-04-13 12:31:05.216000,1.06298,1.06293,5250000,1870000
2017-04-13 12:31:06.568000,1.06298,1.06294,6000000,1000000
2017-04-13 12:31:07.086000,1.06297,1.06294,1000000,1120000
2017-04-13 12:31:07.601000,1.06298,1.06294,5250000,1000000
2017-04-13 12:31:07.994000,1.06296,1.06293,2250000,2620000
2017-04-13 12:31:08.197000,1.06295,1.06291,2850000,2250000
2017-04-13 12:31:08.857000,1.06295,1.06291,6750000,1120000
2017-04-13 12:31:09.392000,1.06294,1.0629,1120000,2620000
2017-04-13 12:31:09.963000,1.06291,1.0629,2850000,1000000
2017-04-13 12:31:10.115000,1.0629,1.06287,1870000,1500000
2017-04-13 12:31:11.186000,1.06291,1.06289,10310000,1120000
2017-04-13 12:31:11.542000,1.06293,1.0629,2250000,1000000
2017-04-13 12:31:11.947000,1.06291,1.06289,1500000,1000000
2017-04-13 12:31:12.048000,1.06291,1.06287,3000000,7500000
2017-04-13 12:31:13.052000,1.06291,1.06288,4870000,1500000
2017-04-13 12:31:13.509000,1.06293,1.06289,1500000,2250000
2017-04-13 12:31:14.174000,1.06294,1.06289,9000000,2250000
2017-04-13 12:31:14.377000,1.06294,1.0629,5620000,1370000
2017-04-13 12:31:14.885000,1.06294,1.0629,3410000,1000000
2017-04-13 12:31:15.202000,1.06291,1.06289,1000000,1000000
2017-04-13 12:31:15.455000,1.06291,1.06287,8060000,1120000
2017-04-13 12:31:15.507000,1.06291,1.06289,10500000,1000000
2017-04-13 12:31:16.115000,1.06291,1.06288,4120000,1500000
2017-04-13 12:31:16.648000,1.06291,1.06287,6000000,4500000
2017-04-13 12:31:17.308000,1.06291,1.06286,7120000,6000000
2017-04-13 12:31:17.690000,1.06288,1.06286,1500000,1870000
2017-04-13 12:31:17.995000,1.06285,1.06284,3370000,2250000
2017-04-13 12:31:18.199000,1.06282,1.0628,1000000,1500000
2017-04-13 12:31:18.789000,1.06282,1.06279,1000000,3000000
2017-04-13 12:31:18.942000,1.06284,1.0628,5060000,2250000
2017-04-13 12:31:19.550000,1.06285,1.0628,7540000,1120000
2017-04-13 12:31:19.601000,1.06284,1.0628,3040000,1120000
2017-04-13 12:31:19.860000,1.06282,1.06278,1000000,5250000
2017-04-13 12:31:20.335000,1.06281,1.06276,4500000,1500000
2017-04-13 12:31:21.282000,1.0628,1.06276,1500000,1370000
2017-04-13 12:31:21.639000,1.06277,1.06275,1120000,5250000
2017-04-13 12:31:21.997000,1.06279,1.06275,1690000,2620000
2017-04-13 12:31:22.302000,1.06279,1.06276,1000000,1370000
2017-04-13 12:31:22.616000,1.06279,1.06278,1000000,3370000
2017-04-13 12:31:22.826000,1.06281,1.06279,2250000,2250000
2017-04-13 12:31:22.979000,1.06283,1.06279,1500000,2620000
2017-04-13 12:31:23.487000,1.06283,1.06279,2250000,1870000
2017-04-13 12:31:24.089000,1.06282,1.06279,1500000,2620000
2017-04-13 12:31:24.312000,1.06282,1.06277,4870000,3750000
2017-04-13 12:31:24.844000,1.06281,1.06278,1000000,1000000
2017-04-13 12:31:25.422000,1.06281,1.06277,7130000,2250000
2017-04-13 12:31:25.473000,1.0628,1.06277,1370000,1500000
2017-04-13 12:31:25.767000,1.06278,1.06273,7120000,4120000
2017-04-13 12:31:26.374000,1.06279,1.06275,9370000,1000000
2017-04-13 12:31:27,1.06276,1.06273,4500000,1000000
2017-04-13 12:31:27.210000,1.06276,1.06271,15560000,3370000
2017-04-13 12:31:27.716000,1.06275,1.06271,7690000,1500000
2017-04-13 12:31:28.040000,1.06275,1.06269,12430000,10120000
2017-04-13 12:31:28.292000,1.06275,1.06271,10690000,1120000
2017-04-13 12:31:29.158000,1.06274,1.0627,1500000,2620000
2017-04-13 12:31:29.730000,1.06274,1.0627,4120000,1370000
2017-04-13 12:31:30.238000,1.06273,1.06269,1000000,2620000
2017-04-13 12:31:30.912000,1.06273,1.06269,1000000,3370000
2017-04-13 12:31:31.223000,1.06271,1.06269,2810000,1000000
2017-04-13 12:31:31.376000,1.0627,1.06266,1000000,3370000
2017-04-13 12:31:32.422000,1.0627,1.06267,3000000,1500000
2017-04-13 12:31:33.012000,1.0627,1.06266,1500000,4870000
2017-04-13 12:31:33.519000,1.0627,1.06267,1000000,1120000
2017-04-13 12:31:34.070000,1.0627,1.06266,1870000,1870000
2017-04-13 12:31:34.530000,1.06267,1.06266,1500000,1500000
2017-04-13 12:31:34.683000,1.06266,1.06264,1690000,3750000
2017-04-13 12:31:34.885000,1.06267,1.06265,4410000,2870000
2017-04-13 12:31:35.190000,1.06269,1.06267,2160000,1870000
2017-04-13 12:31:35.455000,1.06269,1.06267,1000000,1370000
2017-04-13 12:31:35.965000,1.0627,1.06267,1000000,1120000
2017-04-13 12:31:36.472000,1.06271,1.06267,3750000,1500000
2017-04-13 12:31:37.131000,1.06271,1.06268,1500000,1000000
2017-04-13 12:31:37.639000,1.06272,1.06267,6560000,4870000
2017-04-13 12:31:37.691000,1.06272,1.06269,3750000,1870000
2017-04-13 12:31:37.945000,1.06274,1.0627,2620000,1500000
2017-04-13 12:31:38.524000,1.06274,1.06271,1250000,1000000
2017-04-13 12:31:38.624000,1.06277,1.06275,18750000,1370000
2017-04-13 12:31:38.929000,1.06279,1.06278,4120000,1120000
2017-04-13 12:31:39.335000,1.06282,1.06278,5060000,1000000
2017-04-13 12:31:40.018000,1.06282,1.06279,1310000,1000000
2017-04-13 12:31:40.728000,1.06283,1.06279,7500000,1000000
2017-04-13 12:31:40.899000,1.06283,1.0628,4120000,1370000
2017-04-13 12:31:41.400000,1.06285,1.06281,1620000,1000000
2017-04-13 12:31:41.937000,1.06285,1.06281,1310000,1500000
2017-04-13 12:31:45.179000,1.06286,1.06282,10310000,1000000
2017-04-13 12:31:45.694000,1.06286,1.06282,4500000,1500000
2017-04-13 12:31:46.201000,1.06286,1.06281,6370000,2620000
2017-04-13 12:31:46.757000,1.06286,1.06285,6370000,1120000
2017-04-13 12:31:47.040000,1.0629,1.06286,2620000,1500000
2017-04-13 12:31:47.445000,1.06287,1.06286,2470000,1000000
2017-04-13 12:31:47.649000,1.06284,1.06282,1000000,1000000
2017-04-13 12:31:47.700000,1.06282,1.06281,1690000,1120000
2017-04-13 12:31:47.751000,1.06282,1.0628,2620000,5250000
2017-04-13 12:31:48.253000,1.06281,1.06279,1120000,3750000
2017-04-13 12:31:48.356000,1.06281,1.06277,4870000,4880000
2017-04-13 12:31:48.883000,1.0628,1.06277,1000000,1120000
2017-04-13 12:31:49.742000,1.0628,1.06279,1000000,1000000
2017-04-13 12:31:49.997000,1.06285,1.06281,3750000,1370000
2017-04-13 12:31:50.768000,1.06286,1.06281,16120001,1370000
2017-04-13 12:31:51.284000,1.06286,1.06281,16120001,1370000
2017-04-13 12:31:51.812000,1.06285,1.06281,1000000,1370000
2017-04-13 12:31:52.315000,1.06285,1.06281,1870000,1000000
2017-04-13 12:31:52.366000,1.06282,1.06281,1000000,1000000
2017-04-13 12:31:52.468000,1.0628,1.06278,3190000,3750000
2017-04-13 12:31:52.671000,1.0628,1.06276,5630000,2250000
2017-04-13 12:31:53.190000,1.0628,1.06275,7130000,2620000
2017-04-13 12:31:53.893000,1.06278,1.06275,1000000,2250000
2017-04-13 12:31:54.526000,1.06279,1.06275,2620000,1870000
2017-04-13 12:31:55.052000,1.06279,1.06274,4120000,3370000
2017-04-13 12:31:55.356000,1.06277,1.06274,1000000,3370000
2017-04-13 12:31:55.458000,1.06279,1.06274,4500000,3370000
2017-04-13 12:31:56.993000,1.0628,1.06275,6370000,2250000
2017-04-13 12:31:57.297000,1.0628,1.06276,4120000,3370000
2017-04-13 12:31:57.450000,1.06281,1.06276,9750000,4870000
2017-04-13 12:31:58.010000,1.06281,1.06276,7970000,2250000
2017-04-13 12:31:58.534000,1.06281,1.06276,7870000,2250000
2017-04-13 12:31:59.036000,1.0628,1.06276,1000000,2250000
2017-04-13 12:32:02.206000,1.06279,1.06276,1000000,2250000
2017-04-13 12:32:02.732000,1.0628,1.06276,1500000,3370000
2017-04-13 12:32:03.467000,1.06281,1.06276,12470000,3370000
2017-04-13 12:32:04.212000,1.06281,1.06277,10590000,1870000
2017-04-13 12:32:04.846000,1.06282,1.06278,2620000,2250000
2017-04-13 12:32:05.367000,1.06281,1.06279,1870000,1000000
2017-04-13 12:32:05.887000,1.06283,1.06278,14810000,1500000
2017-04-13 12:32:09.010000,1.0628,1.06278,1000000,1000000
2017-04-13 12:32:09.517000,1.06281,1.06277,1500000,1120000
2017-04-13 12:32:10.396000,1.06281,1.06277,1500000,1870000
2017-04-13 12:32:10.750000,1.06281,1.06279,1000000,1870000
2017-04-13 12:32:11.061000,1.06285,1.0628,6000000,5620000
2017-04-13 12:32:12.513000,1.06286,1.06281,15510000,1120000
2017-04-13 12:32:18.478000,1.06286,1.06281,13410000,1120000
2017-04-13 12:32:18.988000,1.06282,1.06281,1000000,1000000
2017-04-13 12:32:19.293000,1.06276,1.06275,1690000,4500000
2017-04-13 12:32:19.527000,1.06275,1.06274,1000000,1500000
2017-04-13 12:32:19.578000,1.06275,1.06271,1000000,4120000
2017-04-13 12:32:20.136000,1.06276,1.06271,10310000,1870000
2017-04-13 12:32:20.690000,1.06275,1.06271,1500000,1870000
2017-04-13 12:32:25.162000,1.06276,1.06271,12600000,4120000
2017-04-13 12:32:25.715000,1.06275,1.06271,1000000,3370000
2017-04-13 12:32:26.170000,1.06274,1.06271,1370000,1870000
2017-04-13 12:32:26.678000,1.06274,1.06271,1500000,1000000
2017-04-13 12:32:32.915000,1.06274,1.0627,4500000,1000000
2017-04-13 12:32:34.512000,1.06271,1.06269,1000000,2320000
2017-04-13 12:32:34.769000,1.0627,1.06267,2250000,1000000
2017-04-13 12:32:34.922000,1.06268,1.06266,1120000,1500000
2017-04-13 12:32:35.479000,1.06269,1.06265,1000000,1950000
2017-04-13 12:32:35.988000,1.0627,1.06265,3000000,4570000
2017-04-13 12:32:37.892000,1.0627,1.06266,1500000,1870000
2017-04-13 12:32:38.624000,1.0627,1.06266,1000000,2700000
2017-04-13 12:32:39.143000,1.06271,1.06266,1500000,5620000
2017-04-13 12:32:40.185000,1.0627,1.06266,1350000,3450000
2017-04-13 12:32:40.692000,1.06269,1.06265,1000000,1870000
2017-04-13 12:32:41.212000,1.06269,1.06266,1000000,1000000
2017-04-13 12:32:42.090000,1.06269,1.06265,1000000,1200000
2017-04-13 12:32:43.938000,1.06268,1.06265,1120000,1000000
2017-04-13 12:32:45.107000,1.06269,1.06265,1120000,1120000
2017-04-13 12:32:45.653000,1.0627,1.06265,11660000,1120000
2017-04-13 12:32:46.794000,1.0627,1.06265,6410000,1870000
2017-04-13 12:32:47.099000,1.06272,1.06267,3190000,4120000
2017-04-13 12:32:47.403000,1.06272,1.06269,1000000,7500000
2017-04-13 12:32:47.530000,1.06275,1.0627,5850000,1870000
2017-04-13 12:32:48.069000,1.06275,1.0627,2250000,4200000
2017-04-13 12:32:48.586000,1.06275,1.06271,2250000,1000000
2017-04-13 12:32:49.559000,1.06275,1.06271,3750000,1000000
2017-04-13 12:32:50.688000,1.06275,1.0627,3750000,4200000
2017-04-13 12:32:52.097000,1.06275,1.0627,3000000,5700000
2017-04-13 12:32:52.639000,1.06275,1.06271,2250000,1200000
2017-04-13 12:32:53.900000,1.06275,1.06271,1500000,1200000
2017-04-13 12:32:54.460000,1.06275,1.06271,1120000,1200000
2017-04-13 12:32:56.503000,1.06275,1.06273,1000000,1000000
2017-04-13 12:32:56.810000,1.0628,1.06277,5160000,1870000
2017-04-13 12:32:56.963000,1.06281,1.06278,7690000,1370000
2017-04-13 12:32:57.014000,1.06282,1.06279,6040000,2440000
2017-04-13 12:32:57.166000,1.06283,1.06279,2100000,3190000
2017-04-13 12:32:57.572000,1.06284,1.0628,1120000,1100000
2017-04-13 12:33:00.209000,1.06283,1.06279,2620000,1390000
2017-04-13 12:33:02.090000,1.06283,1.06278,4120000,3450000
2017-04-13 12:33:03.917000,1.06282,1.06278,2470000,1720000
2017-04-13 12:33:04.372000,1.06281,1.06277,1500000,1000000
2017-04-13 12:33:08.079000,1.06281,1.06277,1500000,1120000
2017-04-13 12:33:09.411000,1.06281,1.06278,1000000,8140000
2017-04-13 12:33:09.588000,1.06285,1.06279,15000000,6370000
2017-04-13 12:33:10.095000,1.06285,1.0628,11250000,1150000
2017-04-13 12:33:10.349000,1.06285,1.06279,12970000,9110000
2017-04-13 12:33:10.687000,1.06278,1.06277,2620000,2620000
2017-04-13 12:33:10.972000,1.06278,1.06273,1870000,4990000
2017-04-13 12:33:11.480000,1.06278,1.06273,3000000,4990000
2017-04-13 12:33:11.531000,1.06275,1.06273,1370000,2360000
2017-04-13 12:33:11.684000,1.06274,1.06271,1500000,1500000
2017-04-13 12:33:11.737000,1.06272,1.06271,1120000,1000000
2017-04-13 12:33:12.142000,1.06273,1.06269,8470000,3110000
2017-04-13 12:33:12.660000,1.06273,1.06269,3600000,3110000
2017-04-13 12:33:13.389000,1.06273,1.06269,2620000,2740000
2017-04-13 12:33:14.047000,1.06274,1.0627,3000000,1120000
2017-04-13 12:33:15.132000,1.06273,1.06269,1000000,6860000
2017-04-13 12:33:15.666000,1.06274,1.06269,1120000,10010000
2017-04-13 12:33:17.463000,1.06275,1.06271,3190000,1120000
2017-04-13 12:33:18,1.06275,1.06271,3410000,2620000
2017-04-13 12:33:20.564000,1.06272,1.0627,2250000,1650000
2017-04-13 12:33:20.970000,1.06274,1.06271,4870000,1000000
2017-04-13 12:33:21.173000,1.06272,1.06269,1000000,7120000
2017-04-13 12:33:21.357000,1.06274,1.0627,5250000,1000000
2017-04-13 12:33:24.526000,1.06271,1.06269,1370000,3370000
2017-04-13 12:33:24.679000,1.0627,1.06267,2620000,6750000
2017-04-13 12:33:25.135000,1.06269,1.06265,1500000,2620000
2017-04-13 12:33:25.657000,1.06269,1.06264,5250000,4870000
2017-04-13 12:33:26.292000,1.06268,1.06264,1000000,3000000
2017-04-13 12:33:27.934000,1.06267,1.06263,1000000,7500000
2017-04-13 12:33:28.476000,1.06266,1.06263,1370000,1990000
2017-04-13 12:33:28.679000,1.06265,1.06261,1870000,3370000
2017-04-13 12:33:29.105000,1.06263,1.06261,1310000,2250000
2017-04-13 12:33:29.462000,1.06263,1.06259,1870000,6000000
2017-04-13 12:33:30.799000,1.06263,1.0626,1000000,1870000
2017-04-13 12:33:31.338000,1.06264,1.06261,1000000,1120000
2017-04-13 12:33:31.935000,1.06264,1.0626,1000000,4500000
2017-04-13 12:33:32.485000,1.06264,1.06261,1000000,1000000
2017-04-13 12:33:34.410000,1.06264,1.0626,1000000,2620000
2017-04-13 12:33:34.980000,1.06264,1.06261,2250000,1000000
2017-04-13 12:33:35.626000,1.06264,1.0626,1500000,2620000
2017-04-13 12:33:36.541000,1.06264,1.0626,1000000,6000000
2017-04-13 12:33:37.071000,1.06264,1.0626,1000000,3750000
2017-04-13 12:33:40.450000,1.06264,1.0626,1000000,7500000
2017-04-13 12:33:41.795000,1.06265,1.0626,2250000,11250000
2017-04-13 12:33:42.303000,1.06265,1.06263,1000000,1370000
2017-04-13 12:33:42.405000,1.06267,1.06264,1000000,1370000
2017-04-13 12:33:42.507000,1.06269,1.06265,2620000,1000000
2017-04-13 12:33:43.265000,1.0627,1.06265,2620000,1870000
2017-04-13 12:33:43.672000,1.06271,1.06268,13120000,1720000
2017-04-13 12:33:43.723000,1.06273,1.06268,5250000,3970000
2017-04-13 12:33:44.266000,1.06273,1.06269,1870000,1120000
2017-04-13 12:33:44.586000,1.06274,1.0627,1120000,1370000
2017-04-13 12:33:45.130000,1.06275,1.0627,2250000,4870000
2017-04-13 12:33:46.234000,1.06274,1.0627,1000000,3370000
2017-04-13 12:33:46.741000,1.06275,1.0627,3750000,2620000
2017-04-13 12:33:47.332000,1.06271,1.06267,3000000,3000000
2017-04-13 12:33:47.434000,1.06271,1.06269,3000000,1120000
2017-04-13 12:33:47.536000,1.06274,1.06269,6000000,1000000
2017-04-13 12:33:48.061000,1.06274,1.06269,3370000,4840000
2017-04-13 12:33:48.669000,1.06275,1.0627,2060000,4240000
2017-04-13 12:33:49.356000,1.06275,1.0627,2810000,4620000
2017-04-13 12:33:49.885000,1.06274,1.0627,1000000,3490000
2017-04-13 12:33:50.400000,1.06274,1.06273,1000000,1000000
2017-04-13 12:33:50.654000,1.06278,1.06273,6750000,5470000
2017-04-13 12:33:51.162000,1.06278,1.06274,1500000,1000000
2017-04-13 12:33:52.920000,1.06277,1.06274,1000000,1000000
2017-04-13 12:33:54.237000,1.06278,1.06274,1500000,1000000
2017-04-13 12:33:56.863000,1.06276,1.06274,3750000,1000000
2017-04-13 12:33:57.117000,1.06276,1.06271,6000000,2620000
2017-04-13 12:33:58.140000,1.06275,1.06271,2250000,2250000
2017-04-13 12:33:58.664000,1.06274,1.06271,1000000,1000000
2017-04-13 12:34:00.577000,1.06274,1.06272,1000000,1120000
2017-04-13 12:34:00.678000,1.06276,1.06272,2620000,1500000
2017-04-13 12:34:01.722000,1.06276,1.06271,6370000,2620000
2017-04-13 12:34:02.570000,1.06275,1.06271,1120000,2250000
2017-04-13 12:34:03.094000,1.06274,1.0627,1000000,2370000
2017-04-13 12:34:06.888000,1.06272,1.06269,2850000,8370000
2017-04-13 12:34:07.092000,1.06272,1.06268,1000000,2250000
2017-04-13 12:34:07.799000,1.06273,1.06269,3370000,1000000
2017-04-13 12:34:09.822000,1.06271,1.06268,1370000,1150000
2017-04-13 12:34:09.976000,1.0627,1.06266,1120000,2250000
2017-04-13 12:34:10.483000,1.0627,1.06266,1370000,1500000
2017-04-13 12:34:10.921000,1.06268,1.06266,1000000,1500000
2017-04-13 12:34:11.074000,1.06266,1.06264,4120000,2620000
2017-04-13 12:34:11.582000,1.06268,1.06263,1370000,5020000
2017-04-13 12:34:12.638000,1.06266,1.06263,4120000,1650000
2017-04-13 12:34:12.791000,1.06266,1.06261,10500000,3000000
2017-04-13 12:34:13.141000,1.06265,1.06261,3000000,1870000
2017-04-13 12:34:13.496000,1.06266,1.06264,4120000,1000000
2017-04-13 12:34:13.547000,1.06266,1.06262,8810000,5850000
2017-04-13 12:34:13.851000,1.06265,1.06261,1120000,3750000
2017-04-13 12:34:14.370000,1.06265,1.06262,1120000,1000000
2017-04-13 12:34:14.890000,1.06265,1.06261,1120000,1870000
2017-04-13 12:34:15.430000,1.06265,1.06262,1000000,1000000
2017-04-13 12:34:16.445000,1.06264,1.06262,1500000,1000000
2017-04-13 12:34:16.597000,1.06264,1.0626,1120000,1720000
2017-04-13 12:34:17.271000,1.06265,1.06261,5250000,1000000
2017-04-13 12:34:17.778000,1.06264,1.06261,1000000,1870000
2017-04-13 12:34:18.281000,1.06265,1.06261,3000000,1870000
2017-04-13 12:34:18.810000,1.06265,1.06262,1120000,1000000
2017-04-13 12:34:19.330000,1.06264,1.06261,1000000,1500000
2017-04-13 12:34:20.849000,1.06265,1.06261,3490000,1500000
2017-04-13 12:34:22.558000,1.06264,1.06261,1870000,1500000
2017-04-13 12:34:23.903000,1.06265,1.06261,5550000,1500000
2017-04-13 12:34:24.438000,1.06265,1.0626,5550000,1500000
2017-04-13 12:34:25.154000,1.06265,1.0626,4800000,1870000
2017-04-13 12:34:26.196000,1.06265,1.06261,4050000,1000000
2017-04-13 12:34:27.033000,1.06266,1.06261,12580000,2620000
2017-04-13 12:34:27.577000,1.06266,1.06262,8830000,1000000
2017-04-13 12:34:29.230000,1.06266,1.06261,7330000,3870000
2017-04-13 12:34:29.896000,1.06266,1.06261,8080000,3120000
2017-04-13 12:34:31.203000,1.06266,1.06261,11080000,3120000
2017-04-13 12:34:32.824000,1.06266,1.06261,11080000,3120000
2017-04-13 12:34:33.406000,1.06265,1.06261,1500000,1620000
2017-04-13 12:34:33.914000,1.06265,1.06263,1120000,1000000
2017-04-13 12:34:37.756000,1.06265,1.06261,2620000,3370000
2017-04-13 12:34:37.858000,1.06265,1.06263,4120000,1000000
2017-04-13 12:34:38.391000,1.06265,1.06261,2250000,3000000
2017-04-13 12:34:38.829000,1.06262,1.06259,3000000,4500000
2017-04-13 12:34:39.134000,1.06256,1.06253,1870000,3220000
2017-04-13 12:34:39.287000,1.06256,1.06253,3750000,1000000
2017-04-13 12:34:39.548000,1.06257,1.06253,4870000,1500000
2017-04-13 12:34:40.074000,1.06257,1.06254,1120000,1000000
2017-04-13 12:34:41.486000,1.06258,1.06254,2250000,6370000
2017-04-13 12:34:42.003000,1.06259,1.06256,2250000,1000000
2017-04-13 12:34:42.307000,1.06259,1.06254,2250000,11250000
2017-04-13 12:34:42.809000,1.06259,1.06255,1870000,1120000
2017-04-13 12:34:43.900000,1.06259,1.06255,3560000,1500000
2017-04-13 12:34:43.951000,1.06256,1.06254,1120000,9000000
2017-04-13 12:34:44.306000,1.06258,1.06254,3000000,4870000
2017-04-13 12:34:44.833000,1.06258,1.06255,1500000,1000000
2017-04-13 12:34:45.356000,1.06258,1.06253,1500000,10350000
2017-04-13 12:34:45.610000,1.06258,1.06256,1120000,1000000
2017-04-13 12:34:46.122000,1.06259,1.06256,1120000,1500000
2017-04-13 12:34:47.359000,1.0626,1.06256,3750000,1500000
2017-04-13 12:34:47.867000,1.06259,1.06255,2250000,1120000
2017-04-13 12:34:48.374000,1.06259,1.06256,1870000,1000000
2017-04-13 12:34:50.771000,1.06257,1.06254,1000000,4120000
2017-04-13 12:34:51.290000,1.06258,1.06254,3370000,1000000
2017-04-13 12:34:51.625000,1.06259,1.06256,1000000,1000000
2017-04-13 12:34:52.301000,1.0626,1.06256,4120000,1000000
2017-04-13 12:34:52.768000,1.06258,1.06256,1000000,1000000
2017-04-13 12:34:53.274000,1.06258,1.06255,1000000,1000000
2017-04-13 12:34:53.803000,1.06259,1.06255,1120000,1000000
2017-04-13 12:34:54.591000,1.06259,1.06256,1500000,1000000
2017-04-13 12:34:54.896000,1.06262,1.06261,1120000,1000000
2017-04-13 12:34:54.948000,1.06265,1.06261,4310000,1000000
2017-04-13 12:34:55.939000,1.06264,1.06261,1000000,1000000
2017-04-13 12:34:56.447000,1.06264,1.0626,1120000,2620000
2017-04-13 12:34:56.988000,1.06264,1.0626,1000000,3220000
2017-04-13 12:35:00.248000,1.06265,1.0626,5250000,1870000
2017-04-13 12:35:01.346000,1.06264,1.0626,1000000,1370000
2017-04-13 12:35:04.410000,1.06262,1.06259,4500000,5620000
2017-04-13 12:35:04.615000,1.06261,1.06257,5620000,8440000
2017-04-13 12:35:05.054000,1.0626,1.06256,4500000,2470000
2017-04-13 12:35:05.258000,1.06258,1.06253,3190000,2620000
2017-04-13 12:35:05.767000,1.06257,1.06253,6750000,1120000
2017-04-13 12:35:06.308000,1.06256,1.06252,7410000,1000000
2017-04-13 12:35:06.822000,1.06256,1.06251,9040000,2620000
2017-04-13 12:35:07.868000,1.06255,1.06252,1000000,1120000
2017-04-13 12:35:09.164000,1.06256,1.06252,1500000,2250000
2017-04-13 12:35:10.373000,1.06256,1.06252,1500000,2620000
2017-04-13 12:35:10.474000,1.06256,1.06255,2250000,1000000
2017-04-13 12:35:11.087000,1.06257,1.06255,2250000,1000000
2017-04-13 12:35:14.770000,1.06257,1.06256,1000000,1120000
2017-04-13 12:35:15.171000,1.06259,1.06256,1870000,1870000
2017-04-13 12:35:15.679000,1.06258,1.06255,3370000,1000000
2017-04-13 12:35:18.566000,1.06256,1.06253,1000000,1500000
2017-04-13 12:35:19.091000,1.06256,1.06252,1650000,1000000
2017-04-13 12:35:20.922000,1.06255,1.06252,1000000,1000000
2017-04-13 12:35:21.429000,1.06255,1.06251,1000000,1870000
2017-04-13 12:35:22.589000,1.06256,1.06251,7460000,1870000
2017-04-13 12:35:23.693000,1.06254,1.06251,1000000,1500000
2017-04-13 12:35:23.998000,1.06252,1.06251,3000000,1000000
2017-04-13 12:35:24.251000,1.06254,1.06251,1500000,1000000
2017-04-13 12:35:24.965000,1.06255,1.06251,6370000,1000000
2017-04-13 12:35:25.959000,1.06254,1.0625,2620000,1000000
2017-04-13 12:35:26.465000,1.06253,1.06251,1000000,1000000
2017-04-13 12:35:26.965000,1.06251,1.0625,1120000,1000000
2017-04-13 12:35:27.169000,1.06254,1.0625,1000000,1120000
2017-04-13 12:35:27.714000,1.06254,1.06251,1870000,1000000
2017-04-13 12:35:27.817000,1.06254,1.06252,1000000,1370000
2017-04-13 12:35:27.971000,1.06256,1.06253,2250000,1000000
2017-04-13 12:35:28.420000,1.06257,1.06255,2620000,1000000
2017-04-13 12:35:29.571000,1.06257,1.06256,1000000,1000000
2017-04-13 12:35:29.879000,1.06262,1.0626,3560000,1120000
2017-04-13 12:35:30.084000,1.06263,1.06262,1500000,1000000
2017-04-13 12:35:31.008000,1.06264,1.06262,1000000,1000000
2017-04-13 12:35:32.015000,1.06266,1.06264,7120000,1120000
2017-04-13 12:35:32.559000,1.06265,1.06263,1000000,2160000
2017-04-13 12:35:32.914000,1.06267,1.06265,1000000,1870000
2017-04-13 12:35:32.965000,1.06269,1.06265,1870000,1870000
2017-04-13 12:35:33.016000,1.06269,1.06265,2250000,1870000
2017-04-13 12:35:33.527000,1.06267,1.06266,1500000,1000000
2017-04-13 12:35:34.478000,1.06267,1.06265,1500000,2810000
2017-04-13 12:35:34.782000,1.06263,1.06262,1120000,3000000
2017-04-13 12:35:34.885000,1.06262,1.06261,3370000,1500000
2017-04-13 12:35:35.088000,1.06261,1.06259,1500000,1500000
2017-04-13 12:35:35.139000,1.06261,1.06257,2250000,3970000
2017-04-13 12:35:35.675000,1.06258,1.06256,1000000,1500000
2017-04-13 12:35:36.080000,1.06257,1.06254,1120000,3370000
2017-04-13 12:35:36.285000,1.06257,1.06256,3000000,1000000
2017-04-13 12:35:36.567000,1.0626,1.06256,1240000,1120000
2017-04-13 12:35:43.201000,1.06259,1.06256,1000000,1000000
2017-04-13 12:35:43.879000,1.06259,1.06255,1500000,3750000
2017-04-13 12:35:45.392000,1.06259,1.06255,1500000,4120000
2017-04-13 12:35:45.746000,1.06259,1.06258,1500000,1000000
2017-04-13 12:35:45.848000,1.06261,1.06258,5620000,1370000
2017-04-13 12:35:45.900000,1.06261,1.06259,4500000,2620000
2017-04-13 12:35:46.312000,1.06264,1.0626,1000000,1120000
2017-04-13 12:35:47.124000,1.06264,1.0626,1120000,1870000
2017-04-13 12:35:47.630000,1.06264,1.0626,1870000,1870000
2017-04-13 12:35:47.945000,1.06261,1.06259,1120000,7950000
2017-04-13 12:35:48.251000,1.06259,1.06256,1120000,3450000
2017-04-13 12:35:48.353000,1.06258,1.06256,1370000,1240000
2017-04-13 12:35:48.506000,1.06258,1.06253,2880000,1870000
2017-04-13 12:35:49.015000,1.06258,1.06253,1370000,3000000
2017-04-13 12:35:51.321000,1.06258,1.06253,1120000,3370000
2017-04-13 12:35:54.970000,1.06258,1.06254,1000000,1000000
2017-04-13 12:35:55.695000,1.06259,1.06255,3370000,1000000
2017-04-13 12:35:57.047000,1.0626,1.06255,4870000,4870000
2017-04-13 12:35:57.556000,1.0626,1.06256,1000000,1120000
2017-04-13 12:36:00.898000,1.06259,1.06256,1500000,2620000
2017-04-13 12:36:01.410000,1.06259,1.06255,1870000,1120000
2017-04-13 12:36:01.515000,1.06256,1.06255,1120000,1000000
2017-04-13 12:36:01.669000,1.06256,1.06253,1000000,4120000
2017-04-13 12:36:02.176000,1.06255,1.06252,1000000,4120000
2017-04-13 12:36:03.185000,1.06255,1.06251,1000000,5250000
2017-04-13 12:36:06.541000,1.06256,1.06252,1870000,1000000
2017-04-13 12:36:06.954000,1.06254,1.06251,2500000,11250000
2017-04-13 12:36:07.310000,1.06251,1.06247,1870000,8170000
2017-04-13 12:36:07.362000,1.06251,1.06247,1870000,7990000
2017-04-13 12:36:09.054000,1.06252,1.06247,3750000,6410000
2017-04-13 12:36:09.258000,1.06255,1.06251,2620000,2620000
2017-04-13 12:36:09.530000,1.06252,1.06251,1120000,1500000
2017-04-13 12:36:09.787000,1.06253,1.06248,9750000,1350000
2017-04-13 12:36:10.295000,1.06252,1.06247,5250000,1120000
2017-04-13 12:36:11.075000,1.06252,1.06249,1870000,1370000
2017-04-13 12:36:11.329000,1.06254,1.0625,2250000,1870000
2017-04-13 12:36:12.004000,1.06253,1.0625,1120000,1870000
2017-04-13 12:36:12.474000,1.06252,1.06248,2250000,9370000
2017-04-13 12:36:12.576000,1.06252,1.06249,1120000,4120000
2017-04-13 12:36:12.901000,1.06252,1.06248,2620000,3750000
2017-04-13 12:36:13.415000,1.06252,1.06248,2620000,3000000
2017-04-13 12:36:15.140000,1.06252,1.06249,1500000,3000000
2017-04-13 12:36:15.191000,1.06254,1.06249,1120000,6370000
2017-04-13 12:36:15.699000,1.06255,1.0625,4500000,1000000
2017-04-13 12:36:16.244000,1.06254,1.06249,1870000,4870000
2017-04-13 12:36:16.763000,1.06255,1.0625,4500000,1000000
2017-04-13 12:36:17.337000,1.06255,1.0625,3000000,1660000
2017-04-13 12:36:18.794000,1.06255,1.0625,2250000,2620000
2017-04-13 12:36:19.214000,1.06255,1.06251,1120000,1290000
2017-04-13 12:36:19.720000,1.06256,1.06251,5620000,1290000
2017-04-13 12:36:20.025000,1.06257,1.06252,4500000,3160000
2017-04-13 12:36:20.537000,1.06256,1.06252,1000000,2790000
2017-04-13 12:36:21.864000,1.06257,1.06252,8250000,2040000
2017-04-13 12:36:22.169000,1.06258,1.06254,2620000,2620000
2017-04-13 12:36:22.321000,1.0626,1.06255,3750000,1870000
2017-04-13 12:36:22.856000,1.0626,1.06255,3750000,3910000
2017-04-13 12:36:23.620000,1.0626,1.06257,1000000,1220000
2017-04-13 12:36:23.907000,1.0626,1.06255,1000000,5850000
2017-04-13 12:36:23.959000,1.06262,1.06259,1500000,6000000
2017-04-13 12:36:24.010000,1.06264,1.06259,2620000,6750000
2017-04-13 12:36:24.061000,1.06264,1.06259,2620000,8250000
2017-04-13 12:36:24.416000,1.06262,1.06259,1000000,3370000
2017-04-13 12:36:24.746000,1.06261,1.06257,1000000,1000000
2017-04-13 12:36:25.306000,1.06258,1.06256,1300000,1000000
2017-04-13 12:36:25.358000,1.06256,1.06255,1000000,4120000
2017-04-13 12:36:25.460000,1.06255,1.06253,2250000,1500000
2017-04-13 12:36:25.896000,1.06254,1.0625,1000000,3370000
2017-04-13 12:36:26.439000,1.06255,1.0625,2250000,3370000
2017-04-13 12:36:28.068000,1.06255,1.0625,2250000,3490000
2017-04-13 12:36:30.198000,1.06254,1.0625,1000000,4240000
2017-04-13 12:36:31.002000,1.06256,1.06254,1500000,1870000
2017-04-13 12:36:31.205000,1.06258,1.06255,1120000,1000000
2017-04-13 12:36:31.307000,1.06258,1.06253,1120000,3750000
2017-04-13 12:36:31.358000,1.06256,1.06252,1500000,9940000
2017-04-13 12:36:31.884000,1.06256,1.06252,1120000,3000000
2017-04-13 12:36:32.394000,1.06257,1.06252,1500000,4500000
2017-04-13 12:36:32.697000,1.06259,1.06254,4500000,3000000
2017-04-13 12:36:33.248000,1.06259,1.06255,3370000,1000000
2017-04-13 12:36:33.769000,1.0626,1.06256,2620000,1000000
2017-04-13 12:36:41.516000,1.06259,1.06255,3190000,1500000
2017-04-13 12:36:45.008000,1.06259,1.06255,9000000,1000000
2017-04-13 12:36:46.386000,1.06259,1.06255,9750000,1000000
2017-04-13 12:36:46.932000,1.06259,1.06257,1000000,1000000
2017-04-13 12:36:47.914000,1.0626,1.06257,1120000,1000000
2017-04-13 12:36:53.902000,1.0626,1.06257,1000000,1870000
2017-04-13 12:36:54.409000,1.0626,1.06257,5630000,1500000
2017-04-13 12:36:54.921000,1.06259,1.06256,2360000,1120000
2017-04-13 12:36:55.428000,1.0626,1.06256,1150000,1870000
2017-04-13 12:36:55.979000,1.0626,1.06256,1610000,1870000
2017-04-13 12:36:57.189000,1.06258,1.06256,2100000,1000000
2017-04-13 12:36:57.696000,1.06257,1.06255,1000000,1000000
2017-04-13 12:36:58.131000,1.06256,1.06253,6000000,1000000
2017-04-13 12:36:58.638000,1.06256,1.06252,5740000,1500000
2017-04-13 12:36:59.586000,1.06256,1.06252,5930000,1500000
2017-04-13 12:37:00.092000,1.06255,1.06251,2360000,1160000
2017-04-13 12:37:00.786000,1.06253,1.0625,2810000,3000000
2017-04-13 12:37:00.991000,1.06251,1.06248,3000000,1870000
2017-04-13 12:37:01.497000,1.06251,1.06247,5810000,2250000
2017-04-13 12:37:02.347000,1.06247,1.06245,1870000,3000000
2017-04-13 12:37:02.730000,1.06245,1.06243,1870000,3280000
2017-04-13 12:37:02.833000,1.06245,1.06241,3750000,2250000
2017-04-13 12:37:03.983000,1.06245,1.06242,4610000,1000000
2017-04-13 12:37:04.575000,1.06245,1.06244,1990000,1120000
2017-04-13 12:37:04.879000,1.06249,1.06248,1120000,3000000
2017-04-13 12:37:05.184000,1.06251,1.0625,2250000,1500000
2017-04-13 12:37:05.235000,1.06254,1.06251,3370000,1500000
2017-04-13 12:37:05.780000,1.06253,1.06251,1000000,1000000
2017-04-13 12:37:06.288000,1.06253,1.06252,1000000,1000000
2017-04-13 12:37:06.789000,1.06254,1.06252,1500000,1000000
2017-04-13 12:37:07.956000,1.06253,1.0625,9190000,1000000
2017-04-13 12:37:08.261000,1.06254,1.0625,5250000,1500000
2017-04-13 12:37:09.102000,1.06254,1.0625,4870000,1500000
2017-04-13 12:37:09.332000,1.06255,1.06252,2620000,1000000
2017-04-13 12:37:09.938000,1.06255,1.06252,3000000,1000000
2017-04-13 12:37:10.452000,1.06255,1.06251,7500000,1000000
2017-04-13 12:37:10.960000,1.06254,1.0625,1500000,2250000
2017-04-13 12:37:13.462000,1.06254,1.0625,6750000,2250000
2017-04-13 12:37:13.984000,1.06254,1.06251,1120000,1500000
2017-04-13 12:37:14.292000,1.06257,1.06254,5620000,1120000
2017-04-13 12:37:14.881000,1.06255,1.06253,1500000,1370000
2017-04-13 12:37:14.983000,1.06255,1.06252,2250000,3370000
2017-04-13 12:37:17.631000,1.06254,1.06252,1000000,1000000
2017-04-13 12:37:20.665000,1.06256,1.06253,1500000,1500000
2017-04-13 12:37:20.920000,1.06253,1.06251,1500000,4120000
2017-04-13 12:37:21.427000,1.06253,1.06252,1000000,1000000
2017-04-13 12:37:22.298000,1.06254,1.06252,1000000,1000000
2017-04-13 12:37:22.975000,1.06254,1.06251,1000000,1500000
2017-04-13 12:37:26.246000,1.06254,1.06251,3370000,1000000
2017-04-13 12:37:26.347000,1.06254,1.06251,8620000,1000000
2017-04-13 12:37:26.398000,1.06254,1.06249,9370000,2620000
2017-04-13 12:37:26.958000,1.06253,1.06249,1000000,2620000
2017-04-13 12:37:28.059000,1.06254,1.06249,4870000,4090000
2017-04-13 12:37:29.210000,1.06253,1.06249,1500000,2740000
2017-04-13 12:37:30.004000,1.06252,1.06249,1000000,2370000
2017-04-13 12:37:30.207000,1.06251,1.06247,5250000,3370000
2017-04-13 12:37:30.258000,1.06252,1.06249,10500000,1000000
2017-04-13 12:37:30.359000,1.06252,1.06249,1120000,4500000
2017-04-13 12:37:30.909000,1.06252,1.06248,3750000,2620000
2017-04-13 12:37:31.799000,1.06251,1.06248,2250000,1120000
2017-04-13 12:37:31.850000,1.0625,1.06247,1870000,5250000
2017-04-13 12:37:32.054000,1.0625,1.06245,12370000,4870000
2017-04-13 12:37:33.659000,1.06249,1.06247,1500000,1120000
2017-04-13 12:37:33.996000,1.0625,1.06248,2250000,2620000
2017-04-13 12:37:34.047000,1.0625,1.06248,2500000,2620000
2017-04-13 12:37:34.250000,1.06252,1.06249,1500000,1000000
2017-04-13 12:37:35.262000,1.06253,1.06249,2320000,1500000
2017-04-13 12:37:36.173000,1.06253,1.06249,4570000,1000000
2017-04-13 12:37:36.679000,1.06251,1.06248,1500000,2620000
2017-04-13 12:37:37.287000,1.06251,1.06249,1500000,1000000
2017-04-13 12:37:37.797000,1.06252,1.06249,2250000,1000000
2017-04-13 12:37:38.747000,1.06252,1.06248,1120000,3000000
2017-04-13 12:37:39.279000,1.06252,1.06249,1000000,2250000
2017-04-13 12:37:40.032000,1.06253,1.06249,7120000,2250000
2017-04-13 12:37:40.546000,1.0625,1.06248,1370000,1500000
2017-04-13 12:37:40.749000,1.06247,1.06245,1120000,1500000
2017-04-13 12:37:41.281000,1.06247,1.06244,1000000,2250000
2017-04-13 12:37:41.905000,1.06248,1.06244,4120000,2250000
2017-04-13 12:37:42.423000,1.06248,1.06245,1500000,1000000
2017-04-13 12:37:42.967000,1.06248,1.06245,1000000,4720000
2017-04-13 12:37:43.474000,1.06249,1.06246,1500000,1500000
2017-04-13 12:37:44.855000,1.06249,1.06247,1500000,3370000
2017-04-13 12:37:45.362000,1.06249,1.06246,1000000,1000000
2017-04-13 12:37:45.910000,1.0625,1.06246,1870000,1000000
2017-04-13 12:37:47.496000,1.0625,1.06248,1500000,1000000
2017-04-13 12:37:48.003000,1.0625,1.06247,1500000,1000000
2017-04-13 12:37:48.544000,1.06251,1.06247,6000000,1620000
2017-04-13 12:37:52.830000,1.0625,1.06245,1870000,7210000
2017-04-13 12:37:53.918000,1.06249,1.06248,1000000,1000000
2017-04-13 12:37:54.020000,1.0625,1.06247,1120000,2250000
2017-04-13 12:37:54.824000,1.06251,1.06248,6370000,1000000
2017-04-13 12:37:55.340000,1.06251,1.06247,3750000,2370000
2017-04-13 12:37:55.616000,1.06251,1.06249,1500000,1500000
2017-04-13 12:37:55.768000,1.06253,1.06249,4500000,1500000
2017-04-13 12:37:56.886000,1.06253,1.0625,1500000,1000000
2017-04-13 12:37:57.464000,1.06253,1.06249,1500000,2620000
2017-04-13 12:37:57.887000,1.0625,1.06248,4870000,1000000
2017-04-13 12:37:57.940000,1.0625,1.06246,5620000,1870000
2017-04-13 12:37:58.446000,1.06249,1.06245,3000000,3600000
2017-04-13 12:38:00.280000,1.06248,1.06245,1000000,1000000
2017-04-13 12:38:00.382000,1.0625,1.06246,2620000,3000000
2017-04-13 12:38:00.889000,1.06251,1.06247,13870000,1000000
2017-04-13 12:38:01.432000,1.0625,1.06246,2250000,3000000
2017-04-13 12:38:02.067000,1.06248,1.06246,1000000,2250000
2017-04-13 12:38:02.320000,1.06248,1.06244,1500000,1500000
2017-04-13 12:38:05.365000,1.06248,1.06244,2620000,1500000
2017-04-13 12:38:06.996000,1.06247,1.06244,1870000,1500000
2017-04-13 12:38:07.511000,1.06247,1.06243,2620000,2250000
2017-04-13 12:38:08.017000,1.06247,1.06244,1500000,1000000
2017-04-13 12:38:11.073000,1.06248,1.06244,4120000,2250000
2017-04-13 12:38:12.087000,1.06248,1.06244,5620000,1500000
2017-04-13 12:38:12.622000,1.06248,1.06244,5620000,2250000
2017-04-13 12:38:13.749000,1.06248,1.06245,2250000,1000000
2017-04-13 12:38:14.776000,1.06246,1.06244,1000000,1500000
2017-04-13 12:38:14.827000,1.06246,1.06242,3370000,1500000
2017-04-13 12:38:15.335000,1.06245,1.06242,5250000,1000000
2017-04-13 12:38:16.211000,1.06245,1.06241,4500000,1500000
2017-04-13 12:38:16.755000,1.06245,1.0624,10500000,3000000
2017-04-13 12:38:17.309000,1.06245,1.06241,8620000,1000000
2017-04-13 12:38:17.876000,1.06245,1.0624,11250000,3000000
2017-04-13 12:38:19.241000,1.06245,1.06241,3370000,1870000
2017-04-13 12:38:19.293000,1.06245,1.06241,1500000,1870000
2017-04-13 12:38:19.852000,1.06245,1.06242,1500000,1120000
2017-04-13 12:38:21.832000,1.06245,1.06243,1000000,1000000
2017-04-13 12:38:21.934000,1.06247,1.06243,3750000,1000000
2017-04-13 12:38:22.140000,1.06245,1.06242,1500000,13690000
2017-04-13 12:38:22.524000,1.06244,1.0624,1000000,3750000
2017-04-13 12:38:24.779000,1.06245,1.0624,3750000,1870000
2017-04-13 12:38:25.776000,1.06243,1.0624,1500000,1000000
2017-04-13 12:38:26.082000,1.06239,1.06236,1000000,1000000
2017-04-13 12:38:26.626000,1.0624,1.06235,9750000,1500000
2017-04-13 12:38:31.720000,1.06238,1.06235,1000000,1500000
2017-04-13 12:38:34.087000,1.06238,1.06234,1000000,5620000
2017-04-13 12:38:35.056000,1.06238,1.06235,1000000,5850000
2017-04-13 12:38:35.587000,1.06239,1.06237,1000000,1120000
2017-04-13 12:38:37.264000,1.06239,1.06236,1000000,1870000
2017-04-13 12:38:38.334000,1.0624,1.06237,1000000,2250000
2017-04-13 12:38:41.954000,1.06239,1.06237,1000000,1870000
2017-04-13 12:38:43.668000,1.0624,1.06237,1120000,1120000
2017-04-13 12:38:44.234000,1.0624,1.06236,6000000,1120000
2017-04-13 12:38:44.737000,1.0624,1.06235,7500000,1720000
2017-04-13 12:38:45.882000,1.0624,1.06235,6750000,2470000
2017-04-13 12:38:47.241000,1.06239,1.06235,1000000,1870000
2017-04-13 12:38:47.785000,1.0624,1.06235,3370000,1870000
2017-04-13 12:38:48.116000,1.0624,1.06235,3370000,1990000
2017-04-13 12:38:48.167000,1.0624,1.06235,4120000,1870000
2017-04-13 12:38:50.435000,1.0624,1.06236,1870000,2850000
2017-04-13 12:38:50.581000,1.06241,1.06237,7310000,2470000
2017-04-13 12:38:50.839000,1.06244,1.0624,4500000,1000000
2017-04-13 12:38:51.346000,1.06243,1.0624,1000000,1000000
2017-04-13 12:38:52.721000,1.06244,1.0624,1000000,3000000
2017-04-13 12:38:53.618000,1.06244,1.06241,1000000,1120000
2017-04-13 12:38:53.812000,1.06246,1.06243,6000000,2100000
2017-04-13 12:38:54.318000,1.06247,1.06244,1000000,1500000
2017-04-13 12:38:55.926000,1.06248,1.06244,1000000,2250000
2017-04-13 12:38:59.606000,1.06245,1.06243,1000000,6000000
2017-04-13 12:38:59.657000,1.06246,1.06244,4310000,1000000
2017-04-13 12:38:59.759000,1.06245,1.06242,1250000,8250000
2017-04-13 12:39:00.265000,1.06245,1.06241,1000000,1120000
2017-04-13 12:39:01.106000,1.06244,1.06241,1000000,1120000
2017-04-13 12:39:01.411000,1.06241,1.06239,1000000,2250000
2017-04-13 12:39:01.665000,1.06238,1.06237,1120000,1000000
2017-04-13 12:39:02.173000,1.06239,1.06237,2440000,1000000
2017-04-13 12:39:04.212000,1.06238,1.06236,1870000,1000000
2017-04-13 12:39:04.364000,1.06238,1.06234,4690000,1120000
2017-04-13 12:39:04.820000,1.06239,1.06237,1690000,2620000
2017-04-13 12:39:04.871000,1.06239,1.06237,1000000,1500000
2017-04-13 12:39:05.383000,1.0624,1.06236,2060000,2250000
2017-04-13 12:39:06.228000,1.0624,1.06236,4690000,1120000
2017-04-13 12:39:07.183000,1.06239,1.06236,1250000,1000000
2017-04-13 12:39:07.689000,1.06239,1.06235,1120000,1120000
2017-04-13 12:39:08.192000,1.06239,1.06235,2250000,1120000
2017-04-13 12:39:08.698000,1.06239,1.06235,6190000,1120000
2017-04-13 12:39:10.892000,1.06237,1.06234,1000000,1870000
2017-04-13 12:39:11.406000,1.06237,1.06234,2810000,1870000
2017-04-13 12:39:13.541000,1.06238,1.06235,4310000,1370000
2017-04-13 12:39:13.773000,1.06239,1.06235,1500000,1870000
2017-04-13 12:39:15.773000,1.0624,1.06235,10050000,1370000
2017-04-13 12:39:16.361000,1.06239,1.06235,1500000,1370000
2017-04-13 12:39:16.869000,1.06239,1.06235,10310000,1120000
2017-04-13 12:39:17.438000,1.06238,1.06235,1150000,1120000
2017-04-13 12:39:20.447000,1.06239,1.06235,6670000,1120000
2017-04-13 12:39:20.954000,1.06239,1.06235,1120000,2620000
2017-04-13 12:39:22.363000,1.06239,1.06235,1500000,1870000
2017-04-13 12:39:22.718000,1.06238,1.06234,6450000,1500000
2017-04-13 12:39:23.079000,1.06234,1.06231,1120000,1000000
2017-04-13 12:39:23.587000,1.06235,1.0623,9410000,1120000
2017-04-13 12:39:24.594000,1.06235,1.0623,7690000,1000000
2017-04-13 12:39:25.100000,1.06234,1.0623,2810000,1000000
2017-04-13 12:39:26.399000,1.06233,1.06229,1120000,6000000
2017-04-13 12:39:28.123000,1.06233,1.06229,1000000,3120000
2017-04-13 12:39:29.029000,1.06234,1.06229,2440000,5370000
2017-04-13 12:39:29.687000,1.06231,1.06229,1000000,2370000
2017-04-13 12:39:29.840000,1.06231,1.06228,1500000,1870000
2017-04-13 12:39:30.372000,1.06232,1.06229,3190000,1120000
2017-04-13 12:39:32.114000,1.0623,1.06228,1370000,1000000
2017-04-13 12:39:32.216000,1.06231,1.06227,5440000,12840000
2017-04-13 12:39:32.320000,1.0623,1.06227,3560000,10220000
2017-04-13 12:39:32.726000,1.06231,1.06228,11920000,1870000
2017-04-13 12:39:32.878000,1.06232,1.06228,3000000,6370000
2017-04-13 12:39:33.417000,1.06233,1.06229,1250000,7310000
2017-04-13 12:39:33.518000,1.06234,1.06231,3000000,1000000
2017-04-13 12:39:34.025000,1.06234,1.0623,4120000,1000000
2017-04-13 12:39:35.352000,1.06235,1.06231,3370000,7350000
2017-04-13 12:39:35.454000,1.06236,1.06231,8440000,7350000
2017-04-13 12:39:35.991000,1.06235,1.0623,2810000,6000000
2017-04-13 12:39:36.605000,1.06235,1.06231,2060000,1000000
2017-04-13 12:39:37.139000,1.06235,1.0623,1500000,3000000
2017-04-13 12:39:38.160000,1.06234,1.0623,1000000,1500000
2017-04-13 12:39:38.689000,1.06235,1.0623,2620000,6600000
2017-04-13 12:39:39.259000,1.06235,1.06231,2620000,1000000
2017-04-13 12:39:39.772000,1.06236,1.06231,9370000,2250000
2017-04-13 12:39:40.875000,1.06235,1.0623,4310000,6370000
2017-04-13 12:39:41.078000,1.06235,1.06231,5060000,2470000
2017-04-13 12:39:41.483000,1.06236,1.06234,1120000,1000000
2017-04-13 12:39:42.226000,1.06237,1.06234,5060000,1000000
2017-04-13 12:39:42.683000,1.06236,1.06231,7690000,4870000
2017-04-13 12:39:44.258000,1.06235,1.06232,3370000,1000000
2017-04-13 12:39:44.765000,1.06236,1.06232,5810000,1000000
2017-04-13 12:39:45.631000,1.06235,1.06232,1000000,1000000
2017-04-13 12:39:47.045000,1.06236,1.06232,3940000,1000000
2017-04-13 12:39:48.096000,1.06236,1.06231,5810000,1500000
2017-04-13 12:39:48.602000,1.06235,1.06232,1000000,1000000
2017-04-13 12:39:49.902000,1.06235,1.06231,1000000,1500000
2017-04-13 12:39:54.228000,1.06234,1.06231,2250000,3000000
2017-04-13 12:39:54.304000,1.06232,1.06231,1000000,1000000
2017-04-13 12:39:54.406000,1.06234,1.06231,1000000,1500000
2017-04-13 12:39:54.914000,1.06235,1.06231,5440000,3370000
2017-04-13 12:39:55.285000,1.06232,1.06231,1250000,1500000
2017-04-13 12:39:55.386000,1.06233,1.06229,2440000,4350000
2017-04-13 12:39:57.581000,1.06234,1.06229,8880000,3970000
2017-04-13 12:39:58.121000,1.06234,1.0623,2320000,3600000
2017-04-13 12:39:58.654000,1.06233,1.06229,1500000,7720000
2017-04-13 12:40:00.519000,1.06232,1.06229,1000000,4350000
2017-04-13 12:40:01.043000,1.06233,1.06229,5620000,5470000
2017-04-13 12:40:01.791000,1.06233,1.06229,7120000,4350000
2017-04-13 12:40:02.775000,1.06232,1.06229,1250000,1720000
2017-04-13 12:40:03.282000,1.06233,1.06228,7690000,2470000
2017-04-13 12:40:03.812000,1.06233,1.06229,4690000,1500000
2017-04-13 12:40:04.624000,1.06231,1.06229,1000000,1000000
2017-04-13 12:40:05.130000,1.06232,1.06229,1690000,1000000
2017-04-13 12:40:05.658000,1.06232,1.06228,1690000,2620000
2017-04-13 12:40:07.259000,1.06232,1.06227,9560000,4500000
2017-04-13 12:40:07.571000,1.06231,1.06229,9750000,2470000
2017-04-13 12:40:07.877000,1.06233,1.06231,1500000,3710000
2017-04-13 12:40:07.979000,1.06235,1.06232,1120000,1120000
2017-04-13 12:40:08.206000,1.06236,1.06233,5060000,1370000
2017-04-13 12:40:08.257000,1.06236,1.06233,2810000,1120000
2017-04-13 12:40:08.763000,1.06236,1.06233,6560000,1500000
2017-04-13 12:40:09.424000,1.06236,1.06232,2620000,3370000
2017-04-13 12:40:10.076000,1.06237,1.06233,2250000,1120000
2017-04-13 12:40:10.598000,1.06237,1.06233,1120000,2250000
2017-04-13 12:40:13.436000,1.06235,1.06232,1120000,1500000
2017-04-13 12:40:14.536000,1.06235,1.06231,1120000,2620000
2017-04-13 12:40:15.640000,1.06234,1.06231,1000000,2250000
2017-04-13 12:40:16.263000,1.06235,1.06231,4120000,2250000
2017-04-13 12:40:16.739000,1.06234,1.06229,10500000,6220000
2017-04-13 12:40:17.245000,1.06234,1.06229,2250000,5470000
2017-04-13 12:40:19.040000,1.06234,1.0623,2250000,1370000
2017-04-13 12:40:19.547000,1.06235,1.06231,1500000,1870000
2017-04-13 12:40:20.068000,1.06235,1.06231,1870000,1870000
2017-04-13 12:40:23.499000,1.06235,1.06231,1120000,2620000
2017-04-13 12:40:25.236000,1.06235,1.06231,2620000,2620000
2017-04-13 12:40:28.113000,1.06235,1.06232,1120000,1000000
2017-04-13 12:40:29.169000,1.06234,1.06231,1000000,2620000
2017-04-13 12:40:29.678000,1.06235,1.06231,1120000,2620000
2017-04-13 12:40:31.456000,1.06234,1.06231,1000000,2250000
2017-04-13 12:40:31.993000,1.06235,1.06231,3370000,2250000
2017-04-13 12:40:32.517000,1.06234,1.06231,1000000,2250000
2017-04-13 12:40:33.133000,1.06235,1.06231,3370000,1000000
2017-04-13 12:40:33.718000,1.06235,1.06232,1000000,1000000
2017-04-13 12:40:34.225000,1.06236,1.06231,1120000,7500000
2017-04-13 12:40:34.732000,1.06236,1.06231,1690000,6000000
2017-04-13 12:40:36.086000,1.06236,1.06232,1500000,1870000
2017-04-13 12:40:36.593000,1.06236,1.06232,1250000,1870000
2017-04-13 12:40:36.999000,1.06234,1.06232,1000000,1000000
2017-04-13 12:40:37.506000,1.06234,1.06231,1000000,3000000
2017-04-13 12:40:38.017000,1.06233,1.06231,1000000,3000000
2017-04-13 12:40:39.236000,1.06232,1.06231,1000000,2250000
2017-04-13 12:40:39.389000,1.0623,1.06228,1500000,4870000
2017-04-13 12:40:39.896000,1.06229,1.06227,1000000,3370000
2017-04-13 12:40:42.349000,1.06229,1.06227,1000000,1500000
2017-04-13 12:40:42.401000,1.06231,1.06228,2360000,2620000
2017-04-13 12:40:44.264000,1.06232,1.06229,1000000,2250000
2017-04-13 12:40:44.776000,1.06233,1.0623,1120000,1120000
2017-04-13 12:40:45.722000,1.06233,1.0623,1000000,1500000
2017-04-13 12:40:46.518000,1.06233,1.0623,1000000,3370000
2017-04-13 12:40:47.178000,1.06233,1.06229,1000000,10870000
2017-04-13 12:40:47.682000,1.06233,1.0623,1000000,1000000
2017-04-13 12:40:48.185000,1.06233,1.06229,2250000,8370000
2017-04-13 12:40:48.963000,1.06234,1.0623,1500000,1990000
2017-04-13 12:40:49.268000,1.06236,1.06232,2620000,5620000
2017-04-13 12:40:49.817000,1.06236,1.06232,1000000,6750000
2017-04-13 12:40:50.336000,1.06236,1.06232,1690000,4500000
2017-04-13 12:40:51.748000,1.06236,1.06232,1250000,1500000
2017-04-13 12:40:52.255000,1.06236,1.06232,1690000,2250000
2017-04-13 12:40:52.499000,1.06237,1.06234,3750000,1370000
2017-04-13 12:40:52.601000,1.06238,1.06235,3750000,1370000
2017-04-13 12:40:53.109000,1.06237,1.06234,1870000,2620000
2017-04-13 12:40:53.404000,1.06236,1.06232,1000000,4500000
2017-04-13 12:40:54.215000,1.06237,1.06232,4910000,3000000
2017-04-13 12:40:55.302000,1.06238,1.06233,4720000,1000000
2017-04-13 12:40:55.829000,1.06238,1.06233,3600000,1500000
2017-04-13 12:40:56.331000,1.06239,1.06234,3750000,3370000
2017-04-13 12:40:56.906000,1.06238,1.06234,5620000,2250000
2017-04-13 12:41:00.209000,1.06237,1.06232,3000000,7500000
2017-04-13 12:41:01.935000,1.06236,1.06232,1500000,2620000
2017-04-13 12:41:04.381000,1.06236,1.06231,1870000,6370000
2017-04-13 12:41:08.084000,1.06236,1.06231,8470000,5370000
2017-04-13 12:41:08.509000,1.06235,1.0623,1870000,3120000
2017-04-13 12:41:09.231000,1.06234,1.0623,1000000,4990000
2017-04-13 12:41:09.827000,1.06235,1.0623,4120000,4990000
2017-04-13 12:41:11.771000,1.06235,1.06231,3370000,1000000
2017-04-13 12:41:12.739000,1.06236,1.06231,8850000,1120000
2017-04-13 12:41:13.240000,1.06236,1.06232,6220000,1000000
2017-04-13 12:41:14.841000,1.06236,1.06233,5850000,1000000
2017-04-13 12:41:24.759000,1.06236,1.06234,1000000,1870000
2017-04-13 12:41:24.967000,1.06239,1.06234,1120000,10720000
2017-04-13 12:41:25.474000,1.0624,1.06235,8810000,1000000
2017-04-13 12:41:26.127000,1.0624,1.06234,5810000,10350000
2017-04-13 12:41:27.298000,1.0624,1.06234,6560000,12970000
2017-04-13 12:41:27.836000,1.0624,1.06236,1000000,1500000
2017-04-13 12:41:28.387000,1.0624,1.06237,1000000,1160000
2017-04-13 12:41:31.515000,1.0624,1.06238,1000000,1000000
2017-04-13 12:41:31.566000,1.06241,1.06239,6470000,3220000
2017-04-13 12:41:31.668000,1.06242,1.06239,7120000,5470000
2017-04-13 12:41:31.719000,1.06244,1.0624,1500000,1870000
2017-04-13 12:41:32.227000,1.06245,1.06242,2620000,1000000
2017-04-13 12:41:32.805000,1.06246,1.06242,5100000,1000000
2017-04-13 12:41:33.365000,1.06246,1.06241,4500000,1500000
2017-04-13 12:41:36.558000,1.06246,1.06242,2620000,1000000
2017-04-13 12:41:37.088000,1.06246,1.06241,2250000,2620000
2017-04-13 12:41:38.325000,1.06246,1.06242,2250000,1000000
2017-04-13 12:41:39.054000,1.06246,1.06241,3000000,3750000
2017-04-13 12:41:47.598000,1.06244,1.06241,1000000,1000000
2017-04-13 12:41:47.801000,1.06244,1.06239,2250000,6370000
2017-04-13 12:41:48.004000,1.06244,1.06241,1000000,1000000
2017-04-13 12:41:48.583000,1.06244,1.0624,1500000,1000000
2017-04-13 12:41:49.091000,1.06245,1.06241,4720000,1000000
2017-04-13 12:41:49.625000,1.06245,1.0624,2620000,5250000
2017-04-13 12:41:54.079000,1.06245,1.06241,1870000,1000000
2017-04-13 12:41:54.606000,1.06245,1.0624,1870000,5250000
2017-04-13 12:41:55.142000,1.06245,1.06241,1350000,1000000
2017-04-13 12:41:57.705000,1.06246,1.06241,11340000,1500000
2017-04-13 12:41:58.013000,1.06246,1.06244,2870000,1120000
2017-04-13 12:41:58.369000,1.06249,1.06246,1000000,1000000
2017-04-13 12:41:59.366000,1.0625,1.06246,1120000,1000000
2017-04-13 12:41:59.894000,1.06251,1.06246,9940000,3190000
2017-04-13 12:42:05.219000,1.06251,1.06246,10870000,1690000
2017-04-13 12:42:05.680000,1.06251,1.06249,6000000,1370000
2017-04-13 12:42:05.731000,1.06251,1.06248,4500000,5250000
2017-04-13 12:42:05.835000,1.06252,1.06249,5250000,3220000
2017-04-13 12:42:05.937000,1.06253,1.06249,2620000,8620000
2017-04-13 12:42:06.525000,1.06254,1.0625,1120000,2620000
2017-04-13 12:42:07.067000,1.06255,1.0625,1870000,3370000
2017-04-13 12:42:07.858000,1.06251,1.06249,5660000,2620000
2017-04-13 12:42:08.063000,1.06247,1.06245,1120000,6370000
2017-04-13 12:42:08.115000,1.06246,1.06244,5620000,5250000
2017-04-13 12:42:08.340000,1.06242,1.06241,1000000,3750000
2017-04-13 12:42:08.395000,1.06244,1.06241,2620000,2250000
2017-04-13 12:42:08.547000,1.06244,1.06239,1000000,8440000
2017-04-13 12:42:08.599000,1.06244,1.06241,1000000,1000000
2017-04-13 12:42:09.108000,1.06245,1.06242,1120000,1000000
2017-04-13 12:42:09.465000,1.06245,1.0624,1120000,8620000
2017-04-13 12:42:09.992000,1.06245,1.06241,1120000,2250000
2017-04-13 12:42:11.973000,1.06245,1.0624,1120000,4870000
2017-04-13 12:42:12.125000,1.06244,1.0624,1270000,1990000
2017-04-13 12:42:12.430000,1.06241,1.06237,3190000,1240000
2017-04-13 12:42:13.470000,1.06242,1.06237,7500000,2480000
2017-04-13 12:42:13.983000,1.06242,1.06237,4500000,2850000
2017-04-13 12:42:14.408000,1.06242,1.06239,1500000,1500000
2017-04-13 12:42:14.899000,1.06242,1.06237,2250000,4240000
2017-04-13 12:42:15.810000,1.06242,1.06238,1500000,1000000
2017-04-13 12:42:16.327000,1.06242,1.06237,3370000,1990000
2017-04-13 12:42:16.864000,1.06241,1.06236,2620000,6120000
2017-04-13 12:42:19.575000,1.06242,1.06238,7500000,1000000
2017-04-13 12:42:20.110000,1.06242,1.06237,4500000,3490000
2017-04-13 12:42:20.212000,1.06242,1.06239,3750000,1000000
2017-04-13 12:42:20.415000,1.06242,1.06237,4500000,4240000
2017-04-13 12:42:20.923000,1.06241,1.06237,1120000,1160000
2017-04-13 12:42:21.278000,1.06241,1.06239,1000000,1000000
2017-04-13 12:42:21.508000,1.06241,1.06237,1870000,1160000
2017-04-13 12:42:22.407000,1.06241,1.06237,4120000,1160000
2017-04-13 12:42:22.660000,1.0624,1.06235,1870000,6000000
2017-04-13 12:42:23.083000,1.0624,1.06237,1000000,1000000
2017-04-13 12:42:23.540000,1.06242,1.06238,6940000,1000000
2017-04-13 12:42:24.056000,1.06242,1.06237,7690000,3750000
2017-04-13 12:42:24.711000,1.06242,1.06237,6940000,2250000
2017-04-13 12:42:25.218000,1.06241,1.06236,1870000,6750000
2017-04-13 12:42:26.142000,1.06241,1.06237,2620000,1000000
2017-04-13 12:42:28.097000,1.06241,1.06237,1000000,2370000
2017-04-13 12:42:29.438000,1.06241,1.06239,1000000,2250000
2017-04-13 12:42:29.540000,1.06243,1.06239,1000000,6750000
2017-04-13 12:42:30.156000,1.06244,1.0624,1120000,1500000
2017-04-13 12:42:30.746000,1.06245,1.06242,1000000,3000000
2017-04-13 12:42:31.313000,1.06245,1.06243,1000000,1000000
2017-04-13 12:42:31.887000,1.06246,1.06243,5530000,1000000
2017-04-13 12:42:33.195000,1.06245,1.06243,1000000,1000000
2017-04-13 12:42:35.038000,1.06247,1.06245,1000000,3000000
2017-04-13 12:42:35.139000,1.06249,1.06245,1500000,5250000
2017-04-13 12:42:35.708000,1.06249,1.06245,2620000,1500000
2017-04-13 12:42:36.063000,1.0625,1.06246,2250000,1500000
2017-04-13 12:42:36.428000,1.06251,1.06248,7970000,1000000
2017-04-13 12:42:36.735000,1.06252,1.0625,2250000,1500000
2017-04-13 12:42:36.888000,1.06254,1.0625,1120000,1120000
2017-04-13 12:42:37.396000,1.06253,1.06249,3750000,9750000
2017-04-13 12:42:37.670000,1.06253,1.06249,4870000,7120000
2017-04-13 12:42:37.822000,1.06251,1.06247,3000000,1870000
2017-04-13 12:42:38.731000,1.06251,1.06246,2620000,6750000
2017-04-13 12:42:40.693000,1.06251,1.06247,2620000,1000000
2017-04-13 12:42:46.972000,1.06251,1.06248,1000000,1000000
2017-04-13 12:42:48.593000,1.06251,1.06248,3750000,1000000
2017-04-13 12:42:48.747000,1.06247,1.06245,1870000,3000000
2017-04-13 12:42:49.019000,1.06246,1.06244,1000000,1000000
2017-04-13 12:42:49.526000,1.06248,1.06245,3450000,1000000
2017-04-13 12:42:50.583000,1.06248,1.06245,3370000,1000000
2017-04-13 12:42:50.807000,1.0625,1.06246,6000000,1000000
2017-04-13 12:42:51.112000,1.06248,1.06246,1000000,1000000
2017-04-13 12:42:51.315000,1.06246,1.06243,1120000,1000000
2017-04-13 12:42:51.822000,1.06247,1.06244,6000000,1500000
2017-04-13 12:42:52.355000,1.06246,1.06243,1120000,1500000
2017-04-13 12:42:54.082000,1.06247,1.06244,6370000,1000000
2017-04-13 12:42:54.638000,1.06247,1.06244,5620000,1000000
2017-04-13 12:42:57.411000,1.06248,1.06244,9230000,1500000
2017-04-13 12:42:57.567000,1.06246,1.06244,1000000,1000000
2017-04-13 12:42:57.872000,1.06246,1.06242,2250000,1000000
2017-04-13 12:42:58.869000,1.06246,1.06243,1870000,1000000
2017-04-13 12:42:59.433000,1.06246,1.06242,3000000,1870000
2017-04-13 12:42:59.942000,1.06246,1.06242,1870000,2250000
2017-04-13 12:43:00.835000,1.06246,1.06242,4780000,1500000
2017-04-13 12:43:01.350000,1.06246,1.06241,7780000,1000000
2017-04-13 12:43:02.659000,1.06246,1.06242,5530000,1500000
2017-04-13 12:43:03.328000,1.06246,1.06243,4410000,1870000
2017-04-13 12:43:03.379000,1.06249,1.06245,3750000,2620000
2017-04-13 12:43:03.886000,1.06249,1.06246,4120000,1000000
2017-04-13 12:43:04.089000,1.06251,1.06247,12280000,1000000
2017-04-13 12:43:04.242000,1.06251,1.0625,5530000,1000000
2017-04-13 12:43:04.546000,1.06256,1.06252,4870000,2620000
2017-04-13 12:43:04.741000,1.06257,1.06255,4500000,1120000
2017-04-13 12:43:04.844000,1.06258,1.06256,4870000,1370000
2017-04-13 12:43:05.149000,1.0626,1.06257,3000000,1000000
2017-04-13 12:43:05.658000,1.06261,1.06258,5160000,1000000
2017-04-13 12:43:06.781000,1.06262,1.0626,4220000,1370000
2017-04-13 12:43:06.883000,1.06263,1.06261,1500000,1000000
2017-04-13 12:43:07.036000,1.06265,1.06262,1870000,1000000
2017-04-13 12:43:07.635000,1.06266,1.06262,9940000,1000000
2017-04-13 12:43:08.662000,1.06266,1.06263,4410000,1000000
2017-04-13 12:43:09.017000,1.06266,1.06261,7880000,3370000
2017-04-13 12:43:10.121000,1.06266,1.06262,8910000,1000000
2017-04-13 12:43:10.627000,1.06266,1.06263,6660000,1000000
2017-04-13 12:43:14.440000,1.06264,1.06262,1000000,1000000
2017-04-13 12:43:14.947000,1.06265,1.06261,1000000,3750000
2017-04-13 12:43:15.252000,1.06262,1.06259,2250000,3000000
2017-04-13 12:43:15.758000,1.06261,1.06259,1000000,3000000
2017-04-13 12:43:16.137000,1.06263,1.0626,1870000,1000000
2017-04-13 12:43:16.379000,1.06261,1.0626,1000000,1000000
2017-04-13 12:43:16.633000,1.06263,1.0626,1870000,1000000
2017-04-13 12:43:17.039000,1.06265,1.06261,8060000,1000000
2017-04-13 12:43:17.573000,1.06265,1.06262,1000000,1000000
2017-04-13 12:43:18.076000,1.06266,1.06262,8060000,1000000
2017-04-13 12:43:18.180000,1.06264,1.06261,1000000,3000000
2017-04-13 12:43:18.626000,1.06266,1.06262,7220000,2250000
2017-04-13 12:43:19.165000,1.06266,1.06261,6470000,4870000
2017-04-13 12:43:19.318000,1.06264,1.06261,1000000,4120000
2017-04-13 12:43:19.673000,1.06264,1.0626,1000000,5620000
2017-04-13 12:43:19.724000,1.06262,1.0626,2060000,3370000
2017-04-13 12:43:19.877000,1.06261,1.06258,1000000,2250000
2017-04-13 12:43:21.007000,1.06261,1.06257,5530000,5250000
2017-04-13 12:43:24.550000,1.06262,1.06258,2440000,1000000
2017-04-13 12:43:25.085000,1.06261,1.06258,1500000,1500000
2017-04-13 12:43:29.081000,1.06261,1.06257,1500000,6750000
2017-04-13 12:43:29.485000,1.06259,1.06256,1120000,1000000
2017-04-13 12:43:29.790000,1.06257,1.06255,1000000,1000000
2017-04-13 12:43:29.993000,1.06256,1.06253,1000000,1000000
2017-04-13 12:43:30.532000,1.06257,1.06253,2620000,1500000
2017-04-13 12:43:31.567000,1.06258,1.06254,4120000,2250000
2017-04-13 12:43:31.669000,1.06256,1.06254,1000000,2620000
2017-04-13 12:43:31.974000,1.06255,1.06252,8100000,1000000
2017-04-13 12:43:32.500000,1.06257,1.06253,2850000,2250000
2017-04-13 12:43:32.602000,1.06257,1.06253,1000000,2620000
2017-04-13 12:43:33.113000,1.06257,1.06254,1500000,2620000
2017-04-13 12:43:33.992000,1.06258,1.06255,4390000,1000000
2017-04-13 12:43:34.470000,1.06256,1.06254,1000000,6000000
2017-04-13 12:43:34.775000,1.06251,1.06249,1120000,1500000
2017-04-13 12:43:35.028000,1.0625,1.06247,1000000,2470000
2017-04-13 12:43:35.575000,1.0625,1.06246,1500000,2620000
2017-04-13 12:43:36.083000,1.06251,1.06247,3470000,4500000
2017-04-13 12:43:37.049000,1.06252,1.06247,5620000,3000000
2017-04-13 12:43:37.556000,1.06251,1.06248,1250000,1120000
2017-04-13 12:43:38.551000,1.06251,1.06247,2620000,2250000
2017-04-13 12:43:41.433000,1.06251,1.06248,1870000,1120000
2017-04-13 12:43:46.922000,1.0625,1.06247,1250000,1000000
2017-04-13 12:43:47.024000,1.0625,1.06245,8440000,2620000
2017-04-13 12:43:47.531000,1.0625,1.06245,3370000,1870000
2017-04-13 12:43:48.131000,1.0625,1.06245,2620000,3370000
2017-04-13 12:43:48.671000,1.06251,1.06247,4970000,2620000
2017-04-13 12:43:49.129000,1.06252,1.06247,4120000,4870000
2017-04-13 12:43:49.639000,1.06251,1.06247,1500000,4870000
2017-04-13 12:43:49.780000,1.06251,1.06249,1500000,1000000
2017-04-13 12:43:50.287000,1.06251,1.06248,1220000,1000000
2017-04-13 12:43:50.930000,1.06252,1.06248,3370000,1500000
2017-04-13 12:43:51.438000,1.06251,1.06248,1250000,1000000
2017-04-13 12:43:52.437000,1.06252,1.06248,1120000,1120000
2017-04-13 12:43:52.974000,1.06251,1.06248,1030000,1000000
2017-04-13 12:43:54.208000,1.06251,1.06247,1590000,4870000
2017-04-13 12:43:54.715000,1.0625,1.06247,1000000,1120000
2017-04-13 12:43:55.249000,1.06251,1.06247,3940000,1120000
2017-04-13 12:43:56.433000,1.0625,1.06247,1000000,1120000
2017-04-13 12:43:56.957000,1.06251,1.06248,1690000,1870000
2017-04-13 12:43:57.828000,1.06251,1.06247,2440000,2700000
2017-04-13 12:43:58.338000,1.06251,1.06247,2160000,2820000
2017-04-13 12:43:59.568000,1.0625,1.06247,1000000,2700000
2017-04-13 12:44:00.073000,1.06251,1.06247,5910000,1870000
2017-04-13 12:44:00.499000,1.06249,1.06246,4870000,1500000
2017-04-13 12:44:00.844000,1.06246,1.06244,1370000,2620000
2017-04-13 12:44:00.895000,1.06246,1.06242,5440000,2620000
2017-04-13 12:44:01.048000,1.06245,1.06242,1370000,1000000
2017-04-13 12:44:01.559000,1.06245,1.06241,1120000,2250000
2017-04-13 12:44:03.638000,1.06241,1.0624,1120000,1500000
2017-04-13 12:44:03.792000,1.06241,1.06239,1870000,1500000
2017-04-13 12:44:03.894000,1.06241,1.06237,3000000,2620000
2017-04-13 12:44:05.528000,1.06241,1.06238,1500000,1000000
2017-04-13 12:44:07.975000,1.06241,1.06239,1000000,1000000
2017-04-13 12:44:08.684000,1.06242,1.06239,1870000,1000000
2017-04-13 12:44:09.211000,1.06241,1.06239,1030000,1000000
2017-04-13 12:44:09.821000,1.06242,1.06239,2620000,1000000
2017-04-13 12:44:10.341000,1.06242,1.06238,2620000,1000000
2017-04-13 12:44:10.970000,1.06241,1.06238,1000000,1500000
2017-04-13 12:44:11.477000,1.06242,1.06238,3370000,1870000
2017-04-13 12:44:13.659000,1.06242,1.06239,1500000,1500000
2017-04-13 12:44:13.711000,1.0624,1.06239,11290000,1000000
2017-04-13 12:44:13.800000,1.06237,1.06236,1000000,1500000
2017-04-13 12:44:14.426000,1.06238,1.06236,1200000,1000000
2017-04-13 12:44:15.086000,1.06238,1.06234,1070000,5700000
2017-04-13 12:44:15.493000,1.0624,1.06235,6750000,1870000
2017-04-13 12:44:15.883000,1.0624,1.06237,3750000,1000000
2017-04-13 12:44:16.419000,1.06242,1.06237,10970000,5620000
2017-04-13 12:44:17.969000,1.06241,1.06238,1120000,1000000
2017-04-13 12:44:18.476000,1.06242,1.06238,1500000,4240000
2017-04-13 12:44:18.979000,1.06242,1.06238,2250000,4240000
2017-04-13 12:44:20.166000,1.06242,1.06238,3000000,4240000
2017-04-13 12:44:21.889000,1.06241,1.06238,1000000,4240000
2017-04-13 12:44:22.507000,1.06242,1.06238,3000000,4240000
2017-04-13 12:44:24.144000,1.06242,1.06239,3000000,1120000
2017-04-13 12:44:24.680000,1.06242,1.06238,3000000,5370000
2017-04-13 12:44:25.186000,1.06242,1.06239,3000000,1120000
2017-04-13 12:44:30.199000,1.06242,1.06238,3000000,5370000
2017-04-13 12:44:31.860000,1.06242,1.06241,1000000,1120000
2017-04-13 12:44:32.013000,1.06245,1.06241,1870000,2250000
2017-04-13 12:44:33.232000,1.06246,1.06242,7870000,1500000
2017-04-13 12:44:33.736000,1.06246,1.06242,6750000,1870000
2017-04-13 12:44:41.796000,1.06247,1.06245,5060000,1870000
2017-04-13 12:44:42.114000,1.06252,1.06248,7590000,5100000
2017-04-13 12:44:42.695000,1.06252,1.06249,7970000,1300000
2017-04-13 12:44:43.328000,1.06251,1.06248,1000000,3000000
2017-04-13 12:44:43.835000,1.06252,1.06248,8570000,2250000
2017-04-13 12:44:45.208000,1.06251,1.06248,1120000,1120000
2017-04-13 12:44:45.715000,1.06251,1.06246,5100000,9000000
2017-04-13 12:44:47.671000,1.0625,1.06246,1370000,4120000
2017-04-13 12:44:48.216000,1.06249,1.06246,1300000,2250000
2017-04-13 12:44:48.574000,1.06247,1.06246,1300000,1120000
2017-04-13 12:44:48.880000,1.06246,1.06243,3220000,2620000
2017-04-13 12:44:50.310000,1.06246,1.06243,2850000,1870000
2017-04-13 12:44:52.842000,1.06245,1.06243,1500000,2620000
2017-04-13 12:44:52.894000,1.06243,1.06242,1300000,4500000
2017-04-13 12:44:53.160000,1.06243,1.0624,1570000,2620000
2017-04-13 12:44:53.989000,1.06244,1.0624,2550000,1870000
2017-04-13 12:44:54.740000,1.06243,1.0624,1350000,2620000
2017-04-13 12:44:55.247000,1.06242,1.06239,2920000,1500000
2017-04-13 12:44:55.929000,1.06241,1.06239,1720000,1050000
2017-04-13 12:44:56.520000,1.06241,1.06237,6670000,2370000
2017-04-13 12:44:57.080000,1.06241,1.06237,7350000,1240000
2017-04-13 12:44:57.583000,1.06241,1.06237,5850000,1870000
2017-04-13 12:44:59.711000,1.06242,1.06239,3600000,1370000
2017-04-13 12:45:00.240000,1.06242,1.06239,4160000,1000000
