time,ask,bid,ask_volume,bid_volume
2018-01-11 13:25:00.276000,1.20139,1.20137,1310000,1000000
2018-01-11 13:25:00.869000,1.20139,1.20135,2140000,5250000
2018-01-11 13:25:01.386000,1.20139,1.20135,2320000,9750000
2018-01-11 13:25:01.899000,1.20139,1.20135,2320000,4610000
2018-01-11 13:25:03.168000,1.20138,1.20136,1000000,1870000
2018-01-11 13:25:05.925000,1.20139,1.20136,1200000,1070000
2018-01-11 13:25:06.442000,1.20139,1.20136,1950000,5010000
2018-01-11 13:25:07.423000,1.20142,1.2014,9370000,7760000
2018-01-11 13:25:07.586000,1.20143,1.20141,1000000,1570000
2018-01-11 13:25:08.111000,1.20144,1.20141,2440000,1310000
2018-01-11 13:25:11.626000,1.20145,1.20142,4120000,1500000
2018-01-11 13:25:11.731000,1.20146,1.20144,1100000,2620000
2018-01-11 13:25:11.784000,1.20147,1.20144,3750000,2250000
2018-01-11 13:25:11.969000,1.20144,1.20141,1500000,6820000
2018-01-11 13:25:12.505000,1.20143,1.20141,1500000,1310000
2018-01-11 13:25:13.077000,1.20143,1.20139,1120000,9070000
2018-01-11 13:25:14.007000,1.20143,1.20139,2250000,8140000
2018-01-11 13:25:15.100000,1.20143,1.20139,1000000,6570000
2018-01-11 13:25:15.868000,1.2014,1.20139,1000000,1950000
2018-01-11 13:25:16.214000,1.20139,1.20137,1000000,2620000
2018-01-11 13:25:17.351000,1.20139,1.20137,1000000,2810000
2018-01-11 13:25:19.055000,1.20139,1.20136,4310000,2140000
2018-01-11 13:25:19.213000,1.2014,1.20139,1690000,1870000
2018-01-11 13:25:19.369000,1.2014,1.20137,1690000,1120000
2018-01-11 13:25:20.373000,1.2014,1.20136,2810000,4950000
2018-01-11 13:25:20.933000,1.20139,1.20137,1500000,2250000
2018-01-11 13:25:21.295000,1.20138,1.20135,1000000,3900000
2018-01-11 13:25:21.811000,1.20138,1.20136,1000000,1270000
2018-01-11 13:25:22.182000,1.20139,1.20136,2620000,5140000
2018-01-11 13:25:22.707000,1.20141,1.20138,2320000,1870000
2018-01-11 13:25:23.274000,1.20141,1.20139,2250000,1950000
2018-01-11 13:25:24.480000,1.2014,1.20139,1000000,1120000
2018-01-11 13:25:24.533000,1.20142,1.20141,3000000,1500000
2018-01-11 13:25:24.640000,1.20143,1.2014,1000000,1870000
2018-01-11 13:25:25.017000,1.2014,1.20138,1000000,3000000
2018-01-11 13:25:25.537000,1.20139,1.20137,1000000,1390000
2018-01-11 13:25:26.947000,1.20137,1.20135,1500000,1950000
2018-01-11 13:25:27.465000,1.20137,1.20135,2440000,1690000
2018-01-11 13:25:28.138000,1.20135,1.20133,3940000,1000000
2018-01-11 13:25:28.656000,1.20135,1.20132,1120000,1950000
2018-01-11 13:25:29.417000,1.20134,1.20131,1000000,6070000
2018-01-11 13:25:29.935000,1.20134,1.20132,1000000,1120000
2018-01-11 13:25:30.783000,1.20134,1.20131,1000000,2700000
2018-01-11 13:25:31.314000,1.20133,1.20129,1500000,3450000
2018-01-11 13:25:31.830000,1.20133,1.20129,2320000,2700000
2018-01-11 13:25:32.143000,1.2013,1.20126,1000000,11320000
2018-01-11 13:25:32.684000,1.2013,1.20127,5250000,1500000
2018-01-11 13:25:33.305000,1.2013,1.20126,2250000,3150000
2018-01-11 13:25:34.644000,1.2013,1.20126,2250000,3150000
2018-01-11 13:25:35.736000,1.20129,1.20127,1000000,1950000
2018-01-11 13:25:36.256000,1.2013,1.20127,3750000,1950000
2018-01-11 13:25:36.792000,1.2013,1.20126,3820000,3370000
2018-01-11 13:25:37.468000,1.2013,1.20127,4200000,1000000
2018-01-11 13:25:37.767000,1.20133,1.20129,5510000,6750000
2018-01-11 13:25:38.282000,1.20133,1.20129,5320000,2250000
2018-01-11 13:25:39.070000,1.20133,1.2013,3450000,1500000
2018-01-11 13:25:39.489000,1.20131,1.20129,1000000,1000000
2018-01-11 13:25:40.184000,1.20133,1.2013,2700000,1100000
2018-01-11 13:25:40.700000,1.20134,1.20131,8700000,1000000
2018-01-11 13:25:41.263000,1.20135,1.20133,3070000,1000000
2018-01-11 13:25:41.324000,1.20135,1.20131,7120000,1100000
2018-01-11 13:25:41.878000,1.20135,1.2013,3940000,6150000
2018-01-11 13:25:42.494000,1.20134,1.20131,1010000,1000000
2018-01-11 13:25:43.007000,1.20135,1.2013,8510000,7650000
2018-01-11 13:25:43.671000,1.20134,1.20131,1390000,1500000
2018-01-11 13:25:44.228000,1.20135,1.2013,7010000,5400000
2018-01-11 13:25:44.702000,1.20133,1.2013,1540000,2400000
2018-01-11 13:25:44.961000,1.20132,1.20128,1120000,10570000
2018-01-11 13:25:45.478000,1.20133,1.20129,6190000,1120000
2018-01-11 13:25:45.991000,1.20132,1.20128,1000000,10870000
2018-01-11 13:25:46.713000,1.2013,1.20129,1000000,1000000
2018-01-11 13:25:46.765000,1.2013,1.20127,1500000,1120000
2018-01-11 13:25:47.384000,1.2013,1.20126,3640000,5320000
2018-01-11 13:25:47.891000,1.20129,1.20126,1000000,6070000
2018-01-11 13:25:48.357000,1.2013,1.20128,2620000,1120000
2018-01-11 13:25:48.984000,1.20131,1.20128,3000000,2850000
2018-01-11 13:25:49.152000,1.20137,1.20133,7570000,1500000
2018-01-11 13:25:49.257000,1.20135,1.20132,1000000,1570000
2018-01-11 13:25:49.699000,1.20134,1.20131,1000000,2700000
2018-01-11 13:25:49.755000,1.20132,1.2013,1000000,2620000
2018-01-11 13:25:49.862000,1.20132,1.20128,3190000,7120000
2018-01-11 13:25:50.514000,1.20131,1.20129,1000000,1000000
2018-01-11 13:25:51.031000,1.20132,1.20129,5510000,1500000
2018-01-11 13:25:51.343000,1.20132,1.20131,1570000,1000000
2018-01-11 13:25:51.586000,1.20135,1.20133,1690000,2440000
2018-01-11 13:25:52.524000,1.20136,1.20134,1000000,1120000
2018-01-11 13:25:52.579000,1.20134,1.20132,1000000,3000000
2018-01-11 13:25:52.631000,1.20134,1.20132,1500000,1000000
2018-01-11 13:25:52.736000,1.20132,1.2013,2250000,1570000
2018-01-11 13:25:52.789000,1.20131,1.20128,1000000,4500000
2018-01-11 13:25:53.346000,1.20131,1.20128,1310000,6070000
2018-01-11 13:25:53.862000,1.2013,1.20126,3000000,5930000
2018-01-11 13:25:56.084000,1.2013,1.20126,3190000,2250000
2018-01-11 13:25:56.894000,1.20131,1.20128,3070000,1500000
2018-01-11 13:25:57,1.20133,1.20129,6940000,4120000
2018-01-11 13:25:57.214000,1.20135,1.2013,4690000,10010000
2018-01-11 13:25:57.266000,1.20135,1.20132,1690000,1000000
2018-01-11 13:25:57.785000,1.20135,1.20131,2890000,1570000
2018-01-11 13:25:58.300000,1.20135,1.20132,1760000,1000000
2018-01-11 13:25:58.852000,1.20136,1.20132,2250000,1120000
2018-01-11 13:25:59.382000,1.20137,1.20133,5620000,1000000
2018-01-11 13:25:59.905000,1.20137,1.20132,4120000,3820000
2018-01-11 13:26:00.212000,1.20138,1.20135,1760000,2250000
2018-01-11 13:26:00.265000,1.20139,1.20135,3750000,5510000
2018-01-11 13:26:00.369000,1.2014,1.20137,11060000,1000000
2018-01-11 13:26:00.965000,1.20141,1.20137,5810000,3750000
2018-01-11 13:26:02.277000,1.20137,1.20134,1500000,1500000
2018-01-11 13:26:02.742000,1.20134,1.20133,1500000,1100000
2018-01-11 13:26:02.795000,1.20133,1.20129,3070000,1870000
2018-01-11 13:26:02.899000,1.20131,1.20129,5960000,1000000
2018-01-11 13:26:03.045000,1.2013,1.20127,2810000,1100000
2018-01-11 13:26:03.098000,1.20128,1.20125,3370000,1500000
2018-01-11 13:26:03.617000,1.20128,1.20124,3410000,5920000
2018-01-11 13:26:04.193000,1.20128,1.20125,3000000,5620000
2018-01-11 13:26:04.298000,1.20129,1.20128,2250000,1500000
2018-01-11 13:26:04.350000,1.20131,1.20129,1000000,1000000
2018-01-11 13:26:04.455000,1.20133,1.20131,2320000,1000000
2018-01-11 13:26:04.988000,1.20135,1.20131,8140000,1000000
2018-01-11 13:26:05.506000,1.20134,1.2013,3940000,4120000
2018-01-11 13:26:06.076000,1.20134,1.20131,2250000,1000000
2018-01-11 13:26:06.599000,1.20135,1.2013,7610000,3000000
2018-01-11 13:26:06.909000,1.20133,1.2013,1000000,4500000
2018-01-11 13:26:08.660000,1.20134,1.20131,1250000,1120000
2018-01-11 13:26:09.004000,1.20132,1.20129,3600000,2250000
2018-01-11 13:26:09.057000,1.20131,1.20127,5060000,4200000
2018-01-11 13:26:09.214000,1.20129,1.20126,1000000,3450000
2018-01-11 13:26:09.426000,1.20134,1.2013,2320000,1200000
2018-01-11 13:26:10.329000,1.20134,1.20131,1870000,1000000
2018-01-11 13:26:10.744000,1.20135,1.20134,1100000,5440000
2018-01-11 13:26:10.922000,1.20139,1.20135,1250000,4870000
2018-01-11 13:26:11.041000,1.2014,1.20136,1190000,3820000
2018-01-11 13:26:12.560000,1.20139,1.20135,5810000,2320000
2018-01-11 13:26:13.087000,1.20138,1.20135,1000000,2320000
2018-01-11 13:26:13.663000,1.20139,1.20135,2250000,3820000
2018-01-11 13:26:14.181000,1.20139,1.20136,2250000,2250000
2018-01-11 13:26:14.742000,1.20139,1.20135,1000000,1500000
2018-01-11 13:26:15.006000,1.20138,1.20135,3940000,1000000
2018-01-11 13:26:15.299000,1.20135,1.20132,1000000,1870000
2018-01-11 13:26:15.824000,1.20136,1.20132,1000000,2620000
2018-01-11 13:26:18.523000,1.20138,1.20135,4270000,2250000
2018-01-11 13:26:18.861000,1.20143,1.2014,1870000,1870000
2018-01-11 13:26:19.071000,1.20146,1.20142,1120000,1200000
2018-01-11 13:26:19.467000,1.20145,1.20142,1940000,1000000
2018-01-11 13:26:19.522000,1.20142,1.20138,1200000,2700000
2018-01-11 13:26:20.121000,1.20141,1.20138,1000000,3820000
2018-01-11 13:26:20.695000,1.20142,1.20138,1950000,3820000
2018-01-11 13:26:21.223000,1.2014,1.20137,1000000,3450000
2018-01-11 13:26:21.763000,1.20141,1.20138,3830000,1000000
2018-01-11 13:26:23.299000,1.20142,1.2014,2250000,1000000
2018-01-11 13:26:23.632000,1.20148,1.20145,5790000,1500000
2018-01-11 13:26:23.685000,1.20147,1.20143,1250000,2250000
2018-01-11 13:26:24.204000,1.20146,1.20143,1000000,2250000
2018-01-11 13:26:26.637000,1.20146,1.20142,1250000,2810000
2018-01-11 13:26:27.147000,1.20146,1.20141,4570000,3260000
2018-01-11 13:26:28.544000,1.20145,1.20142,1250000,1000000
2018-01-11 13:26:29.264000,1.20144,1.20141,1000000,4950000
2018-01-11 13:26:29.421000,1.20142,1.2014,1000000,1500000
2018-01-11 13:26:29.612000,1.20142,1.20138,2890000,2700000
2018-01-11 13:26:30.257000,1.2014,1.20138,1000000,2250000
2018-01-11 13:26:30.802000,1.2014,1.20136,2250000,7950000
2018-01-11 13:26:31.267000,1.20142,1.2014,1000000,2620000
2018-01-11 13:26:31.372000,1.20144,1.20141,1000000,1500000
2018-01-11 13:26:31.903000,1.20145,1.20141,1690000,4010000
2018-01-11 13:26:32.521000,1.20145,1.20142,1690000,1500000
2018-01-11 13:26:33.022000,1.20145,1.20141,1690000,2890000
2018-01-11 13:26:33.670000,1.20145,1.20142,1690000,2250000
2018-01-11 13:26:34.544000,1.20145,1.20141,1000000,5510000
2018-01-11 13:26:35.194000,1.20144,1.2014,1120000,5320000
2018-01-11 13:26:35.246000,1.20142,1.2014,2470000,3750000
2018-01-11 13:26:35.351000,1.20141,1.20138,1000000,1570000
2018-01-11 13:26:35.890000,1.20141,1.20137,6940000,2250000
2018-01-11 13:26:36.589000,1.2014,1.20136,1250000,3070000
2018-01-11 13:26:36.789000,1.20138,1.20136,1000000,3070000
2018-01-11 13:26:36.842000,1.20138,1.20134,9190000,1120000
2018-01-11 13:26:37.849000,1.20137,1.20134,1250000,3370000
2018-01-11 13:26:38.366000,1.20138,1.20134,9560000,4870000
2018-01-11 13:26:40.907000,1.20138,1.20135,2060000,1000000
2018-01-11 13:26:43.278000,1.20139,1.20135,1120000,2320000
2018-01-11 13:26:43.855000,1.2014,1.20136,1310000,2320000
2018-01-11 13:26:44.427000,1.2014,1.20137,1250000,2250000
2018-01-11 13:26:47.058000,1.2014,1.20136,1190000,1500000
2018-01-11 13:26:47.572000,1.2014,1.20137,7010000,1000000
2018-01-11 13:26:48.189000,1.2014,1.20136,6260000,1100000
2018-01-11 13:26:48.907000,1.20136,1.20134,1000000,8020000
2018-01-11 13:26:49.015000,1.20135,1.20131,1250000,6000000
2018-01-11 13:26:49.561000,1.20135,1.20131,3560000,4500000
2018-01-11 13:26:50.075000,1.20135,1.20132,4310000,1000000
2018-01-11 13:26:50.683000,1.20135,1.20131,1310000,5250000
2018-01-11 13:26:51.792000,1.20135,1.20132,2810000,1000000
2018-01-11 13:26:53.058000,1.20135,1.20131,2060000,2620000
2018-01-11 13:26:53.690000,1.20135,1.20132,4310000,1000000
2018-01-11 13:26:54.242000,1.20135,1.20131,3640000,1500000
2018-01-11 13:26:54.995000,1.20133,1.20131,3190000,1000000
2018-01-11 13:26:55.106000,1.20129,1.20127,2250000,1000000
2018-01-11 13:26:55.625000,1.2013,1.20126,5060000,1000000
2018-01-11 13:26:56.248000,1.20131,1.20128,3070000,1000000
2018-01-11 13:26:56.845000,1.20131,1.20128,1000000,3190000
2018-01-11 13:26:57.361000,1.20132,1.20128,3370000,3640000
2018-01-11 13:26:57.673000,1.2013,1.20126,6000000,3000000
2018-01-11 13:26:57.725000,1.2013,1.20125,2250000,11700000
2018-01-11 13:26:58.647000,1.2013,1.20126,3750000,2250000
2018-01-11 13:27:00.074000,1.2013,1.20126,2250000,5330000
2018-01-11 13:27:00.605000,1.20131,1.20127,5510000,1000000
2018-01-11 13:27:00.876000,1.20128,1.20126,1310000,1500000
2018-01-11 13:27:01.241000,1.20128,1.20124,2250000,9070000
2018-01-11 13:27:01.628000,1.20128,1.20125,1500000,2620000
2018-01-11 13:27:02.146000,1.20129,1.20125,1690000,1570000
2018-01-11 13:27:02.252000,1.20127,1.20124,2250000,3370000
2018-01-11 13:27:02.793000,1.20126,1.20122,1120000,3260000
2018-01-11 13:27:03.335000,1.20126,1.20122,1120000,2620000
2018-01-11 13:27:03.871000,1.20125,1.20122,1500000,1500000
2018-01-11 13:27:04.410000,1.20125,1.20121,1250000,4570000
2018-01-11 13:27:04.738000,1.20123,1.20121,3750000,1200000
2018-01-11 13:27:04.939000,1.20123,1.20119,1950000,2700000
2018-01-11 13:27:05.586000,1.20124,1.2012,6070000,1000000
2018-01-11 13:27:06.317000,1.20122,1.2012,1000000,1000000
2018-01-11 13:27:06.528000,1.20121,1.20118,1120000,1000000
2018-01-11 13:27:07.373000,1.20122,1.20118,6000000,3000000
2018-01-11 13:27:07.894000,1.20121,1.20118,1870000,3370000
2018-01-11 13:27:08.409000,1.20122,1.20118,3560000,4120000
2018-01-11 13:27:08.866000,1.20122,1.2012,3450000,2250000
2018-01-11 13:27:09.181000,1.20124,1.2012,2440000,1000000
2018-01-11 13:27:09.701000,1.20124,1.20118,9450000,12070000
2018-01-11 13:27:10.248000,1.20123,1.20119,1500000,1120000
2018-01-11 13:27:10.813000,1.20123,1.2012,3750000,1760000
2018-01-11 13:27:11.430000,1.20124,1.2012,3000000,1680000
2018-01-11 13:27:12.130000,1.20124,1.20121,4500000,2250000
2018-01-11 13:27:12.547000,1.20125,1.20123,3750000,1500000
2018-01-11 13:27:13.083000,1.20125,1.20122,3000000,1760000
2018-01-11 13:27:13.941000,1.20125,1.20121,1000000,4120000
2018-01-11 13:27:14.270000,1.20123,1.20119,1120000,7200000
2018-01-11 13:27:14.580000,1.20117,1.20115,1000000,2250000
2018-01-11 13:27:14.685000,1.20116,1.20112,1690000,6080000
2018-01-11 13:27:14.996000,1.20117,1.20114,1000000,4570000
2018-01-11 13:27:15.099000,1.20119,1.20115,3750000,1000000
2018-01-11 13:27:16.441000,1.20119,1.20116,1500000,1000000
2018-01-11 13:27:17.013000,1.20119,1.20115,1000000,2250000
2018-01-11 13:27:17.596000,1.20119,1.20116,2250000,1000000
2018-01-11 13:27:18.190000,1.20119,1.20115,1000000,1120000
2018-01-11 13:27:18.791000,1.20119,1.20116,2250000,1000000
2018-01-11 13:27:19.271000,1.20117,1.20114,2250000,3370000
2018-01-11 13:27:19.532000,1.20114,1.2011,1120000,3820000
2018-01-11 13:27:20.074000,1.20115,1.2011,7390000,3370000
2018-01-11 13:27:20.533000,1.20113,1.2011,1000000,2620000
2018-01-11 13:27:20.740000,1.20115,1.20109,6260000,13570000
2018-01-11 13:27:21.261000,1.20114,1.2011,1500000,3370000
2018-01-11 13:27:21.521000,1.2011,1.20108,1500000,3450000
2018-01-11 13:27:21.627000,1.20108,1.20106,1500000,1200000
2018-01-11 13:27:22.149000,1.20109,1.20107,1500000,1000000
2018-01-11 13:27:22.653000,1.20109,1.20106,1000000,1000000
2018-01-11 13:27:23.204000,1.2011,1.20106,6220000,2250000
2018-01-11 13:27:23.761000,1.2011,1.20107,7050000,1000000
2018-01-11 13:27:24.276000,1.20109,1.20106,1500000,1200000
2018-01-11 13:27:24.843000,1.2011,1.20105,6450000,6750000
2018-01-11 13:27:25.483000,1.2011,1.20106,3000000,1000000
2018-01-11 13:27:26.001000,1.20109,1.20105,1000000,3070000
2018-01-11 13:27:26.545000,1.20109,1.20106,1500000,1000000
2018-01-11 13:27:27.082000,1.2011,1.20105,6640000,1120000
2018-01-11 13:27:27.604000,1.20109,1.20105,1870000,2870000
2018-01-11 13:27:28.553000,1.2011,1.20105,7390000,8250000
2018-01-11 13:27:29.068000,1.2011,1.20105,5810000,4070000
2018-01-11 13:27:29.734000,1.2011,1.20105,6640000,2620000
2018-01-11 13:27:30.295000,1.20109,1.20105,1000000,6450000
2018-01-11 13:27:30.841000,1.2011,1.20105,7010000,4000000
2018-01-11 13:27:31.459000,1.20109,1.20106,1500000,1500000
2018-01-11 13:27:32.143000,1.20109,1.20107,1250000,1000000
2018-01-11 13:27:32.196000,1.20111,1.20109,2060000,1500000
2018-01-11 13:27:32.506000,1.20112,1.20109,2060000,1500000
2018-01-11 13:27:33.071000,1.20111,1.20108,1500000,1870000
2018-01-11 13:27:33.694000,1.2011,1.20108,1000000,1500000
2018-01-11 13:27:33.901000,1.20109,1.20106,1000000,2700000
2018-01-11 13:27:34.587000,1.20109,1.20107,1000000,1000000
2018-01-11 13:27:35.187000,1.20109,1.20106,2250000,1120000
2018-01-11 13:27:35.727000,1.20109,1.20106,1000000,1870000
2018-01-11 13:27:36.631000,1.20109,1.20105,2440000,7570000
2018-01-11 13:27:36.684000,1.20107,1.20105,1350000,3820000
2018-01-11 13:27:36.911000,1.20105,1.20101,2810000,6750000
2018-01-11 13:27:37.572000,1.20105,1.20101,1690000,3000000
2018-01-11 13:27:38.226000,1.20104,1.20101,2620000,1000000
2018-01-11 13:27:38.382000,1.20101,1.201,3750000,3000000
2018-01-11 13:27:38.794000,1.20086,1.20085,6260000,1120000
2018-01-11 13:27:38.857000,1.20082,1.20081,1000000,1000000
2018-01-11 13:27:38.965000,1.20082,1.20079,1950000,1000000
2018-01-11 13:27:39.242000,1.20082,1.20081,1200000,1500000
2018-01-11 13:27:39.899000,1.20082,1.2008,1000000,1120000
2018-01-11 13:27:40.434000,1.20082,1.20081,1500000,1500000
2018-01-11 13:27:40.967000,1.20082,1.20081,1200000,3000000
2018-01-11 13:27:41.348000,1.20082,1.20079,1500000,3000000
2018-01-11 13:27:41.597000,1.20083,1.20082,1870000,1000000
2018-01-11 13:27:42.275000,1.20083,1.2008,1000000,4540000
2018-01-11 13:27:42.785000,1.20083,1.2008,1000000,6220000
2018-01-11 13:27:43.930000,1.20083,1.2008,1000000,6970000
2018-01-11 13:27:44.478000,1.20083,1.20081,1000000,1000000
2018-01-11 13:27:45.273000,1.20083,1.20082,1000000,1000000
2018-01-11 13:27:45.378000,1.20085,1.20084,1250000,2550000
2018-01-11 13:27:45.699000,1.20083,1.20082,1000000,2320000
2018-01-11 13:27:45.911000,1.20084,1.20082,1120000,1500000
2018-01-11 13:27:46.617000,1.20083,1.20082,1000000,1500000
2018-01-11 13:27:47.121000,1.20083,1.20081,1250000,1000000
2018-01-11 13:27:47.664000,1.20083,1.20081,1250000,1000000
2018-01-11 13:27:48.177000,1.20083,1.20081,1250000,1000000
2018-01-11 13:27:48.684000,1.20083,1.2008,1000000,1100000
2018-01-11 13:27:48.845000,1.20083,1.20082,1000000,1000000
2018-01-11 13:27:49.327000,1.2008,1.20079,1500000,1950000
2018-01-11 13:27:49.396000,1.20073,1.20071,1000000,2250000
2018-01-11 13:27:49.454000,1.20075,1.20073,6000000,1870000
2018-01-11 13:27:49.766000,1.20073,1.20072,1000000,1000000
2018-01-11 13:27:50.395000,1.20073,1.20071,4500000,1000000
2018-01-11 13:27:50.706000,1.20071,1.2007,1000000,2250000
2018-01-11 13:27:51.123000,1.20071,1.20068,2250000,7200000
2018-01-11 13:27:51.281000,1.2007,1.20068,1000000,1870000
2018-01-11 13:27:51.643000,1.20072,1.20068,7010000,3370000
2018-01-11 13:27:51.695000,1.20068,1.20067,1500000,3000000
2018-01-11 13:27:52.093000,1.2007,1.20067,1570000,3750000
2018-01-11 13:27:52.248000,1.20071,1.20069,3070000,1000000
2018-01-11 13:27:52.407000,1.20071,1.20067,1760000,7120000
2018-01-11 13:27:52.459000,1.20071,1.20069,1500000,1000000
2018-01-11 13:27:52.691000,1.20071,1.20067,1000000,8810000
2018-01-11 13:27:53.005000,1.20069,1.20066,1500000,2320000
2018-01-11 13:27:53.316000,1.20071,1.20068,1500000,1500000
2018-01-11 13:27:53.595000,1.20073,1.20069,7950000,1000000
2018-01-11 13:27:53.648000,1.20072,1.20068,2510000,1500000
2018-01-11 13:27:53.806000,1.20073,1.20069,12450000,1000000
2018-01-11 13:27:54.325000,1.20073,1.20071,1250000,1500000
2018-01-11 13:27:54.915000,1.20075,1.20071,2060000,3000000
2018-01-11 13:27:55.431000,1.20075,1.20071,8060000,1500000
2018-01-11 13:27:55.773000,1.20079,1.20076,1870000,1870000
2018-01-11 13:27:55.879000,1.20076,1.20075,1250000,1000000
2018-01-11 13:27:55.932000,1.20075,1.20072,1500000,1000000
2018-01-11 13:27:56.050000,1.20075,1.2007,2060000,3450000
2018-01-11 13:27:56.576000,1.20075,1.20071,3000000,1000000
2018-01-11 13:27:57.091000,1.20074,1.2007,1000000,4950000
2018-01-11 13:27:57.593000,1.20075,1.2007,2620000,8140000
2018-01-11 13:27:58.110000,1.20075,1.20071,3940000,1000000
2018-01-11 13:27:58.641000,1.20075,1.20072,3070000,2250000
2018-01-11 13:27:59.210000,1.20075,1.20074,1000000,3000000
2018-01-11 13:27:59.317000,1.20081,1.20077,3190000,1000000
2018-01-11 13:27:59.524000,1.20079,1.20076,1250000,1570000
2018-01-11 13:27:59.835000,1.20082,1.20078,2700000,3070000
2018-01-11 13:28:00.146000,1.2008,1.20078,1500000,4500000
2018-01-11 13:28:00.371000,1.20081,1.20078,1500000,3750000
2018-01-11 13:28:00.891000,1.20081,1.20076,1000000,5320000
2018-01-11 13:28:01.098000,1.20081,1.20077,1000000,1190000
2018-01-11 13:28:01.492000,1.20081,1.20079,1200000,1190000
2018-01-11 13:28:01.800000,1.20087,1.20086,1500000,1500000
2018-01-11 13:28:01.852000,1.20089,1.20088,1120000,1500000
2018-01-11 13:28:02.059000,1.20093,1.20091,1000000,3070000
2018-01-11 13:28:02.164000,1.20095,1.20093,2250000,1200000
2018-01-11 13:28:02.527000,1.20097,1.20094,1500000,1100000
2018-01-11 13:28:02.769000,1.20098,1.20096,1000000,1950000
2018-01-11 13:28:02.823000,1.201,1.20096,4690000,2700000
2018-01-11 13:28:03.033000,1.20097,1.20095,1500000,1950000
2018-01-11 13:28:03.085000,1.20094,1.20091,1500000,3820000
2018-01-11 13:28:03.629000,1.20096,1.20091,3940000,1570000
2018-01-11 13:28:03.835000,1.20096,1.20091,3940000,1100000
2018-01-11 13:28:03.942000,1.20096,1.20091,5140000,2700000
2018-01-11 13:28:04.605000,1.20096,1.20092,4560000,1450000
2018-01-11 13:28:05.153000,1.20095,1.20092,1120000,1450000
2018-01-11 13:28:05.670000,1.20096,1.20092,2440000,1950000
2018-01-11 13:28:06.201000,1.20096,1.20092,1390000,1100000
2018-01-11 13:28:07.458000,1.20096,1.20092,2060000,1870000
2018-01-11 13:28:07.977000,1.20095,1.20091,3260000,2320000
2018-01-11 13:28:08.519000,1.20094,1.20091,1000000,1200000
2018-01-11 13:28:08.727000,1.20096,1.20091,6530000,3370000
2018-01-11 13:28:09.240000,1.20095,1.20091,1100000,4950000
2018-01-11 13:28:09.748000,1.20095,1.20091,1100000,1950000
2018-01-11 13:28:10.314000,1.20095,1.20091,1100000,2700000
2018-01-11 13:28:10.624000,1.20096,1.20095,1570000,1000000
2018-01-11 13:28:10.861000,1.2009,1.20088,1000000,9450000
2018-01-11 13:28:10.966000,1.2009,1.20086,1570000,4200000
2018-01-11 13:28:13.329000,1.20089,1.20086,1000000,1570000
2018-01-11 13:28:13.846000,1.2009,1.20086,3190000,1870000
2018-01-11 13:28:14.403000,1.20089,1.20086,1000000,1870000
2018-01-11 13:28:15.004000,1.2009,1.20086,1760000,1950000
2018-01-11 13:28:15.470000,1.20088,1.20085,1500000,1000000
2018-01-11 13:28:16.010000,1.20089,1.20085,5140000,1500000
2018-01-11 13:28:16.500000,1.2009,1.20089,1500000,1000000
2018-01-11 13:28:16.708000,1.20091,1.20087,2060000,2700000
2018-01-11 13:28:17.219000,1.20091,1.20087,4310000,1950000
2018-01-11 13:28:17.736000,1.2009,1.20087,2140000,1500000
2018-01-11 13:28:18.471000,1.2009,1.20088,2140000,1000000
2018-01-11 13:28:18.986000,1.2009,1.20087,1390000,2620000
2018-01-11 13:28:19.754000,1.2009,1.20088,1690000,1000000
2018-01-11 13:28:20.262000,1.2009,1.20087,1250000,2620000
2018-01-11 13:28:24.831000,1.20091,1.20086,5140000,7010000
2018-01-11 13:28:25.343000,1.2009,1.20086,1250000,11510000
2018-01-11 13:28:25.798000,1.20092,1.20091,1000000,1000000
2018-01-11 13:28:25.851000,1.20095,1.20091,4200000,3370000
2018-01-11 13:28:26.836000,1.20095,1.20091,1120000,1870000
2018-01-11 13:28:27.353000,1.20096,1.20093,2250000,1000000
2018-01-11 13:28:27.872000,1.20097,1.20094,1000000,1000000
2018-01-11 13:28:28.519000,1.20093,1.20091,1000000,4200000
2018-01-11 13:28:28.572000,1.20096,1.20092,4690000,1120000
2018-01-11 13:28:29.245000,1.20097,1.20094,2620000,1500000
2018-01-11 13:28:29.776000,1.20098,1.20095,2620000,1000000
2018-01-11 13:28:30.038000,1.201,1.20096,7570000,1000000
2018-01-11 13:28:30.194000,1.20098,1.20095,5620000,1950000
2018-01-11 13:28:30.748000,1.20096,1.20094,2620000,1000000
2018-01-11 13:28:31.264000,1.20097,1.20094,1000000,1100000
2018-01-11 13:28:32.098000,1.20097,1.20093,1000000,4120000
2018-01-11 13:28:33.711000,1.20098,1.20094,4690000,1000000
2018-01-11 13:28:34.431000,1.20099,1.20094,3450000,1000000
2018-01-11 13:28:34.992000,1.20098,1.20094,1000000,1500000
2018-01-11 13:28:35.536000,1.20099,1.20095,3070000,1100000
2018-01-11 13:28:36.646000,1.20098,1.20095,1000000,1570000
2018-01-11 13:28:37.210000,1.20099,1.20095,1950000,1570000
2018-01-11 13:28:37.781000,1.20098,1.20095,1100000,1500000
2018-01-11 13:28:41.814000,1.20097,1.20095,1200000,1000000
2018-01-11 13:28:45.187000,1.20098,1.20095,1200000,3940000
2018-01-11 13:28:45.238000,1.20099,1.20095,1570000,4870000
2018-01-11 13:28:47.387000,1.201,1.20097,4010000,1120000
2018-01-11 13:28:50.005000,1.20099,1.20097,1000000,1000000
2018-01-11 13:28:50.692000,1.201,1.20097,2700000,1000000
2018-01-11 13:28:51.230000,1.20099,1.20097,1000000,1120000
2018-01-11 13:28:51.830000,1.201,1.20097,1950000,1120000
2018-01-11 13:28:51.934000,1.20101,1.20098,9450000,1500000
2018-01-11 13:28:52.040000,1.201,1.20098,1200000,1000000
2018-01-11 13:28:52.555000,1.201,1.20097,1200000,1120000
2018-01-11 13:28:56.202000,1.20102,1.20097,8510000,1010000
2018-01-11 13:28:57.072000,1.20101,1.20097,2320000,1500000
2018-01-11 13:28:57.583000,1.201,1.20098,1500000,1000000
2018-01-11 13:28:57.808000,1.20099,1.20097,1500000,1870000
2018-01-11 13:28:57.863000,1.20098,1.20095,2700000,1120000
2018-01-11 13:28:57.918000,1.20094,1.20092,1500000,1120000
2018-01-11 13:28:58.443000,1.20095,1.20092,6070000,1000000
2018-01-11 13:29:00.935000,1.20096,1.20093,3820000,3070000
2018-01-11 13:29:01.104000,1.20098,1.20095,1120000,1120000
2018-01-11 13:29:03.856000,1.20098,1.20094,2700000,4760000
2018-01-11 13:29:04.713000,1.20098,1.20094,2890000,6260000
2018-01-11 13:29:05.795000,1.20098,1.20094,1500000,2620000
2018-01-11 13:29:05.848000,1.20096,1.20094,1000000,1000000
2018-01-11 13:29:06.211000,1.20096,1.20092,1200000,2140000
2018-01-11 13:29:06.469000,1.20096,1.20092,1100000,2140000
2018-01-11 13:29:06.984000,1.20096,1.20092,1100000,1390000
2018-01-11 13:29:07.451000,1.20097,1.20094,1500000,2060000
2018-01-11 13:29:07.968000,1.20098,1.20095,4120000,1000000
2018-01-11 13:29:09.974000,1.20098,1.20095,1870000,1310000
2018-01-11 13:29:10.199000,1.20096,1.20092,4120000,4010000
2018-01-11 13:29:11.181000,1.20097,1.20093,1870000,1190000
2018-01-11 13:29:11.698000,1.20097,1.20092,3000000,3820000
2018-01-11 13:29:12.227000,1.20096,1.20092,1000000,1950000
2018-01-11 13:29:12.852000,1.20097,1.20092,2890000,2620000
2018-01-11 13:29:13.376000,1.20097,1.20092,2320000,5890000
2018-01-11 13:29:14.569000,1.20097,1.20094,1500000,1100000
2018-01-11 13:29:15.117000,1.20096,1.20093,1500000,1100000
2018-01-11 13:29:15.661000,1.20097,1.20093,4310000,1250000
2018-01-11 13:29:16.378000,1.20096,1.20093,1000000,1250000
2018-01-11 13:29:16.693000,1.20099,1.20095,3000000,1690000
2018-01-11 13:29:17.369000,1.20099,1.20096,1950000,1500000
2018-01-11 13:29:19.331000,1.20099,1.20096,1500000,1690000
2018-01-11 13:29:19.848000,1.201,1.20096,2810000,1000000
2018-01-11 13:29:20.402000,1.20099,1.20096,1000000,1000000
2018-01-11 13:29:22.437000,1.201,1.20096,7760000,1310000
2018-01-11 13:29:23.051000,1.20099,1.20096,1000000,2060000
2018-01-11 13:29:23.581000,1.201,1.20096,4390000,1310000
2018-01-11 13:29:24.104000,1.20099,1.20096,1000000,3940000
2018-01-11 13:29:24.616000,1.20099,1.20098,1000000,1000000
2018-01-11 13:29:25.158000,1.201,1.20099,1000000,1500000
2018-01-11 13:29:25.691000,1.20101,1.20099,2320000,1500000
2018-01-11 13:29:26.748000,1.20101,1.201,1950000,1000000
2018-01-11 13:29:27.295000,1.20101,1.20099,1000000,1000000
2018-01-11 13:29:27.867000,1.20103,1.20099,1100000,2510000
2018-01-11 13:29:28.412000,1.20104,1.201,2620000,1190000
2018-01-11 13:29:29.705000,1.20103,1.20101,1500000,1500000
2018-01-11 13:29:30.146000,1.20105,1.20101,4120000,1000000
2018-01-11 13:29:30.613000,1.20104,1.201,5630000,3000000
2018-01-11 13:29:30.799000,1.20106,1.20103,2510000,1000000
2018-01-11 13:29:31.318000,1.20107,1.20103,2620000,1000000
2018-01-11 13:29:31.699000,1.20105,1.20103,1500000,1000000
2018-01-11 13:29:31.910000,1.20107,1.20102,5250000,2060000
2018-01-11 13:29:32.066000,1.20105,1.20102,1000000,2060000
2018-01-11 13:29:32.633000,1.20106,1.20102,1000000,1190000
2018-01-11 13:29:33.540000,1.20105,1.20102,1000000,1190000
2018-01-11 13:29:34.126000,1.20106,1.20102,1000000,1250000
2018-01-11 13:29:34.652000,1.20107,1.20102,2320000,1190000
2018-01-11 13:29:35.201000,1.20107,1.20104,2440000,1250000
2018-01-11 13:29:35.514000,1.20102,1.20099,2620000,1120000
2018-01-11 13:29:35.850000,1.20104,1.201,1000000,1390000
2018-01-11 13:29:36.007000,1.20107,1.20102,1570000,1500000
2018-01-11 13:29:36.574000,1.20108,1.20102,3450000,1310000
2018-01-11 13:29:37.092000,1.20108,1.20104,2250000,1000000
2018-01-11 13:29:37.794000,1.20106,1.20103,1500000,1000000
2018-01-11 13:29:38.310000,1.20108,1.20104,1500000,1000000
2018-01-11 13:29:38.860000,1.20108,1.20103,1500000,1120000
2018-01-11 13:29:39.383000,1.20109,1.20103,3370000,1870000
2018-01-11 13:29:40.168000,1.20108,1.20104,1000000,1010000
2018-01-11 13:29:40.429000,1.2011,1.20105,8690000,1250000
2018-01-11 13:29:40.952000,1.20109,1.20105,1250000,1250000
2018-01-11 13:29:41.455000,1.20109,1.20105,1000000,1690000
2018-01-11 13:29:41.842000,1.20111,1.20105,8320000,1880000
2018-01-11 13:29:42.280000,1.20111,1.20108,1100000,1560000
2018-01-11 13:29:42.490000,1.20113,1.20108,1120000,1950000
2018-01-11 13:29:42.989000,1.20113,1.2011,1000000,1000000
2018-01-11 13:29:43.507000,1.20115,1.20111,1200000,1000000
2018-01-11 13:29:44.051000,1.20115,1.2011,4200000,1000000
2018-01-11 13:29:44.658000,1.20114,1.20111,2250000,1000000
2018-01-11 13:29:44.930000,1.20116,1.20111,5700000,1000000
2018-01-11 13:29:44.982000,1.20114,1.20111,3000000,1000000
2018-01-11 13:29:45.455000,1.20115,1.20109,1500000,1570000
2018-01-11 13:29:45.703000,1.20117,1.20113,3070000,1000000
2018-01-11 13:29:46.222000,1.20117,1.20114,1000000,1000000
2018-01-11 13:29:46.327000,1.2012,1.20114,2250000,1000000
2018-01-11 13:29:46.552000,1.2012,1.20118,2250000,1000000
2018-01-11 13:29:46.611000,1.20122,1.20118,1000000,2320000
2018-01-11 13:29:46.668000,1.20126,1.20119,1500000,3820000
2018-01-11 13:29:46.721000,1.20127,1.2012,1500000,2320000
2018-01-11 13:29:46.885000,1.20131,1.20125,4500000,1500000
2018-01-11 13:29:47.107000,1.2013,1.20122,1450000,6070000
2018-01-11 13:29:47.266000,1.20128,1.2012,2700000,3450000
2018-01-11 13:29:47.530000,1.20129,1.20121,2700000,1950000
2018-01-11 13:29:48.171000,1.2013,1.20123,1570000,1500000
2018-01-11 13:29:49.184000,1.20129,1.20122,4390000,1500000
2018-01-11 13:29:49.557000,1.20122,1.20121,1000000,1000000
2018-01-11 13:29:49.614000,1.20127,1.20121,1100000,1000000
2018-01-11 13:29:49.722000,1.20128,1.20123,1450000,1000000
2018-01-11 13:29:49.878000,1.20129,1.20121,3450000,2250000
2018-01-11 13:29:50.033000,1.20129,1.20122,1450000,1100000
2018-01-11 13:29:50.086000,1.20129,1.20124,1120000,1000000
2018-01-11 13:29:50.281000,1.20133,1.20125,1500000,2250000
2018-01-11 13:29:50.336000,1.20133,1.20129,1000000,1000000
2018-01-11 13:29:50.389000,1.20135,1.20128,1500000,1500000
2018-01-11 13:29:50.927000,1.20136,1.20129,2620000,3000000
2018-01-11 13:29:50.979000,1.20134,1.20129,1500000,1000000
2018-01-11 13:29:51.107000,1.20136,1.20129,2250000,1000000
2018-01-11 13:29:51.162000,1.20135,1.20126,1000000,1500000
2018-01-11 13:29:51.320000,1.20133,1.20126,1000000,1500000
2018-01-11 13:29:51.592000,1.20135,1.20126,1500000,1500000
2018-01-11 13:29:51.704000,1.20136,1.2013,1870000,1000000
2018-01-11 13:29:52.247000,1.20135,1.20131,1500000,1000000
2018-01-11 13:29:52.940000,1.20135,1.2013,1500000,1000000
2018-01-11 13:29:53.100000,1.20131,1.20124,1000000,1000000
2018-01-11 13:29:53.479000,1.20133,1.20126,2250000,3750000
2018-01-11 13:29:53.690000,1.2013,1.20122,2250000,1000000
2018-01-11 13:29:54.055000,1.2013,1.20126,1000000,1000000
2018-01-11 13:29:54.315000,1.2013,1.20122,1000000,2250000
2018-01-11 13:29:55.065000,1.20129,1.20122,1000000,1000000
2018-01-11 13:29:55.222000,1.2013,1.20124,2250000,1500000
2018-01-11 13:29:55.757000,1.2013,1.20125,1000000,1000000
2018-01-11 13:29:56.130000,1.2013,1.20121,1000000,3000000
2018-01-11 13:29:56.494000,1.2013,1.20123,3000000,1000000
2018-01-11 13:29:56.598000,1.2013,1.2012,4500000,2250000
2018-01-11 13:29:57.728000,1.2013,1.20121,3000000,1000000
2018-01-11 13:29:58.256000,1.2013,1.2012,1500000,2320000
2018-01-11 13:29:58.412000,1.20128,1.2012,1500000,1000000
2018-01-11 13:29:58.929000,1.20127,1.2012,1000000,1000000
2018-01-11 13:29:59.589000,1.20129,1.2012,1000000,1000000
2018-01-11 13:30:00.139000,1.20129,1.20123,1000000,1500000
2018-01-11 13:30:00.192000,1.20132,1.20124,1000000,1000000
2018-01-11 13:30:00.343000,1.20134,1.20124,3750000,1120000
2018-01-11 13:30:00.395000,1.20134,1.20126,3820000,1000000
2018-01-11 13:30:00.553000,1.20138,1.20129,2440000,3000000
2018-01-11 13:30:00.607000,1.20138,1.20134,1500000,1120000
2018-01-11 13:30:00.660000,1.20146,1.20134,2250000,4120000
2018-01-11 13:30:00.818000,1.20148,1.20136,1000000,1870000
2018-01-11 13:30:01.154000,1.20153,1.20144,2250000,1500000
2018-01-11 13:30:01.469000,1.20179,1.2017,1500000,3370000
2018-01-11 13:30:01.819000,1.20186,1.20176,1500000,3450000
2018-01-11 13:30:01.870000,1.20188,1.20176,2250000,3820000
2018-01-11 13:30:01.922000,1.20186,1.20183,1000000,1000000
2018-01-11 13:30:01.974000,1.20192,1.20182,2620000,1120000
2018-01-11 13:30:02.137000,1.20201,1.20196,2250000,1000000
2018-01-11 13:30:02.395000,1.20214,1.20207,3000000,1000000
2018-01-11 13:30:02.619000,1.20218,1.20207,3750000,3000000
2018-01-11 13:30:02.673000,1.20218,1.2021,2250000,1750000
2018-01-11 13:30:02.834000,1.20229,1.20218,4190000,1500000
2018-01-11 13:30:02.887000,1.20229,1.20222,4190000,1500000
2018-01-11 13:30:03.235000,1.20245,1.20241,2250000,1000000
2018-01-11 13:30:03.291000,1.20242,1.20239,1000000,1000000
2018-01-11 13:30:03.417000,1.20242,1.2024,1500000,1000000
2018-01-11 13:30:03.471000,1.20244,1.2024,1500000,1000000
2018-01-11 13:30:03.629000,1.20245,1.20243,1500000,1000000
2018-01-11 13:30:03.814000,1.20249,1.20245,1500000,1000000
2018-01-11 13:30:03.867000,1.20252,1.20247,1370000,1000000
2018-01-11 13:30:03.919000,1.2025,1.20245,1500000,1950000
2018-01-11 13:30:04.138000,1.20249,1.20247,1000000,1000000
2018-01-11 13:30:04.190000,1.20252,1.20247,3000000,1200000
2018-01-11 13:30:04.296000,1.20249,1.20246,1000000,1450000
2018-01-11 13:30:04.404000,1.20249,1.20245,1500000,1200000
2018-01-11 13:30:04.766000,1.20251,1.20249,1000000,1500000
2018-01-11 13:30:04.872000,1.20253,1.20243,3000000,1000000
2018-01-11 13:30:04.925000,1.20252,1.20242,1950000,1870000
2018-01-11 13:30:05.261000,1.20253,1.20247,3000000,1200000
2018-01-11 13:30:05.365000,1.20252,1.20244,1500000,1500000
2018-01-11 13:30:05.417000,1.20252,1.20247,2250000,1450000
2018-01-11 13:30:05.521000,1.20252,1.20246,1000000,1200000
2018-01-11 13:30:05.573000,1.20249,1.20246,3000000,1200000
2018-01-11 13:30:05.626000,1.20248,1.20244,1500000,1200000
2018-01-11 13:30:05.805000,1.20252,1.20247,1000000,1200000
2018-01-11 13:30:05.864000,1.20247,1.20245,1000000,1200000
2018-01-11 13:30:06.179000,1.20251,1.20248,1000000,4950000
2018-01-11 13:30:06.465000,1.20245,1.20242,1000000,2140000
2018-01-11 13:30:06.578000,1.20248,1.20244,1500000,1200000
2018-01-11 13:30:06.798000,1.20247,1.20242,1200000,1500000
2018-01-11 13:30:06.857000,1.20248,1.20239,2700000,1370000
2018-01-11 13:30:07.046000,1.20251,1.20242,2320000,2250000
2018-01-11 13:30:07.208000,1.20252,1.20241,4950000,1500000
2018-01-11 13:30:07.262000,1.20251,1.20244,2250000,1000000
2018-01-11 13:30:07.525000,1.20253,1.20245,2250000,3370000
2018-01-11 13:30:07.579000,1.20256,1.20246,3070000,1500000
2018-01-11 13:30:07.798000,1.20259,1.20256,1000000,3000000
2018-01-11 13:30:08.017000,1.20264,1.20258,1000000,3000000
2018-01-11 13:30:08.071000,1.20264,1.20261,1000000,1000000
2018-01-11 13:30:08.124000,1.20264,1.20259,1000000,1000000
2018-01-11 13:30:08.392000,1.20258,1.20256,1000000,1870000
2018-01-11 13:30:08.548000,1.20262,1.20255,1100000,1000000
2018-01-11 13:30:08.600000,1.20258,1.20256,1000000,1000000
2018-01-11 13:30:08.861000,1.20263,1.20259,3000000,3000000
2018-01-11 13:30:09.053000,1.20263,1.20261,1000000,1000000
2018-01-11 13:30:09.106000,1.20271,1.20267,1000000,1870000
2018-01-11 13:30:09.211000,1.20269,1.20265,1500000,1500000
2018-01-11 13:30:09.315000,1.20269,1.20263,1000000,2440000
2018-01-11 13:30:09.476000,1.20271,1.20263,3370000,3560000
2018-01-11 13:30:09.529000,1.20273,1.2027,3000000,1000000
2018-01-11 13:30:09.838000,1.20272,1.20267,2600000,1000000
2018-01-11 13:30:09.946000,1.2027,1.20266,1000000,3560000
2018-01-11 13:30:10.453000,1.20271,1.20266,1000000,2700000
2018-01-11 13:30:10.780000,1.20271,1.20268,1000000,8810000
2018-01-11 13:30:10.847000,1.20276,1.20271,1200000,2250000
2018-01-11 13:30:11.061000,1.2028,1.20273,2440000,1250000
2018-01-11 13:30:11.270000,1.2028,1.20273,2250000,4500000
2018-01-11 13:30:11.323000,1.2028,1.20275,1500000,1000000
2018-01-11 13:30:11.663000,1.20282,1.20276,4570000,2250000
2018-01-11 13:30:11.724000,1.20279,1.20274,1500000,2250000
2018-01-11 13:30:11.832000,1.20281,1.20275,1500000,2250000
2018-01-11 13:30:11.892000,1.20282,1.20277,1170000,1120000
2018-01-11 13:30:12.328000,1.20285,1.20281,1000000,1500000
2018-01-11 13:30:12.561000,1.20289,1.20285,1500000,1950000
2018-01-11 13:30:12.772000,1.20287,1.20285,1870000,1200000
2018-01-11 13:30:12.827000,1.20284,1.20281,3000000,1200000
2018-01-11 13:30:12.935000,1.20287,1.20285,1250000,2250000
2018-01-11 13:30:13.040000,1.20292,1.20288,1500000,1500000
2018-01-11 13:30:13.208000,1.20293,1.2029,3000000,2620000
2018-01-11 13:30:13.280000,1.20296,1.20291,1690000,1250000
2018-01-11 13:30:13.334000,1.20297,1.20289,4200000,1000000
2018-01-11 13:30:13.493000,1.20293,1.20288,2440000,1570000
2018-01-11 13:30:13.547000,1.20292,1.20287,1310000,1500000
2018-01-11 13:30:13.755000,1.20293,1.20291,2250000,2250000
2018-01-11 13:30:13.823000,1.20296,1.20289,1000000,2320000
2018-01-11 13:30:13.876000,1.20295,1.20291,1000000,1000000
2018-01-11 13:30:14.010000,1.20297,1.20291,1760000,1000000
2018-01-11 13:30:14.065000,1.20296,1.20294,1000000,1000000
2018-01-11 13:30:14.236000,1.20302,1.20298,3000000,2250000
2018-01-11 13:30:14.412000,1.20303,1.20301,1500000,1870000
2018-01-11 13:30:14.477000,1.20309,1.20305,3370000,1000000
2018-01-11 13:30:14.531000,1.2031,1.20308,1500000,1120000
2018-01-11 13:30:14.678000,1.20314,1.20311,3190000,1500000
2018-01-11 13:30:14.763000,1.20312,1.20308,1000000,1200000
2018-01-11 13:30:14.921000,1.20314,1.2031,1000000,1000000
2018-01-11 13:30:15.224000,1.2032,1.20319,2300000,1500000
2018-01-11 13:30:15.277000,1.20323,1.20321,1870000,1000000
2018-01-11 13:30:15.369000,1.20328,1.20322,8440000,1500000
2018-01-11 13:30:15.476000,1.20326,1.20322,4500000,1000000
2018-01-11 13:30:15.812000,1.20325,1.20321,2060000,2700000
2018-01-11 13:30:15.882000,1.20327,1.20322,1310000,1000000
2018-01-11 13:30:15.949000,1.20325,1.20322,1000000,1000000
2018-01-11 13:30:16.360000,1.20327,1.20321,1000000,3370000
2018-01-11 13:30:16.414000,1.20327,1.20324,1120000,1000000
2018-01-11 13:30:16.571000,1.20327,1.20321,2060000,3820000
2018-01-11 13:30:16.756000,1.20327,1.20325,1000000,1000000
2018-01-11 13:30:16.813000,1.20329,1.20325,1120000,1500000
2018-01-11 13:30:16.866000,1.20329,1.20323,2180000,2250000
2018-01-11 13:30:16.919000,1.20329,1.20326,1150000,1500000
2018-01-11 13:30:17.079000,1.20336,1.20331,1000000,1950000
2018-01-11 13:30:17.132000,1.20336,1.20333,1500000,1200000
2018-01-11 13:30:17.439000,1.20336,1.20334,1200000,2240000
2018-01-11 13:30:17.495000,1.20338,1.20336,1370000,1250000
2018-01-11 13:30:17.552000,1.20342,1.20338,1000000,1000000
2018-01-11 13:30:17.606000,1.20341,1.2034,1200000,1000000
2018-01-11 13:30:17.660000,1.20342,1.20338,3640000,1000000
2018-01-11 13:30:17.859000,1.20341,1.20337,1820000,1000000
2018-01-11 13:30:17.965000,1.20338,1.20334,1120000,1000000
2018-01-11 13:30:18.122000,1.2034,1.20335,1950000,1690000
2018-01-11 13:30:18.404000,1.20341,1.20336,1500000,2980000
2018-01-11 13:30:18.457000,1.20343,1.20338,1540000,1000000
2018-01-11 13:30:18.721000,1.20341,1.20335,1500000,2320000
2018-01-11 13:30:18.783000,1.20342,1.20334,2060000,3750000
2018-01-11 13:30:18.842000,1.20341,1.20337,1000000,1000000
2018-01-11 13:30:19.111000,1.20348,1.20342,3000000,1000000
2018-01-11 13:30:19.321000,1.20348,1.20345,1500000,1500000
2018-01-11 13:30:19.832000,1.20347,1.20344,1500000,1500000
2018-01-11 13:30:19.885000,1.20346,1.20342,1000000,1870000
2018-01-11 13:30:20.240000,1.20345,1.20343,3190000,1200000
2018-01-11 13:30:20.313000,1.20343,1.20341,1000000,1200000
2018-01-11 13:30:20.489000,1.2034,1.20338,1000000,1000000
2018-01-11 13:30:20.769000,1.20342,1.20338,1000000,1000000
2018-01-11 13:30:20.832000,1.20339,1.20337,1690000,1120000
2018-01-11 13:30:21,1.20333,1.2033,1250000,3000000
2018-01-11 13:30:21.053000,1.2033,1.20326,3190000,1570000
2018-01-11 13:30:21.317000,1.20321,1.20317,1690000,1870000
2018-01-11 13:30:21.370000,1.20318,1.20315,1500000,4120000
2018-01-11 13:30:21.422000,1.20318,1.20316,1500000,2250000
2018-01-11 13:30:21.583000,1.20314,1.20311,1000000,4310000
2018-01-11 13:30:21.637000,1.20312,1.2031,1100000,1370000
2018-01-11 13:30:21.989000,1.20309,1.20302,3260000,3000000
2018-01-11 13:30:22.093000,1.20307,1.20302,1700000,1870000
2018-01-11 13:30:22.198000,1.20313,1.2031,5320000,1000000
2018-01-11 13:30:22.470000,1.20311,1.20308,1100000,2250000
2018-01-11 13:30:22.808000,1.20324,1.20321,1000000,1200000
2018-01-11 13:30:23.035000,1.20323,1.20319,4500000,1200000
2018-01-11 13:30:23.191000,1.20321,1.20319,1000000,1000000
2018-01-11 13:30:23.619000,1.20338,1.20333,2060000,1100000
2018-01-11 13:30:23.671000,1.20339,1.20337,3000000,1000000
2018-01-11 13:30:23.724000,1.20338,1.20333,1000000,1450000
2018-01-11 13:30:23.932000,1.20341,1.20337,1870000,2700000
2018-01-11 13:30:23.984000,1.20344,1.20338,1000000,2700000
2018-01-11 13:30:24.264000,1.20346,1.20344,1000000,1500000
2018-01-11 13:30:24.317000,1.20348,1.20344,1000000,1450000
2018-01-11 13:30:24.371000,1.20348,1.20344,2140000,1000000
2018-01-11 13:30:24.429000,1.20348,1.20342,3000000,1000000
2018-01-11 13:30:24.482000,1.20344,1.20343,1500000,1000000
2018-01-11 13:30:24.535000,1.20344,1.2034,4690000,1000000
2018-01-11 13:30:24.587000,1.20345,1.20342,2250000,1000000
2018-01-11 13:30:24.842000,1.20343,1.20339,1000000,4870000
2018-01-11 13:30:24.895000,1.20341,1.2034,1950000,1500000
2018-01-11 13:30:24.947000,1.20343,1.2034,2320000,3000000
2018-01-11 13:30:25,1.20347,1.20342,1470000,1500000
2018-01-11 13:30:25.104000,1.20349,1.20342,1950000,1000000
2018-01-11 13:30:25.158000,1.20346,1.20341,1250000,1000000
2018-01-11 13:30:25.499000,1.20346,1.20343,1000000,2250000
2018-01-11 13:30:25.552000,1.20348,1.20342,1120000,5890000
2018-01-11 13:30:25.665000,1.20348,1.20341,4690000,1000000
2018-01-11 13:30:25.719000,1.20344,1.20342,1000000,1000000
2018-01-11 13:30:25.771000,1.20343,1.2034,1000000,3260000
2018-01-11 13:30:25.824000,1.20344,1.20342,1000000,1000000
2018-01-11 13:30:26.100000,1.20343,1.2034,1000000,2250000
2018-01-11 13:30:26.258000,1.20349,1.20344,6000000,1000000
2018-01-11 13:30:26.367000,1.20349,1.20345,1370000,2510000
2018-01-11 13:30:26.420000,1.20351,1.20345,1120000,5250000
2018-01-11 13:30:26.703000,1.20351,1.20347,1000000,3370000
2018-01-11 13:30:27.020000,1.2035,1.20346,1450000,3370000
2018-01-11 13:30:27.127000,1.20349,1.20344,2320000,3370000
2018-01-11 13:30:27.301000,1.20346,1.20343,1000000,4870000
2018-01-11 13:30:27.511000,1.20344,1.20342,1000000,1000000
2018-01-11 13:30:27.670000,1.20342,1.2034,1000000,3750000
2018-01-11 13:30:27.957000,1.20325,1.2032,1000000,1000000
2018-01-11 13:30:28.018000,1.20322,1.20318,1120000,2620000
2018-01-11 13:30:28.338000,1.20318,1.20315,1690000,1370000
2018-01-11 13:30:28.522000,1.20317,1.20311,1760000,1000000
2018-01-11 13:30:28.887000,1.20317,1.20313,1100000,1000000
2018-01-11 13:30:29.234000,1.20321,1.20317,1200000,1120000
2018-01-11 13:30:29.553000,1.20316,1.20311,1450000,1620000
2018-01-11 13:30:29.605000,1.20316,1.20311,1200000,3560000
2018-01-11 13:30:29.831000,1.2032,1.20315,1760000,1870000
2018-01-11 13:30:29.991000,1.20323,1.20318,3260000,1000000
2018-01-11 13:30:30.043000,1.20323,1.20318,1000000,1500000
2018-01-11 13:30:30.096000,1.20324,1.2032,1570000,1000000
2018-01-11 13:30:30.397000,1.2033,1.20326,2890000,1500000
2018-01-11 13:30:30.451000,1.20332,1.20327,1320000,1000000
2018-01-11 13:30:30.608000,1.20333,1.20327,1500000,4390000
2018-01-11 13:30:30.663000,1.20333,1.2033,2140000,1000000
2018-01-11 13:30:30.874000,1.20327,1.20323,2140000,3820000
2018-01-11 13:30:31.046000,1.20321,1.20319,1000000,1950000
2018-01-11 13:30:31.099000,1.20313,1.2031,1000000,3820000
2018-01-11 13:30:31.367000,1.20319,1.20313,2700000,3450000
2018-01-11 13:30:31.427000,1.2032,1.20317,1250000,1450000
2018-01-11 13:30:31.481000,1.20322,1.20317,1250000,1950000
2018-01-11 13:30:31.718000,1.20326,1.20324,1500000,1000000
2018-01-11 13:30:31.792000,1.20329,1.20325,1250000,7570000
2018-01-11 13:30:31.859000,1.2033,1.20326,1000000,3450000
2018-01-11 13:30:31.968000,1.20329,1.20324,1250000,1950000
2018-01-11 13:30:32.243000,1.2033,1.20324,2140000,1870000
2018-01-11 13:30:32.402000,1.20326,1.20324,1000000,1200000
2018-01-11 13:30:32.506000,1.2033,1.20324,4950000,1120000
2018-01-11 13:30:32.559000,1.2033,1.20326,1570000,1000000
2018-01-11 13:30:33.025000,1.20325,1.2032,1640000,1470000
2018-01-11 13:30:33.337000,1.20322,1.20318,1190000,2320000
2018-01-11 13:30:33.394000,1.2032,1.20318,1250000,1500000
2018-01-11 13:30:33.450000,1.20321,1.20316,1390000,1870000
2018-01-11 13:30:33.503000,1.20323,1.20318,2140000,2320000
2018-01-11 13:30:33.815000,1.20325,1.20323,1000000,2250000
2018-01-11 13:30:33.868000,1.20328,1.20322,1010000,6070000
2018-01-11 13:30:34.028000,1.20326,1.20323,1000000,1570000
2018-01-11 13:30:34.425000,1.20328,1.20324,2250000,1570000
2018-01-11 13:30:34.531000,1.20328,1.20323,1570000,4120000
2018-01-11 13:30:34.638000,1.20328,1.20321,4010000,6820000
2018-01-11 13:30:34.964000,1.20327,1.20321,1390000,4950000
2018-01-11 13:30:35.070000,1.20326,1.20321,1250000,6070000
2018-01-11 13:30:35.395000,1.20313,1.20311,4690000,1000000
2018-01-11 13:30:35.448000,1.20311,1.20309,1250000,1000000
2018-01-11 13:30:35.622000,1.20315,1.2031,1760000,3450000
2018-01-11 13:30:35.674000,1.20316,1.20313,3640000,1000000
2018-01-11 13:30:35.985000,1.20315,1.2031,1100000,3750000
2018-01-11 13:30:36.097000,1.20316,1.20312,3940000,1200000
2018-01-11 13:30:36.427000,1.20319,1.20315,1000000,2700000
2018-01-11 13:30:36.533000,1.20321,1.20317,1250000,2320000
2018-01-11 13:30:36.586000,1.20317,1.20316,1000000,4500000
2018-01-11 13:30:36.932000,1.20319,1.20314,2140000,2620000
2018-01-11 13:30:36.989000,1.20318,1.20314,1250000,1570000
2018-01-11 13:30:37.200000,1.20318,1.20314,1200000,4570000
2018-01-11 13:30:37.554000,1.20317,1.20314,1000000,1760000
2018-01-11 13:30:37.607000,1.20317,1.20314,1000000,1000000
2018-01-11 13:30:37.764000,1.20314,1.20312,1200000,2250000
2018-01-11 13:30:37.868000,1.20315,1.2031,8510000,2250000
2018-01-11 13:30:37.977000,1.20311,1.20308,1500000,1000000
2018-01-11 13:30:38.279000,1.20309,1.20307,1950000,1000000
2018-01-11 13:30:38.390000,1.2031,1.20305,3640000,1500000
2018-01-11 13:30:38.497000,1.20312,1.20308,3820000,1000000
2018-01-11 13:30:38.846000,1.20306,1.20301,3560000,1870000
2018-01-11 13:30:38.901000,1.20305,1.203,2700000,1120000
2018-01-11 13:30:39.058000,1.20304,1.20298,3070000,1690000
2018-01-11 13:30:39.373000,1.20305,1.20302,4200000,1000000
2018-01-11 13:30:39.531000,1.20307,1.20302,1000000,1100000
2018-01-11 13:30:39.688000,1.20306,1.20302,1500000,1570000
2018-01-11 13:30:40.009000,1.20302,1.203,2250000,2440000
2018-01-11 13:30:40.062000,1.20301,1.20298,1500000,1000000
2018-01-11 13:30:40.261000,1.20299,1.20294,5060000,1200000
2018-01-11 13:30:40.314000,1.20297,1.20291,5140000,2700000
2018-01-11 13:30:40.367000,1.20294,1.20291,1120000,2250000
2018-01-11 13:30:40.527000,1.20289,1.20283,2250000,2250000
2018-01-11 13:30:40.811000,1.20286,1.20281,6370000,1500000
2018-01-11 13:30:41.130000,1.20286,1.20284,7870000,1500000
2018-01-11 13:30:41.376000,1.20285,1.20281,2620000,1000000
2018-01-11 13:30:41.537000,1.20279,1.20273,2250000,3070000
2018-01-11 13:30:41.694000,1.20276,1.20272,6690000,1000000
2018-01-11 13:30:41.991000,1.20278,1.20275,1120000,2320000
2018-01-11 13:30:42.096000,1.20277,1.20271,1000000,4760000
2018-01-11 13:30:42.148000,1.20275,1.20271,1000000,5890000
2018-01-11 13:30:42.201000,1.20277,1.20272,1500000,2700000
2018-01-11 13:30:42.307000,1.20278,1.20276,2250000,1000000
2018-01-11 13:30:42.657000,1.20275,1.20272,2250000,1950000
2018-01-11 13:30:42.762000,1.20273,1.20271,1000000,1200000
2018-01-11 13:30:43.077000,1.20278,1.20276,2250000,1000000
2018-01-11 13:30:43.396000,1.20277,1.20274,1000000,1000000
2018-01-11 13:30:43.448000,1.20272,1.2027,1000000,1560000
2018-01-11 13:30:43.502000,1.2027,1.20267,1950000,1500000
2018-01-11 13:30:43.555000,1.20267,1.20264,2250000,1450000
2018-01-11 13:30:43.608000,1.20263,1.20261,1500000,1120000
2018-01-11 13:30:43.661000,1.20263,1.20258,2250000,1950000
2018-01-11 13:30:43.713000,1.20262,1.20258,1120000,1310000
2018-01-11 13:30:43.949000,1.20266,1.20261,1390000,1200000
2018-01-11 13:30:44.005000,1.20266,1.2026,2140000,5700000
2018-01-11 13:30:44.058000,1.20266,1.2026,3640000,5510000
2018-01-11 13:30:44.595000,1.20264,1.20263,1000000,1200000
2018-01-11 13:30:44.732000,1.20263,1.2026,1000000,2700000
2018-01-11 13:30:45.005000,1.20261,1.2026,1000000,1950000
2018-01-11 13:30:45.062000,1.20257,1.20253,5250000,1820000
2018-01-11 13:30:45.267000,1.20254,1.20251,1950000,1000000
2018-01-11 13:30:45.375000,1.20252,1.20247,1450000,4870000
2018-01-11 13:30:45.428000,1.20254,1.20247,12260000,1370000
2018-01-11 13:30:45.879000,1.2025,1.20246,1250000,3450000
2018-01-11 13:30:45.943000,1.20248,1.20244,1100000,1500000
2018-01-11 13:30:45.997000,1.20247,1.20244,1450000,1500000
2018-01-11 13:30:46.052000,1.20246,1.20242,1570000,1690000
2018-01-11 13:30:46.123000,1.20247,1.20245,1570000,1500000
2018-01-11 13:30:46.360000,1.20245,1.20241,1000000,1100000
2018-01-11 13:30:46.853000,1.20243,1.2024,2700000,1870000
2018-01-11 13:30:47.061000,1.20242,1.20237,2890000,1120000
2018-01-11 13:30:47.307000,1.20242,1.2024,1100000,1000000
2018-01-11 13:30:47.360000,1.20244,1.20242,1000000,1100000
2018-01-11 13:30:47.419000,1.20249,1.20242,4010000,2140000
2018-01-11 13:30:47.471000,1.20248,1.20244,1010000,1200000
2018-01-11 13:30:47.859000,1.20247,1.20241,1570000,1610000
2018-01-11 13:30:48.228000,1.20245,1.2024,1450000,1200000
2018-01-11 13:30:48.569000,1.20227,1.20223,1070000,3750000
2018-01-11 13:30:48.884000,1.20236,1.20232,1350000,1250000
2018-01-11 13:30:48.936000,1.20237,1.20233,1500000,1500000
2018-01-11 13:30:49.160000,1.20239,1.20236,1000000,4200000
2018-01-11 13:30:49.213000,1.20242,1.20239,3820000,1250000
2018-01-11 13:30:49.265000,1.20241,1.20237,1100000,1310000
2018-01-11 13:30:49.424000,1.20241,1.20235,2320000,4200000
2018-01-11 13:30:49.529000,1.2024,1.20236,5810000,2320000
2018-01-11 13:30:49.633000,1.20238,1.20234,2250000,1870000
2018-01-11 13:30:49.909000,1.20237,1.20233,1000000,2550000
2018-01-11 13:30:50.016000,1.20241,1.20237,1870000,1420000
2018-01-11 13:30:50.069000,1.20242,1.2024,1000000,3370000
2018-01-11 13:30:50.122000,1.20244,1.20241,3750000,1700000
2018-01-11 13:30:50.180000,1.20243,1.20238,2620000,6820000
2018-01-11 13:30:50.507000,1.2024,1.20237,1250000,3070000
2018-01-11 13:30:50.821000,1.20237,1.20232,4950000,4310000
2018-01-11 13:30:50.874000,1.20235,1.2023,1500000,3260000
2018-01-11 13:30:51.044000,1.20233,1.2023,2320000,2250000
2018-01-11 13:30:51.097000,1.20233,1.20229,2320000,1190000
2018-01-11 13:30:51.157000,1.20231,1.20229,1000000,1120000
2018-01-11 13:30:51.210000,1.20233,1.20231,2320000,1000000
2018-01-11 13:30:51.531000,1.20221,1.2022,5320000,1500000
2018-01-11 13:30:51.807000,1.20212,1.20206,4200000,2440000
2018-01-11 13:30:51.967000,1.20209,1.20206,1570000,1120000
2018-01-11 13:30:52.270000,1.20206,1.202,3370000,3000000
2018-01-11 13:30:52.328000,1.20204,1.202,3450000,1000000
2018-01-11 13:30:52.798000,1.20209,1.20206,1000000,2700000
2018-01-11 13:30:52.851000,1.20217,1.20214,1000000,3750000
2018-01-11 13:30:52.909000,1.20218,1.20214,1000000,1200000
2018-01-11 13:30:52.962000,1.20218,1.20216,1000000,1500000
2018-01-11 13:30:53.015000,1.2022,1.20216,1000000,2620000
2018-01-11 13:30:53.172000,1.20217,1.20214,1000000,2060000
2018-01-11 13:30:53.351000,1.20217,1.20214,2510000,1000000
2018-01-11 13:30:53.412000,1.20212,1.2021,1570000,1500000
2018-01-11 13:30:53.520000,1.20214,1.20208,1500000,4950000
2018-01-11 13:30:53.781000,1.20215,1.20211,1950000,1000000
2018-01-11 13:30:54.090000,1.20229,1.20226,6820000,2250000
2018-01-11 13:30:54.200000,1.20224,1.20221,3450000,1000000
2018-01-11 13:30:54.253000,1.20221,1.2022,1000000,1000000
2018-01-11 13:30:54.305000,1.2022,1.20218,1200000,1500000
2018-01-11 13:30:54.359000,1.20219,1.20216,1200000,1690000
2018-01-11 13:30:54.412000,1.20217,1.20216,1000000,1500000
2018-01-11 13:30:54.643000,1.20211,1.20207,1000000,1570000
2018-01-11 13:30:54.697000,1.20207,1.20205,1500000,1310000
2018-01-11 13:30:54.858000,1.20202,1.202,2700000,1500000
2018-01-11 13:30:54.964000,1.20203,1.20198,1000000,3000000
2018-01-11 13:30:55.136000,1.20201,1.20198,1000000,2700000
2018-01-11 13:30:55.243000,1.20206,1.20201,6820000,4500000
2018-01-11 13:30:55.296000,1.20207,1.20205,1390000,1000000
2018-01-11 13:30:55.683000,1.20218,1.20216,1000000,1500000
2018-01-11 13:30:55.787000,1.20228,1.20224,1000000,1370000
2018-01-11 13:30:55.840000,1.20229,1.20227,1100000,1000000
2018-01-11 13:30:56.276000,1.20214,1.20212,1000000,2250000
2018-01-11 13:30:56.701000,1.20216,1.20213,1000000,1950000
2018-01-11 13:30:57.009000,1.20226,1.20225,8060000,2250000
2018-01-11 13:30:57.170000,1.20222,1.20221,1000000,1000000
2018-01-11 13:30:57.227000,1.20222,1.20219,1000000,1390000
2018-01-11 13:30:57.444000,1.20223,1.20222,1000000,1500000
2018-01-11 13:30:57.501000,1.20226,1.20222,1000000,1950000
2018-01-11 13:30:57.658000,1.20224,1.20222,2060000,3070000
2018-01-11 13:30:57.711000,1.20223,1.20219,1120000,5320000
2018-01-11 13:30:57.765000,1.20222,1.20219,2620000,4500000
2018-01-11 13:30:57.818000,1.2022,1.20217,1000000,3070000
2018-01-11 13:30:58.101000,1.20222,1.20218,2250000,1100000
2018-01-11 13:30:58.205000,1.2022,1.20216,1000000,4200000
2018-01-11 13:30:58.258000,1.20219,1.20216,1000000,1870000
2018-01-11 13:30:58.311000,1.20217,1.20214,1000000,1100000
2018-01-11 13:30:58.626000,1.20222,1.2022,1250000,3000000
2018-01-11 13:30:58.863000,1.20228,1.20226,1120000,1870000
2018-01-11 13:30:58.917000,1.2023,1.20226,1010000,1500000
2018-01-11 13:30:59.076000,1.20232,1.20229,1390000,1000000
2018-01-11 13:30:59.129000,1.20231,1.20227,1570000,1870000
2018-01-11 13:30:59.185000,1.20229,1.20226,1500000,1000000
2018-01-11 13:30:59.503000,1.20229,1.20224,3450000,1000000
2018-01-11 13:30:59.920000,1.2023,1.20229,3750000,1950000
2018-01-11 13:31:00.027000,1.20234,1.20232,1500000,1100000
2018-01-11 13:31:00.207000,1.20233,1.20232,1500000,1100000
2018-01-11 13:31:00.858000,1.20232,1.2023,1000000,1100000
2018-01-11 13:31:01.015000,1.20229,1.20228,1870000,1500000
2018-01-11 13:31:01.069000,1.20228,1.20227,2700000,2250000
2018-01-11 13:31:01.123000,1.20228,1.20224,7200000,1870000
2018-01-11 13:31:01.178000,1.20226,1.20223,1200000,2060000
2018-01-11 13:31:01.497000,1.20228,1.20226,1000000,2250000
2018-01-11 13:31:02.010000,1.20228,1.20226,1000000,1500000
2018-01-11 13:31:02.316000,1.2023,1.20228,3450000,2500000
2018-01-11 13:31:02.372000,1.20228,1.20227,2250000,1200000
2018-01-11 13:31:02.683000,1.20227,1.20224,1000000,3070000
2018-01-11 13:31:03.213000,1.20226,1.20225,4200000,1000000
2018-01-11 13:31:03.266000,1.20223,1.20222,1000000,1500000
2018-01-11 13:31:03.371000,1.20219,1.20218,1500000,3000000
2018-01-11 13:31:03.426000,1.20221,1.20218,7080000,4120000
2018-01-11 13:31:03.480000,1.2022,1.20217,1450000,3750000
2018-01-11 13:31:03.532000,1.20219,1.20216,1390000,3370000
2018-01-11 13:31:04.071000,1.2022,1.20215,1950000,4120000
2018-01-11 13:31:04.126000,1.2022,1.20215,1200000,3370000
2018-01-11 13:31:04.282000,1.20218,1.20215,1000000,4570000
2018-01-11 13:31:04.478000,1.20222,1.20217,1950000,1000000
2018-01-11 13:31:04.634000,1.20224,1.20219,3640000,1000000
2018-01-11 13:31:05.048000,1.20228,1.20226,1500000,1500000
2018-01-11 13:31:05.104000,1.20232,1.2023,1000000,1570000
2018-01-11 13:31:05.181000,1.20237,1.20234,2320000,1000000
2018-01-11 13:31:05.235000,1.20238,1.20234,1010000,1950000
2018-01-11 13:31:05.497000,1.20239,1.20238,2440000,1000000
2018-01-11 13:31:05.706000,1.20247,1.20242,2620000,2700000
2018-01-11 13:31:05.870000,1.20245,1.20241,2320000,2320000
2018-01-11 13:31:06.335000,1.20242,1.20238,1000000,4950000
2018-01-11 13:31:06.388000,1.20242,1.20238,2320000,2250000
2018-01-11 13:31:06.492000,1.20243,1.2024,1950000,2250000
2018-01-11 13:31:06.649000,1.20243,1.20238,2320000,2590000
2018-01-11 13:31:06.753000,1.20242,1.20238,2320000,1000000
2018-01-11 13:31:07.090000,1.20242,1.20239,3450000,1000000
2018-01-11 13:31:07.203000,1.2024,1.20237,1470000,2250000
2018-01-11 13:31:07.256000,1.2024,1.20238,1570000,1000000
2018-01-11 13:31:07.418000,1.20239,1.20235,2320000,5250000
2018-01-11 13:31:07.527000,1.20237,1.20233,1950000,1000000
2018-01-11 13:31:07.863000,1.20238,1.20235,2700000,1000000
2018-01-11 13:31:07.968000,1.20234,1.2023,1000000,1950000
2018-01-11 13:31:08.126000,1.20233,1.2023,1450000,1000000
2018-01-11 13:31:08.178000,1.20232,1.20228,1200000,1870000
2018-01-11 13:31:08.489000,1.20233,1.20231,2140000,1000000
2018-01-11 13:31:08.887000,1.20232,1.20228,1470000,1500000
2018-01-11 13:31:09.308000,1.20229,1.20228,1000000,1000000
2018-01-11 13:31:09.502000,1.20227,1.20224,1200000,1500000
2018-01-11 13:31:09.609000,1.20231,1.20225,7200000,1120000
2018-01-11 13:31:09.662000,1.20231,1.20229,2320000,2060000
2018-01-11 13:31:09.715000,1.20233,1.2023,3820000,1120000
2018-01-11 13:31:09.770000,1.20234,1.2023,1570000,8810000
2018-01-11 13:31:09.823000,1.20236,1.20232,2140000,1120000
2018-01-11 13:31:10.396000,1.20236,1.20231,1010000,5810000
2018-01-11 13:31:10.879000,1.20239,1.20235,4570000,3000000
2018-01-11 13:31:10.983000,1.20239,1.20235,1100000,1500000
2018-01-11 13:31:11.360000,1.20237,1.20233,2320000,3370000
2018-01-11 13:31:11.672000,1.2024,1.20236,1120000,2250000
2018-01-11 13:31:12.010000,1.20241,1.20237,1310000,1750000
2018-01-11 13:31:12.065000,1.20243,1.20238,3640000,4950000
2018-01-11 13:31:12.119000,1.20241,1.20238,4690000,1570000
2018-01-11 13:31:12.380000,1.2024,1.20237,1000000,1570000
2018-01-11 13:31:12.485000,1.20239,1.20234,3560000,9070000
2018-01-11 13:31:12.592000,1.20241,1.20237,3070000,1120000
2018-01-11 13:31:13.163000,1.20241,1.20237,2700000,2510000
2018-01-11 13:31:13.608000,1.20238,1.20236,1760000,1000000
2018-01-11 13:31:13.717000,1.20237,1.20233,1450000,4500000
2018-01-11 13:31:13.873000,1.20233,1.20232,1000000,4500000
2018-01-11 13:31:14.047000,1.20227,1.20225,1000000,5060000
2018-01-11 13:31:14.348000,1.20226,1.20222,1000000,1320000
2018-01-11 13:31:14.401000,1.20223,1.20221,2500000,1570000
2018-01-11 13:31:14.505000,1.20224,1.2022,2250000,1010000
2018-01-11 13:31:14.662000,1.2022,1.20218,1000000,2700000
2018-01-11 13:31:14.715000,1.20219,1.20216,1500000,1950000
2018-01-11 13:31:15.096000,1.20222,1.20217,1000000,2300000
2018-01-11 13:31:15.703000,1.20221,1.20217,1500000,1100000
2018-01-11 13:31:15.756000,1.20221,1.20217,1000000,1570000
2018-01-11 13:31:15.922000,1.20225,1.2022,4120000,4760000
2018-01-11 13:31:16.029000,1.20223,1.20218,3190000,6450000
2018-01-11 13:31:16.414000,1.20216,1.20214,1000000,1000000
2018-01-11 13:31:16.466000,1.20218,1.20213,2060000,2700000
2018-01-11 13:31:16.570000,1.20215,1.20213,1000000,1570000
2018-01-11 13:31:16.622000,1.20214,1.20212,1120000,1100000
2018-01-11 13:31:16.674000,1.20212,1.2021,1000000,2700000
2018-01-11 13:31:16.729000,1.20211,1.20208,1950000,1370000
2018-01-11 13:31:16.781000,1.20211,1.20206,2320000,1570000
2018-01-11 13:31:16.884000,1.2021,1.20205,4870000,4570000
2018-01-11 13:31:17.233000,1.20211,1.20208,1000000,1500000
2018-01-11 13:31:17.549000,1.20209,1.20207,1500000,1000000
2018-01-11 13:31:17.913000,1.20207,1.20205,1500000,4200000
2018-01-11 13:31:18.018000,1.20209,1.20206,2250000,1100000
2018-01-11 13:31:18.124000,1.20208,1.20204,1500000,4010000
2018-01-11 13:31:18.178000,1.20209,1.20207,1500000,1000000
2018-01-11 13:31:18.489000,1.20208,1.20205,1500000,1570000
2018-01-11 13:31:19.010000,1.20208,1.20204,1500000,4930000
2018-01-11 13:31:19.064000,1.20208,1.20207,1500000,1000000
2018-01-11 13:31:19.117000,1.2021,1.20207,1500000,1690000
2018-01-11 13:31:19.319000,1.20213,1.20212,1500000,1120000
2018-01-11 13:31:19.476000,1.20212,1.2021,1100000,1000000
2018-01-11 13:31:19.528000,1.20211,1.2021,1500000,1000000
2018-01-11 13:31:19.738000,1.2021,1.20208,1500000,1000000
2018-01-11 13:31:20.223000,1.20212,1.20209,2250000,1200000
2018-01-11 13:31:20.383000,1.2021,1.20207,1500000,4950000
2018-01-11 13:31:20.855000,1.20207,1.20204,2700000,1870000
2018-01-11 13:31:20.907000,1.20206,1.20202,1500000,2700000
2018-01-11 13:31:21.118000,1.20203,1.20202,1870000,1100000
2018-01-11 13:31:21.493000,1.20209,1.20207,1870000,1000000
2018-01-11 13:31:21.701000,1.20207,1.20204,1500000,2320000
2018-01-11 13:31:21.908000,1.20205,1.20202,4120000,3070000
2018-01-11 13:31:22.015000,1.20207,1.20202,3450000,4200000
2018-01-11 13:31:22.069000,1.20209,1.20206,2620000,1950000
2018-01-11 13:31:22.259000,1.20206,1.20204,1500000,1200000
2018-01-11 13:31:22.422000,1.20204,1.20202,1500000,1200000
2018-01-11 13:31:22.475000,1.20203,1.202,1500000,1570000
2018-01-11 13:31:22.530000,1.20204,1.20203,3750000,1000000
2018-01-11 13:31:22.851000,1.20203,1.20201,1000000,2250000
2018-01-11 13:31:22.913000,1.20202,1.20199,1500000,1000000
2018-01-11 13:31:23.070000,1.20203,1.20201,1950000,1500000
2018-01-11 13:31:23.382000,1.20205,1.20203,1950000,1000000
2018-01-11 13:31:23.582000,1.20201,1.20199,3640000,1000000
2018-01-11 13:31:23.635000,1.20192,1.2019,1500000,3000000
2018-01-11 13:31:24.160000,1.20191,1.20187,2700000,2700000
2018-01-11 13:31:24.367000,1.2019,1.20187,2320000,2620000
2018-01-11 13:31:24.424000,1.20187,1.20184,1500000,4570000
2018-01-11 13:31:24.477000,1.20187,1.20184,1500000,1200000
2018-01-11 13:31:25.112000,1.20186,1.20184,2250000,1200000
2018-01-11 13:31:25.584000,1.20183,1.20182,1690000,2700000
2018-01-11 13:31:25.688000,1.20183,1.2018,2620000,1570000
2018-01-11 13:31:26,1.20183,1.2018,1500000,2320000
2018-01-11 13:31:26.105000,1.20183,1.20179,1500000,3820000
2018-01-11 13:31:26.364000,1.20183,1.2018,1500000,3450000
2018-01-11 13:31:26.470000,1.20183,1.2018,1500000,2320000
2018-01-11 13:31:26.579000,1.20185,1.20182,1690000,1000000
2018-01-11 13:31:26.880000,1.20185,1.20184,1500000,1120000
2018-01-11 13:31:26.933000,1.20187,1.20184,1950000,1120000
2018-01-11 13:31:27.040000,1.20189,1.20185,1950000,3370000
2018-01-11 13:31:27.359000,1.2019,1.20186,1500000,1370000
2018-01-11 13:31:27.671000,1.20193,1.20191,3000000,1760000
2018-01-11 13:31:27.734000,1.20196,1.20193,2250000,1500000
2018-01-11 13:31:27.786000,1.20194,1.20191,2810000,4200000
2018-01-11 13:31:27.842000,1.20193,1.20191,2700000,1000000
2018-01-11 13:31:27.894000,1.20192,1.20188,1500000,1000000
2018-01-11 13:31:27.947000,1.20193,1.2019,1570000,4870000
2018-01-11 13:31:28.053000,1.20196,1.20192,2250000,4690000
2018-01-11 13:31:28.107000,1.20198,1.20194,1950000,1000000
2018-01-11 13:31:28.450000,1.202,1.20196,1950000,1000000
2018-01-11 13:31:28.763000,1.20203,1.20201,1000000,2320000
2018-01-11 13:31:29.101000,1.20208,1.20205,1870000,4200000
2018-01-11 13:31:29.211000,1.20207,1.20204,2250000,2700000
2018-01-11 13:31:29.572000,1.20206,1.20202,1500000,2890000
2018-01-11 13:31:29.839000,1.20206,1.20203,2250000,1500000
2018-01-11 13:31:29.891000,1.20206,1.20203,1500000,1120000
2018-01-11 13:31:30.101000,1.20204,1.20201,1500000,1100000
2018-01-11 13:31:30.625000,1.20204,1.202,1570000,1200000
2018-01-11 13:31:30.938000,1.20203,1.20202,1500000,1000000
2018-01-11 13:31:30.991000,1.20205,1.20201,1120000,4310000
2018-01-11 13:31:31.096000,1.20203,1.20201,1870000,5140000
2018-01-11 13:31:31.439000,1.20201,1.20199,1500000,1100000
2018-01-11 13:31:31.493000,1.20203,1.202,1500000,1950000
2018-01-11 13:31:31.605000,1.20205,1.20202,2250000,1950000
2018-01-11 13:31:31.763000,1.20207,1.20206,1000000,1000000
2018-01-11 13:31:32.006000,1.20209,1.20206,1500000,1500000
2018-01-11 13:31:32.111000,1.20209,1.20206,2250000,5140000
2018-01-11 13:31:32.163000,1.20209,1.20206,2250000,2320000
2018-01-11 13:31:32.687000,1.20206,1.20203,1500000,6370000
2018-01-11 13:31:33.002000,1.20202,1.202,1500000,1760000
2018-01-11 13:31:33.393000,1.20203,1.20202,2250000,1000000
2018-01-11 13:31:33.448000,1.20205,1.20202,3000000,1000000
2018-01-11 13:31:33.657000,1.20205,1.20202,2250000,1870000
2018-01-11 13:31:33.709000,1.20205,1.20202,2250000,1500000
2018-01-11 13:31:33.917000,1.20202,1.202,1500000,2320000
2018-01-11 13:31:33.970000,1.20201,1.20199,1500000,1000000
2018-01-11 13:31:34.074000,1.202,1.20198,1500000,1200000
2018-01-11 13:31:34.253000,1.20197,1.20195,1500000,1870000
2018-01-11 13:31:34.769000,1.20197,1.20194,2250000,2250000
2018-01-11 13:31:35.167000,1.20198,1.20196,2250000,1000000
2018-01-11 13:31:35.221000,1.202,1.20197,2060000,1000000
2018-01-11 13:31:35.738000,1.20199,1.20196,1500000,1000000
2018-01-11 13:31:35.791000,1.20198,1.20197,1120000,1120000
2018-01-11 13:31:35.844000,1.20197,1.20196,1250000,1690000
2018-01-11 13:31:36.371000,1.202,1.20196,2620000,1500000
2018-01-11 13:31:37.482000,1.20201,1.20197,5140000,2250000
2018-01-11 13:31:37.585000,1.20199,1.20197,1000000,1000000
2018-01-11 13:31:38.157000,1.202,1.20197,1200000,1500000
2018-01-11 13:31:38.883000,1.20201,1.20197,3000000,1200000
2018-01-11 13:31:39.298000,1.20201,1.20197,3940000,1200000
2018-01-11 13:31:39.350000,1.20201,1.20197,3190000,1450000
2018-01-11 13:31:39.835000,1.20199,1.20197,1500000,1120000
2018-01-11 13:31:40.303000,1.20197,1.20196,1120000,1000000
2018-01-11 13:31:40.779000,1.20198,1.20194,1500000,1500000
2018-01-11 13:31:41.300000,1.20199,1.20195,2700000,2250000
2018-01-11 13:31:41.850000,1.20197,1.20194,1000000,2250000
2018-01-11 13:31:42.108000,1.20197,1.20196,1000000,1200000
2018-01-11 13:31:42.640000,1.20197,1.20194,1000000,1950000
2018-01-11 13:31:42.899000,1.20198,1.20196,1000000,1000000
2018-01-11 13:31:43.212000,1.202,1.20198,1120000,1000000
2018-01-11 13:31:43.647000,1.20198,1.20196,1000000,4950000
2018-01-11 13:31:43.715000,1.20198,1.20194,1120000,3070000
2018-01-11 13:31:44.078000,1.20199,1.20196,8440000,1000000
2018-01-11 13:31:44.373000,1.20198,1.20193,1500000,5700000
2018-01-11 13:31:44.529000,1.20196,1.20193,1000000,4570000
2018-01-11 13:31:45.033000,1.20197,1.20194,1000000,1100000
2018-01-11 13:31:45.344000,1.20198,1.20196,5440000,1000000
2018-01-11 13:31:45.812000,1.20196,1.20195,1000000,1000000
2018-01-11 13:31:45.867000,1.20194,1.20191,3750000,5700000
2018-01-11 13:31:45.921000,1.20193,1.20191,1000000,1000000
2018-01-11 13:31:46.237000,1.20197,1.20195,1870000,1000000
2018-01-11 13:31:46.556000,1.20195,1.20193,6370000,1100000
2018-01-11 13:31:46.610000,1.20193,1.2019,1690000,1000000
2018-01-11 13:31:46.714000,1.20189,1.20186,1000000,2700000
2018-01-11 13:31:46.826000,1.20188,1.20183,1500000,4870000
2018-01-11 13:31:47.353000,1.20186,1.20183,1000000,2320000
2018-01-11 13:31:47.871000,1.20187,1.20182,1200000,3450000
2018-01-11 13:31:48.277000,1.20187,1.20185,1500000,1120000
2018-01-11 13:31:48.339000,1.20191,1.20188,1000000,1950000
2018-01-11 13:31:48.859000,1.20192,1.20187,2440000,1570000
2018-01-11 13:31:49.192000,1.20193,1.2019,5060000,1200000
2018-01-11 13:31:49.510000,1.20195,1.20193,1500000,1390000
2018-01-11 13:31:49.828000,1.20189,1.20187,1000000,4200000
2018-01-11 13:31:49.881000,1.20191,1.20189,1370000,1000000
2018-01-11 13:31:49.988000,1.20189,1.20187,2250000,3070000
2018-01-11 13:31:50.041000,1.20187,1.20186,1000000,1200000
2018-01-11 13:31:50.093000,1.20186,1.20184,1000000,2140000
2018-01-11 13:31:50.250000,1.20188,1.20186,1870000,2250000
2018-01-11 13:31:50.469000,1.20191,1.20187,1350000,1570000
2018-01-11 13:31:50.572000,1.20192,1.2019,5850000,1000000
2018-01-11 13:31:50.624000,1.20191,1.20189,1120000,1000000
2018-01-11 13:31:51.228000,1.2019,1.20189,1000000,1000000
2018-01-11 13:31:51.280000,1.20191,1.20187,1000000,1570000
2018-01-11 13:31:51.545000,1.2019,1.20188,1000000,1200000
2018-01-11 13:31:51.600000,1.20191,1.20188,1000000,1120000
2018-01-11 13:31:51.967000,1.20191,1.2019,1000000,1000000
2018-01-11 13:31:52.278000,1.20193,1.20192,1120000,1000000
2018-01-11 13:31:52.384000,1.20196,1.20193,1000000,1000000
2018-01-11 13:31:52.437000,1.20198,1.20194,1500000,1200000
2018-01-11 13:31:52.926000,1.202,1.20198,1310000,1000000
2018-01-11 13:31:53.001000,1.20201,1.20197,4310000,1950000
2018-01-11 13:31:53.209000,1.20198,1.20195,2620000,3450000
2018-01-11 13:31:53.691000,1.20197,1.20193,1690000,1200000
2018-01-11 13:31:54.207000,1.20197,1.20193,1250000,1450000
2018-01-11 13:31:54.466000,1.20195,1.20192,1690000,3450000
2018-01-11 13:31:54.874000,1.20192,1.2019,1000000,3450000
2018-01-11 13:31:55.423000,1.20194,1.20191,1450000,3370000
2018-01-11 13:31:55.476000,1.20196,1.20192,1010000,1120000
2018-01-11 13:31:55.528000,1.20196,1.20194,2320000,1000000
2018-01-11 13:31:55.684000,1.20197,1.20193,2700000,4310000
2018-01-11 13:31:56.149000,1.20198,1.20194,5620000,1200000
2018-01-11 13:31:56.293000,1.20198,1.20196,4500000,3000000
2018-01-11 13:31:56.608000,1.20209,1.20204,1870000,1950000
2018-01-11 13:31:57.172000,1.20209,1.20205,1000000,1450000
2018-01-11 13:31:57.278000,1.20208,1.20206,1120000,3070000
2018-01-11 13:31:57.333000,1.20207,1.20205,2250000,1000000
2018-01-11 13:31:57.387000,1.20204,1.20203,1500000,2700000
2018-01-11 13:31:57.546000,1.20207,1.20204,1390000,1000000
2018-01-11 13:31:57.598000,1.20209,1.20206,8510000,1000000
2018-01-11 13:31:57.828000,1.20208,1.20203,2700000,2250000
2018-01-11 13:31:58.297000,1.20203,1.20201,1000000,1120000
2018-01-11 13:31:58.507000,1.20205,1.20201,1200000,2620000
2018-01-11 13:31:58.760000,1.20206,1.20203,1450000,1370000
2018-01-11 13:31:59.226000,1.20208,1.20205,2320000,1000000
2018-01-11 13:31:59.280000,1.20208,1.20207,1500000,1000000
2018-01-11 13:31:59.332000,1.20211,1.20208,5440000,1000000
2018-01-11 13:31:59.490000,1.20212,1.20208,1870000,1570000
2018-01-11 13:32:00.016000,1.20212,1.20208,1500000,1450000
2018-01-11 13:32:00.564000,1.20213,1.20209,3000000,2440000
2018-01-11 13:32:01.089000,1.20214,1.20211,3820000,2440000
2018-01-11 13:32:01.299000,1.20218,1.20213,1500000,2140000
2018-01-11 13:32:01.564000,1.20219,1.20216,1450000,2810000
2018-01-11 13:32:01.615000,1.20221,1.20216,2890000,2510000
2018-01-11 13:32:02.189000,1.20221,1.20217,2700000,1310000
2018-01-11 13:32:02.241000,1.20219,1.20216,1000000,2810000
2018-01-11 13:32:02.501000,1.20221,1.20216,2320000,6370000
2018-01-11 13:32:02.607000,1.20222,1.20217,1100000,5250000
2018-01-11 13:32:03.018000,1.20218,1.20217,1870000,4570000
2018-01-11 13:32:03.229000,1.20221,1.20217,1570000,2140000
2018-01-11 13:32:03.490000,1.20223,1.20217,3260000,2140000
2018-01-11 13:32:03.876000,1.20223,1.20217,1200000,7570000
2018-01-11 13:32:04.395000,1.20224,1.2022,7200000,1870000
2018-01-11 13:32:04.745000,1.20228,1.20225,1000000,1190000
2018-01-11 13:32:05.059000,1.20233,1.20229,2250000,4760000
2018-01-11 13:32:05.389000,1.20237,1.20233,1000000,3820000
2018-01-11 13:32:05.649000,1.20235,1.20232,1000000,6820000
2018-01-11 13:32:05.908000,1.20237,1.20233,3450000,1760000
2018-01-11 13:32:06.178000,1.20238,1.20237,3000000,2510000
2018-01-11 13:32:06.435000,1.20243,1.2024,1000000,4690000
2018-01-11 13:32:06.488000,1.20242,1.2024,1000000,5510000
2018-01-11 13:32:06.543000,1.20244,1.20241,1000000,1870000
2018-01-11 13:32:07.054000,1.20247,1.20242,1500000,1200000
2018-01-11 13:32:07.262000,1.20246,1.20242,3260000,1950000
2018-01-11 13:32:07.660000,1.20247,1.20243,1500000,1000000
2018-01-11 13:32:07.765000,1.20249,1.20247,1950000,4120000
2018-01-11 13:32:07.869000,1.20251,1.20247,3190000,1870000
2018-01-11 13:32:07.922000,1.20249,1.20247,4500000,1000000
2018-01-11 13:32:08.231000,1.20245,1.20243,1000000,1570000
2018-01-11 13:32:08.338000,1.20247,1.20242,3820000,3370000
2018-01-11 13:32:08.497000,1.20249,1.20243,3070000,6060000
2018-01-11 13:32:08.551000,1.2025,1.20246,1570000,3000000
2018-01-11 13:32:08.655000,1.20251,1.20246,1870000,1200000
2018-01-11 13:32:08.707000,1.20251,1.2025,1000000,1120000
2018-01-11 13:32:09.023000,1.2026,1.20257,3000000,1570000
2018-01-11 13:32:09.076000,1.20258,1.20256,1500000,1950000
2018-01-11 13:32:09.188000,1.20261,1.20256,3370000,3070000
2018-01-11 13:32:09.295000,1.20263,1.20258,6750000,2320000
2018-01-11 13:32:09.347000,1.2026,1.20258,1000000,2320000
2018-01-11 13:32:09.450000,1.20262,1.20259,2440000,1100000
2018-01-11 13:32:09.908000,1.20264,1.20261,4570000,1000000
2018-01-11 13:32:10.014000,1.20264,1.2026,1690000,2250000
2018-01-11 13:32:10.068000,1.20262,1.20259,1000000,3070000
2018-01-11 13:32:10.504000,1.20265,1.20262,1570000,1120000
2018-01-11 13:32:10.665000,1.2027,1.20267,3000000,1120000
2018-01-11 13:32:10.949000,1.20266,1.20265,1120000,4200000
2018-01-11 13:32:11.078000,1.20264,1.2026,5700000,1120000
2018-01-11 13:32:11.131000,1.20262,1.2026,2250000,1120000
2018-01-11 13:32:11.447000,1.20256,1.20253,1000000,1470000
2018-01-11 13:32:11.606000,1.20256,1.20253,1000000,1200000
2018-01-11 13:32:11.867000,1.20254,1.2025,1500000,6450000
2018-01-11 13:32:11.921000,1.20253,1.2025,3560000,1500000
2018-01-11 13:32:11.973000,1.20251,1.20248,1500000,1200000
2018-01-11 13:32:12.303000,1.20243,1.2024,1450000,4870000
2018-01-11 13:32:12.460000,1.20243,1.20237,4570000,7120000
2018-01-11 13:32:12.723000,1.20241,1.20238,1450000,1120000
2018-01-11 13:32:12.911000,1.20243,1.20237,5510000,1310000
2018-01-11 13:32:13.067000,1.20241,1.20237,1570000,1690000
2018-01-11 13:32:13.194000,1.20243,1.20238,5310000,1250000
2018-01-11 13:32:13.251000,1.20243,1.20242,4500000,1000000
2018-01-11 13:32:13.305000,1.20247,1.20245,3450000,1000000
2018-01-11 13:32:13.365000,1.20247,1.20246,3750000,1120000
2018-01-11 13:32:13.478000,1.20249,1.20246,1000000,3640000
2018-01-11 13:32:13.697000,1.20246,1.20245,1000000,1120000
2018-01-11 13:32:13.763000,1.20243,1.20241,1120000,2250000
2018-01-11 13:32:13.819000,1.20242,1.20238,1760000,2250000
2018-01-11 13:32:14.080000,1.20241,1.20236,1450000,2620000
2018-01-11 13:32:14.357000,1.20242,1.20236,3260000,2700000
2018-01-11 13:32:14.670000,1.20244,1.20241,1500000,3070000
2018-01-11 13:32:14.997000,1.20248,1.20244,3000000,2320000
2018-01-11 13:32:15.413000,1.2025,1.20245,2440000,7950000
2018-01-11 13:32:15.748000,1.20247,1.20245,1500000,1570000
2018-01-11 13:32:15.802000,1.20245,1.20241,1000000,3820000
2018-01-11 13:32:15.906000,1.20247,1.20243,1310000,1200000
2018-01-11 13:32:16.113000,1.20247,1.20243,1000000,1950000
2018-01-11 13:32:16.582000,1.20244,1.20243,1870000,1100000
2018-01-11 13:32:16.635000,1.2024,1.20239,1500000,1000000
2018-01-11 13:32:17.152000,1.2024,1.20239,1000000,1000000
2018-01-11 13:32:17.205000,1.20241,1.20237,5250000,1200000
2018-01-11 13:32:17.310000,1.20238,1.20237,1000000,1000000
2018-01-11 13:32:17.536000,1.20237,1.20235,1000000,1950000
2018-01-11 13:32:17.641000,1.20239,1.20236,1000000,6560000
2018-01-11 13:32:17.745000,1.20241,1.20237,1500000,1100000
2018-01-11 13:32:18.008000,1.20241,1.20237,1000000,2700000
2018-01-11 13:32:18.265000,1.20247,1.20244,3750000,1000000
2018-01-11 13:32:18.318000,1.20251,1.20246,3940000,3070000
2018-01-11 13:32:18.423000,1.20252,1.20248,7760000,1100000
2018-01-11 13:32:18.632000,1.20248,1.20246,1000000,1950000
2018-01-11 13:32:19.053000,1.20251,1.20247,2440000,1450000
2018-01-11 13:32:19.210000,1.20248,1.20245,1000000,3260000
2018-01-11 13:32:19.265000,1.20248,1.20245,2250000,1000000
2018-01-11 13:32:19.870000,1.20249,1.20246,1000000,1370000
2018-01-11 13:32:19.923000,1.20251,1.20247,1320000,1000000
2018-01-11 13:32:20.237000,1.20252,1.20248,3940000,1000000
2018-01-11 13:32:20.294000,1.20252,1.20249,1250000,3070000
2018-01-11 13:32:20.594000,1.20252,1.20247,1500000,5140000
2018-01-11 13:32:21.180000,1.20254,1.20248,7010000,1470000
2018-01-11 13:32:21.705000,1.20253,1.20249,3370000,1000000
2018-01-11 13:32:22.255000,1.20253,1.20248,3820000,1100000
2018-01-11 13:32:22.850000,1.20249,1.20247,1000000,2140000
2018-01-11 13:32:23.526000,1.2025,1.20249,1000000,1000000
2018-01-11 13:32:23.734000,1.20256,1.20252,1120000,1500000
2018-01-11 13:32:24.252000,1.20257,1.20251,9070000,3450000
2018-01-11 13:32:24.304000,1.20256,1.20251,1190000,2890000
2018-01-11 13:32:24.685000,1.20257,1.20252,6820000,2060000
2018-01-11 13:32:24.737000,1.20257,1.20252,3070000,2060000
2018-01-11 13:32:25.253000,1.20256,1.20252,2140000,2060000
2018-01-11 13:32:25.603000,1.20257,1.20255,1200000,2500000
2018-01-11 13:32:25.669000,1.20259,1.20257,1100000,2620000
2018-01-11 13:32:25.723000,1.20261,1.20258,3070000,1870000
2018-01-11 13:32:25.776000,1.20263,1.20259,4570000,1000000
2018-01-11 13:32:25.880000,1.20263,1.20259,5320000,2810000
2018-01-11 13:32:26.090000,1.20264,1.20261,2510000,2060000
2018-01-11 13:32:26.356000,1.20263,1.20259,1690000,4200000
2018-01-11 13:32:26.770000,1.20265,1.20261,1390000,1120000
2018-01-11 13:32:26.977000,1.20266,1.20263,1570000,1250000
2018-01-11 13:32:27.358000,1.20263,1.20261,3190000,1250000
2018-01-11 13:32:27.878000,1.20261,1.2026,1000000,1250000
2018-01-11 13:32:28.413000,1.20262,1.2026,1000000,1000000
2018-01-11 13:32:28.467000,1.20264,1.20261,7010000,1000000
2018-01-11 13:32:28.527000,1.20264,1.20263,3190000,1200000
2018-01-11 13:32:28.633000,1.20268,1.20265,4870000,1390000
2018-01-11 13:32:28.899000,1.20269,1.20267,2250000,1000000
2018-01-11 13:32:28.952000,1.20269,1.20265,3000000,2510000
2018-01-11 13:32:29.470000,1.2027,1.20265,2250000,5330000
2018-01-11 13:32:29.748000,1.20268,1.20266,1000000,1200000
2018-01-11 13:32:30.063000,1.20266,1.20265,1000000,1250000
2018-01-11 13:32:30.166000,1.20268,1.20266,6190000,1000000
2018-01-11 13:32:30.219000,1.20268,1.20264,3750000,2700000
2018-01-11 13:32:30.490000,1.20269,1.20266,1000000,1570000
2018-01-11 13:32:30.807000,1.20266,1.20265,1000000,1870000
2018-01-11 13:32:30.860000,1.20265,1.20263,1000000,1870000
2018-01-11 13:32:30.912000,1.20264,1.20261,1200000,2250000
2018-01-11 13:32:31.185000,1.20265,1.20261,1200000,1870000
2018-01-11 13:32:31.501000,1.20263,1.2026,2890000,1250000
2018-01-11 13:32:31.830000,1.20266,1.20265,3450000,1000000
2018-01-11 13:32:32.145000,1.20267,1.20263,1200000,1120000
2018-01-11 13:32:32.254000,1.20265,1.20264,1200000,1000000
2018-01-11 13:32:32.660000,1.20263,1.2026,1000000,3820000
2018-01-11 13:32:32.923000,1.20262,1.20259,4570000,3190000
2018-01-11 13:32:33.183000,1.20263,1.20261,1950000,3370000
2018-01-11 13:32:33.342000,1.20265,1.20262,2810000,1950000
2018-01-11 13:32:33.500000,1.20266,1.20264,1200000,1500000
2018-01-11 13:32:33.813000,1.2027,1.20265,1950000,8250000
2018-01-11 13:32:34.364000,1.2027,1.20267,2890000,1250000
2018-01-11 13:32:34.731000,1.20271,1.20267,1200000,7500000
2018-01-11 13:32:35.040000,1.20279,1.20276,3070000,4870000
2018-01-11 13:32:35.097000,1.20281,1.20277,3070000,1250000
2018-01-11 13:32:35.150000,1.20281,1.20279,4570000,1250000
2018-01-11 13:32:35.675000,1.20281,1.20278,1950000,1250000
2018-01-11 13:32:36.200000,1.20283,1.20278,2890000,3190000
2018-01-11 13:32:36.537000,1.20287,1.20283,1760000,1250000
2018-01-11 13:32:36.864000,1.20284,1.20281,1950000,3000000
2018-01-11 13:32:37.178000,1.20277,1.20273,1760000,1000000
2018-01-11 13:32:37.768000,1.20275,1.20272,1000000,2060000
2018-01-11 13:32:38.078000,1.20277,1.20273,3370000,1000000
2018-01-11 13:32:38.182000,1.20278,1.20275,3750000,1250000
2018-01-11 13:32:38.529000,1.20279,1.20276,1690000,1700000
2018-01-11 13:32:38.851000,1.20283,1.20282,1000000,2250000
2018-01-11 13:32:38.956000,1.20286,1.20283,1000000,2700000
2018-01-11 13:32:39.169000,1.20288,1.20286,1690000,1100000
2018-01-11 13:32:39.533000,1.20288,1.20287,1300000,1200000
2018-01-11 13:32:39.586000,1.20288,1.20286,1250000,1200000
2018-01-11 13:32:39.882000,1.20291,1.20288,1250000,1950000
2018-01-11 13:32:40.192000,1.20289,1.20288,2250000,1120000
2018-01-11 13:32:40.245000,1.20289,1.20286,4870000,2140000
2018-01-11 13:32:40.518000,1.20284,1.20282,3820000,1250000
2018-01-11 13:32:40.885000,1.20284,1.20281,1000000,1120000
2018-01-11 13:32:41.266000,1.20284,1.20279,3640000,3190000
2018-01-11 13:32:41.320000,1.20284,1.20279,6070000,1500000
2018-01-11 13:32:41.637000,1.20291,1.20288,1000000,2440000
2018-01-11 13:32:42.058000,1.20288,1.20287,2620000,1250000
2018-01-11 13:32:42.217000,1.2029,1.20287,4570000,1000000
2018-01-11 13:32:42.850000,1.20291,1.20288,1350000,1000000
2018-01-11 13:32:43.060000,1.20292,1.20287,1390000,2440000
2018-01-11 13:32:43.114000,1.20292,1.20289,1200000,1000000
2018-01-11 13:32:43.461000,1.20293,1.20291,2320000,1000000
2018-01-11 13:32:43.515000,1.20293,1.20289,1570000,3940000
2018-01-11 13:32:44.110000,1.20293,1.2029,1120000,1250000
2018-01-11 13:32:44.428000,1.20291,1.20289,1120000,1250000
2018-01-11 13:32:44.637000,1.20291,1.20287,1200000,3070000
2018-01-11 13:32:44.689000,1.20294,1.20289,2890000,3000000
2018-01-11 13:32:45.086000,1.20291,1.20287,1120000,6070000
2018-01-11 13:32:45.739000,1.20291,1.20287,1010000,2890000
2018-01-11 13:32:46.102000,1.20292,1.2029,1950000,1000000
2018-01-11 13:32:46.206000,1.20295,1.20291,3750000,3560000
2018-01-11 13:32:46.524000,1.20295,1.20293,1500000,1000000
2018-01-11 13:32:46.842000,1.20299,1.20296,2700000,1500000
2018-01-11 13:32:47.196000,1.20305,1.20303,1000000,3370000
2018-01-11 13:32:47.256000,1.20307,1.20306,1690000,1000000
2018-01-11 13:32:47.522000,1.20306,1.20302,1000000,5060000
2018-01-11 13:32:47.783000,1.20304,1.20301,1000000,2740000
2018-01-11 13:32:47.835000,1.20305,1.203,1100000,7760000
2018-01-11 13:32:47.991000,1.20305,1.20302,1120000,1200000
2018-01-11 13:32:48.252000,1.20308,1.20305,3070000,1000000
2018-01-11 13:32:48.529000,1.20311,1.20307,1700000,1500000
2018-01-11 13:32:48.840000,1.20311,1.20309,2320000,1000000
2018-01-11 13:32:49.050000,1.20311,1.20307,1200000,3940000
2018-01-11 13:32:49.555000,1.20312,1.20307,4010000,2620000
2018-01-11 13:32:49.608000,1.20312,1.20307,2140000,1870000
2018-01-11 13:32:49.714000,1.20313,1.20311,2700000,1000000
2018-01-11 13:32:50.057000,1.20308,1.20306,1120000,1720000
2018-01-11 13:32:50.164000,1.20306,1.20304,1000000,1000000
2018-01-11 13:32:50.272000,1.20306,1.20302,5140000,1200000
2018-01-11 13:32:50.384000,1.20303,1.20301,2250000,1000000
2018-01-11 13:32:50.733000,1.20298,1.20295,1500000,1000000
2018-01-11 13:32:50.789000,1.20299,1.20298,6640000,2620000
2018-01-11 13:32:50.948000,1.20304,1.20303,1000000,1500000
2018-01-11 13:32:51.419000,1.20302,1.20299,1200000,2020000
2018-01-11 13:32:51.525000,1.20299,1.20297,1120000,1500000
2018-01-11 13:32:51.634000,1.20296,1.20295,1200000,1000000
2018-01-11 13:32:51.951000,1.20294,1.20293,1000000,1000000
2018-01-11 13:32:52.116000,1.20295,1.20291,2320000,1500000
2018-01-11 13:32:52.222000,1.20292,1.20289,1200000,1370000
2018-01-11 13:32:52.538000,1.20295,1.20291,1120000,2320000
2018-01-11 13:32:52.644000,1.20297,1.20295,1000000,2250000
2018-01-11 13:32:52.750000,1.20299,1.20296,1000000,2140000
2018-01-11 13:32:53.277000,1.203,1.20297,1500000,1000000
2018-01-11 13:32:53.485000,1.20298,1.20296,2250000,3450000
2018-01-11 13:32:53.703000,1.20299,1.20295,2250000,4500000
2018-01-11 13:32:54.010000,1.20296,1.20294,1000000,1950000
2018-01-11 13:32:54.120000,1.20297,1.20292,1120000,1570000
2018-01-11 13:32:54.226000,1.20295,1.20291,1000000,7390000
2018-01-11 13:32:54.558000,1.20296,1.20295,1000000,3750000
2018-01-11 13:32:54.611000,1.20298,1.20297,1200000,2250000
2018-01-11 13:32:54.663000,1.203,1.20297,1690000,1100000
2018-01-11 13:32:54.716000,1.20302,1.203,3450000,2250000
2018-01-11 13:32:55.113000,1.20297,1.20295,3940000,1000000
2018-01-11 13:32:55.166000,1.20296,1.20294,2320000,1000000
2018-01-11 13:32:55.218000,1.20296,1.20291,2320000,6000000
2018-01-11 13:32:55.806000,1.20295,1.20292,1200000,1690000
2018-01-11 13:32:55.860000,1.20297,1.20294,3450000,1500000
2018-01-11 13:32:56.378000,1.20296,1.20293,1100000,2250000
2018-01-11 13:32:56.643000,1.203,1.20296,3450000,2250000
2018-01-11 13:32:56.749000,1.20297,1.20295,1870000,1870000
2018-01-11 13:32:56.853000,1.20296,1.20293,1100000,1500000
2018-01-11 13:32:57.015000,1.20296,1.20295,1000000,1500000
2018-01-11 13:32:57.166000,1.20299,1.20295,1370000,1500000
2018-01-11 13:32:57.219000,1.20298,1.20295,4200000,1120000
2018-01-11 13:32:57.538000,1.20291,1.2029,1120000,1200000
2018-01-11 13:32:57.978000,1.20293,1.20291,1570000,3250000
2018-01-11 13:32:58.138000,1.20295,1.20292,1500000,6750000
2018-01-11 13:32:58.190000,1.20297,1.20294,1100000,1000000
2018-01-11 13:32:58.544000,1.20295,1.20293,1310000,1100000
2018-01-11 13:32:58.760000,1.20291,1.20287,2620000,1100000
2018-01-11 13:32:58.815000,1.20289,1.20286,1000000,4950000
2018-01-11 13:32:58.920000,1.20291,1.20287,2250000,1120000
2018-01-11 13:32:59.377000,1.20286,1.20282,3820000,1000000
2018-01-11 13:32:59.711000,1.20291,1.20287,4200000,1500000
2018-01-11 13:32:59.768000,1.2029,1.20289,1000000,1000000
2018-01-11 13:32:59.977000,1.20293,1.2029,1100000,3000000
2018-01-11 13:33:00.502000,1.20294,1.20291,4950000,1000000
2018-01-11 13:33:00.742000,1.20291,1.2029,1500000,1500000
2018-01-11 13:33:00.796000,1.20289,1.20288,1500000,1500000
2018-01-11 13:33:01.057000,1.20289,1.20286,1100000,2440000
2018-01-11 13:33:01.111000,1.20287,1.20286,2700000,1690000
2018-01-11 13:33:01.317000,1.20286,1.20284,1200000,1250000
2018-01-11 13:33:01.428000,1.20282,1.2028,2620000,5890000
2018-01-11 13:33:02.041000,1.20281,1.2028,1200000,1500000
2018-01-11 13:33:02.259000,1.20275,1.20273,1570000,1000000
2018-01-11 13:33:02.418000,1.20277,1.20276,1000000,2250000
2018-01-11 13:33:02.764000,1.20285,1.20284,1200000,3000000
2018-01-11 13:33:03.025000,1.20283,1.20282,1000000,1000000
2018-01-11 13:33:03.561000,1.20282,1.2028,2320000,1000000
2018-01-11 13:33:03.819000,1.20282,1.20279,2320000,1000000
2018-01-11 13:33:04.332000,1.20282,1.20278,1470000,1000000
2018-01-11 13:33:04.389000,1.2028,1.20276,1000000,4870000
2018-01-11 13:33:04.452000,1.2028,1.20278,1950000,1000000
2018-01-11 13:33:04.507000,1.20277,1.20275,1000000,1570000
2018-01-11 13:33:04.560000,1.20276,1.20274,1370000,2250000
2018-01-11 13:33:04.863000,1.20276,1.20275,1000000,1000000
2018-01-11 13:33:04.969000,1.20279,1.20277,1000000,2320000
2018-01-11 13:33:05.021000,1.2028,1.20278,1000000,1570000
2018-01-11 13:33:05.075000,1.20282,1.2028,1000000,2250000
2018-01-11 13:33:05.183000,1.20284,1.20281,1000000,1390000
2018-01-11 13:33:05.411000,1.20286,1.20283,1000000,1950000
2018-01-11 13:33:05.515000,1.20286,1.20282,1000000,2700000
2018-01-11 13:33:05.826000,1.20284,1.20281,1000000,3070000
2018-01-11 13:33:06.170000,1.20282,1.20279,1120000,1000000
2018-01-11 13:33:06.331000,1.20285,1.2028,1950000,14060000
2018-01-11 13:33:06.386000,1.20285,1.20283,1500000,1200000
2018-01-11 13:33:06.765000,1.20286,1.20283,1120000,1950000
2018-01-11 13:33:07.039000,1.20282,1.2028,1000000,1370000
2018-01-11 13:33:07.092000,1.20282,1.20279,1310000,1000000
2018-01-11 13:33:07.302000,1.20282,1.20277,4200000,5700000
2018-01-11 13:33:07.607000,1.20278,1.20273,7760000,3000000
2018-01-11 13:33:08.131000,1.20278,1.20273,1950000,1870000
2018-01-11 13:33:08.236000,1.20278,1.20276,1120000,1000000
2018-01-11 13:33:08.445000,1.20282,1.20278,5060000,1870000
2018-01-11 13:33:08.609000,1.20283,1.20281,3820000,2250000
2018-01-11 13:33:08.716000,1.20285,1.20282,3370000,3750000
2018-01-11 13:33:08.875000,1.20285,1.20283,1000000,5700000
2018-01-11 13:33:08.929000,1.20288,1.20284,2700000,3070000
2018-01-11 13:33:09.041000,1.20288,1.20286,1100000,1000000
2018-01-11 13:33:09.104000,1.20292,1.20289,1310000,1610000
2018-01-11 13:33:09.214000,1.20291,1.20287,2440000,4570000
2018-01-11 13:33:09.477000,1.20286,1.20283,1390000,1500000
2018-01-11 13:33:10.153000,1.20289,1.20286,2320000,1500000
2018-01-11 13:33:10.482000,1.20292,1.20288,1010000,3000000
2018-01-11 13:33:11.256000,1.20293,1.20289,4200000,1000000
2018-01-11 13:33:11.506000,1.20293,1.2029,1950000,1000000
2018-01-11 13:33:11.619000,1.20294,1.20292,2140000,1000000
2018-01-11 13:33:11.880000,1.20297,1.20292,5510000,2620000
2018-01-11 13:33:12.505000,1.20298,1.20296,1570000,1000000
2018-01-11 13:33:12.557000,1.20299,1.20297,1250000,1500000
2018-01-11 13:33:13.192000,1.20301,1.20297,3070000,2250000
2018-01-11 13:33:13.747000,1.203,1.20297,2140000,1000000
2018-01-11 13:33:14.300000,1.20298,1.20296,1000000,1870000
2018-01-11 13:33:14.354000,1.20292,1.20291,3750000,1570000
2018-01-11 13:33:14.463000,1.20293,1.2029,1200000,4500000
2018-01-11 13:33:14.568000,1.20293,1.20291,2400000,1000000
2018-01-11 13:33:14.725000,1.20292,1.20289,1760000,1120000
2018-01-11 13:33:15.021000,1.20293,1.20291,1120000,4870000
2018-01-11 13:33:15.187000,1.20305,1.20301,3750000,3000000
2018-01-11 13:33:15.293000,1.20307,1.20301,3070000,5320000
2018-01-11 13:33:15.346000,1.20305,1.20301,4570000,6070000
2018-01-11 13:33:15.399000,1.20305,1.20301,1200000,5700000
2018-01-11 13:33:15.754000,1.20303,1.20301,1190000,3190000
2018-01-11 13:33:16.075000,1.20309,1.20308,5320000,1870000
2018-01-11 13:33:16.294000,1.20309,1.20306,1500000,1120000
2018-01-11 13:33:16.874000,1.20311,1.20307,4010000,1000000
2018-01-11 13:33:17.393000,1.20309,1.20307,1200000,1000000
2018-01-11 13:33:17.752000,1.20312,1.2031,4270000,5250000
2018-01-11 13:33:17.909000,1.20315,1.20313,1950000,2060000
2018-01-11 13:33:18.071000,1.20318,1.20316,2700000,1000000
2018-01-11 13:33:18.407000,1.20321,1.20318,2620000,3000000
2018-01-11 13:33:18.775000,1.20318,1.20314,3820000,3000000
2018-01-11 13:33:19.072000,1.2032,1.20315,4950000,1000000
2018-01-11 13:33:19.128000,1.20316,1.20313,1120000,1100000
2018-01-11 13:33:19.759000,1.20316,1.20312,1390000,2250000
2018-01-11 13:33:20.124000,1.20314,1.2031,3820000,1100000
2018-01-11 13:33:20.453000,1.20315,1.20312,1200000,1000000
2018-01-11 13:33:20.770000,1.20312,1.20308,1250000,1200000
2018-01-11 13:33:21.196000,1.20312,1.2031,2060000,1470000
2018-01-11 13:33:21.300000,1.20312,1.20309,1310000,2700000
2018-01-11 13:33:21.412000,1.20314,1.20312,2250000,1000000
2018-01-11 13:33:21.521000,1.20316,1.20313,4120000,1570000
2018-01-11 13:33:22.009000,1.20316,1.20313,1120000,1450000
2018-01-11 13:33:22.115000,1.20319,1.20315,4120000,1950000
2018-01-11 13:33:22.332000,1.20316,1.20314,1450000,1000000
2018-01-11 13:33:22.387000,1.20316,1.20313,2700000,3750000
2018-01-11 13:33:22.611000,1.20317,1.20315,2250000,1500000
2018-01-11 13:33:22.821000,1.20319,1.20316,1760000,1000000
2018-01-11 13:33:23.030000,1.20316,1.20313,1250000,2810000
2018-01-11 13:33:23.373000,1.2032,1.20317,2700000,2440000
2018-01-11 13:33:23.892000,1.20321,1.20318,1450000,5440000
2018-01-11 13:33:24.400000,1.20322,1.20318,4650000,3560000
2018-01-11 13:33:24.865000,1.20322,1.20319,4270000,1000000
2018-01-11 13:33:25.010000,1.20322,1.20318,1650000,8060000
2018-01-11 13:33:25.275000,1.20322,1.20317,2890000,1870000
2018-01-11 13:33:25.540000,1.20317,1.20314,1120000,3450000
2018-01-11 13:33:25.736000,1.20315,1.20312,1200000,1000000
2018-01-11 13:33:25.846000,1.20313,1.20311,1450000,1000000
2018-01-11 13:33:25.906000,1.20313,1.20309,1570000,4120000
2018-01-11 13:33:25.964000,1.20314,1.20312,1950000,1870000
2018-01-11 13:33:26.071000,1.20316,1.20311,3260000,4870000
2018-01-11 13:33:26.176000,1.20316,1.20311,6070000,1500000
2018-01-11 13:33:26.636000,1.20315,1.20313,1950000,1000000
2018-01-11 13:33:26.741000,1.20316,1.20311,7570000,1120000
2018-01-11 13:33:27.269000,1.20315,1.2031,1950000,1930000
2018-01-11 13:33:27.324000,1.20314,1.2031,8320000,2320000
2018-01-11 13:33:27.428000,1.20313,1.20309,2060000,1680000
2018-01-11 13:33:27.532000,1.20314,1.20311,3000000,2250000
2018-01-11 13:33:27.981000,1.20315,1.20313,1870000,1500000
2018-01-11 13:33:28.035000,1.20318,1.20316,1500000,1000000
2018-01-11 13:33:28.093000,1.2032,1.20317,4120000,7930000
2018-01-11 13:33:28.201000,1.20322,1.20318,1870000,2700000
2018-01-11 13:33:28.307000,1.2032,1.20317,1500000,3450000
2018-01-11 13:33:28.593000,1.20318,1.20314,2810000,1450000
2018-01-11 13:33:28.955000,1.20318,1.20312,2250000,6640000
2018-01-11 13:33:29.009000,1.20312,1.20311,1500000,8620000
2018-01-11 13:33:29.118000,1.20308,1.20306,1500000,1100000
2018-01-11 13:33:29.256000,1.20309,1.20306,4570000,1500000
2018-01-11 13:33:29.417000,1.20307,1.20303,4120000,1100000
2018-01-11 13:33:30.043000,1.20306,1.20304,1120000,1000000
2018-01-11 13:33:30.098000,1.20306,1.20302,1870000,1120000
2018-01-11 13:33:30.418000,1.20306,1.20305,1000000,1500000
2018-01-11 13:33:30.472000,1.20309,1.20307,1570000,1000000
2018-01-11 13:33:30.630000,1.20307,1.20305,1000000,4690000
2018-01-11 13:33:30.955000,1.20302,1.20298,4010000,1000000
2018-01-11 13:33:31.117000,1.20304,1.20299,4570000,2620000
2018-01-11 13:33:31.349000,1.20306,1.20304,1870000,1000000
2018-01-11 13:33:31.454000,1.20305,1.20302,1370000,1690000
2018-01-11 13:33:31.508000,1.20305,1.203,2060000,3190000
2018-01-11 13:33:31.772000,1.20301,1.20297,1120000,5810000
2018-01-11 13:33:32.279000,1.20301,1.20296,1370000,3730000
2018-01-11 13:33:32.435000,1.20302,1.20298,3370000,2440000
2018-01-11 13:33:32.487000,1.20303,1.20301,1000000,4870000
2018-01-11 13:33:32.540000,1.20304,1.20301,1200000,5060000
2018-01-11 13:33:32.705000,1.20302,1.20299,1370000,1120000
2018-01-11 13:33:32.970000,1.20305,1.20301,1870000,3070000
2018-01-11 13:33:33.075000,1.20304,1.20301,1620000,1500000
2018-01-11 13:33:33.181000,1.20302,1.20299,1120000,3750000
2018-01-11 13:33:33.697000,1.20302,1.20299,1870000,1000000
2018-01-11 13:33:34.217000,1.20302,1.20298,3560000,1870000
2018-01-11 13:33:34.426000,1.20299,1.20296,1000000,5610000
2018-01-11 13:33:34.796000,1.20298,1.20293,3750000,1570000
2018-01-11 13:33:35.027000,1.20294,1.2029,6370000,1120000
2018-01-11 13:33:35.235000,1.203,1.20295,1500000,5620000
2018-01-11 13:33:35.443000,1.20297,1.20295,1310000,1120000
2018-01-11 13:33:35.630000,1.20295,1.20292,1120000,1110000
2018-01-11 13:33:35.684000,1.20295,1.20294,1160000,2250000
2018-01-11 13:33:35.751000,1.20297,1.20294,1120000,1250000
2018-01-11 13:33:35.961000,1.20297,1.20293,2620000,2620000
2018-01-11 13:33:36.484000,1.20294,1.20293,1000000,1000000
2018-01-11 13:33:36.588000,1.20294,1.2029,1370000,3000000
2018-01-11 13:33:37.201000,1.20293,1.20291,1120000,1000000
2018-01-11 13:33:37.254000,1.20294,1.20293,1000000,1000000
2018-01-11 13:33:37.360000,1.20297,1.20295,1000000,1000000
2018-01-11 13:33:37.800000,1.20298,1.20297,1000000,2250000
2018-01-11 13:33:38.269000,1.20297,1.20293,3000000,3000000
2018-01-11 13:33:38.322000,1.20294,1.20292,1370000,1120000
2018-01-11 13:33:38.674000,1.20295,1.20292,1690000,1000000
2018-01-11 13:33:39.431000,1.20295,1.20292,2060000,2320000
2018-01-11 13:33:40.119000,1.20293,1.20292,1000000,1200000
2018-01-11 13:33:40.272000,1.20292,1.2029,1120000,1500000
2018-01-11 13:33:40.796000,1.20291,1.20289,1120000,5320000
2018-01-11 13:33:40.849000,1.20293,1.20289,1120000,3820000
2018-01-11 13:33:41.368000,1.20293,1.20289,2810000,4200000
2018-01-11 13:33:41.891000,1.20291,1.20289,1000000,3260000
2018-01-11 13:33:42.311000,1.20294,1.20293,1500000,2250000
2018-01-11 13:33:42.537000,1.20297,1.20295,1000000,2320000
2018-01-11 13:33:42.746000,1.203,1.20296,1500000,3070000
2018-01-11 13:33:43.057000,1.203,1.20297,1120000,1950000
2018-01-11 13:33:43.588000,1.20301,1.20297,3000000,1470000
2018-01-11 13:33:44.089000,1.20301,1.203,1870000,1500000
2018-01-11 13:33:44.197000,1.20303,1.203,1000000,1950000
2018-01-11 13:33:44.664000,1.20305,1.20303,1000000,1000000
2018-01-11 13:33:45.049000,1.20307,1.20305,1120000,1000000
2018-01-11 13:33:46.262000,1.20307,1.20304,4310000,1200000
2018-01-11 13:33:46.894000,1.20307,1.20302,4310000,3070000
2018-01-11 13:33:47.209000,1.20297,1.20296,1500000,1570000
2018-01-11 13:33:47.263000,1.20296,1.20294,1500000,2250000
2018-01-11 13:33:47.368000,1.20296,1.20293,1500000,1570000
2018-01-11 13:33:47.622000,1.20293,1.20291,1000000,1000000
2018-01-11 13:33:47.939000,1.20294,1.20293,1000000,1120000
2018-01-11 13:33:47.994000,1.20296,1.20293,1120000,2620000
2018-01-11 13:33:48.100000,1.20295,1.20291,1000000,1950000
2018-01-11 13:33:48.308000,1.20293,1.2029,1000000,1570000
2018-01-11 13:33:48.687000,1.2029,1.20288,1000000,1950000
2018-01-11 13:33:48.739000,1.20291,1.20288,3750000,1950000
2018-01-11 13:33:49.049000,1.20294,1.20292,1120000,1000000
2018-01-11 13:33:49.362000,1.20288,1.20284,3370000,1690000
2018-01-11 13:33:49.469000,1.20286,1.20285,1000000,1000000
2018-01-11 13:33:49.624000,1.20289,1.20286,1500000,1000000
2018-01-11 13:33:49.730000,1.20287,1.20283,1120000,1570000
2018-01-11 13:33:49.946000,1.20285,1.20283,1000000,1250000
2018-01-11 13:33:50.478000,1.20284,1.20283,1000000,1250000
2018-01-11 13:33:50.532000,1.20284,1.20281,5250000,1250000
2018-01-11 13:33:50.695000,1.20283,1.20279,3820000,2890000
2018-01-11 13:33:51.153000,1.20283,1.20281,2620000,5160000
2018-01-11 13:33:51.208000,1.20288,1.20284,2250000,1500000
2018-01-11 13:33:51.367000,1.2029,1.20285,7010000,6560000
2018-01-11 13:33:51.420000,1.2029,1.20287,1870000,1000000
2018-01-11 13:33:51.762000,1.20286,1.20283,2620000,1250000
2018-01-11 13:33:51.866000,1.20285,1.20281,1310000,1250000
2018-01-11 13:33:52.385000,1.20284,1.20281,1500000,3190000
2018-01-11 13:33:52.761000,1.20286,1.20283,1120000,1500000
2018-01-11 13:33:52.919000,1.20288,1.20284,3000000,1000000
2018-01-11 13:33:52.972000,1.20289,1.20287,1100000,1000000
2018-01-11 13:33:53.318000,1.20292,1.2029,1500000,3300000
2018-01-11 13:33:53.371000,1.20295,1.20291,1870000,5890000
2018-01-11 13:33:53.527000,1.20296,1.20292,1120000,1000000
2018-01-11 13:33:53.947000,1.20294,1.20291,7130000,1200000
2018-01-11 13:33:54.288000,1.20293,1.20289,2320000,3190000
2018-01-11 13:33:54.724000,1.2029,1.20287,4690000,2440000
2018-01-11 13:33:54.777000,1.20288,1.20287,1000000,1250000
2018-01-11 13:33:55.033000,1.20283,1.20281,1000000,1570000
2018-01-11 13:33:55.191000,1.20285,1.20281,4690000,3940000
2018-01-11 13:33:55.457000,1.20285,1.20283,1500000,1000000
2018-01-11 13:33:55.511000,1.20283,1.2028,1500000,3000000
2018-01-11 13:33:55.926000,1.20284,1.20282,1500000,1000000
2018-01-11 13:33:56.097000,1.20286,1.20283,1500000,1500000
2018-01-11 13:33:56.427000,1.20285,1.20283,3560000,3750000
2018-01-11 13:33:56.533000,1.20283,1.20279,6370000,1390000
2018-01-11 13:33:56.640000,1.20282,1.20277,3370000,4120000
2018-01-11 13:33:57.259000,1.20281,1.20277,1370000,2250000
2018-01-11 13:33:57.776000,1.20279,1.20276,1120000,1000000
2018-01-11 13:33:57.985000,1.20278,1.20274,1000000,6150000
2018-01-11 13:33:58.431000,1.20276,1.20273,1000000,1270000
2018-01-11 13:33:58.947000,1.20277,1.20273,4500000,1870000
2018-01-11 13:33:59.275000,1.20275,1.20271,2620000,3670000
2018-01-11 13:33:59.595000,1.20262,1.20261,1000000,1000000
2018-01-11 13:33:59.963000,1.20266,1.20264,2510000,1000000
2018-01-11 13:34:00.070000,1.20267,1.20262,3070000,1100000
2018-01-11 13:34:00.135000,1.20264,1.20261,2250000,1500000
2018-01-11 13:34:00.658000,1.20263,1.2026,1690000,1500000
2018-01-11 13:34:00.920000,1.20264,1.20261,1000000,3070000
2018-01-11 13:34:01.358000,1.20263,1.20261,5440000,1690000
2018-01-11 13:34:01.516000,1.20264,1.2026,1570000,3750000
2018-01-11 13:34:01.770000,1.20266,1.20261,3370000,5060000
2018-01-11 13:34:02.030000,1.20266,1.20263,1500000,1000000
2018-01-11 13:34:02.496000,1.20268,1.20264,1200000,1690000
2018-01-11 13:34:02.549000,1.20267,1.20263,4120000,2250000
2018-01-11 13:34:02.755000,1.20267,1.20264,2320000,1000000
2018-01-11 13:34:02.863000,1.20266,1.20261,2250000,6820000
2018-01-11 13:34:03.175000,1.20262,1.20261,1120000,1000000
2018-01-11 13:34:03.227000,1.20262,1.20259,2620000,2320000
2018-01-11 13:34:03.443000,1.20265,1.20262,1000000,1000000
2018-01-11 13:34:03.601000,1.20264,1.2026,1250000,2320000
2018-01-11 13:34:03.656000,1.20262,1.20258,6560000,6370000
2018-01-11 13:34:04.357000,1.2026,1.20258,1000000,2250000
2018-01-11 13:34:04.831000,1.2026,1.20256,3560000,1850000
2018-01-11 13:34:05.170000,1.20257,1.20254,1370000,1100000
2018-01-11 13:34:05.333000,1.20255,1.20252,1250000,1000000
2018-01-11 13:34:06.716000,1.20254,1.20251,1000000,4090000
2018-01-11 13:34:07.167000,1.20253,1.2025,1000000,4570000
2018-01-11 13:34:07.220000,1.20252,1.20249,3370000,1100000
