time,ask,bid,ask_volume,bid_volume
2018-02-28 10:25:00.255000,1.2214,1.22137,1000000,6750000
2018-02-28 10:25:00.693000,1.22142,1.22139,1000000,4500000
2018-02-28 10:25:00.847000,1.22141,1.2214,1000000,1000000
2018-02-28 10:25:01.725000,1.22141,1.2214,1250000,1000000
2018-02-28 10:25:02.758000,1.22141,1.22139,1250000,8810000
2018-02-28 10:25:03.870000,1.22142,1.22141,1250000,1000000
2018-02-28 10:25:04.216000,1.22141,1.22138,1000000,9260000
2018-02-28 10:25:04.268000,1.22141,1.22139,1250000,1310000
2018-02-28 10:25:04.775000,1.22141,1.22138,1250000,4120000
2018-02-28 10:25:05.925000,1.22141,1.22139,1000000,1870000
2018-02-28 10:25:06.454000,1.22141,1.22138,1000000,3940000
2018-02-28 10:25:06.963000,1.22141,1.22139,1000000,1000000
2018-02-28 10:25:07.644000,1.2214,1.22139,1000000,1250000
2018-02-28 10:25:08.390000,1.22141,1.22138,1100000,2060000
2018-02-28 10:25:09.154000,1.22141,1.22138,1000000,1310000
2018-02-28 10:25:09.758000,1.22141,1.22139,1500000,1000000
2018-02-28 10:25:10.474000,1.22141,1.22137,1000000,5440000
2018-02-28 10:25:12.507000,1.2214,1.22138,1000000,1310000
2018-02-28 10:25:13.113000,1.22141,1.22137,1000000,6940000
2018-02-28 10:25:16.970000,1.22141,1.22138,1000000,1310000
2018-02-28 10:25:17.479000,1.2214,1.22137,1000000,9190000
2018-02-28 10:25:18.018000,1.2214,1.22136,2060000,1950000
2018-02-28 10:25:18.327000,1.22139,1.22138,1250000,1500000
2018-02-28 10:25:18.856000,1.22139,1.22137,1250000,2250000
2018-02-28 10:25:19.465000,1.22139,1.22138,1250000,2250000
2018-02-28 10:25:23.329000,1.22142,1.22138,8140000,1000000
2018-02-28 10:25:24.239000,1.22141,1.22138,1690000,1000000
2018-02-28 10:25:25.731000,1.2214,1.22138,1190000,1000000
2018-02-28 10:25:25.784000,1.22138,1.22137,1250000,1310000
2018-02-28 10:25:26.094000,1.22136,1.22135,1250000,1000000
2018-02-28 10:25:26.151000,1.22135,1.22132,2620000,1500000
2018-02-28 10:25:26.728000,1.22136,1.22132,5510000,1690000
2018-02-28 10:25:26.934000,1.22136,1.22134,1310000,1000000
2018-02-28 10:25:27.472000,1.22137,1.22135,1250000,1120000
2018-02-28 10:25:28.975000,1.22137,1.22134,1250000,9560000
2018-02-28 10:25:32.849000,1.22136,1.22134,1250000,6560000
2018-02-28 10:25:33.491000,1.22136,1.22134,1250000,6220000
2018-02-28 10:25:36.693000,1.22136,1.22133,1010000,1870000
2018-02-28 10:25:38.917000,1.22136,1.22133,1310000,6220000
2018-02-28 10:25:39.229000,1.22138,1.22136,1250000,4500000
2018-02-28 10:25:39.546000,1.22143,1.22141,3640000,1000000
2018-02-28 10:25:39.765000,1.22147,1.22143,10570000,1120000
2018-02-28 10:25:39.817000,1.22144,1.22143,1000000,1120000
2018-02-28 10:25:40.129000,1.22146,1.22145,1000000,1120000
2018-02-28 10:25:40.677000,1.22147,1.22146,1250000,1500000
2018-02-28 10:25:40.842000,1.2215,1.22146,7200000,1500000
2018-02-28 10:25:41.204000,1.22146,1.22143,1500000,10270000
2018-02-28 10:25:41.256000,1.22146,1.22143,1000000,7270000
2018-02-28 10:25:41.360000,1.22148,1.22145,2320000,10870000
2018-02-28 10:25:41.703000,1.22147,1.22145,1250000,10950000
2018-02-28 10:25:42.334000,1.22147,1.22146,1250000,2250000
2018-02-28 10:25:42.838000,1.22147,1.22145,1250000,7800000
2018-02-28 10:25:43.382000,1.22146,1.22145,1000000,1000000
2018-02-28 10:25:43.540000,1.22149,1.22145,1760000,3070000
2018-02-28 10:25:43.645000,1.22147,1.22145,1250000,2320000
2018-02-28 10:25:44.183000,1.22147,1.22145,1000000,2700000
2018-02-28 10:25:44.752000,1.22147,1.22145,1000000,1000000
2018-02-28 10:25:45.824000,1.22146,1.22144,1000000,7950000
2018-02-28 10:25:46.343000,1.22146,1.22144,1000000,11700000
2018-02-28 10:25:46.854000,1.22147,1.22146,1250000,1000000
2018-02-28 10:25:47.476000,1.22146,1.22145,1250000,1000000
2018-02-28 10:25:47.866000,1.22149,1.22146,1010000,1500000
2018-02-28 10:25:47.970000,1.2215,1.22147,1690000,3560000
2018-02-28 10:25:48.493000,1.2215,1.22149,1000000,1000000
2018-02-28 10:25:49.117000,1.2215,1.22149,1000000,1870000
2018-02-28 10:25:49.272000,1.22151,1.22149,1000000,3000000
2018-02-28 10:25:49.324000,1.2215,1.22148,1250000,22570000
2018-02-28 10:25:49.838000,1.2215,1.22148,1000000,3620000
2018-02-28 10:25:50.368000,1.2215,1.22148,1000000,2620000
2018-02-28 10:25:50.895000,1.2215,1.22148,1120000,1870000
2018-02-28 10:26:05.311000,1.2215,1.22148,1250000,2620000
2018-02-28 10:26:10.328000,1.22149,1.22148,1250000,2060000
2018-02-28 10:26:12.289000,1.22151,1.22148,1570000,1870000
2018-02-28 10:26:17.509000,1.2215,1.22148,1000000,1870000
2018-02-28 10:26:18.090000,1.22151,1.22148,1250000,1000000
2018-02-28 10:26:18.781000,1.2215,1.22148,1000000,1870000
2018-02-28 10:26:19.406000,1.22152,1.22148,6860000,1120000
2018-02-28 10:26:22.397000,1.22152,1.2215,1100000,3750000
2018-02-28 10:26:22.699000,1.22155,1.22153,1000000,1000000
2018-02-28 10:26:23.211000,1.22155,1.22153,1250000,2250000
2018-02-28 10:26:23.833000,1.22156,1.22154,1120000,2470000
2018-02-28 10:26:23.884000,1.22156,1.22153,1120000,3000000
2018-02-28 10:26:25.035000,1.22156,1.22153,3700000,2620000
2018-02-28 10:26:25.581000,1.22156,1.22153,1950000,1870000
2018-02-28 10:26:26.685000,1.22156,1.22153,12750000,1120000
2018-02-28 10:26:26.789000,1.22155,1.22152,6370000,4120000
2018-02-28 10:26:27.255000,1.22157,1.22155,2510000,1000000
2018-02-28 10:26:27.469000,1.22158,1.22156,1310000,1690000
2018-02-28 10:26:28.786000,1.22158,1.22157,1250000,1000000
2018-02-28 10:26:29.302000,1.22159,1.22157,1250000,2620000
2018-02-28 10:26:29.801000,1.2216,1.22158,2060000,1500000
2018-02-28 10:26:30.228000,1.22162,1.22159,3190000,3000000
2018-02-28 10:26:30.331000,1.22161,1.22158,1250000,12640000
2018-02-28 10:26:30.865000,1.22161,1.22159,1250000,1500000
2018-02-28 10:26:31.192000,1.22165,1.22163,1120000,1000000
2018-02-28 10:26:32.092000,1.22164,1.22163,1250000,2810000
2018-02-28 10:26:32.612000,1.22165,1.22163,1000000,7310000
2018-02-28 10:26:33.447000,1.22166,1.22165,1000000,1500000
2018-02-28 10:26:33.499000,1.22167,1.22166,1000000,1690000
2018-02-28 10:26:34.003000,1.22171,1.22167,4010000,1350000
2018-02-28 10:26:35.776000,1.22171,1.22166,2510000,4010000
2018-02-28 10:26:36.281000,1.22171,1.22167,2510000,1000000
2018-02-28 10:26:36.807000,1.22171,1.22168,3640000,1000000
2018-02-28 10:26:38.510000,1.22171,1.22167,2140000,1000000
2018-02-28 10:26:39.030000,1.22171,1.22168,4390000,1000000
2018-02-28 10:26:39.548000,1.22171,1.22167,1760000,1000000
2018-02-28 10:26:40.435000,1.22168,1.22166,1250000,4760000
2018-02-28 10:26:40.978000,1.22168,1.22166,1250000,70760002
2018-02-28 10:26:41.277000,1.22172,1.22169,1570000,2620000
2018-02-28 10:26:41.382000,1.22172,1.22171,1000000,1870000
2018-02-28 10:26:41.746000,1.22174,1.22172,1250000,1500000
2018-02-28 10:26:42.111000,1.22172,1.2217,1500000,3750000
2018-02-28 10:26:42.162000,1.2217,1.22169,1000000,1100000
2018-02-28 10:26:42.693000,1.22171,1.22168,2700000,1000000
2018-02-28 10:26:43.495000,1.2217,1.22167,1250000,1870000
2018-02-28 10:26:44.069000,1.2217,1.22168,1120000,1250000
2018-02-28 10:26:49.836000,1.2217,1.22167,1120000,1690000
2018-02-28 10:26:51.403000,1.22171,1.22167,4120000,3940000
2018-02-28 10:26:55.407000,1.22171,1.22169,1760000,5060000
2018-02-28 10:26:55.512000,1.22174,1.22171,6940000,2440000
2018-02-28 10:26:55.668000,1.22171,1.22168,1120000,4350000
2018-02-28 10:26:56.239000,1.2217,1.22168,1000000,1870000
2018-02-28 10:26:57.462000,1.22171,1.22168,1870000,6370000
2018-02-28 10:26:57.796000,1.22171,1.2217,1000000,1000000
2018-02-28 10:26:58.158000,1.2217,1.22168,1000000,1350000
2018-02-28 10:26:58.666000,1.22171,1.22168,2250000,3000000
2018-02-28 10:27:00.082000,1.22171,1.22167,1000000,6000000
2018-02-28 10:27:00.443000,1.2217,1.22168,1250000,3940000
2018-02-28 10:27:02.263000,1.22171,1.2217,1250000,2250000
2018-02-28 10:27:02.476000,1.22171,1.22168,6190000,1000000
2018-02-28 10:27:06.056000,1.22171,1.22169,1250000,7010000
2018-02-28 10:27:06.108000,1.22173,1.22169,1690000,4650000
2018-02-28 10:27:06.162000,1.22171,1.22169,1000000,1200000
2018-02-28 10:27:06.713000,1.2217,1.22167,1250000,9450000
2018-02-28 10:27:07.676000,1.22171,1.22167,1870000,4010000
2018-02-28 10:27:10.494000,1.2217,1.22168,1250000,1310000
2018-02-28 10:27:11.374000,1.22171,1.22168,6000000,1120000
2018-02-28 10:27:18.206000,1.2217,1.22167,1500000,1690000
2018-02-28 10:27:18.813000,1.22171,1.22167,1690000,1370000
2018-02-28 10:27:19.318000,1.2217,1.22167,1000000,2620000
2018-02-28 10:27:19.853000,1.22171,1.22168,1690000,1120000
2018-02-28 10:27:20.814000,1.2217,1.22169,1000000,1000000
2018-02-28 10:27:21.498000,1.2217,1.22168,1250000,1310000
2018-02-28 10:27:22.013000,1.22171,1.22168,3000000,1570000
2018-02-28 10:27:22.712000,1.22171,1.22169,3000000,1000000
2018-02-28 10:27:23.227000,1.2217,1.22169,1000000,1000000
2018-02-28 10:27:24.605000,1.22171,1.22169,3500000,3410000
2018-02-28 10:27:24.959000,1.22173,1.22172,1000000,1120000
2018-02-28 10:27:26.576000,1.22173,1.22172,1000000,4010000
2018-02-28 10:27:27.424000,1.22174,1.22172,1000000,1950000
2018-02-28 10:27:27.734000,1.22175,1.22172,1500000,27260000
2018-02-28 10:27:27.865000,1.22174,1.22172,1000000,25010000
2018-02-28 10:27:28.168000,1.22178,1.22174,1870000,13240000
2018-02-28 10:27:28.220000,1.22178,1.22176,1000000,4500000
2018-02-28 10:27:28.273000,1.22177,1.22175,1500000,2320000
2018-02-28 10:27:28.918000,1.22178,1.22176,1000000,1690000
2018-02-28 10:27:29.445000,1.22178,1.22176,1000000,1500000
2018-02-28 10:27:29.809000,1.22184,1.22183,3000000,1350000
2018-02-28 10:27:29.912000,1.22187,1.22185,1250000,12450000
2018-02-28 10:27:30.339000,1.2219,1.22185,3070000,3640000
2018-02-28 10:27:30.442000,1.22187,1.22186,1690000,1000000
2018-02-28 10:27:30.494000,1.22186,1.22183,2250000,4950000
2018-02-28 10:27:31.004000,1.22185,1.22183,1250000,2250000
2018-02-28 10:27:31.395000,1.22185,1.22182,1310000,1120000
2018-02-28 10:27:31.498000,1.22185,1.22183,1250000,2440000
2018-02-28 10:27:32.009000,1.22185,1.22183,1250000,1690000
2018-02-28 10:27:32.855000,1.22185,1.22182,1250000,4390000
2018-02-28 10:27:33.811000,1.22185,1.22183,1000000,1870000
2018-02-28 10:27:34.362000,1.22185,1.22182,1250000,4010000
2018-02-28 10:27:35.096000,1.22188,1.22185,1950000,2620000
2018-02-28 10:27:35.875000,1.22189,1.22187,1310000,1000000
2018-02-28 10:27:36.384000,1.22189,1.22186,1190000,1760000
2018-02-28 10:27:36.917000,1.22189,1.22187,1190000,1000000
2018-02-28 10:27:37.435000,1.22189,1.22186,1190000,1250000
2018-02-28 10:27:37.694000,1.22189,1.22188,1250000,1000000
2018-02-28 10:27:37.745000,1.2219,1.22187,1250000,1120000
2018-02-28 10:27:39.176000,1.2219,1.22188,1250000,1000000
2018-02-28 10:27:39.284000,1.22191,1.2219,1870000,1000000
2018-02-28 10:27:39.389000,1.22193,1.22189,7310000,1120000
2018-02-28 10:27:39.598000,1.22191,1.22188,1000000,3750000
2018-02-28 10:27:39.942000,1.22189,1.22186,3190000,2620000
2018-02-28 10:27:40.149000,1.22185,1.22182,2290000,2250000
2018-02-28 10:27:40.303000,1.22183,1.2218,1000000,3940000
2018-02-28 10:27:40.604000,1.22181,1.22178,1250000,2810000
2018-02-28 10:27:41.851000,1.22181,1.22178,1250000,1690000
2018-02-28 10:27:42.403000,1.22181,1.22178,1000000,3640000
2018-02-28 10:27:42.927000,1.22181,1.22179,1000000,1190000
2018-02-28 10:27:44.214000,1.22181,1.22179,1120000,1120000
2018-02-28 10:27:45.974000,1.22181,1.22177,4690000,2890000
2018-02-28 10:27:46.027000,1.22179,1.22177,1250000,2320000
2018-02-28 10:27:46.542000,1.2218,1.22177,2060000,1120000
2018-02-28 10:27:46.882000,1.2218,1.22179,1120000,1870000
2018-02-28 10:27:47.198000,1.22183,1.2218,1690000,6860000
2018-02-28 10:27:48.057000,1.22183,1.22182,1250000,1000000
2018-02-28 10:27:48.504000,1.2218,1.22179,1350000,2700000
2018-02-28 10:27:48.718000,1.22176,1.22175,1250000,1120000
2018-02-28 10:27:48.822000,1.22175,1.22172,1000000,3560000
2018-02-28 10:27:49.388000,1.22175,1.22173,1000000,1690000
2018-02-28 10:27:49.544000,1.22176,1.22173,1310000,3000000
2018-02-28 10:27:50.497000,1.22177,1.22174,1000000,5440000
2018-02-28 10:27:50.652000,1.22179,1.22175,3370000,8440000
2018-02-28 10:27:50.757000,1.22177,1.22175,1000000,3820000
2018-02-28 10:27:51.302000,1.22178,1.22175,1000000,5810000
2018-02-28 10:27:51.973000,1.22179,1.22176,3370000,1310000
2018-02-28 10:27:53.011000,1.22179,1.22177,3370000,1000000
2018-02-28 10:27:54.077000,1.22179,1.22176,2620000,1310000
2018-02-28 10:27:55.003000,1.22179,1.22177,3370000,1000000
2018-02-28 10:27:55.532000,1.22179,1.22176,1690000,1120000
2018-02-28 10:27:56.097000,1.22179,1.22177,2060000,1000000
2018-02-28 10:27:56.997000,1.22179,1.22176,1310000,1120000
2018-02-28 10:27:57.988000,1.22181,1.22177,2250000,14810000
2018-02-28 10:27:58.272000,1.22182,1.22178,1250000,9450000
2018-02-28 10:28:00.038000,1.22182,1.22179,1690000,3750000
2018-02-28 10:28:00.192000,1.2218,1.22178,2810000,1120000
2018-02-28 10:28:01.231000,1.2218,1.22179,1250000,1000000
2018-02-28 10:28:01.854000,1.22181,1.22178,1690000,1310000
2018-02-28 10:28:03.024000,1.22181,1.22179,1690000,1000000
2018-02-28 10:28:03.948000,1.22181,1.22178,1250000,2250000
2018-02-28 10:28:10.738000,1.22181,1.22178,2810000,1500000
2018-02-28 10:28:17.634000,1.22181,1.22178,1250000,3190000
2018-02-28 10:28:18.223000,1.22181,1.22178,1250000,2250000
2018-02-28 10:28:20.306000,1.2218,1.22178,1190000,1120000
2018-02-28 10:28:20.759000,1.22178,1.22175,4690000,1870000
2018-02-28 10:28:21.270000,1.22176,1.22175,1000000,1120000
2018-02-28 10:28:21.899000,1.22175,1.22172,1310000,5510000
2018-02-28 10:28:22.159000,1.22179,1.22177,1250000,1120000
2018-02-28 10:28:23.752000,1.22181,1.22178,6190000,1120000
2018-02-28 10:28:24.109000,1.2218,1.22177,1190000,2250000
2018-02-28 10:28:24.215000,1.22181,1.22177,2250000,2810000
2018-02-28 10:28:24.726000,1.22181,1.22177,1690000,6640000
2018-02-28 10:28:27.206000,1.2218,1.22178,1000000,1000000
2018-02-28 10:28:27.720000,1.2218,1.22177,1000000,4390000
2018-02-28 10:28:28.240000,1.2218,1.22177,1000000,4390000
2018-02-28 10:28:29.073000,1.22182,1.22179,1870000,1500000
2018-02-28 10:28:29.384000,1.2218,1.22179,1000000,1000000
2018-02-28 10:28:30.229000,1.22181,1.2218,1250000,1000000
2018-02-28 10:28:30.737000,1.22181,1.2218,1250000,1000000
2018-02-28 10:28:34.008000,1.2218,1.22179,1000000,3000000
2018-02-28 10:28:34.639000,1.22181,1.22179,1250000,2250000
2018-02-28 10:28:34.952000,1.22177,1.22176,4120000,1000000
2018-02-28 10:28:35.494000,1.22178,1.22175,1500000,4200000
2018-02-28 10:28:35.803000,1.22175,1.22174,1000000,1870000
2018-02-28 10:28:36.370000,1.22176,1.22172,4870000,6820000
2018-02-28 10:28:36.908000,1.22175,1.22173,1000000,1120000
2018-02-28 10:28:43.636000,1.22175,1.22173,2060000,1120000
2018-02-28 10:28:44.152000,1.22176,1.22173,4690000,1390000
2018-02-28 10:28:49.237000,1.22175,1.22172,3640000,3750000
2018-02-28 10:28:49.400000,1.22168,1.22166,1390000,1120000
2018-02-28 10:28:49.505000,1.22166,1.22163,1690000,2060000
2018-02-28 10:28:50.188000,1.22167,1.22163,5320000,2620000
2018-02-28 10:28:50.703000,1.22167,1.22164,2510000,2440000
2018-02-28 10:28:51.741000,1.22167,1.22164,1570000,2810000
2018-02-28 10:28:52.383000,1.22168,1.22165,1760000,2620000
2018-02-28 10:28:52.695000,1.2217,1.22166,1200000,6190000
2018-02-28 10:28:53.242000,1.2217,1.22167,1200000,1870000
2018-02-28 10:28:53.865000,1.22169,1.22167,3000000,1870000
2018-02-28 10:28:54.177000,1.22168,1.22166,3790000,1000000
2018-02-28 10:28:54.824000,1.22167,1.22165,2620000,1870000
2018-02-28 10:28:55.530000,1.22168,1.22165,2890000,5440000
2018-02-28 10:28:56.076000,1.22168,1.22166,1120000,1870000
2018-02-28 10:28:56.627000,1.22167,1.22165,1120000,1870000
2018-02-28 10:28:57.144000,1.22167,1.22165,1120000,1500000
2018-02-28 10:28:58.046000,1.22168,1.22165,2250000,5440000
2018-02-28 10:28:59.720000,1.22168,1.22165,2250000,5810000
2018-02-28 10:29:00.241000,1.22169,1.22166,3560000,1500000
2018-02-28 10:29:03.255000,1.22169,1.22165,2060000,8440000
2018-02-28 10:29:03.638000,1.22169,1.22167,3560000,1000000
2018-02-28 10:29:03.998000,1.22169,1.22165,2060000,10760000
2018-02-28 10:29:05.153000,1.22169,1.22165,6190000,6560000
2018-02-28 10:29:05.669000,1.22168,1.22165,1120000,7310000
2018-02-28 10:29:06.255000,1.22167,1.22165,1000000,7310000
2018-02-28 10:29:06.358000,1.22169,1.22165,3190000,7200000
2018-02-28 10:29:06.891000,1.22169,1.22166,4160000,1120000
2018-02-28 10:29:09.305000,1.22167,1.22165,4310000,5620000
2018-02-28 10:29:09.855000,1.22167,1.22164,5060000,5310000
2018-02-28 10:29:10.448000,1.22166,1.22163,2060000,6820000
2018-02-28 10:29:17.179000,1.22166,1.22163,4310000,3370000
2018-02-28 10:29:25.002000,1.22166,1.22163,2060000,3820000
2018-02-28 10:29:28.114000,1.22166,1.22163,4870000,1120000
2018-02-28 10:29:28.658000,1.22165,1.22162,1500000,2250000
2018-02-28 10:29:29.124000,1.22166,1.22162,3190000,6000000
2018-02-28 10:29:30.632000,1.22166,1.22162,2060000,4120000
2018-02-28 10:29:32.713000,1.22165,1.22162,1000000,4870000
2018-02-28 10:29:33.269000,1.22166,1.22162,2810000,4120000
2018-02-28 10:29:34.902000,1.22165,1.22162,1000000,4120000
2018-02-28 10:29:35.415000,1.22166,1.22162,2810000,4120000
2018-02-28 10:29:36.127000,1.22166,1.22163,3560000,1000000
2018-02-28 10:29:37.027000,1.22166,1.22162,2060000,4050000
2018-02-28 10:29:37.589000,1.22166,1.22162,4500000,3940000
2018-02-28 10:29:38.106000,1.22166,1.22162,1250000,1000000
2018-02-28 10:29:38.779000,1.22166,1.22162,2440000,1500000
2018-02-28 10:29:39.331000,1.22164,1.22162,1000000,1870000
2018-02-28 10:29:39.538000,1.22163,1.22161,4690000,1000000
2018-02-28 10:29:39.848000,1.22165,1.22162,2440000,1500000
2018-02-28 10:29:40.435000,1.22165,1.22161,1250000,1870000
2018-02-28 10:29:40.824000,1.22166,1.22165,1690000,4870000
2018-02-28 10:29:40.876000,1.22168,1.22165,1010000,3190000
2018-02-28 10:29:40.928000,1.22169,1.22167,2440000,1500000
2018-02-28 10:29:40.980000,1.2217,1.22168,1500000,1500000
2018-02-28 10:29:41.134000,1.22173,1.22169,2440000,5250000
2018-02-28 10:29:41.274000,1.22174,1.22173,1690000,1000000
2018-02-28 10:29:41.377000,1.22176,1.22173,1160000,1000000
2018-02-28 10:29:41.955000,1.22175,1.22173,1000000,1870000
2018-02-28 10:29:42.485000,1.22175,1.22172,1000000,6070000
2018-02-28 10:29:43.056000,1.22176,1.22172,5100000,3260000
2018-02-28 10:29:43.670000,1.22175,1.22173,1000000,1000000
2018-02-28 10:29:44.222000,1.22175,1.22172,1000000,4390000
2018-02-28 10:29:44.761000,1.22176,1.22172,3970000,2250000
2018-02-28 10:29:45.274000,1.22175,1.22172,1500000,2620000
2018-02-28 10:29:45.811000,1.22176,1.22172,3790000,1370000
2018-02-28 10:29:46.371000,1.22175,1.22172,1500000,2620000
2018-02-28 10:29:47.250000,1.22174,1.22172,1690000,1500000
2018-02-28 10:29:47.458000,1.22175,1.22171,4870000,3000000
2018-02-28 10:29:48.104000,1.22174,1.22172,3560000,1000000
2018-02-28 10:29:48.643000,1.22174,1.22171,1310000,1870000
2018-02-28 10:29:49.627000,1.22175,1.22171,2250000,2250000
2018-02-28 10:29:51.230000,1.22175,1.22172,4500000,1000000
2018-02-28 10:29:52.282000,1.22174,1.22172,1000000,1120000
2018-02-28 10:29:53.290000,1.22175,1.22171,3070000,2620000
2018-02-28 10:29:53.901000,1.22175,1.22172,1120000,4310000
2018-02-28 10:29:54.108000,1.22177,1.22173,6190000,6640000
2018-02-28 10:29:54.986000,1.22177,1.22173,1000000,7390000
2018-02-28 10:29:55.593000,1.22178,1.22176,1950000,2250000
2018-02-28 10:29:55.646000,1.22181,1.22178,3560000,1870000
2018-02-28 10:29:55.805000,1.22185,1.22182,1000000,1870000
2018-02-28 10:29:55.912000,1.22188,1.22183,1390000,9190000
2018-02-28 10:29:58.175000,1.22187,1.22183,3070000,2060000
2018-02-28 10:29:58.487000,1.22186,1.22182,1190000,5810000
2018-02-28 10:29:58.946000,1.22188,1.22185,2660000,1000000
2018-02-28 10:29:59,1.22189,1.22186,2290000,1500000
2018-02-28 10:29:59.052000,1.2219,1.22186,2470000,1880000
2018-02-28 10:30:00.903000,1.2219,1.22186,2320000,1120000
2018-02-28 10:30:01.455000,1.22188,1.22185,1000000,3820000
2018-02-28 10:30:01.993000,1.22189,1.22185,1200000,2620000
2018-02-28 10:30:02.569000,1.2219,1.22185,1380000,6190000
2018-02-28 10:30:02.909000,1.2219,1.22188,3190000,1000000
2018-02-28 10:30:03.707000,1.2219,1.22187,2320000,3190000
2018-02-28 10:30:04.081000,1.22192,1.2219,1010000,1870000
2018-02-28 10:30:04.133000,1.22196,1.22192,1010000,3940000
2018-02-28 10:30:05.399000,1.22196,1.22193,1250000,1000000
2018-02-28 10:30:12.945000,1.22197,1.22194,1100000,1370000
2018-02-28 10:30:13.458000,1.22197,1.22194,2440000,3000000
2018-02-28 10:30:16.317000,1.22197,1.22193,1690000,4690000
2018-02-28 10:30:21.993000,1.22195,1.22194,1000000,1310000
2018-02-28 10:30:22.502000,1.22196,1.22194,1250000,1310000
2018-02-28 10:30:26.597000,1.22196,1.22193,1250000,2060000
2018-02-28 10:30:27.149000,1.22195,1.22193,1000000,2810000
2018-02-28 10:30:27.941000,1.22196,1.22193,1690000,4310000
2018-02-28 10:30:28.329000,1.22197,1.22196,1000000,2620000
2018-02-28 10:30:28.381000,1.22199,1.22196,4460000,3370000
2018-02-28 10:30:28.897000,1.22199,1.22197,2060000,3000000
2018-02-28 10:30:29.002000,1.22201,1.22198,2740000,1000000
2018-02-28 10:30:29.208000,1.222,1.22197,1190000,7310000
2018-02-28 10:30:29.748000,1.222,1.22197,1250000,8620000
2018-02-28 10:30:31.466000,1.22201,1.22197,5060000,4500000
2018-02-28 10:30:31.980000,1.22201,1.22197,5060000,3370000
2018-02-28 10:30:32.646000,1.22201,1.22198,6190000,1120000
2018-02-28 10:30:34.507000,1.222,1.22198,1310000,1120000
2018-02-28 10:30:35.871000,1.22201,1.22197,4690000,3750000
2018-02-28 10:30:40.367000,1.22192,1.22191,3670000,2620000
2018-02-28 10:30:40.526000,1.22186,1.22184,6560000,1870000
2018-02-28 10:30:41.051000,1.22186,1.22183,1250000,1370000
2018-02-28 10:30:44.807000,1.22188,1.22187,5890000,1000000
2018-02-28 10:30:44.969000,1.22192,1.22189,8700000,3000000
2018-02-28 10:30:45.356000,1.22193,1.22191,2890000,1000000
2018-02-28 10:30:45.408000,1.22192,1.22189,2810000,1120000
2018-02-28 10:30:45.720000,1.22192,1.2219,1500000,3250000
2018-02-28 10:30:45.877000,1.22192,1.22188,3940000,3750000
2018-02-28 10:30:47.793000,1.22191,1.22188,2320000,2250000
2018-02-28 10:30:50.019000,1.2219,1.22189,1000000,1000000
2018-02-28 10:30:50.123000,1.22191,1.22187,3750000,4120000
2018-02-28 10:30:51.118000,1.2219,1.22187,1000000,4120000
2018-02-28 10:30:51.718000,1.22191,1.22187,2250000,2810000
2018-02-28 10:30:52.260000,1.2219,1.22187,1000000,2810000
2018-02-28 10:30:52.624000,1.22191,1.2219,1690000,1000000
2018-02-28 10:30:53.142000,1.22191,1.22189,1760000,1870000
2018-02-28 10:30:53.692000,1.22191,1.2219,1000000,1500000
2018-02-28 10:30:54.521000,1.22192,1.2219,1870000,1000000
2018-02-28 10:30:54.855000,1.22192,1.22191,1000000,1500000
2018-02-28 10:30:55.055000,1.22191,1.22189,1000000,1120000
2018-02-28 10:30:55.108000,1.2219,1.22188,1190000,3370000
2018-02-28 10:30:55.161000,1.22192,1.22189,3940000,1120000
2018-02-28 10:30:55.682000,1.22191,1.22189,1310000,1120000
2018-02-28 10:30:56.222000,1.22191,1.2219,1310000,1000000
2018-02-28 10:30:56.955000,1.22191,1.22188,1310000,4500000
2018-02-28 10:30:59.319000,1.22191,1.22188,3940000,1120000
2018-02-28 10:31:01.429000,1.22191,1.22189,5060000,1000000
2018-02-28 10:31:01.855000,1.22194,1.22192,1120000,6560000
2018-02-28 10:31:02.164000,1.22196,1.22193,3750000,2250000
2018-02-28 10:31:02.405000,1.22197,1.22196,1000000,7120000
2018-02-28 10:31:02.457000,1.222,1.22196,3260000,6370000
2018-02-28 10:31:02.662000,1.222,1.22198,1570000,1000000
2018-02-28 10:31:03.228000,1.22201,1.22197,1000000,3750000
2018-02-28 10:31:03.543000,1.22206,1.22203,2440000,3190000
2018-02-28 10:31:04.129000,1.22208,1.22204,13570000,1120000
2018-02-28 10:31:04.679000,1.22207,1.22204,1000000,1120000
2018-02-28 10:31:05.001000,1.22212,1.2221,4010000,1690000
2018-02-28 10:31:05.644000,1.22212,1.22208,2440000,3940000
2018-02-28 10:31:06.230000,1.22212,1.22208,7690000,3560000
2018-02-28 10:31:06.847000,1.22211,1.22208,1000000,2810000
2018-02-28 10:31:06.916000,1.22211,1.22208,1000000,5060000
2018-02-28 10:31:07.398000,1.22214,1.22213,4950000,1690000
2018-02-28 10:31:07.450000,1.22215,1.22212,1310000,1000000
2018-02-28 10:31:07.503000,1.22213,1.2221,6040000,1390000
2018-02-28 10:31:07.880000,1.22212,1.22209,1910000,1500000
2018-02-28 10:31:08.192000,1.22217,1.22214,7200000,1000000
2018-02-28 10:31:08.774000,1.22216,1.22213,3450000,1500000
2018-02-28 10:31:08.983000,1.22214,1.22212,2250000,2250000
2018-02-28 10:31:09.496000,1.22214,1.2221,2440000,3370000
2018-02-28 10:31:09.861000,1.22217,1.22213,5700000,1000000
2018-02-28 10:31:10.168000,1.22221,1.22217,2140000,3000000
2018-02-28 10:31:11.115000,1.2222,1.22218,1000000,2060000
2018-02-28 10:31:11.424000,1.22221,1.22219,1500000,1120000
2018-02-28 10:31:11.962000,1.22222,1.22219,4010000,1000000
2018-02-28 10:31:12.825000,1.22221,1.22219,1200000,3000000
2018-02-28 10:31:13.322000,1.22221,1.22218,1200000,1000000
2018-02-28 10:31:13.579000,1.22219,1.22218,1950000,1000000
2018-02-28 10:31:13.633000,1.22216,1.22213,1200000,1690000
2018-02-28 10:31:13.694000,1.22213,1.22212,1200000,1000000
2018-02-28 10:31:13.803000,1.22216,1.22212,3820000,1870000
2018-02-28 10:31:14.374000,1.22216,1.22213,1200000,3560000
2018-02-28 10:31:14.428000,1.22216,1.22215,1200000,1000000
2018-02-28 10:31:14.587000,1.22219,1.22215,1200000,2250000
2018-02-28 10:31:14.692000,1.22218,1.22214,2700000,1620000
2018-02-28 10:31:15.001000,1.22219,1.22216,1200000,2440000
2018-02-28 10:31:15.053000,1.2222,1.22217,1450000,3370000
2018-02-28 10:31:15.569000,1.2222,1.22217,1200000,2060000
2018-02-28 10:31:16.083000,1.2222,1.22217,1200000,6750000
2018-02-28 10:31:16.498000,1.22222,1.22218,1450000,3940000
2018-02-28 10:31:17.115000,1.22222,1.22217,1450000,9750000
2018-02-28 10:31:17.663000,1.22222,1.22218,3450000,1500000
2018-02-28 10:31:18.594000,1.22222,1.22219,3450000,1000000
2018-02-28 10:31:19.523000,1.22222,1.22221,1120000,1000000
2018-02-28 10:31:19.628000,1.22226,1.22222,1100000,1000000
2018-02-28 10:31:21.277000,1.22225,1.22222,1000000,4870000
2018-02-28 10:31:21.808000,1.22226,1.22222,1200000,1870000
2018-02-28 10:31:21.861000,1.22224,1.22222,1500000,3000000
2018-02-28 10:31:21.913000,1.22226,1.22221,3070000,4500000
2018-02-28 10:31:22.060000,1.22224,1.22221,2250000,3370000
2018-02-28 10:31:22.410000,1.22222,1.22219,3000000,3070000
2018-02-28 10:31:22.922000,1.22222,1.2222,1500000,1500000
2018-02-28 10:31:23.178000,1.22226,1.22223,2700000,1000000
2018-02-28 10:31:23.692000,1.22227,1.22224,1100000,1250000
2018-02-28 10:31:23.744000,1.22228,1.22225,1000000,7870000
2018-02-28 10:31:23.797000,1.2223,1.22226,7200000,1870000
2018-02-28 10:31:23.952000,1.22231,1.22228,2320000,1870000
2018-02-28 10:31:24.058000,1.22231,1.22226,2510000,7200000
2018-02-28 10:31:24.469000,1.2223,1.22228,1000000,1000000
2018-02-28 10:31:24.980000,1.22231,1.22227,2510000,3750000
2018-02-28 10:31:25.687000,1.22231,1.22228,3070000,1500000
2018-02-28 10:31:26.735000,1.22232,1.22228,1760000,2250000
2018-02-28 10:31:27.256000,1.22231,1.22228,1000000,2250000
2018-02-28 10:31:33.906000,1.22232,1.22227,3640000,4870000
2018-02-28 10:31:34.489000,1.22232,1.22228,5510000,1120000
2018-02-28 10:31:36.491000,1.22233,1.22229,9820000,1500000
2018-02-28 10:31:36.547000,1.22235,1.22231,2890000,5050000
2018-02-28 10:31:36.599000,1.22236,1.22234,4570000,1000000
2018-02-28 10:31:36.651000,1.22237,1.22235,1760000,1870000
2018-02-28 10:31:37.192000,1.22236,1.22233,1000000,4500000
2018-02-28 10:31:37.602000,1.22236,1.22232,3640000,2250000
2018-02-28 10:31:37.653000,1.22234,1.22232,1000000,1250000
2018-02-28 10:31:37.857000,1.22237,1.22234,3000000,2250000
2018-02-28 10:31:38.370000,1.22237,1.22235,1000000,1000000
2018-02-28 10:31:38.631000,1.22238,1.22233,7950000,3750000
2018-02-28 10:31:38.788000,1.22237,1.22235,1000000,2250000
2018-02-28 10:31:38.989000,1.22241,1.22238,1200000,1000000
2018-02-28 10:31:40.199000,1.2224,1.22238,1000000,1500000
2018-02-28 10:31:40.747000,1.22241,1.22238,2250000,1120000
2018-02-28 10:31:41.141000,1.22242,1.22241,1000000,1870000
2018-02-28 10:31:41.266000,1.22242,1.22239,3750000,1120000
2018-02-28 10:31:41.420000,1.22241,1.22237,1100000,6000000
2018-02-28 10:31:41.472000,1.22239,1.22237,1000000,3000000
2018-02-28 10:31:41.984000,1.22241,1.22237,7390000,1120000
2018-02-28 10:31:42.465000,1.2224,1.22236,1450000,2620000
2018-02-28 10:31:43.285000,1.22238,1.22236,1000000,2250000
2018-02-28 10:31:43.826000,1.22238,1.22236,1570000,1000000
2018-02-28 10:31:44.168000,1.22234,1.22231,1950000,2250000
2018-02-28 10:31:44.496000,1.22236,1.22233,3070000,1120000
2018-02-28 10:31:45.964000,1.22237,1.22233,1570000,8250000
2018-02-28 10:31:46.475000,1.22236,1.22233,1570000,1500000
2018-02-28 10:31:47.047000,1.22236,1.22233,1200000,1000000
2018-02-28 10:31:48.242000,1.22236,1.22233,1070000,1870000
2018-02-28 10:31:48.450000,1.22237,1.22234,2700000,10690000
2018-02-28 10:31:48.630000,1.22238,1.22234,4010000,1120000
2018-02-28 10:31:49.144000,1.22238,1.22234,1450000,6440000
2018-02-28 10:31:49.299000,1.22239,1.22235,2510000,10500000
2018-02-28 10:31:49.806000,1.2224,1.22235,4760000,6370000
2018-02-28 10:31:50.166000,1.22241,1.22239,3000000,2250000
2018-02-28 10:31:50.217000,1.22242,1.2224,3370000,4120000
2018-02-28 10:31:50.269000,1.22243,1.22241,3070000,3370000
2018-02-28 10:31:50.320000,1.22244,1.22241,1570000,3370000
2018-02-28 10:31:50.857000,1.22244,1.2224,1450000,1500000
2018-02-28 10:31:51.393000,1.22244,1.2224,1450000,1120000
2018-02-28 10:31:52.182000,1.22242,1.2224,1950000,1000000
2018-02-28 10:31:52.800000,1.22243,1.2224,2700000,3000000
2018-02-28 10:31:53.499000,1.22243,1.2224,3450000,1870000
2018-02-28 10:31:54.382000,1.22242,1.22241,1000000,1000000
2018-02-28 10:31:54.933000,1.22243,1.2224,2700000,1120000
2018-02-28 10:31:55.461000,1.22243,1.22242,1200000,5440000
2018-02-28 10:31:55.586000,1.22247,1.22244,1070000,5250000
2018-02-28 10:31:56.103000,1.22247,1.22244,1570000,1000000
2018-02-28 10:31:56.763000,1.22246,1.22244,1200000,3000000
2018-02-28 10:31:57.899000,1.22247,1.22243,3900000,4120000
2018-02-28 10:31:58.163000,1.22248,1.22246,7200000,2620000
2018-02-28 10:31:58.267000,1.22252,1.22248,3070000,4120000
2018-02-28 10:31:58.659000,1.22248,1.22247,1000000,1120000
2018-02-28 10:31:59.178000,1.22249,1.22245,1950000,2440000
2018-02-28 10:31:59.523000,1.22253,1.22249,8700000,1120000
2018-02-28 10:31:59.629000,1.2225,1.22248,2320000,1120000
2018-02-28 10:32:00.586000,1.22251,1.22247,1450000,3750000
2018-02-28 10:32:01.114000,1.22251,1.22248,1100000,2250000
2018-02-28 10:32:01.424000,1.22254,1.22251,1570000,1000000
2018-02-28 10:32:01.972000,1.22254,1.22251,3640000,1500000
2018-02-28 10:32:02.527000,1.22254,1.22251,5760000,1870000
2018-02-28 10:32:03.071000,1.22254,1.22251,5190000,1500000
2018-02-28 10:32:03.576000,1.22252,1.22251,2320000,1000000
2018-02-28 10:32:03.776000,1.2225,1.22247,2250000,4120000
2018-02-28 10:32:03.831000,1.22248,1.22247,2250000,1500000
2018-02-28 10:32:03.986000,1.22248,1.22245,7570000,1870000
2018-02-28 10:32:04.501000,1.22248,1.22245,4950000,2120000
2018-02-28 10:32:05.008000,1.22248,1.22245,5890000,1870000
2018-02-28 10:32:05.060000,1.22251,1.22249,7570000,4500000
2018-02-28 10:32:05.111000,1.22254,1.22249,4200000,7310000
2018-02-28 10:32:05.214000,1.22253,1.22251,2700000,6000000
2018-02-28 10:32:05.317000,1.22257,1.22253,1570000,3370000
2018-02-28 10:32:05.860000,1.22257,1.22253,3070000,7370000
2018-02-28 10:32:06.016000,1.22255,1.22253,1500000,3750000
2018-02-28 10:32:06.120000,1.22253,1.22251,2620000,1870000
2018-02-28 10:32:06.172000,1.22252,1.2225,1500000,4500000
2018-02-28 10:32:06.332000,1.22253,1.2225,3070000,3750000
2018-02-28 10:32:06.591000,1.22255,1.2225,1000000,14620000
2018-02-28 10:32:07.239000,1.22255,1.2225,1000000,21440001
2018-02-28 10:32:07.711000,1.22253,1.2225,1000000,3560000
2018-02-28 10:32:08.513000,1.22254,1.2225,1000000,1000000
2018-02-28 10:32:09.096000,1.22252,1.22249,1000000,2620000
2018-02-28 10:32:09.410000,1.22258,1.22254,1500000,5550000
2018-02-28 10:32:09.515000,1.22257,1.22254,1000000,1800000
2018-02-28 10:32:10.059000,1.22255,1.22253,1000000,1690000
2018-02-28 10:32:10.712000,1.22256,1.22252,1000000,1310000
2018-02-28 10:32:10.764000,1.22256,1.22252,1500000,1000000
2018-02-28 10:32:10.866000,1.22256,1.22253,1000000,1120000
2018-02-28 10:32:10.919000,1.22257,1.22254,1100000,2250000
2018-02-28 10:32:10.977000,1.22263,1.22258,5700000,3750000
2018-02-28 10:32:11.081000,1.22263,1.22258,5250000,4660000
2018-02-28 10:32:11.134000,1.2226,1.22258,1000000,1100000
2018-02-28 10:32:11.237000,1.22262,1.22258,2440000,2060000
2018-02-28 10:32:11.290000,1.22261,1.22258,1000000,1310000
2018-02-28 10:32:11.444000,1.22258,1.22256,1000000,1690000
2018-02-28 10:32:11.656000,1.22262,1.22258,1500000,1870000
2018-02-28 10:32:11.711000,1.22263,1.22259,2620000,5620000
2018-02-28 10:32:12.256000,1.22263,1.22259,1000000,5440000
2018-02-28 10:32:12.798000,1.22262,1.22259,1000000,1000000
2018-02-28 10:32:13.380000,1.22263,1.22258,7690000,5440000
2018-02-28 10:32:14.032000,1.22262,1.22259,1500000,1000000
2018-02-28 10:32:14.542000,1.22262,1.22258,1500000,1750000
2018-02-28 10:32:15.055000,1.22264,1.22261,1950000,1870000
2018-02-28 10:32:15.219000,1.22265,1.22262,1250000,1870000
2018-02-28 10:32:16.163000,1.22267,1.22261,2890000,7010000
2018-02-28 10:32:16.506000,1.22266,1.22263,1100000,3190000
2018-02-28 10:32:17.042000,1.22267,1.22264,1570000,1000000
2018-02-28 10:32:17.578000,1.22266,1.22262,3260000,3000000
2018-02-28 10:32:18.093000,1.22267,1.22262,2510000,2250000
2018-02-28 10:32:18.561000,1.22265,1.2226,2890000,7950000
2018-02-28 10:32:19.077000,1.22264,1.22259,3820000,3000000
2018-02-28 10:32:19.259000,1.22261,1.22258,1000000,2250000
2018-02-28 10:32:19.566000,1.2226,1.22257,2810000,1000000
2018-02-28 10:32:20.167000,1.22259,1.22256,1000000,1870000
2018-02-28 10:32:20.695000,1.2226,1.22256,1870000,1120000
2018-02-28 10:32:21.233000,1.22259,1.22256,1000000,3750000
2018-02-28 10:32:21.839000,1.2226,1.22257,1100000,1120000
2018-02-28 10:32:22.354000,1.2226,1.22257,1570000,1500000
2018-02-28 10:32:23.391000,1.22261,1.22257,4120000,2250000
2018-02-28 10:32:23.905000,1.2226,1.22257,1250000,1500000
2018-02-28 10:32:24.408000,1.22259,1.22257,1000000,1500000
2018-02-28 10:32:24.984000,1.2226,1.22257,1250000,1500000
2018-02-28 10:32:27.212000,1.22259,1.22257,1000000,1120000
2018-02-28 10:32:27.511000,1.22258,1.22255,2620000,1100000
2018-02-28 10:32:27.614000,1.22256,1.22254,1000000,3000000
2018-02-28 10:32:27.904000,1.22248,1.22246,3370000,1000000
2018-02-28 10:32:28.426000,1.22248,1.22247,1000000,1000000
2018-02-28 10:32:28.477000,1.22248,1.22245,1000000,2320000
2018-02-28 10:32:28.909000,1.22251,1.22246,3110000,5170000
2018-02-28 10:32:29.062000,1.22252,1.22247,3190000,2320000
2018-02-28 10:32:29.565000,1.22251,1.22249,1000000,1120000
2018-02-28 10:32:29.979000,1.22254,1.22249,4760000,2440000
2018-02-28 10:32:30.525000,1.22253,1.2225,1000000,1120000
2018-02-28 10:32:31.048000,1.22254,1.2225,1100000,1000000
2018-02-28 10:32:31.586000,1.22254,1.2225,2320000,1000000
2018-02-28 10:32:32.362000,1.22252,1.22249,1120000,3370000
2018-02-28 10:32:32.973000,1.22254,1.2225,4200000,1120000
2018-02-28 10:32:33.542000,1.22252,1.22249,1870000,4690000
2018-02-28 10:32:34.069000,1.22253,1.22249,1870000,5060000
2018-02-28 10:32:34.575000,1.22252,1.2225,2620000,1000000
2018-02-28 10:32:35.123000,1.22252,1.22249,1570000,4120000
2018-02-28 10:32:36.418000,1.22254,1.2225,4200000,1000000
2018-02-28 10:32:36.469000,1.22253,1.22251,1100000,1440000
2018-02-28 10:32:36.521000,1.22256,1.22254,1000000,1120000
2018-02-28 10:32:36.575000,1.22256,1.22253,2320000,3370000
2018-02-28 10:32:36.915000,1.22257,1.22255,2320000,1500000
2018-02-28 10:32:37.274000,1.22256,1.22253,2320000,1120000
2018-02-28 10:32:38.543000,1.22256,1.22253,1570000,1120000
2018-02-28 10:32:38.750000,1.22257,1.22252,5550000,6000000
2018-02-28 10:32:39.416000,1.22256,1.22252,3070000,2250000
2018-02-28 10:32:41.073000,1.22254,1.22252,1570000,3370000
2018-02-28 10:32:41.379000,1.22256,1.22252,4950000,1870000
2018-02-28 10:32:41.827000,1.22253,1.22252,2250000,1870000
2018-02-28 10:32:42.010000,1.2225,1.22247,4690000,1500000
2018-02-28 10:32:42.535000,1.2225,1.22247,1870000,1870000
2018-02-28 10:32:42.853000,1.22259,1.22256,7650000,1870000
2018-02-28 10:32:43.028000,1.22261,1.2226,2320000,1000000
2018-02-28 10:32:43.237000,1.22263,1.2226,5700000,1120000
2018-02-28 10:32:43.834000,1.22263,1.22259,1570000,11440000
2018-02-28 10:32:44.363000,1.22263,1.2226,3450000,1120000
2018-02-28 10:32:44.897000,1.22265,1.22261,1570000,1870000
2018-02-28 10:32:45.433000,1.22266,1.22261,4830000,4500000
2018-02-28 10:32:45.849000,1.22262,1.2226,1500000,3000000
2018-02-28 10:32:46.195000,1.22265,1.22262,2890000,1870000
2018-02-28 10:32:46.773000,1.22265,1.22262,2320000,1120000
2018-02-28 10:32:47.286000,1.22264,1.22262,1000000,3750000
2018-02-28 10:32:47.667000,1.22266,1.22265,2700000,1120000
2018-02-28 10:32:47.782000,1.22274,1.22272,1500000,1120000
2018-02-28 10:32:47.834000,1.22276,1.22274,1000000,10010000
2018-02-28 10:32:47.885000,1.22279,1.22276,4200000,3560000
2018-02-28 10:32:47.937000,1.22281,1.2228,1500000,1120000
2018-02-28 10:32:48.225000,1.22283,1.22281,1120000,2060000
2018-02-28 10:32:48.438000,1.22278,1.22276,1500000,3640000
2018-02-28 10:32:48.545000,1.22273,1.22271,1100000,5810000
2018-02-28 10:32:48.598000,1.22273,1.2227,3070000,3000000
2018-02-28 10:32:48.704000,1.22273,1.22271,2250000,1000000
2018-02-28 10:32:49.251000,1.22275,1.22272,2700000,1120000
2018-02-28 10:32:49.461000,1.22272,1.22271,1000000,1120000
2018-02-28 10:32:50.164000,1.22273,1.22271,2620000,1000000
2018-02-28 10:32:50.267000,1.22275,1.22271,1200000,3560000
2018-02-28 10:32:50.371000,1.22277,1.22273,6120000,1120000
2018-02-28 10:32:50.689000,1.22275,1.22273,1000000,2510000
2018-02-28 10:32:50.741000,1.22276,1.22272,4130000,2320000
2018-02-28 10:32:51.253000,1.22276,1.22272,1270000,1370000
2018-02-28 10:32:51.826000,1.22277,1.22272,1950000,1500000
2018-02-28 10:32:51.929000,1.22274,1.22271,1950000,1370000
2018-02-28 10:32:52.440000,1.22273,1.22269,1200000,1750000
2018-02-28 10:32:53.050000,1.2227,1.22269,1000000,1500000
2018-02-28 10:32:53.267000,1.22274,1.22271,1570000,1690000
2018-02-28 10:32:53.423000,1.22276,1.22272,4270000,1250000
2018-02-28 10:32:53.768000,1.22277,1.22274,1390000,1000000
2018-02-28 10:32:54.284000,1.22277,1.22273,2700000,2810000
2018-02-28 10:32:55.288000,1.22276,1.22273,1000000,1620000
2018-02-28 10:32:55.804000,1.22278,1.22273,8600000,1950000
2018-02-28 10:32:56.278000,1.22276,1.22272,3000000,2700000
2018-02-28 10:32:56.382000,1.22277,1.22272,5400000,4990000
2018-02-28 10:32:56.693000,1.22273,1.22272,1500000,6000000
2018-02-28 10:32:56.799000,1.22275,1.22272,1000000,4570000
2018-02-28 10:32:56.852000,1.22276,1.22274,1100000,1870000
2018-02-28 10:32:57.163000,1.22278,1.22274,4870000,2620000
2018-02-28 10:32:57.267000,1.22276,1.22274,1500000,3440000
2018-02-28 10:32:57.426000,1.22276,1.22273,1000000,1690000
2018-02-28 10:32:57.479000,1.22276,1.22273,1000000,1760000
2018-02-28 10:32:57.532000,1.22276,1.22272,2250000,2890000
2018-02-28 10:32:57.586000,1.22274,1.22272,1000000,1570000
2018-02-28 10:32:57.792000,1.22276,1.22271,1120000,3450000
2018-02-28 10:32:58.343000,1.22275,1.22271,1000000,13390000
2018-02-28 10:32:58.811000,1.22277,1.22271,1570000,19780001
2018-02-28 10:33:00.650000,1.22276,1.22272,1000000,6750000
2018-02-28 10:33:01.213000,1.22277,1.22272,5700000,8690000
2018-02-28 10:33:01.371000,1.22275,1.22271,1500000,1620000
2018-02-28 10:33:01.907000,1.22276,1.22272,1000000,1950000
2018-02-28 10:33:02.428000,1.22275,1.22272,1000000,5700000
2018-02-28 10:33:02.818000,1.22277,1.22272,2250000,4980000
2018-02-28 10:33:02.921000,1.22278,1.22273,4950000,4870000
2018-02-28 10:33:03.227000,1.22272,1.2227,1500000,3260000
2018-02-28 10:33:03.599000,1.22279,1.22274,1950000,1120000
2018-02-28 10:33:03.754000,1.2228,1.22277,1000000,2620000
2018-02-28 10:33:04.268000,1.22281,1.22277,3000000,1250000
2018-02-28 10:33:04.777000,1.2228,1.22277,1000000,2620000
2018-02-28 10:33:05.576000,1.22281,1.2228,2250000,1000000
2018-02-28 10:33:05.629000,1.22284,1.22279,2250000,7310000
2018-02-28 10:33:05.681000,1.22284,1.22282,1500000,2250000
2018-02-28 10:33:05.733000,1.22285,1.22283,2620000,1120000
2018-02-28 10:33:06.456000,1.22284,1.22281,1000000,1870000
2018-02-28 10:33:06.573000,1.22283,1.22281,2620000,1120000
2018-02-28 10:33:06.631000,1.22281,1.22277,4310000,2320000
2018-02-28 10:33:07.142000,1.22282,1.22277,5060000,2700000
2018-02-28 10:33:07.231000,1.22279,1.22277,1200000,2250000
2018-02-28 10:33:07.532000,1.22266,1.22265,1500000,1120000
2018-02-28 10:33:07.638000,1.22265,1.22261,1950000,3190000
2018-02-28 10:33:08.002000,1.22265,1.22262,1450000,1870000
2018-02-28 10:33:08.211000,1.22267,1.22263,2320000,11060000
2018-02-28 10:33:08.263000,1.22268,1.22263,6070000,5060000
2018-02-28 10:33:08.314000,1.22266,1.22263,1200000,3000000
2018-02-28 10:33:08.842000,1.22267,1.22263,4950000,1450000
2018-02-28 10:33:09.460000,1.22267,1.22263,1500000,1200000
2018-02-28 10:33:09.567000,1.22267,1.22263,1570000,1950000
2018-02-28 10:33:09.778000,1.2227,1.22264,1100000,12750000
2018-02-28 10:33:10.158000,1.22273,1.22268,11890000,2250000
2018-02-28 10:33:10.465000,1.22275,1.22269,9070000,12190000
2018-02-28 10:33:10.913000,1.22272,1.22269,1500000,6670000
2018-02-28 10:33:11.418000,1.22272,1.22269,4120000,1470000
2018-02-28 10:33:12.036000,1.22272,1.22268,3000000,2320000
2018-02-28 10:33:12.354000,1.22271,1.22266,4760000,3260000
2018-02-28 10:33:12.777000,1.22272,1.22269,6880000,1000000
2018-02-28 10:33:12.829000,1.22272,1.22269,1260000,1000000
2018-02-28 10:33:13.216000,1.22273,1.2227,4950000,3820000
2018-02-28 10:33:13.270000,1.22274,1.22271,1000000,1100000
2018-02-28 10:33:13.322000,1.2227,1.22269,5620000,7310000
2018-02-28 10:33:13.428000,1.22269,1.22266,3750000,1070000
2018-02-28 10:33:13.482000,1.22269,1.22264,6640000,2510000
2018-02-28 10:33:13.535000,1.22267,1.22264,1950000,1470000
2018-02-28 10:33:14.115000,1.22267,1.22264,1570000,1450000
2018-02-28 10:33:14.375000,1.22269,1.22264,2700000,2890000
2018-02-28 10:33:14.966000,1.22269,1.22264,1200000,4390000
2018-02-28 10:33:15.136000,1.22271,1.22266,1950000,5320000
2018-02-28 10:33:15.188000,1.22271,1.22267,1570000,1950000
2018-02-28 10:33:15.698000,1.22271,1.22267,1630000,6820000
2018-02-28 10:33:16.098000,1.22271,1.22267,1100000,7200000
2018-02-28 10:33:16.609000,1.22272,1.22268,5320000,2320000
2018-02-28 10:33:16.926000,1.22273,1.22271,1310000,1620000
2018-02-28 10:33:17.472000,1.22274,1.22271,1200000,2320000
2018-02-28 10:33:17.988000,1.22274,1.22271,1200000,1100000
2018-02-28 10:33:19.141000,1.22274,1.22271,1200000,2320000
2018-02-28 10:33:20.476000,1.22274,1.22271,3070000,1000000
2018-02-28 10:33:20.587000,1.22271,1.22268,1000000,3190000
2018-02-28 10:33:20.641000,1.22272,1.22267,5700000,2510000
2018-02-28 10:33:21.187000,1.22271,1.22267,1950000,1870000
2018-02-28 10:33:21.721000,1.2227,1.22267,1000000,3750000
2018-02-28 10:33:22.083000,1.22272,1.22271,4390000,1000000
2018-02-28 10:33:22.363000,1.22274,1.22271,1570000,1950000
2018-02-28 10:33:22.931000,1.22274,1.22271,1100000,2700000
2018-02-28 10:33:23.445000,1.22273,1.22271,1000000,4390000
2018-02-28 10:33:24.040000,1.22277,1.22276,2250000,2250000
2018-02-28 10:33:24.278000,1.22284,1.22281,1000000,8890000
2018-02-28 10:33:24.794000,1.22287,1.22282,3260000,1470000
2018-02-28 10:33:24.952000,1.22284,1.22281,2250000,1950000
2018-02-28 10:33:25.295000,1.22282,1.22279,1100000,3150000
2018-02-28 10:33:25.553000,1.22285,1.22281,2320000,1690000
2018-02-28 10:33:26.124000,1.22286,1.22281,2320000,4950000
2018-02-28 10:33:26.644000,1.22285,1.22282,1000000,1000000
2018-02-28 10:33:27.180000,1.22286,1.22281,3260000,4010000
2018-02-28 10:33:27.726000,1.22285,1.22281,1000000,5320000
2018-02-28 10:33:28.342000,1.22285,1.22281,1950000,2620000
2018-02-28 10:33:28.449000,1.22283,1.22279,4200000,3070000
2018-02-28 10:33:28.973000,1.22284,1.2228,1370000,2890000
2018-02-28 10:33:29.281000,1.22285,1.22281,1100000,1690000
2018-02-28 10:33:30.294000,1.22284,1.22281,1000000,1870000
2018-02-28 10:33:30.804000,1.22285,1.22281,1500000,1570000
2018-02-28 10:33:31.348000,1.22285,1.22281,2700000,2510000
2018-02-28 10:33:31.895000,1.22285,1.22281,2700000,1760000
2018-02-28 10:33:31.951000,1.22284,1.2228,3750000,6450000
2018-02-28 10:33:32.105000,1.22282,1.22279,1120000,6070000
2018-02-28 10:33:32.462000,1.22284,1.22279,6070000,4200000
2018-02-28 10:33:33.090000,1.22284,1.22279,2320000,6260000
2018-02-28 10:33:33.348000,1.22282,1.22279,1120000,2700000
2018-02-28 10:33:33.745000,1.22285,1.22281,9070000,2320000
2018-02-28 10:33:33.901000,1.22285,1.22281,1200000,3070000
2018-02-28 10:33:34.989000,1.22285,1.22282,1870000,1120000
2018-02-28 10:33:35.540000,1.22284,1.22281,1950000,1500000
2018-02-28 10:33:36.032000,1.22286,1.22282,1200000,1120000
2018-02-28 10:33:36.696000,1.22285,1.22282,1100000,1200000
2018-02-28 10:33:40.009000,1.22285,1.22282,1100000,2890000
2018-02-28 10:33:40.902000,1.22286,1.22283,1500000,1870000
2018-02-28 10:33:43.163000,1.22286,1.22282,2320000,1120000
2018-02-28 10:33:43.835000,1.22285,1.22281,1000000,8280000
2018-02-28 10:33:44.298000,1.22283,1.22281,2620000,1200000
2018-02-28 10:33:44.540000,1.22285,1.22281,1570000,8240000
2018-02-28 10:33:45.153000,1.22286,1.22281,3820000,15590000
2018-02-28 10:33:46.234000,1.22286,1.22281,1570000,15580000
2018-02-28 10:33:47.045000,1.22286,1.22281,1200000,12010000
2018-02-28 10:33:47.580000,1.22286,1.22282,1100000,6000000
2018-02-28 10:33:48.105000,1.22285,1.22282,1000000,2320000
2018-02-28 10:33:50.566000,1.22285,1.22282,1000000,4120000
2018-02-28 10:33:51.170000,1.22285,1.22282,1000000,2700000
2018-02-28 10:33:51.623000,1.22285,1.22281,2620000,7010000
2018-02-28 10:33:52.427000,1.22285,1.22282,1120000,1000000
2018-02-28 10:33:52.987000,1.22285,1.22281,3370000,5700000
2018-02-28 10:33:53.567000,1.22285,1.22281,2320000,2320000
2018-02-28 10:33:56.008000,1.22285,1.22281,1500000,3820000
2018-02-28 10:33:56.700000,1.22285,1.22282,3750000,1000000
2018-02-28 10:33:57.250000,1.22285,1.22281,1500000,5140000
2018-02-28 10:33:58.054000,1.22285,1.22282,3000000,1000000
2018-02-28 10:33:58.567000,1.22285,1.22281,1120000,5140000
2018-02-28 10:33:59.450000,1.22285,1.22282,2620000,1000000
2018-02-28 10:34:00.212000,1.22283,1.22281,1000000,1570000
2018-02-28 10:34:00.747000,1.22284,1.2228,5510000,7690000
2018-02-28 10:34:01.261000,1.22285,1.22282,1500000,3560000
2018-02-28 10:34:01.795000,1.22285,1.22282,1500000,3560000
2018-02-28 10:34:03.025000,1.22285,1.22282,2620000,2620000
2018-02-28 10:34:04.042000,1.22285,1.22282,2620000,2620000
2018-02-28 10:34:04.746000,1.22283,1.22281,1000000,4950000
2018-02-28 10:34:04.906000,1.22283,1.2228,4950000,1570000
2018-02-28 10:34:05.790000,1.22281,1.22279,1000000,1500000
2018-02-28 10:34:05.845000,1.22279,1.22277,6000000,3820000
2018-02-28 10:34:05.899000,1.22277,1.22275,1000000,1690000
2018-02-28 10:34:06.055000,1.22278,1.22277,1200000,1870000
2018-02-28 10:34:06.246000,1.2228,1.22278,1120000,1120000
2018-02-28 10:34:06.805000,1.2228,1.22279,1870000,1000000
2018-02-28 10:34:07.773000,1.22281,1.22278,3450000,1200000
2018-02-28 10:34:08.032000,1.22282,1.2228,6450000,2620000
2018-02-28 10:34:08.136000,1.22283,1.22281,1000000,2250000
2018-02-28 10:34:08.639000,1.22284,1.2228,1570000,2510000
2018-02-28 10:34:09.150000,1.22283,1.22281,1500000,2250000
2018-02-28 10:34:09.396000,1.22285,1.22281,6820000,2250000
2018-02-28 10:34:10.245000,1.22284,1.2228,1500000,3820000
2018-02-28 10:34:10.297000,1.22283,1.2228,4870000,3450000
2018-02-28 10:34:10.849000,1.22283,1.2228,3000000,1500000
2018-02-28 10:34:11.353000,1.22283,1.2228,1000000,4200000
2018-02-28 10:34:12.163000,1.22282,1.22281,1000000,1000000
2018-02-28 10:34:12.394000,1.22281,1.22279,1000000,3370000
2018-02-28 10:34:13.016000,1.22282,1.22278,1500000,12070000
2018-02-28 10:34:13.682000,1.22282,1.22278,1000000,10200000
2018-02-28 10:34:14.383000,1.22281,1.22279,1120000,2250000
2018-02-28 10:34:15.067000,1.22282,1.22278,2700000,1310000
2018-02-28 10:34:15.641000,1.22281,1.22279,2620000,1000000
2018-02-28 10:34:16.152000,1.22282,1.22278,4950000,2440000
2018-02-28 10:34:16.948000,1.22281,1.22278,2250000,2440000
2018-02-28 10:34:17.753000,1.22282,1.22278,7010000,3190000
2018-02-28 10:34:18.318000,1.22281,1.22278,1870000,2060000
2018-02-28 10:34:18.921000,1.22281,1.22279,3370000,1000000
2018-02-28 10:34:19.129000,1.22279,1.22278,3370000,1390000
2018-02-28 10:34:19.287000,1.22282,1.22279,2320000,1500000
2018-02-28 10:34:19.763000,1.22283,1.22281,1120000,3450000
2018-02-28 10:34:19.868000,1.22286,1.22282,9260000,5510000
2018-02-28 10:34:19.920000,1.22284,1.22282,1000000,3450000
2018-02-28 10:34:19.972000,1.22285,1.22282,1000000,2250000
2018-02-28 10:34:20.502000,1.22284,1.22282,1000000,1000000
2018-02-28 10:34:21.021000,1.22284,1.22281,1200000,1120000
2018-02-28 10:34:21.534000,1.22283,1.22281,1000000,1120000
2018-02-28 10:34:22.155000,1.22284,1.22281,1570000,1120000
2018-02-28 10:34:22.362000,1.22283,1.22279,2620000,4200000
2018-02-28 10:34:22.414000,1.22281,1.22279,1000000,2510000
2018-02-28 10:34:22.759000,1.2228,1.22278,1570000,3370000
2018-02-28 10:34:22.812000,1.22281,1.22279,1450000,2810000
2018-02-28 10:34:23.120000,1.22282,1.2228,1100000,4310000
2018-02-28 10:34:23.625000,1.22283,1.2228,4950000,1000000
2018-02-28 10:34:23.780000,1.22283,1.2228,3820000,1000000
2018-02-28 10:34:25.336000,1.22283,1.22281,1200000,1000000
2018-02-28 10:34:25.980000,1.22283,1.22281,2700000,1000000
2018-02-28 10:34:26.287000,1.22286,1.22284,6450000,1000000
2018-02-28 10:34:26.411000,1.22287,1.22285,1200000,1000000
2018-02-28 10:34:27.643000,1.22287,1.22285,1570000,1000000
2018-02-28 10:34:27.750000,1.22281,1.2228,3070000,4200000
2018-02-28 10:34:27.806000,1.22283,1.22282,1000000,4870000
2018-02-28 10:34:27.859000,1.22286,1.22283,3820000,2250000
2018-02-28 10:34:28.377000,1.22285,1.22283,1100000,1000000
2018-02-28 10:34:29.010000,1.22285,1.22283,1450000,1000000
2018-02-28 10:34:29.747000,1.22285,1.22283,1100000,1000000
2018-02-28 10:34:30.261000,1.22278,1.22276,1000000,9370000
2018-02-28 10:34:30.313000,1.22279,1.22277,8910000,1000000
2018-02-28 10:34:30.364000,1.22279,1.22276,8230000,1500000
2018-02-28 10:34:30.467000,1.2228,1.22276,1570000,1870000
2018-02-28 10:34:30.518000,1.22281,1.22278,1450000,3190000
2018-02-28 10:34:30.672000,1.22283,1.22279,2700000,1120000
2018-02-28 10:34:31.219000,1.22282,1.22279,1450000,1120000
2018-02-28 10:34:31.576000,1.22283,1.2228,1570000,1000000
2018-02-28 10:34:32.098000,1.22284,1.22281,3450000,1000000
2018-02-28 10:34:32.670000,1.22284,1.2228,3450000,2810000
2018-02-28 10:34:33.892000,1.22283,1.22281,1100000,1000000
2018-02-28 10:34:35.194000,1.22283,1.2228,1200000,1000000
2018-02-28 10:34:38.238000,1.22282,1.2228,5320000,1000000
2018-02-28 10:34:38.744000,1.22281,1.2228,1870000,1000000
2018-02-28 10:34:39.644000,1.22282,1.22278,7200000,3000000
2018-02-28 10:34:40.160000,1.22281,1.22279,1120000,1000000
2018-02-28 10:34:40.867000,1.22282,1.22278,6450000,3000000
2018-02-28 10:34:41.665000,1.22282,1.22278,3070000,3370000
2018-02-28 10:34:41.899000,1.2228,1.22277,3560000,2140000
2018-02-28 10:34:42.052000,1.22281,1.22277,3450000,4200000
2018-02-28 10:34:42.207000,1.22282,1.2228,4950000,1000000
2018-02-28 10:34:42.722000,1.22283,1.2228,11890000,1250000
2018-02-28 10:34:43.360000,1.22283,1.22279,10760000,1690000
2018-02-28 10:34:44.768000,1.22283,1.22279,8510000,1250000
2018-02-28 10:34:45.294000,1.22282,1.2228,3070000,1000000
2018-02-28 10:34:46.010000,1.22283,1.22279,9450000,2250000
2018-02-28 10:34:48.173000,1.22281,1.22279,1000000,1500000
2018-02-28 10:34:48.487000,1.2228,1.22276,1950000,4310000
2018-02-28 10:34:48.744000,1.22282,1.22278,3070000,4310000
2018-02-28 10:34:48.931000,1.22282,1.2228,6450000,1000000
2018-02-28 10:34:49.530000,1.22282,1.22279,5320000,1120000
2018-02-28 10:34:50.589000,1.22281,1.22279,1000000,4500000
2018-02-28 10:34:51.157000,1.22282,1.22279,7950000,2620000
2018-02-28 10:34:51.740000,1.22281,1.22279,1000000,2620000
2018-02-28 10:34:52.287000,1.22281,1.22279,1010000,1250000
2018-02-28 10:34:52.936000,1.2228,1.22279,1000000,1250000
2018-02-28 10:34:53.673000,1.2228,1.22279,1570000,1250000
2018-02-28 10:34:54.249000,1.22281,1.22279,3640000,1250000
2018-02-28 10:34:54.301000,1.2228,1.22278,1760000,1250000
2018-02-28 10:34:54.817000,1.2228,1.22279,1500000,1250000
2018-02-28 10:34:55.347000,1.2228,1.22279,1500000,1250000
2018-02-28 10:34:56.431000,1.2228,1.22279,1500000,1250000
2018-02-28 10:34:57.471000,1.22281,1.22279,1500000,1250000
2018-02-28 10:34:57.981000,1.2228,1.22279,1000000,1000000
2018-02-28 10:35:01.352000,1.22281,1.22279,1500000,1250000
2018-02-28 10:35:03.637000,1.22281,1.22279,1250000,1250000
2018-02-28 10:35:04.571000,1.22281,1.22279,1000000,1250000
2018-02-28 10:35:04.825000,1.22278,1.22277,1000000,1100000
2018-02-28 10:35:04.878000,1.2228,1.22277,2620000,1100000
2018-02-28 10:35:05.246000,1.22278,1.22276,3370000,1120000
2018-02-28 10:35:05.762000,1.22277,1.22275,4200000,1000000
2018-02-28 10:35:05.916000,1.2228,1.22277,3000000,1120000
2018-02-28 10:35:05.969000,1.22278,1.22276,1000000,1720000
2018-02-28 10:35:06.495000,1.22278,1.22274,9070000,2060000
2018-02-28 10:35:07.352000,1.22277,1.22274,4120000,2440000
2018-02-28 10:35:09.432000,1.22278,1.22275,6820000,1000000
2018-02-28 10:35:09.938000,1.22277,1.22274,1950000,7570000
2018-02-28 10:35:12.121000,1.22276,1.22274,3820000,1250000
2018-02-28 10:35:12.584000,1.22277,1.22275,4570000,1000000
2018-02-28 10:35:12.798000,1.22278,1.22277,1000000,2250000
2018-02-28 10:35:13.002000,1.22281,1.22278,19010000,1690000
2018-02-28 10:35:14.834000,1.22281,1.22278,2320000,1200000
2018-02-28 10:35:15.634000,1.2228,1.22277,1160000,3000000
2018-02-28 10:35:15.751000,1.22275,1.22272,3000000,1070000
2018-02-28 10:35:15.804000,1.22273,1.2227,1000000,3640000
2018-02-28 10:35:15.858000,1.22275,1.22271,2700000,2620000
2018-02-28 10:35:16.376000,1.22276,1.22273,1390000,1250000
2018-02-28 10:35:16.919000,1.22276,1.22273,2320000,3190000
2018-02-28 10:35:17.429000,1.22277,1.22273,1950000,2060000
2018-02-28 10:35:18.288000,1.22276,1.22273,1120000,1540000
2018-02-28 10:35:23.068000,1.22275,1.22272,1000000,4760000
2018-02-28 10:35:23.223000,1.22273,1.22271,1500000,2700000
2018-02-28 10:35:23.430000,1.22275,1.22272,1570000,1570000
2018-02-28 10:35:24.146000,1.22276,1.22272,2700000,4310000
2018-02-28 10:35:26.572000,1.22274,1.22273,1500000,1310000
2018-02-28 10:35:27.087000,1.22274,1.22272,1000000,1000000
2018-02-28 10:35:28.053000,1.22273,1.22272,1000000,1000000
2018-02-28 10:35:28.589000,1.22274,1.22272,1000000,1100000
2018-02-28 10:35:29.093000,1.22275,1.22272,1000000,1000000
2018-02-28 10:35:29.197000,1.22272,1.2227,1000000,3820000
2018-02-28 10:35:29.393000,1.22267,1.22264,6820000,1570000
2018-02-28 10:35:29.445000,1.22267,1.22263,8320000,1120000
2018-02-28 10:35:29.963000,1.22267,1.22263,1200000,7490000
2018-02-28 10:35:30.142000,1.22268,1.22266,1570000,1000000
2018-02-28 10:35:30.452000,1.2227,1.22266,2700000,1870000
2018-02-28 10:35:31.310000,1.2227,1.22268,1500000,1000000
2018-02-28 10:35:31.824000,1.22271,1.22267,1200000,2550000
2018-02-28 10:35:32.137000,1.22269,1.22266,1000000,1570000
2018-02-28 10:35:32.713000,1.22269,1.22266,1500000,1000000
2018-02-28 10:35:33.342000,1.22269,1.22265,1000000,4420000
2018-02-28 10:35:33.861000,1.22269,1.22266,1000000,1500000
2018-02-28 10:35:34.428000,1.22269,1.22267,1500000,1000000
2018-02-28 10:35:35.036000,1.22269,1.22266,1000000,1500000
2018-02-28 10:35:35.809000,1.22269,1.22267,1500000,1000000
2018-02-28 10:35:36.631000,1.22269,1.22266,1500000,2250000
2018-02-28 10:35:37.393000,1.22268,1.22266,1500000,1000000
2018-02-28 10:35:37.704000,1.22266,1.22264,1120000,1000000
2018-02-28 10:35:38.006000,1.22267,1.22262,3820000,3490000
2018-02-28 10:35:38.553000,1.22267,1.22261,7950000,21490000
2018-02-28 10:35:39.397000,1.22266,1.22262,3070000,1070000
2018-02-28 10:35:39.741000,1.22264,1.22261,1000000,4570000
2018-02-28 10:35:40.055000,1.22261,1.22258,1870000,2250000
2018-02-28 10:35:40.108000,1.22261,1.22257,2250000,1570000
2018-02-28 10:35:40.212000,1.2226,1.22257,1200000,1950000
2018-02-28 10:35:40.746000,1.22263,1.2226,3820000,1000000
2018-02-28 10:35:40.798000,1.22264,1.2226,2700000,2620000
2018-02-28 10:35:41.363000,1.22263,1.2226,1000000,2620000
2018-02-28 10:35:41.877000,1.22263,1.2226,1000000,1950000
2018-02-28 10:35:42.384000,1.22264,1.2226,1870000,3070000
2018-02-28 10:35:42.581000,1.22277,1.22275,2250000,1000000
2018-02-28 10:35:42.633000,1.22288,1.22286,14140000,3600000
2018-02-28 10:35:42.684000,1.2229,1.22288,1120000,1500000
2018-02-28 10:35:42.852000,1.22293,1.22291,1950000,1000000
2018-02-28 10:35:42.956000,1.22288,1.22286,1000000,2320000
2018-02-28 10:35:43.117000,1.22288,1.22284,2810000,1470000
2018-02-28 10:35:43.295000,1.22288,1.22286,1120000,2700000
2018-02-28 10:35:43.399000,1.22294,1.2229,4200000,3190000
2018-02-28 10:35:43.506000,1.2229,1.22289,1120000,1500000
2018-02-28 10:35:43.559000,1.22288,1.22285,1500000,4390000
2018-02-28 10:35:43.613000,1.2229,1.22286,2320000,1250000
2018-02-28 10:35:43.665000,1.22289,1.22284,3940000,1570000
2018-02-28 10:35:43.984000,1.2229,1.22286,1250000,2320000
2018-02-28 10:35:44.503000,1.22293,1.22289,2890000,1000000
2018-02-28 10:35:45.018000,1.22293,1.22288,3260000,1470000
2018-02-28 10:35:45.527000,1.22294,1.22291,1760000,1000000
2018-02-28 10:35:45.687000,1.22293,1.22289,1760000,2440000
2018-02-28 10:35:46.200000,1.22293,1.22288,2510000,4950000
2018-02-28 10:35:46.944000,1.22293,1.22289,1070000,1470000
2018-02-28 10:35:48.771000,1.22294,1.22289,4760000,3820000
2018-02-28 10:35:49.308000,1.22295,1.2229,10200000,1120000
2018-02-28 10:35:49.774000,1.22296,1.2229,2140000,5320000
2018-02-28 10:35:50.473000,1.22296,1.2229,1760000,7950000
2018-02-28 10:35:51.149000,1.22295,1.22291,1000000,2320000
2018-02-28 10:35:52.057000,1.22296,1.2229,1760000,10200000
2018-02-28 10:35:52.992000,1.22292,1.2229,1500000,3820000
2018-02-28 10:35:53.149000,1.22285,1.22283,1570000,1000000
2018-02-28 10:35:53.375000,1.22288,1.22285,2440000,1000000
2018-02-28 10:35:53.687000,1.22291,1.22287,1390000,5700000
2018-02-28 10:35:54.483000,1.22292,1.22287,2700000,3300000
2018-02-28 10:35:55.074000,1.22292,1.22288,6640000,1000000
2018-02-28 10:35:55.623000,1.22292,1.22287,1390000,4800000
2018-02-28 10:35:55.882000,1.22293,1.22288,5620000,5140000
2018-02-28 10:35:56.108000,1.22294,1.22289,2610000,1760000
2018-02-28 10:35:58.417000,1.22294,1.2229,5140000,1000000
2018-02-28 10:35:58.570000,1.22295,1.22292,1120000,1000000
2018-02-28 10:35:58.905000,1.22292,1.22287,1390000,4760000
2018-02-28 10:36:00.376000,1.22292,1.22288,1100000,3370000
2018-02-28 10:36:00.940000,1.22292,1.22288,1200000,1950000
2018-02-28 10:36:02.154000,1.22293,1.22288,3190000,7800000
2018-02-28 10:36:02.692000,1.22293,1.22287,4950000,7610000
2018-02-28 10:36:03.169000,1.22293,1.22288,1200000,5250000
2018-02-28 10:36:04.867000,1.22294,1.22289,3070000,3670000
2018-02-28 10:36:05.620000,1.22294,1.2229,5510000,1000000
2018-02-28 10:36:06.257000,1.22294,1.22289,3640000,2550000
2018-02-28 10:36:06.765000,1.22292,1.22288,1250000,4240000
2018-02-28 10:36:08.973000,1.22292,1.22288,4760000,1500000
2018-02-28 10:36:09.278000,1.22293,1.22288,4760000,3640000
2018-02-28 10:36:10.356000,1.22292,1.22289,1100000,1100000
2018-02-28 10:36:10.461000,1.22292,1.22287,3070000,2320000
2018-02-28 10:36:11.224000,1.22291,1.22288,1120000,1100000
2018-02-28 10:36:12.739000,1.22291,1.22287,8250000,2890000
2018-02-28 10:36:12.844000,1.22292,1.22289,4390000,1000000
2018-02-28 10:36:13.444000,1.22292,1.22291,3820000,1000000
2018-02-28 10:36:13.499000,1.22293,1.22291,1250000,2620000
2018-02-28 10:36:14.059000,1.22294,1.22291,1310000,1000000
2018-02-28 10:36:14.290000,1.22295,1.22293,1000000,1000000
2018-02-28 10:36:14.815000,1.22297,1.22293,4200000,1100000
2018-02-28 10:36:18.670000,1.22293,1.22292,1000000,1000000
2018-02-28 10:36:18.724000,1.22294,1.2229,1870000,2700000
2018-02-28 10:36:18.829000,1.22295,1.22291,1200000,1120000
2018-02-28 10:36:19.352000,1.22296,1.22292,1690000,2320000
2018-02-28 10:36:19.853000,1.22296,1.22293,2250000,1000000
2018-02-28 10:36:20.164000,1.22294,1.22291,1000000,4570000
2018-02-28 10:36:20.723000,1.22295,1.22291,1250000,3640000
2018-02-28 10:36:21.180000,1.22295,1.22294,1000000,1200000
2018-02-28 10:36:21.853000,1.22295,1.22293,1000000,1570000
2018-02-28 10:36:23.019000,1.22295,1.22293,1000000,2320000
2018-02-28 10:36:23.596000,1.22295,1.22293,1000000,1570000
2018-02-28 10:36:24.257000,1.22295,1.22293,1000000,1570000
2018-02-28 10:36:24.669000,1.22294,1.22292,1250000,2320000
2018-02-28 10:36:25.301000,1.22293,1.22292,1310000,1570000
2018-02-28 10:36:25.509000,1.22295,1.22292,1000000,4570000
2018-02-28 10:36:25.717000,1.22297,1.22293,7880000,1570000
2018-02-28 10:36:25.822000,1.22295,1.22293,1120000,1100000
2018-02-28 10:36:26.847000,1.22295,1.22293,1000000,1570000
2018-02-28 10:36:27.297000,1.22294,1.22291,5250000,3820000
2018-02-28 10:36:27.400000,1.22293,1.2229,7390000,1200000
2018-02-28 10:36:28.092000,1.22292,1.22289,5250000,1200000
2018-02-28 10:36:28.612000,1.22292,1.22289,4120000,1450000
2018-02-28 10:36:29.477000,1.22292,1.2229,1500000,1500000
2018-02-28 10:36:29.529000,1.22297,1.22295,3370000,2700000
2018-02-28 10:36:29.685000,1.22294,1.2229,4870000,2320000
2018-02-28 10:36:30.226000,1.22293,1.2229,4310000,1570000
2018-02-28 10:36:30.889000,1.22293,1.2229,10690000,1100000
2018-02-28 10:36:31.827000,1.22292,1.22289,2440000,2320000
2018-02-28 10:36:31.935000,1.22292,1.22291,2250000,1200000
2018-02-28 10:36:32.043000,1.22294,1.22292,1000000,1570000
2018-02-28 10:36:32.149000,1.22296,1.22293,3000000,1950000
2018-02-28 10:36:32.803000,1.22297,1.22294,2440000,1200000
2018-02-28 10:36:33.426000,1.22296,1.22294,1000000,1950000
2018-02-28 10:36:33.971000,1.22297,1.22294,1190000,1950000
2018-02-28 10:36:34.509000,1.22297,1.22294,1250000,1950000
2018-02-28 10:36:35.549000,1.22297,1.22294,1690000,1100000
2018-02-28 10:36:36.078000,1.22297,1.22294,6190000,1100000
2018-02-28 10:36:37.199000,1.22297,1.22294,6560000,1570000
2018-02-28 10:36:40.426000,1.22298,1.22295,3450000,1200000
2018-02-28 10:36:40.907000,1.22299,1.22297,1500000,1000000
2018-02-28 10:36:41.493000,1.22299,1.22297,1000000,1000000
2018-02-28 10:36:41.960000,1.22298,1.22295,3000000,1200000
2018-02-28 10:36:45.465000,1.22298,1.22295,10310000,1000000
2018-02-28 10:36:46.043000,1.22297,1.22295,1000000,1000000
2018-02-28 10:36:46.588000,1.22298,1.22295,2440000,2320000
2018-02-28 10:36:47.401000,1.22297,1.22295,1000000,3820000
2018-02-28 10:36:48.133000,1.22298,1.22295,3000000,3820000
2018-02-28 10:36:48.698000,1.22297,1.22295,1200000,1870000
2018-02-28 10:36:48.907000,1.22296,1.22293,1950000,3070000
2018-02-28 10:36:49.900000,1.22295,1.22292,1500000,7160000
2018-02-28 10:36:50.007000,1.22293,1.22292,1200000,1000000
2018-02-28 10:36:52.515000,1.22293,1.2229,1100000,3000000
2018-02-28 10:36:55.793000,1.22293,1.2229,1100000,2250000
2018-02-28 10:37:00.132000,1.22292,1.22291,1200000,1120000
2018-02-28 10:37:00.185000,1.22291,1.22289,1000000,5170000
2018-02-28 10:37:02.051000,1.22292,1.22289,4200000,1870000
2018-02-28 10:37:02.844000,1.22291,1.22288,1120000,4200000
2018-02-28 10:37:03.337000,1.2229,1.22286,5490000,2320000
2018-02-28 10:37:03.849000,1.22289,1.22286,2440000,1500000
2018-02-28 10:37:04.423000,1.22289,1.22286,2440000,1500000
2018-02-28 10:37:06.363000,1.22288,1.22285,1870000,1950000
2018-02-28 10:37:06.521000,1.22284,1.22283,1000000,1120000
2018-02-28 10:37:06.705000,1.22286,1.22281,3450000,2700000
2018-02-28 10:37:07.216000,1.22286,1.22282,2700000,1000000
2018-02-28 10:37:08.324000,1.22286,1.22281,2700000,1480000
2018-02-28 10:37:08.842000,1.22285,1.22282,2320000,1000000
2018-02-28 10:37:10.851000,1.22286,1.22282,5700000,1120000
2018-02-28 10:37:11.705000,1.22283,1.22282,1120000,2250000
2018-02-28 10:37:11.998000,1.22286,1.22283,1950000,1000000
2018-02-28 10:37:12.513000,1.22287,1.22283,3640000,3370000
2018-02-28 10:37:13.051000,1.22286,1.22284,1450000,3000000
2018-02-28 10:37:13.103000,1.22287,1.22284,1200000,1000000
2018-02-28 10:37:13.365000,1.22288,1.22286,2320000,1000000
2018-02-28 10:37:13.418000,1.22289,1.22286,1200000,1000000
2018-02-28 10:37:13.679000,1.22287,1.22284,4870000,3450000
2018-02-28 10:37:14.231000,1.22285,1.22283,1200000,1120000
2018-02-28 10:37:15.316000,1.22285,1.22282,1200000,5510000
2018-02-28 10:37:15.882000,1.22287,1.22283,3260000,4120000
2018-02-28 10:37:17.139000,1.22287,1.22283,3260000,1370000
2018-02-28 10:37:17.760000,1.22285,1.22283,1200000,1000000
2018-02-28 10:37:17.811000,1.22285,1.22282,1950000,1870000
2018-02-28 10:37:18.329000,1.22285,1.22282,1950000,1000000
2018-02-28 10:37:18.535000,1.22283,1.2228,1000000,12000000
2018-02-28 10:37:18.692000,1.22283,1.22278,4200000,7910000
2018-02-28 10:37:20.041000,1.2228,1.22278,1500000,1500000
2018-02-28 10:37:20.583000,1.22281,1.22277,3070000,6750000
2018-02-28 10:37:21.609000,1.22281,1.22277,4570000,3820000
2018-02-28 10:37:22.599000,1.22281,1.22277,1950000,2250000
2018-02-28 10:37:23.850000,1.2228,1.22276,3000000,1570000
2018-02-28 10:37:24.519000,1.22282,1.22278,7390000,1870000
2018-02-28 10:37:25.079000,1.22281,1.22278,1200000,1950000
2018-02-28 10:37:25.914000,1.22279,1.22275,8250000,13950000
2018-02-28 10:37:26.431000,1.2228,1.22276,1000000,2890000
2018-02-28 10:37:26.773000,1.22281,1.22277,1500000,10200000
2018-02-28 10:37:27.311000,1.22282,1.22278,1500000,6070000
2018-02-28 10:37:27.828000,1.22282,1.2228,1120000,6070000
2018-02-28 10:37:28.164000,1.22284,1.2228,1500000,1950000
2018-02-28 10:37:28.941000,1.22285,1.22281,4010000,2890000
2018-02-28 10:37:29.490000,1.22285,1.22281,1120000,2320000
2018-02-28 10:37:30.008000,1.22284,1.22281,1000000,2140000
2018-02-28 10:37:34.480000,1.22284,1.2228,1000000,6300000
2018-02-28 10:37:35.043000,1.22283,1.2228,1250000,1570000
2018-02-28 10:37:35.565000,1.22283,1.22279,2890000,2250000
2018-02-28 10:37:36.233000,1.22282,1.22279,1000000,4420000
2018-02-28 10:37:36.651000,1.2228,1.22276,1500000,9070000
2018-02-28 10:37:37.558000,1.22279,1.22276,1000000,6450000
2018-02-28 10:37:37.907000,1.22276,1.22274,1000000,1570000
2018-02-28 10:37:37.960000,1.22276,1.22274,1000000,1000000
2018-02-28 10:37:38.490000,1.22277,1.22274,6370000,1120000
2018-02-28 10:37:39.113000,1.22277,1.22274,8510000,1120000
2018-02-28 10:37:39.268000,1.22276,1.22272,3000000,6070000
2018-02-28 10:37:39.807000,1.22275,1.22272,1000000,3000000
2018-02-28 10:37:40.308000,1.22276,1.22272,1250000,1200000
2018-02-28 10:37:41.031000,1.22276,1.22272,1690000,1200000
2018-02-28 10:37:41.967000,1.22276,1.22272,3640000,3070000
2018-02-28 10:37:43.057000,1.22276,1.22274,1390000,1000000
2018-02-28 10:37:43.649000,1.22276,1.22273,1390000,1100000
2018-02-28 10:37:44.199000,1.22276,1.22274,1390000,1000000
2018-02-28 10:37:44.352000,1.22275,1.22272,1120000,1870000
2018-02-28 10:37:55.949000,1.22276,1.22273,1950000,6000000
2018-02-28 10:37:56.001000,1.22278,1.22274,4010000,2510000
2018-02-28 10:37:56.548000,1.22278,1.22274,2140000,2510000
2018-02-28 10:37:57.208000,1.22278,1.22274,3260000,5060000
2018-02-28 10:37:57.381000,1.22278,1.22276,2440000,1000000
2018-02-28 10:37:57.921000,1.22278,1.22275,1310000,1000000
2018-02-28 10:37:59.239000,1.22278,1.22276,1310000,1000000
2018-02-28 10:37:59.898000,1.22278,1.22275,1310000,1000000
2018-02-28 10:38:00.478000,1.22278,1.22276,1310000,1000000
2018-02-28 10:38:01.019000,1.22278,1.22275,1310000,1000000
2018-02-28 10:38:01.688000,1.22278,1.22276,1310000,1000000
2018-02-28 10:38:02.012000,1.22277,1.22274,1500000,1000000
2018-02-28 10:38:02.522000,1.22277,1.22273,5140000,3490000
2018-02-28 10:38:03.043000,1.22275,1.22271,1390000,6450000
2018-02-28 10:38:03.608000,1.22275,1.22272,8890000,1000000
2018-02-28 10:38:04.124000,1.22275,1.22273,1010000,1000000
2018-02-28 10:38:04.649000,1.22275,1.22272,1010000,2890000
2018-02-28 10:38:05.581000,1.22276,1.22273,4950000,1000000
2018-02-28 10:38:06.100000,1.22276,1.22272,4200000,1870000
2018-02-28 10:38:07.990000,1.22276,1.22272,4570000,2320000
2018-02-28 10:38:09.031000,1.22276,1.22273,3820000,1000000
2018-02-28 10:38:09.533000,1.22276,1.22273,2140000,1570000
2018-02-28 10:38:13.835000,1.22276,1.22272,4010000,2060000
2018-02-28 10:38:14.376000,1.22274,1.22271,1200000,4200000
2018-02-28 10:38:17.199000,1.22275,1.22271,1570000,7310000
2018-02-28 10:38:21.965000,1.22275,1.22271,1570000,5440000
2018-02-28 10:38:23.732000,1.22272,1.22271,3370000,1100000
2018-02-28 10:38:23.939000,1.2227,1.22267,1250000,1500000
2018-02-28 10:38:24.896000,1.22271,1.22268,7950000,1000000
2018-02-28 10:38:25.789000,1.22271,1.22267,4950000,1120000
2018-02-28 10:38:26.549000,1.22271,1.22268,4950000,1000000
2018-02-28 10:38:27.446000,1.22271,1.22267,5700000,1870000
2018-02-28 10:38:33.257000,1.22269,1.22266,1000000,1470000
2018-02-28 10:38:33.798000,1.2227,1.22266,2320000,2320000
2018-02-28 10:38:35.188000,1.2227,1.22266,3370000,2700000
2018-02-28 10:38:36.753000,1.2227,1.22267,1500000,1000000
2018-02-28 10:38:37.216000,1.22272,1.2227,1100000,1500000
2018-02-28 10:38:37.322000,1.22274,1.22271,2250000,3190000
2018-02-28 10:38:37.952000,1.22274,1.22271,1690000,1500000
2018-02-28 10:38:38.707000,1.22274,1.2227,2440000,3820000
2018-02-28 10:38:39.240000,1.22273,1.22271,1310000,1760000
2018-02-28 10:38:39.344000,1.22275,1.22271,2060000,1290000
2018-02-28 10:38:39.925000,1.22275,1.22271,1310000,1100000
2018-02-28 10:38:40.374000,1.22275,1.22271,1310000,2890000
2018-02-28 10:38:40.899000,1.22277,1.22274,7390000,1120000
2018-02-28 10:38:41.450000,1.22277,1.22274,2620000,1120000
2018-02-28 10:38:42.263000,1.22277,1.22276,1120000,1690000
2018-02-28 10:38:42.365000,1.2228,1.22277,5320000,1100000
2018-02-28 10:38:42.899000,1.22279,1.22277,1100000,1000000
2018-02-28 10:38:44.238000,1.2228,1.22278,2060000,6190000
2018-02-28 10:38:44.343000,1.22283,1.22279,1000000,11510000
2018-02-28 10:38:44.396000,1.22283,1.22281,1000000,1000000
2018-02-28 10:38:44.604000,1.22282,1.22279,1250000,2700000
2018-02-28 10:38:45.148000,1.22281,1.22278,1000000,4200000
2018-02-28 10:38:45.679000,1.22282,1.22279,1690000,2510000
2018-02-28 10:38:47.496000,1.22281,1.22279,1000000,2700000
2018-02-28 10:38:47.754000,1.22283,1.22281,1120000,2060000
2018-02-28 10:38:48.284000,1.22285,1.22282,1000000,1000000
2018-02-28 10:38:49.035000,1.22285,1.22283,2060000,1000000
2018-02-28 10:38:49.536000,1.22285,1.22282,1310000,1310000
2018-02-28 10:38:50.531000,1.22285,1.22283,1120000,1000000
2018-02-28 10:38:51.109000,1.22286,1.22282,7010000,1120000
2018-02-28 10:38:51.804000,1.22286,1.22283,8510000,1000000
2018-02-28 10:38:52.307000,1.22286,1.22282,7010000,1120000
2018-02-28 10:38:53.146000,1.22286,1.22283,10200000,1000000
2018-02-28 10:38:54.917000,1.22285,1.22282,1120000,1120000
2018-02-28 10:38:55.792000,1.22286,1.22283,7760000,1000000
2018-02-28 10:38:56.310000,1.22286,1.22282,9450000,1870000
2018-02-28 10:38:57.251000,1.22286,1.22283,7010000,1000000
2018-02-28 10:38:58.853000,1.22286,1.22282,5510000,1500000
2018-02-28 10:38:59.466000,1.22285,1.22283,1120000,1000000
2018-02-28 10:39:00.020000,1.22285,1.22282,1120000,1190000
2018-02-28 10:39:00.333000,1.22286,1.22284,1100000,1500000
2018-02-28 10:39:00.490000,1.22289,1.22286,1010000,1200000
2018-02-28 10:39:01.031000,1.22289,1.22284,4390000,6210000
2018-02-28 10:39:01.627000,1.22289,1.22285,5320000,1570000
2018-02-28 10:39:01.733000,1.22288,1.22284,2510000,1100000
2018-02-28 10:39:02.280000,1.22287,1.22283,2620000,2510000
2018-02-28 10:39:03.144000,1.22287,1.22284,3370000,1000000
2018-02-28 10:39:03.556000,1.22287,1.22282,4010000,3640000
2018-02-28 10:39:04.078000,1.22287,1.22282,3450000,4200000
2018-02-28 10:39:04.518000,1.22284,1.22281,1690000,1500000
2018-02-28 10:39:04.825000,1.22282,1.2228,1120000,1570000
2018-02-28 10:39:05.028000,1.22282,1.22278,2440000,3450000
2018-02-28 10:39:07.109000,1.22283,1.22277,6260000,11700000
2018-02-28 10:39:07.639000,1.22283,1.22279,5700000,1500000
2018-02-28 10:39:08.223000,1.22283,1.22278,4950000,4010000
2018-02-28 10:39:08.327000,1.22283,1.2228,1950000,1690000
2018-02-28 10:39:08.432000,1.22284,1.22281,1000000,1000000
2018-02-28 10:39:09.030000,1.22285,1.22281,3070000,1120000
2018-02-28 10:39:09.300000,1.22282,1.22279,4500000,2740000
2018-02-28 10:39:09.487000,1.22282,1.22278,1120000,2320000
2018-02-28 10:39:10.039000,1.22281,1.22278,1000000,4950000
2018-02-28 10:39:11.331000,1.22281,1.22278,1000000,3450000
2018-02-28 10:39:11.938000,1.22282,1.22277,4570000,7010000
2018-02-28 10:39:12.440000,1.22282,1.22278,13390000,1070000
2018-02-28 10:39:13.682000,1.22281,1.22277,1310000,2140000
2018-02-28 10:39:15.503000,1.22282,1.22277,3750000,2510000
2018-02-28 10:39:16.144000,1.22281,1.22278,1310000,1950000
2018-02-28 10:39:17.164000,1.2228,1.22277,4310000,3450000
2018-02-28 10:39:17.271000,1.22277,1.22275,1690000,6260000
2018-02-28 10:39:17.459000,1.22277,1.22273,8440000,1100000
2018-02-28 10:39:18.019000,1.22276,1.22274,5250000,1000000
2018-02-28 10:39:18.548000,1.22276,1.22273,4500000,1010000
2018-02-28 10:39:19.354000,1.22276,1.22273,4500000,1950000
2018-02-28 10:39:20.410000,1.22276,1.22273,4500000,2620000
2018-02-28 10:39:21.587000,1.22276,1.22273,2440000,1000000
2018-02-28 10:39:21.691000,1.22272,1.22271,1000000,2320000
2018-02-28 10:39:21.796000,1.22271,1.2227,1000000,1000000
2018-02-28 10:39:21.900000,1.22274,1.22269,4950000,6000000
2018-02-28 10:39:21.951000,1.22274,1.22269,4570000,2890000
2018-02-28 10:39:22.156000,1.22274,1.2227,5700000,1690000
2018-02-28 10:39:22.546000,1.22274,1.22269,3820000,3640000
2018-02-28 10:39:22.701000,1.22271,1.22268,1000000,2700000
2018-02-28 10:39:23.213000,1.2227,1.22267,2320000,1010000
2018-02-28 10:39:23.769000,1.2227,1.22268,1100000,1000000
2018-02-28 10:39:24.105000,1.22264,1.22261,1000000,5740000
2018-02-28 10:39:26.476000,1.22265,1.22261,2250000,1760000
2018-02-28 10:39:28.468000,1.22264,1.22262,1120000,1000000
2018-02-28 10:39:28.983000,1.22264,1.2226,1120000,10610000
2018-02-28 10:39:33.282000,1.22265,1.22263,1000000,1690000
2018-02-28 10:39:33.492000,1.22271,1.22267,1950000,4800000
2018-02-28 10:39:33.740000,1.22268,1.22265,1120000,6820000
2018-02-28 10:39:34.312000,1.22269,1.22265,3640000,1100000
2018-02-28 10:39:34.924000,1.22269,1.22265,3640000,1100000
2018-02-28 10:39:35.841000,1.22269,1.22265,1120000,1200000
2018-02-28 10:39:36.159000,1.22269,1.22266,1500000,1570000
2018-02-28 10:39:37.192000,1.2227,1.22266,5140000,1120000
2018-02-28 10:39:37.740000,1.22271,1.22266,7310000,1200000
2018-02-28 10:39:38.293000,1.22271,1.22267,3000000,2250000
2018-02-28 10:39:38.605000,1.22275,1.2227,4390000,7950000
2018-02-28 10:39:39.747000,1.22274,1.2227,1760000,4760000
2018-02-28 10:39:41.301000,1.22275,1.2227,9820000,3070000
2018-02-28 10:39:41.613000,1.22273,1.22269,1870000,5170000
2018-02-28 10:39:41.768000,1.22274,1.2227,2810000,5700000
2018-02-28 10:39:44.170000,1.22273,1.2227,2060000,1200000
2018-02-28 10:39:44.333000,1.22272,1.22268,1010000,4950000
2018-02-28 10:39:44.882000,1.22272,1.22268,1870000,1100000
2018-02-28 10:39:45.087000,1.22269,1.22267,1000000,1950000
2018-02-28 10:39:45.629000,1.2227,1.22267,4120000,1950000
2018-02-28 10:39:46.571000,1.22269,1.22266,1000000,3450000
2018-02-28 10:39:47.129000,1.2227,1.22266,3070000,3450000
2018-02-28 10:39:50.079000,1.22271,1.22267,4500000,1000000
2018-02-28 10:39:50.986000,1.2227,1.22267,1000000,1120000
2018-02-28 10:39:51.540000,1.2227,1.22267,1250000,3070000
2018-02-28 10:39:52.316000,1.22271,1.22267,2060000,1200000
2018-02-28 10:39:53.734000,1.22271,1.22267,1120000,1200000
2018-02-28 10:39:54.320000,1.22272,1.22268,6640000,1500000
2018-02-28 10:39:58.161000,1.22271,1.22267,1390000,1120000
2018-02-28 10:39:58.423000,1.22266,1.22262,1120000,2320000
2018-02-28 10:39:58.938000,1.22265,1.22262,1500000,2320000
2018-02-28 10:39:59.567000,1.22266,1.22262,2620000,1570000
2018-02-28 10:40:00.071000,1.22265,1.22263,4500000,1000000
2018-02-28 10:40:00.433000,1.22264,1.22261,5440000,1100000
2018-02-28 10:40:00.710000,1.22261,1.22258,1000000,1000000
2018-02-28 10:40:01.222000,1.22262,1.22259,1010000,1870000
2018-02-28 10:40:01.276000,1.22263,1.22261,2700000,1000000
2018-02-28 10:40:01.628000,1.22259,1.22255,4390000,7950000
2018-02-28 10:40:02.138000,1.22258,1.22255,1000000,5250000
2018-02-28 10:40:03.195000,1.22256,1.22254,4690000,2320000
2018-02-28 10:40:03.301000,1.22256,1.22252,7200000,1500000
2018-02-28 10:40:03.808000,1.22255,1.22251,1000000,4390000
2018-02-28 10:40:03.860000,1.22255,1.22253,1000000,1000000
2018-02-28 10:40:04.165000,1.22255,1.22251,1120000,8920000
2018-02-28 10:40:04.217000,1.22257,1.22254,1200000,1690000
2018-02-28 10:40:04.321000,1.22259,1.22255,1760000,3750000
2018-02-28 10:40:04.829000,1.22258,1.22256,1000000,1000000
2018-02-28 10:40:04.982000,1.2226,1.22256,1950000,1500000
2018-02-28 10:40:05.136000,1.22262,1.2226,4950000,1000000
2018-02-28 10:40:05.292000,1.22265,1.2226,2210000,5510000
2018-02-28 10:40:05.827000,1.22263,1.2226,1690000,1000000
2018-02-28 10:40:06.136000,1.22264,1.22263,1000000,1870000
2018-02-28 10:40:06.240000,1.2227,1.22265,2990000,5320000
2018-02-28 10:40:06.752000,1.2227,1.22266,1420000,1420000
2018-02-28 10:40:06.868000,1.22271,1.22268,3370000,1000000
2018-02-28 10:40:07.389000,1.22271,1.22267,1010000,1950000
2018-02-28 10:40:09.822000,1.2227,1.22266,1000000,8510000
2018-02-28 10:40:10.343000,1.22271,1.22266,2140000,4010000
2018-02-28 10:40:10.671000,1.22267,1.22265,1310000,1250000
2018-02-28 10:40:10.843000,1.22268,1.22263,3820000,1200000
2018-02-28 10:40:12.240000,1.22266,1.22263,1000000,1100000
2018-02-28 10:40:13.125000,1.22266,1.22262,1000000,12830000
2018-02-28 10:40:13.416000,1.22266,1.22262,1000000,3450000
2018-02-28 10:40:14.157000,1.22266,1.22262,1100000,2320000
2018-02-28 10:40:14.662000,1.22266,1.22262,2510000,1120000
2018-02-28 10:40:14.870000,1.22263,1.2226,1760000,1000000
2018-02-28 10:40:14.975000,1.22262,1.22258,2140000,1870000
2018-02-28 10:40:15.183000,1.22259,1.22256,1100000,4200000
2018-02-28 10:40:16.909000,1.2226,1.22256,3640000,4880000
2018-02-28 10:40:18.806000,1.2226,1.22256,1950000,4610000
2018-02-28 10:40:19.433000,1.2226,1.22257,1950000,1500000
2018-02-28 10:40:19.951000,1.22261,1.22257,4390000,2620000
2018-02-28 10:40:20.590000,1.22261,1.22256,2510000,3920000
2018-02-28 10:40:20.901000,1.22262,1.22259,2510000,2620000
2018-02-28 10:40:21.418000,1.22262,1.2226,1200000,2250000
2018-02-28 10:40:21.585000,1.22262,1.22258,4010000,3750000
2018-02-28 10:40:22.049000,1.2226,1.22258,1070000,2620000
2018-02-28 10:40:22.574000,1.2226,1.22258,1200000,2250000
2018-02-28 10:40:22.723000,1.22259,1.22256,1760000,2810000
2018-02-28 10:40:24.273000,1.22259,1.22256,1760000,2620000
2018-02-28 10:40:24.826000,1.22259,1.22257,1760000,1000000
2018-02-28 10:40:28.316000,1.22261,1.22259,1570000,4500000
2018-02-28 10:40:28.422000,1.22263,1.22259,7950000,4870000
2018-02-28 10:40:28.972000,1.22262,1.22258,1070000,4720000
2018-02-28 10:40:29.488000,1.22262,1.22259,1100000,1500000
2018-02-28 10:40:30.474000,1.22259,1.22257,1620000,3000000
2018-02-28 10:40:30.527000,1.22258,1.22256,4310000,1200000
2018-02-28 10:40:30.685000,1.22257,1.22254,3260000,1000000
2018-02-28 10:40:31.222000,1.22257,1.22253,1200000,3600000
2018-02-28 10:40:32.087000,1.22257,1.22253,1070000,3220000
2018-02-28 10:40:32.612000,1.22258,1.22254,5700000,1000000
2018-02-28 10:40:33.130000,1.22257,1.22254,3450000,1000000
2018-02-28 10:40:33.648000,1.22256,1.22253,2320000,1120000
2018-02-28 10:40:33.960000,1.22257,1.22255,1570000,1000000
2018-02-28 10:40:34.014000,1.22258,1.22255,1950000,1500000
2018-02-28 10:40:34.519000,1.22257,1.22255,1070000,1000000
2018-02-28 10:40:34.572000,1.22259,1.22255,3070000,1500000
2018-02-28 10:40:34.984000,1.22258,1.22255,2510000,1120000
2018-02-28 10:40:35.505000,1.22258,1.22254,1700000,4350000
2018-02-28 10:40:36.014000,1.22258,1.22255,1200000,3750000
2018-02-28 10:40:36.372000,1.22257,1.22253,1200000,3220000
2018-02-28 10:40:36.920000,1.22257,1.22254,1570000,1000000
2018-02-28 10:40:37.403000,1.22257,1.22254,1100000,1000000
2018-02-28 10:40:37.608000,1.22259,1.22256,1200000,1000000
2018-02-28 10:40:37.717000,1.2226,1.22257,1100000,1000000
2018-02-28 10:40:37.822000,1.22261,1.2226,1200000,1000000
2018-02-28 10:40:38.031000,1.22263,1.22261,1390000,1000000
2018-02-28 10:40:38.557000,1.22263,1.2226,1010000,1200000
2018-02-28 10:40:39.331000,1.22264,1.2226,2510000,6750000
2018-02-28 10:40:39.961000,1.22263,1.2226,1760000,1000000
2018-02-28 10:40:40.064000,1.22263,1.22258,8320000,1570000
2018-02-28 10:40:40.707000,1.22261,1.22257,3070000,1000000
2018-02-28 10:40:41.390000,1.22261,1.22256,4950000,4540000
2018-02-28 10:40:42.029000,1.2226,1.22256,2510000,1000000
2018-02-28 10:40:42.543000,1.2226,1.22257,4200000,1000000
2018-02-28 10:40:42.963000,1.22256,1.22254,2250000,2170000
2018-02-28 10:40:43.068000,1.22256,1.22252,3640000,7500000
2018-02-28 10:40:43.275000,1.22257,1.22255,1200000,2250000
2018-02-28 10:40:43.380000,1.2226,1.22256,5140000,3370000
2018-02-28 10:40:43.938000,1.2226,1.22256,2510000,3750000
2018-02-28 10:40:44.463000,1.2226,1.22256,1470000,3190000
2018-02-28 10:40:45.189000,1.2226,1.22257,1010000,1500000
2018-02-28 10:40:45.953000,1.2226,1.22256,1010000,3190000
2018-02-28 10:40:47.228000,1.2226,1.22257,2320000,1500000
2018-02-28 10:40:47.776000,1.22259,1.22256,1120000,1500000
2018-02-28 10:40:49.755000,1.2226,1.22257,2510000,1000000
2018-02-28 10:40:50.294000,1.2226,1.22256,2510000,2060000
2018-02-28 10:40:51.386000,1.2226,1.22256,4390000,1000000
2018-02-28 10:40:51.593000,1.22258,1.22255,1690000,1000000
2018-02-28 10:40:52.345000,1.22258,1.22255,1500000,1870000
2018-02-28 10:40:53.558000,1.22259,1.22254,8320000,1570000
2018-02-28 10:40:54.259000,1.22259,1.22254,8320000,1100000
2018-02-28 10:40:57.090000,1.22258,1.22255,2890000,1000000
2018-02-28 10:40:57.321000,1.22259,1.22254,5000000,3070000
2018-02-28 10:40:57.583000,1.22259,1.22257,3260000,1000000
2018-02-28 10:40:58.200000,1.22259,1.22256,2700000,1000000
2018-02-28 10:40:58.902000,1.22258,1.22257,1000000,1000000
2018-02-28 10:40:59.416000,1.22259,1.22257,2060000,1000000
2018-02-28 10:40:59.944000,1.22259,1.22256,1500000,1120000
2018-02-28 10:41:00.836000,1.22258,1.22255,1250000,6370000
2018-02-28 10:41:01.249000,1.22259,1.22257,2510000,1000000
2018-02-28 10:41:01.302000,1.2226,1.22257,1000000,1120000
2018-02-28 10:41:01.837000,1.22261,1.22258,3450000,1000000
2018-02-28 10:41:02.377000,1.22261,1.22257,4200000,2250000
2018-02-28 10:41:03.291000,1.22261,1.22256,2140000,6670000
2018-02-28 10:41:03.986000,1.22261,1.22256,2510000,4420000
2018-02-28 10:41:04.649000,1.2226,1.22256,1000000,5920000
2018-02-28 10:41:05.235000,1.2226,1.22257,1310000,1500000
2018-02-28 10:41:05.757000,1.22261,1.22258,4390000,1000000
2018-02-28 10:41:05.861000,1.22263,1.22261,1450000,1000000
2018-02-28 10:41:05.914000,1.22264,1.22262,1200000,1000000
2018-02-28 10:41:06.459000,1.22266,1.22262,4200000,2250000
2018-02-28 10:41:07.664000,1.22265,1.22261,5140000,2810000
2018-02-28 10:41:07.871000,1.22262,1.22259,1100000,1120000
2018-02-28 10:41:08.254000,1.22262,1.22261,1250000,1000000
2018-02-28 10:41:08.827000,1.22262,1.2226,1000000,2700000
2018-02-28 10:41:10.042000,1.22262,1.22261,1250000,1000000
2018-02-28 10:41:10.583000,1.22262,1.2226,1250000,2620000
2018-02-28 10:41:11.717000,1.22262,1.22261,1250000,2250000
2018-02-28 10:41:12.700000,1.22262,1.2226,1250000,7120000
2018-02-28 10:41:13.235000,1.22262,1.22261,1310000,1000000
2018-02-28 10:41:13.950000,1.22262,1.2226,1250000,6370000
2018-02-28 10:41:15.104000,1.22262,1.2226,1000000,8620000
2018-02-28 10:41:17.003000,1.22262,1.22261,1250000,1000000
2018-02-28 10:41:17.057000,1.22264,1.22263,1760000,1000000
2018-02-28 10:41:17.164000,1.22266,1.22265,1100000,1500000
2018-02-28 10:41:17.434000,1.22268,1.22264,1390000,5700000
2018-02-28 10:41:17.587000,1.22267,1.22264,1500000,4050000
2018-02-28 10:41:17.745000,1.22265,1.22263,2250000,1000000
2018-02-28 10:41:18.597000,1.22265,1.22264,1250000,1000000
2018-02-28 10:41:19.241000,1.22265,1.22263,1250000,2620000
2018-02-28 10:41:19.679000,1.22267,1.22266,1250000,1000000
2018-02-28 10:41:19.834000,1.22268,1.22264,1310000,1570000
2018-02-28 10:41:20.439000,1.22267,1.22264,1000000,1500000
2018-02-28 10:41:20.970000,1.22267,1.22265,1000000,1000000
2018-02-28 10:41:21.578000,1.22268,1.22265,1570000,1000000
2018-02-28 10:41:22.084000,1.22268,1.22264,1570000,1870000
2018-02-28 10:41:22.585000,1.22268,1.22265,1570000,1000000
2018-02-28 10:41:23.227000,1.22268,1.22264,1570000,1870000
2018-02-28 10:41:23.491000,1.22265,1.22264,1250000,1120000
2018-02-28 10:41:24.006000,1.22266,1.22264,2250000,1000000
2018-02-28 10:41:24.542000,1.22265,1.22264,2620000,1000000
2018-02-28 10:41:24.752000,1.22264,1.22262,1690000,1950000
2018-02-28 10:41:24.805000,1.22262,1.22261,1250000,1000000
2018-02-28 10:41:24.859000,1.22262,1.22259,6640000,1120000
2018-02-28 10:41:25.376000,1.22261,1.22258,5810000,1870000
2018-02-28 10:41:25.582000,1.22259,1.22256,1500000,2700000
2018-02-28 10:41:25.790000,1.22259,1.22258,1000000,1000000
2018-02-28 10:41:26.146000,1.2228,1.22278,6940000,1450000
2018-02-28 10:41:26.406000,1.22285,1.22281,1690000,4570000
2018-02-28 10:41:26.614000,1.22286,1.22283,1000000,4950000
2018-02-28 10:41:27.163000,1.22286,1.22284,1250000,1100000
2018-02-28 10:41:27.727000,1.22286,1.22283,1190000,7200000
2018-02-28 10:41:28.196000,1.22283,1.2228,2140000,1100000
2018-02-28 10:41:28.248000,1.22281,1.22279,1000000,3070000
2018-02-28 10:41:28.299000,1.22283,1.22279,5060000,3450000
2018-02-28 10:41:28.351000,1.22283,1.2228,4390000,1100000
2018-02-28 10:41:28.762000,1.22281,1.22279,1250000,1100000
2018-02-28 10:41:29.294000,1.22281,1.22278,1690000,1570000
2018-02-28 10:41:29.904000,1.22281,1.22278,1690000,1070000
2018-02-28 10:41:30.532000,1.2228,1.22278,1000000,1950000
2018-02-28 10:41:31.053000,1.22281,1.22277,2250000,4010000
2018-02-28 10:41:32.078000,1.22281,1.22277,1500000,3820000
2018-02-28 10:41:33.190000,1.22281,1.22277,1000000,1950000
2018-02-28 10:41:33.320000,1.22282,1.2228,1000000,2250000
2018-02-28 10:41:33.843000,1.22281,1.22278,1000000,7200000
2018-02-28 10:41:34.554000,1.2228,1.22279,1000000,1120000
2018-02-28 10:41:35.680000,1.2228,1.22278,1000000,2320000
2018-02-28 10:41:36.237000,1.22281,1.22278,1870000,1570000
2018-02-28 10:41:36.776000,1.22282,1.22281,2250000,1000000
2018-02-28 10:41:36.838000,1.22291,1.22288,6070000,1690000
2018-02-28 10:41:37.047000,1.22292,1.22289,1390000,1100000
2018-02-28 10:41:37.416000,1.22294,1.22291,9930000,2060000
2018-02-28 10:41:37.919000,1.22292,1.22291,1120000,1100000
2018-02-28 10:41:38.384000,1.22294,1.22292,3040000,1500000
2018-02-28 10:41:38.898000,1.22293,1.22291,1310000,1760000
2018-02-28 10:41:39.002000,1.22292,1.22289,2810000,1100000
2018-02-28 10:41:39.161000,1.22294,1.2229,1050000,1870000
2018-02-28 10:41:39.213000,1.22295,1.22291,3970000,4200000
2018-02-28 10:41:39.839000,1.22294,1.22291,1500000,3450000
2018-02-28 10:41:40.465000,1.22294,1.22291,2250000,1200000
2018-02-28 10:41:42.152000,1.22293,1.22291,1000000,1200000
2018-02-28 10:41:42.844000,1.22293,1.2229,3000000,1950000
2018-02-28 10:41:43.516000,1.22293,1.2229,3750000,3450000
2018-02-28 10:41:44.358000,1.22293,1.2229,1690000,2140000
2018-02-28 10:41:46.366000,1.22293,1.2229,1500000,1950000
2018-02-28 10:41:46.547000,1.22294,1.22292,3370000,1000000
2018-02-28 10:41:47.022000,1.22293,1.2229,1000000,7200000
2018-02-28 10:41:48.277000,1.22294,1.2229,1250000,6450000
2018-02-28 10:41:48.799000,1.22294,1.2229,1250000,3450000
2018-02-28 10:41:48.994000,1.22292,1.22289,1310000,4010000
2018-02-28 10:41:49.300000,1.22291,1.22288,2250000,1100000
2018-02-28 10:41:49.850000,1.2229,1.22288,1500000,2320000
2018-02-28 10:41:50.449000,1.22291,1.22287,4310000,1570000
2018-02-28 10:41:50.998000,1.22292,1.22287,1000000,8320000
2018-02-28 10:41:51.539000,1.22291,1.22288,1000000,3820000
2018-02-28 10:41:52.066000,1.22292,1.22288,1000000,2140000
2018-02-28 10:41:53.800000,1.2229,1.22288,1000000,2250000
2018-02-28 10:41:54.336000,1.22291,1.2229,1250000,1000000
2018-02-28 10:41:54.838000,1.22293,1.22289,4690000,1570000
2018-02-28 10:41:55.358000,1.22293,1.22289,3560000,1570000
2018-02-28 10:41:56.117000,1.22292,1.22289,4500000,2250000
2018-02-28 10:41:57.236000,1.22291,1.22289,1000000,1200000
2018-02-28 10:41:58.288000,1.22292,1.22288,1000000,9450000
2018-02-28 10:41:58.596000,1.2229,1.22287,1000000,9070000
2018-02-28 10:41:59.244000,1.22291,1.22287,1000000,4950000
2018-02-28 10:41:59.962000,1.2229,1.22287,1000000,4950000
2018-02-28 10:42:00.488000,1.22289,1.22286,3820000,2700000
2018-02-28 10:42:01.080000,1.22289,1.22286,8140000,3070000
2018-02-28 10:42:02.402000,1.22287,1.22286,1120000,1100000
2018-02-28 10:42:02.558000,1.22283,1.22281,1250000,1570000
2018-02-28 10:42:03.077000,1.22284,1.22282,1000000,1500000
2018-02-28 10:42:03.268000,1.22286,1.22283,1690000,2250000
2018-02-28 10:42:03.807000,1.22285,1.22283,1250000,1000000
2018-02-28 10:42:05.365000,1.22286,1.22285,1500000,2250000
2018-02-28 10:42:05.874000,1.22287,1.22285,1000000,3070000
2018-02-28 10:42:06.204000,1.22288,1.22285,1000000,3070000
2018-02-28 10:42:06.729000,1.22287,1.22285,1000000,4570000
2018-02-28 10:42:07.258000,1.22288,1.22286,1000000,1000000
2018-02-28 10:42:07.843000,1.22288,1.22286,1000000,5700000
2018-02-28 10:42:08.075000,1.22289,1.22287,1250000,2620000
2018-02-28 10:42:08.597000,1.2229,1.22287,8250000,2620000
2018-02-28 10:42:09.786000,1.2229,1.22287,1500000,4200000
2018-02-28 10:42:09.900000,1.22292,1.2229,1070000,2250000
2018-02-28 10:42:09.953000,1.22294,1.22291,1000000,8020000
2018-02-28 10:42:10.571000,1.22294,1.22292,1000000,2700000
2018-02-28 10:42:12.263000,1.22295,1.22293,1000000,1500000
2018-02-28 10:42:14.198000,1.22294,1.22292,1000000,1570000
2018-02-28 10:42:14.732000,1.22294,1.22293,1000000,1000000
2018-02-28 10:42:16.434000,1.22294,1.22292,1000000,1000000
2018-02-28 10:42:16.969000,1.22294,1.22293,1000000,1000000
2018-02-28 10:42:20.166000,1.22294,1.22292,1000000,1870000
2018-02-28 10:42:20.322000,1.22296,1.22295,1120000,1500000
2018-02-28 10:42:20.495000,1.22301,1.22298,3000000,2620000
2018-02-28 10:42:20.547000,1.22299,1.22298,1000000,1870000
2018-02-28 10:42:20.804000,1.22298,1.22295,2250000,1570000
2018-02-28 10:42:21.352000,1.22297,1.22295,1500000,1100000
2018-02-28 10:42:21.883000,1.22298,1.22295,3070000,1100000
2018-02-28 10:42:22.396000,1.22298,1.22295,4010000,1500000
2018-02-28 10:42:22.913000,1.22298,1.22294,1870000,1950000
2018-02-28 10:42:22.965000,1.22298,1.22294,2250000,1200000
2018-02-28 10:42:24.190000,1.22297,1.22293,1610000,4200000
2018-02-28 10:42:24.678000,1.22295,1.22293,1000000,3450000
2018-02-28 10:42:25.315000,1.22296,1.22293,1000000,2700000
2018-02-28 10:42:27.894000,1.22295,1.22292,2810000,2320000
2018-02-28 10:42:27.947000,1.22292,1.22291,1000000,1950000
2018-02-28 10:42:28.101000,1.22291,1.22287,1310000,4950000
2018-02-28 10:42:28.410000,1.2229,1.22288,1000000,1570000
2018-02-28 10:42:28.566000,1.22298,1.22296,5810000,1000000
2018-02-28 10:42:28.722000,1.22297,1.22294,1250000,3070000
2018-02-28 10:42:30.100000,1.22296,1.22294,1000000,1120000
2018-02-28 10:42:32.674000,1.22296,1.22293,2320000,1100000
2018-02-28 10:42:33.211000,1.22295,1.22292,1120000,1950000
2018-02-28 10:42:33.670000,1.22293,1.22291,1500000,1570000
2018-02-28 10:42:33.880000,1.22292,1.22288,2060000,2700000
2018-02-28 10:42:33.984000,1.2229,1.22288,1250000,1390000
2018-02-28 10:42:34.497000,1.22291,1.22287,2620000,1950000
2018-02-28 10:42:35.160000,1.22291,1.22287,3000000,1200000
2018-02-28 10:42:35.767000,1.2229,1.22287,1000000,1100000
2018-02-28 10:42:36.372000,1.2229,1.22286,1000000,3640000
2018-02-28 10:42:36.900000,1.2229,1.22287,2250000,1000000
2018-02-28 10:42:38.380000,1.22291,1.22287,6260000,1000000
2018-02-28 10:42:38.927000,1.2229,1.22287,1000000,1000000
2018-02-28 10:42:39.848000,1.2229,1.22286,1500000,2510000
2018-02-28 10:42:40.125000,1.22287,1.22284,1570000,3370000
2018-02-28 10:42:40.616000,1.22287,1.22285,1000000,4390000
2018-02-28 10:42:40.927000,1.22289,1.22288,1000000,1000000
2018-02-28 10:42:41.166000,1.22291,1.22288,1500000,4010000
2018-02-28 10:42:41.625000,1.22294,1.22289,1200000,23330000
2018-02-28 10:42:41.677000,1.22293,1.2229,1000000,4690000
2018-02-28 10:42:42.187000,1.22293,1.2229,1500000,5760000
2018-02-28 10:42:46.173000,1.22292,1.2229,1000000,5140000
2018-02-28 10:42:46.896000,1.22292,1.2229,1000000,2510000
2018-02-28 10:42:46.999000,1.22294,1.2229,1000000,3260000
2018-02-28 10:42:47.885000,1.22294,1.22292,1000000,2620000
2018-02-28 10:42:48.489000,1.22295,1.22291,2060000,5510000
2018-02-28 10:42:49.179000,1.22295,1.22291,2060000,4010000
2018-02-28 10:42:49.796000,1.22295,1.22292,2810000,1000000
2018-02-28 10:42:50.399000,1.22295,1.22291,2060000,2890000
2018-02-28 10:42:50.906000,1.22295,1.22292,2810000,1000000
2018-02-28 10:42:52.379000,1.22295,1.2229,5510000,12070000
2018-02-28 10:42:53.101000,1.22292,1.2229,4750000,13200000
2018-02-28 10:42:53.153000,1.22291,1.22288,2060000,1570000
2018-02-28 10:42:53.204000,1.22291,1.22287,4200000,1120000
2018-02-28 10:42:53.307000,1.2229,1.22288,1500000,5510000
2018-02-28 10:42:53.360000,1.22292,1.2229,1120000,1000000
2018-02-28 10:42:55.460000,1.22292,1.22289,1000000,6450000
2018-02-28 10:42:56.609000,1.22292,1.2229,1500000,1500000
2018-02-28 10:42:57.144000,1.22291,1.2229,1000000,1000000
2018-02-28 10:42:57.675000,1.22292,1.22289,1500000,3450000
2018-02-28 10:42:58.199000,1.22291,1.2229,1000000,1000000
2018-02-28 10:42:58.938000,1.22289,1.22288,2250000,1500000
2018-02-28 10:42:59.040000,1.22283,1.22281,4200000,4690000
2018-02-28 10:42:59.092000,1.22281,1.22279,3370000,3000000
2018-02-28 10:42:59.143000,1.22279,1.22277,1000000,1870000
2018-02-28 10:42:59.400000,1.2228,1.22279,1000000,1500000
2018-02-28 10:42:59.740000,1.22277,1.22275,1000000,1570000
2018-02-28 10:43:00.047000,1.22275,1.22272,4010000,1000000
2018-02-28 10:43:00.481000,1.22272,1.2227,3750000,2250000
2018-02-28 10:43:00.584000,1.2227,1.22267,6300000,2060000
2018-02-28 10:43:00.687000,1.22268,1.22266,1100000,3820000
2018-02-28 10:43:00.790000,1.22271,1.22268,1310000,3070000
2018-02-28 10:43:02.141000,1.22271,1.22269,1000000,1000000
2018-02-28 10:43:02.658000,1.22271,1.2227,1000000,1120000
2018-02-28 10:43:03.203000,1.22271,1.22268,1250000,2890000
2018-02-28 10:43:03.513000,1.22271,1.22267,1120000,4760000
2018-02-28 10:43:04.021000,1.22271,1.22268,1690000,1500000
2018-02-28 10:43:04.563000,1.22271,1.22267,1760000,2060000
2018-02-28 10:43:05.107000,1.22271,1.22269,1760000,2810000
2018-02-28 10:43:05.421000,1.22273,1.22271,1250000,2510000
2018-02-28 10:43:06.140000,1.22273,1.22271,1250000,2890000
2018-02-28 10:43:06.750000,1.22273,1.22272,1250000,1000000
2018-02-28 10:43:07.296000,1.22273,1.22271,1250000,1570000
2018-02-28 10:43:07.909000,1.22273,1.22271,1250000,2320000
2018-02-28 10:43:08.460000,1.22273,1.22271,1250000,1500000
2018-02-28 10:43:08.965000,1.22273,1.22267,4760000,6450000
2018-02-28 10:43:09.022000,1.22272,1.22267,1950000,4310000
2018-02-28 10:43:09.076000,1.22269,1.22267,2250000,1500000
2018-02-28 10:43:09.232000,1.22269,1.22265,3450000,1950000
2018-02-28 10:43:09.861000,1.22267,1.22263,2250000,3340000
2018-02-28 10:43:10.086000,1.22265,1.22262,1250000,1690000
2018-02-28 10:43:10.675000,1.22265,1.22261,1010000,3370000
2018-02-28 10:43:11.223000,1.22265,1.22261,1390000,4120000
2018-02-28 10:43:12.363000,1.22264,1.22261,1250000,3750000
2018-02-28 10:43:12.883000,1.22265,1.22261,1310000,1570000
2018-02-28 10:43:14.008000,1.22265,1.22261,1010000,1120000
2018-02-28 10:43:14.526000,1.22265,1.22261,2510000,1500000
2018-02-28 10:43:15.041000,1.22265,1.22261,5140000,1870000
2018-02-28 10:43:15.674000,1.22264,1.2226,1250000,4200000
2018-02-28 10:43:16.680000,1.22261,1.22259,3600000,1760000
2018-02-28 10:43:16.785000,1.22259,1.22255,1000000,1760000
2018-02-28 10:43:17.432000,1.22258,1.22255,2140000,2890000
2018-02-28 10:43:17.692000,1.22256,1.22252,1000000,4390000
2018-02-28 10:43:17.898000,1.22256,1.22254,2140000,1870000
2018-02-28 10:43:18.409000,1.22256,1.22255,1000000,1690000
2018-02-28 10:43:19.192000,1.22256,1.22255,1000000,1000000
2018-02-28 10:43:19.671000,1.22256,1.22252,4010000,1120000
2018-02-28 10:43:20.310000,1.22255,1.22252,1950000,1120000
2018-02-28 10:43:20.815000,1.22255,1.22251,1570000,4690000
2018-02-28 10:43:21.364000,1.22256,1.22251,4760000,2250000
2018-02-28 10:43:21.888000,1.22256,1.22251,4760000,2320000
2018-02-28 10:43:22.763000,1.22255,1.22252,1000000,1200000
2018-02-28 10:43:22.816000,1.22255,1.22252,1250000,2700000
2018-02-28 10:43:23.130000,1.22256,1.22255,1250000,1000000
2018-02-28 10:43:23.319000,1.22256,1.22254,2440000,1120000
2018-02-28 10:43:23.371000,1.22257,1.22254,1690000,8630000
2018-02-28 10:43:23.422000,1.22258,1.22256,1950000,1000000
2018-02-28 10:43:23.950000,1.22258,1.22254,1950000,1950000
2018-02-28 10:43:24.540000,1.22258,1.22255,1000000,8510000
2018-02-28 10:43:25.067000,1.22259,1.22255,2030000,3750000
2018-02-28 10:43:25.748000,1.22259,1.22255,4660000,1120000
2018-02-28 10:43:26.272000,1.22258,1.22256,1110000,1000000
2018-02-28 10:43:26.829000,1.22257,1.22256,1000000,1000000
2018-02-28 10:43:27.352000,1.22258,1.22256,1000000,1000000
2018-02-28 10:43:30.883000,1.22261,1.22258,4950000,1200000
2018-02-28 10:43:31.141000,1.2226,1.22258,1000000,3450000
2018-02-28 10:43:31.411000,1.22261,1.22259,1000000,2140000
2018-02-28 10:43:32.379000,1.22262,1.2226,1250000,1950000
2018-02-28 10:43:32.888000,1.22262,1.22259,3370000,1570000
2018-02-28 10:43:33.809000,1.22262,1.2226,1870000,1950000
2018-02-28 10:43:34.699000,1.22262,1.2226,1000000,1570000
2018-02-28 10:43:35.264000,1.22262,1.22259,1000000,1570000
2018-02-28 10:43:35.779000,1.22261,1.22259,1000000,1570000
2018-02-28 10:43:38.849000,1.22262,1.22258,1500000,1570000
2018-02-28 10:43:39.687000,1.22261,1.22258,1000000,2320000
2018-02-28 10:43:40.188000,1.22262,1.22258,2250000,7200000
2018-02-28 10:43:40.729000,1.22262,1.22259,3370000,1450000
2018-02-28 10:43:41.275000,1.2226,1.22258,1000000,1950000
2018-02-28 10:43:41.848000,1.22261,1.22258,1120000,1450000
2018-02-28 10:43:42.714000,1.22261,1.22258,1500000,1570000
2018-02-28 10:43:43.023000,1.22267,1.22265,1000000,2320000
2018-02-28 10:43:43.537000,1.22266,1.22264,1250000,1100000
2018-02-28 10:43:44.143000,1.22265,1.22264,1000000,1950000
2018-02-28 10:43:44.657000,1.22266,1.22264,1000000,1200000
2018-02-28 10:43:45.370000,1.22266,1.22263,1000000,1570000
2018-02-28 10:43:45.895000,1.22266,1.22262,4570000,2140000
2018-02-28 10:43:46.446000,1.22265,1.22262,2620000,2890000
2018-02-28 10:43:51.837000,1.22263,1.22261,1000000,4950000
2018-02-28 10:43:52.524000,1.22264,1.22262,1000000,1200000
2018-02-28 10:43:53.320000,1.22263,1.22261,1000000,7010000
2018-02-28 10:43:54.217000,1.22264,1.22261,1000000,2140000
2018-02-28 10:43:56.665000,1.22264,1.22262,1000000,5440000
2018-02-28 10:43:56.717000,1.22266,1.22264,1000000,1950000
2018-02-28 10:43:56.769000,1.22268,1.22266,5400000,1000000
2018-02-28 10:43:58.312000,1.22268,1.22264,1000000,5700000
2018-02-28 10:43:58.848000,1.22267,1.22264,1000000,6450000
2018-02-28 10:43:59.575000,1.22268,1.22264,4870000,1200000
2018-02-28 10:44:00.090000,1.22267,1.22264,1500000,1200000
2018-02-28 10:44:00.538000,1.22266,1.22262,7500000,1570000
2018-02-28 10:44:00.590000,1.22263,1.22262,1000000,1570000
2018-02-28 10:44:00.966000,1.2226,1.22259,1000000,1200000
2018-02-28 10:44:01.448000,1.2226,1.22257,1000000,3450000
2018-02-28 10:44:02.068000,1.2226,1.22256,1690000,1570000
2018-02-28 10:44:02.607000,1.22259,1.22256,1000000,1570000
2018-02-28 10:44:03.179000,1.22258,1.22256,1000000,4200000
2018-02-28 10:44:03.785000,1.22259,1.22256,1120000,2700000
2018-02-28 10:44:04.454000,1.22258,1.22256,1000000,2700000
2018-02-28 10:44:05.674000,1.22257,1.22256,1000000,1200000
2018-02-28 10:44:06.204000,1.22258,1.22256,1000000,1200000
2018-02-28 10:44:07.696000,1.22259,1.22256,5320000,1950000
2018-02-28 10:44:08.632000,1.22258,1.22256,1000000,1200000
2018-02-28 10:44:09.398000,1.22259,1.22256,3070000,1200000
2018-02-28 10:44:10.155000,1.22258,1.22256,1000000,1200000
2018-02-28 10:44:10.580000,1.22259,1.22257,1000000,9370000
2018-02-28 10:44:10.706000,1.22261,1.22258,4200000,4120000
2018-02-28 10:44:11.377000,1.2226,1.22257,1250000,5890000
2018-02-28 10:44:12.617000,1.22261,1.22257,1120000,1570000
2018-02-28 10:44:14.985000,1.2226,1.22259,1000000,3070000
2018-02-28 10:44:15.093000,1.22262,1.22261,1500000,1200000
2018-02-28 10:44:15.299000,1.22263,1.22261,1120000,1200000
