time,ask,bid,ask_volume,bid_volume
2022-08-18 12:25:00.363000,1.01847,1.01846,3600000,1340000
2022-08-18 12:25:00.465000,1.01848,1.01843,120000,5170000
2022-08-18 12:25:00.568000,1.01847,1.01843,4140000,6300000
2022-08-18 12:25:00.773000,1.01846,1.01842,120000,5840000
2022-08-18 12:25:00.875000,1.01846,1.01841,5040000,900000
2022-08-18 12:25:01.079000,1.01846,1.01842,3680000,440000
2022-08-18 12:25:01.397000,1.01844,1.0184,120000,4500000
2022-08-18 12:25:01.499000,1.01844,1.01839,540000,7070000
2022-08-18 12:25:03.546000,1.01841,1.01836,4140000,900000
2022-08-18 12:25:03.649000,1.01841,1.01835,5040000,4040000
2022-08-18 12:25:04.056000,1.01842,1.01837,2290000,4580000
2022-08-18 12:25:04.209000,1.01841,1.01839,120000,3600000
2022-08-18 12:25:04.362000,1.01842,1.01837,120000,4500000
2022-08-18 12:25:04.464000,1.01841,1.01836,3600000,900000
2022-08-18 12:25:05.209000,1.0184,1.01835,540000,6970000
2022-08-18 12:25:05.312000,1.01839,1.01833,4140000,4040000
2022-08-18 12:25:06.379000,1.01837,1.01834,3600000,2930000
2022-08-18 12:25:06.482000,1.01838,1.01832,4940000,7200000
2022-08-18 12:25:06.787000,1.01839,1.01834,3680000,440000
2022-08-18 12:25:06.889000,1.01839,1.01833,4140000,4940000
2022-08-18 12:25:07.194000,1.01838,1.01833,4040000,2470000
2022-08-18 12:25:07.398000,1.01839,1.01833,5480000,4040000
2022-08-18 12:25:07.840000,1.01835,1.01832,120000,2470000
2022-08-18 12:25:07.942000,1.01834,1.01829,4140000,230000
2022-08-18 12:25:08.045000,1.01834,1.01828,4140000,11110000
2022-08-18 12:25:08.147000,1.01834,1.01829,3680000,2930000
2022-08-18 12:25:09.710000,1.01833,1.01829,3680000,2470000
2022-08-18 12:25:09.762000,1.01832,1.01828,4140000,9000000
2022-08-18 12:25:09.914000,1.01833,1.01828,3680000,440000
2022-08-18 12:25:10.952000,1.0183,1.01827,120000,6300000
2022-08-18 12:25:11.106000,1.0183,1.01825,120000,4940000
2022-08-18 12:25:11.309000,1.0183,1.01826,120000,3600000
2022-08-18 12:25:11.463000,1.01831,1.01826,120000,4040000
2022-08-18 12:25:11.565000,1.01832,1.01827,5890000,440000
2022-08-18 12:25:11.667000,1.01832,1.01828,120000,440000
2022-08-18 12:25:11.872000,1.01832,1.01827,120000,6530000
2022-08-18 12:25:12.025000,1.01831,1.01827,120000,4040000
2022-08-18 12:25:12.132000,1.01831,1.01826,540000,3600000
2022-08-18 12:25:12.514000,1.01831,1.01827,120000,440000
2022-08-18 12:25:12.623000,1.01831,1.01826,120000,4040000
2022-08-18 12:25:12.726000,1.01829,1.01825,4140000,4940000
2022-08-18 12:25:13.301000,1.01829,1.01824,120000,4040000
2022-08-18 12:25:13.454000,1.01829,1.01823,4140000,5840000
2022-08-18 12:25:14.196000,1.01828,1.01823,4140000,1340000
2022-08-18 12:25:14.311000,1.01828,1.01822,4140000,5040000
2022-08-18 12:25:14.464000,1.01828,1.01823,4140000,440000
2022-08-18 12:25:15.074000,1.01828,1.01822,4140000,4580000
2022-08-18 12:25:15.345000,1.01825,1.01821,120000,5400000
2022-08-18 12:25:15.447000,1.01826,1.01822,120000,4270000
2022-08-18 12:25:15.651000,1.01826,1.01823,120000,440000
2022-08-18 12:25:15.753000,1.01826,1.01822,120000,670000
2022-08-18 12:25:16.485000,1.01828,1.01823,4140000,230000
2022-08-18 12:25:16.588000,1.01826,1.01822,3600000,440000
2022-08-18 12:25:16.690000,1.01825,1.01821,4140000,13730000
2022-08-18 12:25:16.793000,1.01826,1.01821,4140000,440000
2022-08-18 12:25:16.896000,1.01824,1.01819,440000,6070000
2022-08-18 12:25:16.998000,1.01823,1.01819,120000,3600000
2022-08-18 12:25:17.101000,1.01822,1.01819,120000,4500000
2022-08-18 12:25:17.995000,1.01823,1.01819,120000,3600000
2022-08-18 12:25:18.097000,1.01823,1.01818,120000,4040000
2022-08-18 12:25:19.225000,1.01822,1.01817,540000,4500000
2022-08-18 12:25:19.328000,1.01821,1.01816,3600000,2340000
2022-08-18 12:25:19.430000,1.01822,1.01816,4140000,7280000
2022-08-18 12:25:19.532000,1.01822,1.01817,120000,4040000
2022-08-18 12:25:19.686000,1.01822,1.01816,4140000,5040000
2022-08-18 12:25:19.788000,1.01822,1.01817,540000,4040000
2022-08-18 12:25:19.941000,1.01821,1.01817,3600000,440000
2022-08-18 12:25:20.043000,1.01822,1.01818,120000,3600000
2022-08-18 12:25:20.146000,1.01821,1.01818,120000,3600000
2022-08-18 12:25:20.248000,1.01823,1.01818,2210000,5040000
2022-08-18 12:25:20.350000,1.01824,1.01818,4580000,4140000
2022-08-18 12:25:20.452000,1.01823,1.01818,4040000,120000
2022-08-18 12:25:20.554000,1.01824,1.01818,7250000,4140000
2022-08-18 12:25:20.758000,1.01823,1.01818,4040000,120000
2022-08-18 12:25:21.024000,1.01823,1.01817,5480000,4040000
2022-08-18 12:25:21.583000,1.01823,1.01818,3680000,440000
2022-08-18 12:25:21.685000,1.01823,1.01817,4140000,6740000
2022-08-18 12:25:22.473000,1.01822,1.01817,440000,3600000
2022-08-18 12:25:22.727000,1.01821,1.01816,3680000,1340000
2022-08-18 12:25:22.891000,1.01822,1.01816,4140000,5710000
2022-08-18 12:25:22.993000,1.01822,1.01817,540000,4040000
2022-08-18 12:25:23.146000,1.01822,1.01816,4140000,5710000
2022-08-18 12:25:23.248000,1.01822,1.01817,540000,3600000
2022-08-18 12:25:23.388000,1.01822,1.01816,4140000,5710000
2022-08-18 12:25:23.576000,1.01822,1.01817,540000,3600000
2022-08-18 12:25:23.678000,1.01822,1.01818,120000,4040000
2022-08-18 12:25:24.169000,1.01823,1.01817,4140000,8540000
2022-08-18 12:25:24.385000,1.01824,1.0182,4040000,1440000
2022-08-18 12:25:24.488000,1.01825,1.01821,120000,670000
2022-08-18 12:25:24.590000,1.01826,1.01822,120000,670000
2022-08-18 12:25:24.794000,1.01826,1.01821,120000,4370000
2022-08-18 12:25:24.896000,1.01824,1.0182,4140000,440000
2022-08-18 12:25:24.948000,1.01822,1.01819,440000,6530000
2022-08-18 12:25:27.517000,1.01823,1.01819,5040000,4040000
2022-08-18 12:25:27.619000,1.01824,1.0182,120000,3600000
2022-08-18 12:25:27.721000,1.01824,1.01819,120000,4940000
2022-08-18 12:25:29.587000,1.01825,1.01821,3600000,900000
2022-08-18 12:25:29.689000,1.01827,1.01822,3680000,440000
2022-08-18 12:25:29.842000,1.01827,1.01823,120000,440000
2022-08-18 12:25:30.198000,1.01827,1.01822,3680000,1570000
2022-08-18 12:25:30.351000,1.01826,1.01824,3680000,440000
2022-08-18 12:25:30.924000,1.01827,1.01822,120000,7640000
2022-08-18 12:25:31.229000,1.01826,1.01824,120000,440000
2022-08-18 12:25:31.382000,1.01827,1.01822,3680000,3140000
2022-08-18 12:25:31.688000,1.01825,1.01822,1880000,230000
2022-08-18 12:25:31.790000,1.01824,1.01821,4140000,230000
2022-08-18 12:25:31.842000,1.01823,1.01819,4140000,900000
2022-08-18 12:25:31.995000,1.01823,1.01818,4140000,670000
2022-08-18 12:25:32.097000,1.01822,1.01818,3680000,440000
2022-08-18 12:25:32.301000,1.0182,1.01815,3680000,5170000
2022-08-18 12:25:32.403000,1.0182,1.01814,4140000,5170000
2022-08-18 12:25:32.506000,1.01819,1.01813,4140000,7200000
2022-08-18 12:25:32.608000,1.01818,1.01813,3600000,670000
2022-08-18 12:25:32.761000,1.01819,1.01813,4140000,4040000
2022-08-18 12:25:35.331000,1.01812,1.01808,540000,7200000
2022-08-18 12:25:35.586000,1.01812,1.01807,120000,4270000
2022-08-18 12:25:35.840000,1.01813,1.01807,5480000,4270000
2022-08-18 12:25:36.250000,1.01813,1.01808,5040000,230000
2022-08-18 12:25:36.407000,1.01814,1.01813,5810000,440000
2022-08-18 12:25:36.509000,1.01817,1.01813,120000,4040000
2022-08-18 12:25:36.662000,1.01817,1.01811,4140000,6970000
2022-08-18 12:25:36.765000,1.01815,1.01812,120000,230000
2022-08-18 12:25:36.867000,1.01814,1.01811,3600000,230000
2022-08-18 12:25:36.970000,1.01815,1.01811,6250000,900000
2022-08-18 12:25:37.072000,1.01817,1.01813,2290000,440000
2022-08-18 12:25:37.174000,1.01818,1.01813,4580000,440000
2022-08-18 12:25:37.327000,1.01818,1.01812,4580000,4140000
2022-08-18 12:25:37.430000,1.01817,1.01812,440000,4370000
2022-08-18 12:25:37.938000,1.01818,1.01812,7250000,4140000
2022-08-18 12:25:38.091000,1.01814,1.01811,540000,230000
2022-08-18 12:25:38.193000,1.01813,1.0181,5040000,230000
2022-08-18 12:25:38.295000,1.01813,1.01809,5040000,230000
2022-08-18 12:25:38.346000,1.01813,1.01807,5040000,4730000
2022-08-18 12:25:38.628000,1.01814,1.01808,5040000,4140000
2022-08-18 12:25:38.827000,1.01813,1.01808,3600000,540000
2022-08-18 12:25:38.980000,1.01814,1.01808,4580000,5040000
2022-08-18 12:25:39.082000,1.01814,1.0181,120000,670000
2022-08-18 12:25:39.184000,1.01813,1.0181,120000,6070000
2022-08-18 12:25:39.286000,1.01813,1.01808,3600000,540000
2022-08-18 12:25:39.389000,1.01814,1.01808,7250000,4140000
2022-08-18 12:25:39.603000,1.01813,1.01807,4140000,7430000
2022-08-18 12:25:39.705000,1.01812,1.01806,4140000,7280000
2022-08-18 12:25:41.356000,1.01808,1.01806,980000,230000
2022-08-18 12:25:41.458000,1.01809,1.01805,3600000,1340000
2022-08-18 12:25:41.561000,1.01813,1.01807,10750000,6070000
2022-08-18 12:25:41.663000,1.01813,1.01808,4500000,4040000
2022-08-18 12:25:41.765000,1.01813,1.01807,4040000,7640000
2022-08-18 12:25:41.919000,1.01813,1.01808,3600000,440000
2022-08-18 12:25:42.021000,1.01813,1.01807,4040000,9900000
2022-08-18 12:25:42.123000,1.01814,1.01808,7250000,4270000
2022-08-18 12:25:42.236000,1.01815,1.0181,3600000,540000
2022-08-18 12:25:42.339000,1.01817,1.01812,120000,4040000
2022-08-18 12:25:42.765000,1.01819,1.01813,7250000,4040000
2022-08-18 12:25:42.968000,1.01818,1.01813,440000,4040000
2022-08-18 12:25:43.863000,1.01819,1.01813,6350000,4040000
2022-08-18 12:25:43.965000,1.01818,1.01815,5810000,2240000
2022-08-18 12:25:44.221000,1.0182,1.01815,4940000,1130000
2022-08-18 12:25:44.424000,1.0182,1.01814,4940000,5170000
2022-08-18 12:25:44.527000,1.01819,1.01814,3680000,1340000
2022-08-18 12:25:45.011000,1.0182,1.01817,4500000,900000
2022-08-18 12:25:45.113000,1.01821,1.01817,120000,900000
2022-08-18 12:25:45.367000,1.01821,1.01816,120000,5710000
2022-08-18 12:25:46.909000,1.01821,1.01817,120000,900000
2022-08-18 12:25:47.011000,1.0182,1.01817,120000,5480000
2022-08-18 12:25:47.687000,1.01821,1.0182,900000,900000
2022-08-18 12:25:47.739000,1.01825,1.01823,2210000,1340000
2022-08-18 12:25:47.841000,1.01827,1.01824,4500000,1800000
2022-08-18 12:25:47.944000,1.0183,1.01825,5810000,1670000
2022-08-18 12:25:48.046000,1.01831,1.01826,120000,3600000
2022-08-18 12:25:48.677000,1.01832,1.01828,120000,440000
2022-08-18 12:25:48.780000,1.01835,1.01831,3680000,440000
2022-08-18 12:25:48.889000,1.01835,1.0183,3680000,230000
2022-08-18 12:25:49.652000,1.01834,1.01829,3600000,670000
2022-08-18 12:25:49.805000,1.01834,1.01828,3680000,5630000
2022-08-18 12:25:50.170000,1.01833,1.01828,3600000,670000
2022-08-18 12:25:50.425000,1.01831,1.01828,120000,230000
2022-08-18 12:25:50.476000,1.01829,1.01825,120000,2470000
2022-08-18 12:25:50.579000,1.01831,1.01826,5040000,1340000
2022-08-18 12:25:50.681000,1.01831,1.01825,4580000,7970000
2022-08-18 12:25:50.834000,1.01831,1.01826,980000,3600000
2022-08-18 12:25:51.617000,1.0183,1.01825,120000,4040000
2022-08-18 12:25:51.771000,1.0183,1.01824,3680000,6070000
2022-08-18 12:25:52.018000,1.01829,1.01824,540000,4730000
2022-08-18 12:25:52.171000,1.01828,1.01824,4140000,5710000
2022-08-18 12:25:52.560000,1.01827,1.01824,3600000,2110000
2022-08-18 12:25:52.662000,1.01829,1.01823,4140000,5270000
2022-08-18 12:25:53.018000,1.01828,1.01823,3600000,1670000
2022-08-18 12:25:53.760000,1.01829,1.01824,6350000,440000
2022-08-18 12:25:54.408000,1.01829,1.01823,4140000,4370000
2022-08-18 12:25:55.993000,1.01828,1.01823,120000,4270000
2022-08-18 12:25:56.096000,1.01828,1.01822,4140000,7740000
2022-08-18 12:25:56.198000,1.01827,1.01822,3680000,670000
2022-08-18 12:25:56.409000,1.01827,1.01823,3680000,440000
2022-08-18 12:25:56.643000,1.01823,1.01821,120000,2470000
2022-08-18 12:25:56.695000,1.01823,1.01818,4140000,4500000
2022-08-18 12:25:56.797000,1.01822,1.01818,4140000,4270000
2022-08-18 12:25:57.153000,1.01821,1.01817,3600000,230000
2022-08-18 12:25:57.256000,1.01822,1.01817,540000,3680000
2022-08-18 12:25:57.358000,1.01821,1.01819,120000,3600000
2022-08-18 12:25:57.873000,1.01822,1.01817,120000,5270000
2022-08-18 12:25:57.975000,1.01822,1.01818,120000,440000
2022-08-18 12:25:58.197000,1.01821,1.01816,540000,3600000
2022-08-18 12:25:58.299000,1.01821,1.01817,120000,3830000
2022-08-18 12:25:58.402000,1.01821,1.01818,120000,4040000
2022-08-18 12:25:58.504000,1.01822,1.01819,120000,3600000
2022-08-18 12:25:58.606000,1.01822,1.01818,120000,4040000
2022-08-18 12:25:59.017000,1.01822,1.01819,120000,3600000
2022-08-18 12:25:59.195000,1.01822,1.01818,120000,4270000
2022-08-18 12:25:59.348000,1.01822,1.01819,120000,3600000
2022-08-18 12:25:59.400000,1.01821,1.01817,4140000,2470000
2022-08-18 12:25:59.502000,1.01822,1.01817,2290000,5270000
2022-08-18 12:25:59.605000,1.01824,1.01818,6350000,5270000
2022-08-18 12:25:59.761000,1.01825,1.01821,2290000,440000
2022-08-18 12:25:59.863000,1.01824,1.01821,120000,5270000
2022-08-18 12:25:59.966000,1.01825,1.01819,4580000,4140000
2022-08-18 12:26:00.434000,1.01824,1.01819,440000,4140000
2022-08-18 12:26:00.927000,1.01824,1.0182,4140000,4140000
2022-08-18 12:26:02.175000,1.01827,1.01824,3600000,900000
2022-08-18 12:26:02.278000,1.01829,1.01824,120000,6170000
2022-08-18 12:26:02.380000,1.01829,1.01825,120000,3600000
2022-08-18 12:26:02.533000,1.01829,1.01824,120000,5270000
2022-08-18 12:26:02.686000,1.01829,1.01825,120000,4500000
2022-08-18 12:26:02.788000,1.01829,1.01824,120000,5270000
2022-08-18 12:26:03.769000,1.01829,1.01825,120000,440000
2022-08-18 12:26:03.922000,1.01831,1.01825,5940000,6610000
2022-08-18 12:26:04.024000,1.0183,1.01827,5940000,440000
2022-08-18 12:26:06.084000,1.01831,1.01827,540000,900000
2022-08-18 12:26:06.136000,1.01835,1.01833,1800000,120000
2022-08-18 12:26:06.289000,1.01837,1.01833,4500000,4140000
2022-08-18 12:26:06.392000,1.01838,1.01833,120000,4370000
2022-08-18 12:26:06.685000,1.01838,1.01834,3680000,1340000
2022-08-18 12:26:06.940000,1.01839,1.01834,120000,5270000
2022-08-18 12:26:07.796000,1.01838,1.01833,540000,3600000
2022-08-18 12:26:07.899000,1.01838,1.01832,5040000,6740000
2022-08-18 12:26:08.983000,1.01838,1.01833,120000,4040000
2022-08-18 12:26:09.797000,1.01838,1.01832,4140000,7640000
2022-08-18 12:26:09.900000,1.01836,1.01832,120000,4270000
2022-08-18 12:26:10.360000,1.01838,1.01835,4500000,3140000
2022-08-18 12:26:10.463000,1.01839,1.01836,4140000,230000
2022-08-18 12:26:10.566000,1.0184,1.01837,120000,230000
2022-08-18 12:26:10.668000,1.01841,1.01837,900000,2340000
2022-08-18 12:26:10.771000,1.01841,1.01838,900000,5040000
2022-08-18 12:26:10.873000,1.01841,1.01839,900000,440000
2022-08-18 12:26:11.204000,1.01841,1.01838,900000,7740000
2022-08-18 12:26:11.306000,1.01841,1.01839,900000,440000
2022-08-18 12:26:11.409000,1.01841,1.01838,900000,6610000
2022-08-18 12:26:11.511000,1.01841,1.0184,900000,440000
2022-08-18 12:26:13.089000,1.01845,1.01843,2210000,1440000
2022-08-18 12:26:13.191000,1.01849,1.01844,4140000,900000
2022-08-18 12:26:14.419000,1.0185,1.01845,5810000,2340000
2022-08-18 12:26:14.521000,1.01851,1.01846,8100000,900000
2022-08-18 12:26:14.624000,1.01851,1.01845,8100000,8640000
2022-08-18 12:26:14.726000,1.01849,1.01846,120000,6740000
2022-08-18 12:26:14.879000,1.01849,1.01845,3600000,670000
2022-08-18 12:26:15.032000,1.0185,1.01845,3680000,440000
2022-08-18 12:26:15.134000,1.01849,1.01845,3600000,440000
2022-08-18 12:26:15.236000,1.0185,1.01845,120000,4040000
2022-08-18 12:26:15.339000,1.01848,1.01844,4040000,2700000
2022-08-18 12:26:15.441000,1.01848,1.01843,4040000,230000
2022-08-18 12:26:16.174000,1.01847,1.01843,440000,230000
2022-08-18 12:26:16.277000,1.01848,1.01843,3680000,1570000
2022-08-18 12:26:16.931000,1.01849,1.01844,3680000,1570000
2022-08-18 12:26:17.084000,1.01849,1.01845,120000,440000
2022-08-18 12:26:17.344000,1.01849,1.01844,540000,7640000
2022-08-18 12:26:17.446000,1.01849,1.01845,4140000,230000
2022-08-18 12:26:17.771000,1.01851,1.01846,6790000,440000
2022-08-18 12:26:18.077000,1.01852,1.01846,10310000,5170000
2022-08-18 12:26:18.179000,1.01851,1.01845,4940000,8540000
2022-08-18 12:26:19.398000,1.01849,1.01845,3600000,440000
2022-08-18 12:26:19.621000,1.01849,1.01844,4140000,670000
2022-08-18 12:26:19.723000,1.01848,1.01844,540000,670000
2022-08-18 12:26:19.825000,1.01848,1.01843,4140000,230000
2022-08-18 12:26:19.928000,1.01845,1.01841,4140000,440000
2022-08-18 12:26:19.979000,1.01845,1.01839,5040000,6070000
2022-08-18 12:26:20.410000,1.01844,1.01841,5040000,230000
2022-08-18 12:26:21.384000,1.01846,1.0184,6350000,4730000
2022-08-18 12:26:21.436000,1.01846,1.01842,2290000,230000
2022-08-18 12:26:21.538000,1.01848,1.01843,3680000,440000
2022-08-18 12:26:21.691000,1.01847,1.01843,3600000,440000
2022-08-18 12:26:21.956000,1.01848,1.01843,540000,4040000
2022-08-18 12:26:22.363000,1.01848,1.01842,3680000,5170000
2022-08-18 12:26:22.465000,1.01848,1.01843,540000,4500000
2022-08-18 12:26:22.595000,1.01848,1.01842,4140000,6970000
2022-08-18 12:26:22.897000,1.01847,1.01844,3680000,440000
2022-08-18 12:26:23.528000,1.01848,1.01842,4140000,6740000
2022-08-18 12:26:23.580000,1.01845,1.01842,13400000,3140000
2022-08-18 12:26:23.682000,1.01845,1.0184,13940000,2470000
2022-08-18 12:26:23.734000,1.01841,1.01839,900000,670000
2022-08-18 12:26:23.785000,1.01844,1.0184,13940000,4270000
2022-08-18 12:26:23.887000,1.01841,1.01839,900000,440000
2022-08-18 12:26:23.989000,1.01841,1.01839,900000,5400000
2022-08-18 12:26:24.457000,1.01845,1.01839,13730000,3600000
2022-08-18 12:26:25.190000,1.01845,1.0184,7020000,440000
2022-08-18 12:26:26.193000,1.01845,1.01841,3600000,440000
2022-08-18 12:26:26.302000,1.01845,1.01842,3680000,900000
2022-08-18 12:26:26.458000,1.01845,1.01839,4370000,5400000
2022-08-18 12:26:26.510000,1.01841,1.01839,900000,440000
2022-08-18 12:26:27.590000,1.01841,1.01837,900000,8410000
2022-08-18 12:26:27.692000,1.0184,1.01839,900000,4040000
2022-08-18 12:26:28.582000,1.01839,1.01836,120000,7870000
2022-08-18 12:26:28.685000,1.0184,1.01835,120000,6840000
2022-08-18 12:26:28.787000,1.0184,1.01836,120000,4040000
2022-08-18 12:26:28.889000,1.01841,1.01837,900000,440000
2022-08-18 12:26:29.119000,1.01839,1.01834,310000,4500000
2022-08-18 12:26:29.323000,1.01838,1.01834,120000,900000
2022-08-18 12:26:29.374000,1.01836,1.01833,120000,4940000
2022-08-18 12:26:29.579000,1.01838,1.01834,120000,4500000
2022-08-18 12:26:29.681000,1.01839,1.01834,540000,4040000
2022-08-18 12:26:31.168000,1.0184,1.01834,5040000,5040000
2022-08-18 12:26:31.270000,1.01839,1.01834,120000,4040000
2022-08-18 12:26:31.932000,1.01837,1.01832,120000,5840000
2022-08-18 12:26:33.246000,1.01835,1.01832,120000,900000
2022-08-18 12:26:33.349000,1.01832,1.01829,3600000,440000
2022-08-18 12:26:33.654000,1.01834,1.01828,5270000,4040000
2022-08-18 12:26:33.763000,1.01833,1.01827,4140000,7430000
2022-08-18 12:26:34.648000,1.01832,1.01827,4140000,440000
2022-08-18 12:26:34.750000,1.01832,1.01826,4140000,4040000
2022-08-18 12:26:35.986000,1.01829,1.01825,120000,3600000
2022-08-18 12:26:36.089000,1.01829,1.01823,4140000,4940000
2022-08-18 12:26:36.242000,1.01828,1.01825,3680000,440000
2022-08-18 12:26:36.678000,1.0183,1.01824,7250000,4940000
2022-08-18 12:26:37.415000,1.0183,1.01825,4140000,900000
2022-08-18 12:26:37.619000,1.01829,1.01827,120000,3600000
2022-08-18 12:26:38.127000,1.01831,1.01826,120000,6300000
2022-08-18 12:26:39.112000,1.01833,1.01828,120000,4500000
2022-08-18 12:26:39.214000,1.01833,1.01829,120000,440000
2022-08-18 12:26:39.316000,1.01833,1.01828,120000,4040000
2022-08-18 12:26:44.704000,1.01833,1.0183,3600000,440000
2022-08-18 12:26:44.806000,1.01835,1.01829,7250000,4940000
2022-08-18 12:26:44.909000,1.01832,1.01829,3680000,440000
2022-08-18 12:26:45.011000,1.01832,1.01827,3600000,440000
2022-08-18 12:26:45.114000,1.01831,1.01826,5940000,900000
2022-08-18 12:26:45.216000,1.01829,1.01824,120000,4940000
2022-08-18 12:26:45.521000,1.01828,1.01824,120000,4500000
2022-08-18 12:26:45.573000,1.01827,1.01822,4140000,440000
2022-08-18 12:26:45.675000,1.01824,1.01822,4140000,4500000
2022-08-18 12:26:45.829000,1.01824,1.0182,4140000,5840000
2022-08-18 12:26:45.880000,1.01825,1.01821,3600000,440000
2022-08-18 12:26:45.982000,1.01827,1.01823,6350000,4040000
2022-08-18 12:26:46.034000,1.01826,1.01821,120000,4040000
2022-08-18 12:26:46.340000,1.01827,1.01823,3600000,440000
2022-08-18 12:26:46.442000,1.01828,1.01823,6350000,440000
2022-08-18 12:26:46.596000,1.01825,1.01822,540000,900000
2022-08-18 12:26:46.647000,1.01825,1.0182,980000,6070000
2022-08-18 12:26:46.749000,1.01823,1.0182,120000,4040000
2022-08-18 12:26:46.852000,1.01824,1.01818,4140000,4940000
2022-08-18 12:26:46.954000,1.01824,1.01819,540000,3600000
2022-08-18 12:26:47.056000,1.01824,1.01818,4140000,4940000
2022-08-18 12:26:47.319000,1.01824,1.01819,3600000,440000
2022-08-18 12:26:48.324000,1.01825,1.01819,5480000,4940000
2022-08-18 12:26:48.426000,1.01825,1.0182,120000,4040000
2022-08-18 12:26:48.935000,1.01825,1.01819,4140000,4940000
2022-08-18 12:26:49.372000,1.01821,1.01817,4140000,440000
2022-08-18 12:26:49.577000,1.01822,1.01818,120000,3600000
2022-08-18 12:26:49.680000,1.01821,1.01817,7640000,440000
2022-08-18 12:26:49.782000,1.01816,1.01814,900000,4500000
2022-08-18 12:26:49.935000,1.01816,1.01812,900000,4140000
2022-08-18 12:26:50.242000,1.01816,1.01813,900000,4040000
2022-08-18 12:26:50.572000,1.0182,1.01816,2210000,440000
2022-08-18 12:26:50.674000,1.01821,1.01816,2290000,4040000
2022-08-18 12:26:50.777000,1.0182,1.01815,3600000,440000
2022-08-18 12:26:51.276000,1.01818,1.01816,3600000,440000
2022-08-18 12:26:51.378000,1.01819,1.01814,3600000,1340000
2022-08-18 12:26:53.012000,1.0182,1.01816,3600000,440000
2022-08-18 12:26:53.114000,1.01821,1.01816,3680000,900000
2022-08-18 12:26:53.521000,1.01819,1.01815,120000,440000
2022-08-18 12:26:53.623000,1.01819,1.01814,540000,4940000
2022-08-18 12:26:54.911000,1.0182,1.01816,3600000,440000
2022-08-18 12:26:55.013000,1.01821,1.01816,540000,4040000
2022-08-18 12:26:55.319000,1.01822,1.01816,6350000,7200000
2022-08-18 12:26:55.421000,1.01824,1.01819,230000,4940000
2022-08-18 12:26:55.524000,1.01825,1.01819,7690000,4040000
2022-08-18 12:26:57.272000,1.01824,1.01819,3600000,440000
2022-08-18 12:26:57.613000,1.01825,1.01819,8820000,4040000
2022-08-18 12:26:58.050000,1.01822,1.01818,120000,3600000
2022-08-18 12:26:58.153000,1.01823,1.01817,7150000,4040000
2022-08-18 12:26:58.255000,1.01823,1.01818,670000,3600000
2022-08-18 12:26:58.357000,1.01822,1.01818,4040000,4040000
2022-08-18 12:26:59.083000,1.01822,1.01817,540000,3600000
2022-08-18 12:26:59.186000,1.0182,1.01817,3680000,1340000
2022-08-18 12:26:59.288000,1.01822,1.01817,6350000,900000
2022-08-18 12:26:59.390000,1.01821,1.01817,3680000,440000
2022-08-18 12:26:59.598000,1.01821,1.01815,3680000,3600000
2022-08-18 12:27:00.066000,1.01818,1.01815,120000,3600000
2022-08-18 12:27:00.118000,1.01818,1.01813,120000,4040000
2022-08-18 12:27:00.220000,1.0182,1.01816,230000,7280000
2022-08-18 12:27:00.322000,1.01822,1.01818,120000,4040000
2022-08-18 12:27:00.635000,1.01823,1.01821,120000,5400000
2022-08-18 12:27:01.172000,1.01826,1.01822,120000,440000
2022-08-18 12:27:01.274000,1.01829,1.01824,10390000,440000
2022-08-18 12:27:01.447000,1.01831,1.01826,1440000,3600000
2022-08-18 12:27:01.549000,1.0183,1.01825,120000,4040000
2022-08-18 12:27:02.302000,1.01829,1.01827,120000,4040000
2022-08-18 12:27:02.756000,1.0183,1.01827,120000,4040000
2022-08-18 12:27:02.858000,1.01832,1.01827,5480000,1340000
2022-08-18 12:27:03.164000,1.01832,1.01828,900000,440000
2022-08-18 12:27:03.765000,1.01832,1.01829,900000,440000
2022-08-18 12:27:03.904000,1.01832,1.0183,900000,440000
2022-08-18 12:27:03.955000,1.01834,1.01832,2210000,440000
2022-08-18 12:27:04.057000,1.01836,1.01832,120000,440000
2022-08-18 12:27:04.159000,1.01836,1.01831,120000,4040000
2022-08-18 12:27:04.567000,1.01836,1.0183,5040000,4040000
2022-08-18 12:27:04.943000,1.01836,1.01832,3600000,2340000
2022-08-18 12:27:06.036000,1.01837,1.01831,4140000,4040000
2022-08-18 12:27:06.138000,1.01836,1.01832,120000,3600000
2022-08-18 12:27:06.782000,1.01832,1.0183,900000,2930000
2022-08-18 12:27:06.884000,1.01832,1.01829,900000,5040000
2022-08-18 12:27:06.986000,1.01832,1.0183,900000,440000
2022-08-18 12:27:08.109000,1.01832,1.01829,900000,5040000
2022-08-18 12:27:08.224000,1.01832,1.01828,900000,3370000
2022-08-18 12:27:11.752000,1.01832,1.01827,900000,4500000
2022-08-18 12:27:11.855000,1.01828,1.01824,4040000,4730000
2022-08-18 12:27:11.957000,1.01829,1.01824,4140000,4500000
2022-08-18 12:27:12.059000,1.01829,1.01823,4140000,5170000
2022-08-18 12:27:12.313000,1.01829,1.01825,4040000,900000
2022-08-18 12:27:12.365000,1.01832,1.01827,7250000,6740000
2022-08-18 12:27:12.467000,1.01832,1.01828,3680000,440000
2022-08-18 12:27:12.569000,1.01833,1.01827,4140000,6070000
2022-08-18 12:27:12.881000,1.01834,1.0183,2290000,2030000
2022-08-18 12:27:12.984000,1.01834,1.01829,3680000,1570000
2022-08-18 12:27:13.086000,1.01834,1.01828,4140000,4730000
2022-08-18 12:27:13.238000,1.01832,1.01829,3600000,1130000
2022-08-18 12:27:13.340000,1.01834,1.01828,4140000,4730000
2022-08-18 12:27:13.442000,1.01834,1.01829,4140000,1130000
2022-08-18 12:27:13.545000,1.01834,1.01828,4140000,4730000
2022-08-18 12:27:13.910000,1.01833,1.01827,4580000,4730000
2022-08-18 12:27:14.012000,1.01833,1.01828,3680000,440000
2022-08-18 12:27:14.573000,1.01833,1.01827,4580000,5630000
2022-08-18 12:27:14.795000,1.01832,1.01827,440000,5630000
2022-08-18 12:27:14.898000,1.01833,1.01827,4580000,5170000
2022-08-18 12:27:15.755000,1.01832,1.01827,440000,3830000
2022-08-18 12:27:15.857000,1.01833,1.01828,5890000,440000
2022-08-18 12:27:16.010000,1.01833,1.01827,4140000,5630000
2022-08-18 12:27:16.111000,1.01832,1.01827,440000,4270000
2022-08-18 12:27:16.403000,1.01833,1.01828,3680000,440000
2022-08-18 12:27:16.505000,1.01833,1.01827,4140000,4270000
2022-08-18 12:27:16.658000,1.01833,1.01828,3680000,440000
2022-08-18 12:27:17.458000,1.01834,1.0183,2290000,1800000
2022-08-18 12:27:18.361000,1.01835,1.0183,120000,7070000
2022-08-18 12:27:18.463000,1.01834,1.01829,120000,5940000
2022-08-18 12:27:19.844000,1.01834,1.0183,120000,1340000
2022-08-18 12:27:19.948000,1.01834,1.01829,120000,9540000
2022-08-18 12:27:20.050000,1.01836,1.01832,2290000,440000
2022-08-18 12:27:20.152000,1.01835,1.01831,120000,1130000
2022-08-18 12:27:20.255000,1.01835,1.01833,120000,4040000
2022-08-18 12:27:20.459000,1.01836,1.01833,120000,3600000
2022-08-18 12:27:20.561000,1.01835,1.01833,120000,5170000
2022-08-18 12:27:20.663000,1.01836,1.01833,120000,230000
2022-08-18 12:27:20.816000,1.01837,1.01834,120000,3600000
2022-08-18 12:27:20.918000,1.01837,1.01833,120000,4270000
2022-08-18 12:27:21.071000,1.01839,1.01834,540000,3600000
2022-08-18 12:27:21.958000,1.01839,1.01837,3680000,230000
2022-08-18 12:27:22.009000,1.0184,1.01835,120000,7970000
2022-08-18 12:27:22.111000,1.01841,1.01836,3680000,540000
2022-08-18 12:27:22.213000,1.0184,1.01835,120000,5940000
2022-08-18 12:27:22.315000,1.0184,1.01836,120000,1130000
2022-08-18 12:27:22.519000,1.0184,1.01835,120000,5480000
2022-08-18 12:27:24.311000,1.0184,1.01836,120000,4500000
2022-08-18 12:27:24.617000,1.0184,1.01835,120000,9310000
2022-08-18 12:27:24.735000,1.0184,1.01836,120000,230000
2022-08-18 12:27:25.178000,1.01839,1.01836,120000,7740000
2022-08-18 12:27:25.280000,1.01841,1.01837,120000,2240000
2022-08-18 12:27:25.433000,1.01841,1.01836,540000,5710000
2022-08-18 12:27:25.586000,1.01839,1.01837,120000,4730000
2022-08-18 12:27:27.369000,1.01839,1.01834,120000,10800000
2022-08-18 12:27:29.433000,1.01839,1.01835,120000,440000
2022-08-18 12:27:29.535000,1.01839,1.01834,4140000,120000
2022-08-18 12:27:30.899000,1.01835,1.01833,120000,440000
2022-08-18 12:27:30.950000,1.01834,1.01832,120000,3830000
2022-08-18 12:27:31.053000,1.01836,1.01832,120000,3600000
2022-08-18 12:27:31.257000,1.01835,1.01831,5040000,230000
2022-08-18 12:27:31.359000,1.01834,1.0183,120000,440000
2022-08-18 12:27:31.579000,1.01835,1.0183,4140000,230000
2022-08-18 12:27:31.681000,1.01835,1.01831,120000,230000
2022-08-18 12:27:32.060000,1.01835,1.0183,120000,4270000
2022-08-18 12:27:32.214000,1.01834,1.0183,440000,5170000
2022-08-18 12:27:32.418000,1.01833,1.0183,3600000,440000
2022-08-18 12:27:32.520000,1.01833,1.01827,4040000,4940000
2022-08-18 12:27:32.673000,1.01833,1.01828,4040000,900000
2022-08-18 12:27:33.102000,1.01834,1.01828,5480000,4940000
2022-08-18 12:27:33.239000,1.01833,1.01828,3600000,1340000
2022-08-18 12:27:33.465000,1.01834,1.01828,7690000,4940000
2022-08-18 12:27:33.567000,1.01833,1.01828,440000,4040000
2022-08-18 12:27:33.720000,1.01832,1.01828,440000,440000
2022-08-18 12:27:33.822000,1.01832,1.01827,4140000,900000
2022-08-18 12:27:34.077000,1.01833,1.01827,4140000,6530000
2022-08-18 12:27:34.803000,1.01832,1.01827,4580000,900000
2022-08-18 12:27:34.956000,1.01832,1.01829,6350000,440000
2022-08-18 12:27:35.109000,1.01834,1.01831,2210000,5840000
2022-08-18 12:27:35.161000,1.01836,1.01832,2290000,3600000
2022-08-18 12:27:35.212000,1.01835,1.0183,120000,5400000
2022-08-18 12:27:35.315000,1.01834,1.0183,4140000,6970000
2022-08-18 12:27:35.467000,1.01835,1.01832,4140000,230000
2022-08-18 12:27:35.519000,1.01835,1.01829,4140000,6530000
2022-08-18 12:27:36.221000,1.01834,1.01829,4040000,440000
2022-08-18 12:27:36.528000,1.01835,1.01831,3680000,2030000
2022-08-18 12:27:36.630000,1.01836,1.01831,540000,4730000
2022-08-18 12:27:37.296000,1.01837,1.01833,2290000,4040000
2022-08-18 12:27:38.196000,1.01837,1.01831,4580000,7640000
2022-08-18 12:27:38.349000,1.01836,1.01831,120000,4040000
2022-08-18 12:27:38.626000,1.01836,1.0183,5480000,5170000
2022-08-18 12:27:38.729000,1.01834,1.01831,5400000,1340000
2022-08-18 12:27:43.266000,1.01836,1.01832,120000,3600000
2022-08-18 12:27:43.374000,1.01836,1.01831,120000,6970000
2022-08-18 12:27:44.971000,1.01836,1.01832,120000,4730000
2022-08-18 12:27:45.074000,1.01839,1.01836,2650000,1340000
2022-08-18 12:27:45.177000,1.0184,1.01836,120000,4730000
2022-08-18 12:27:48.375000,1.01841,1.01837,120000,900000
2022-08-18 12:27:48.478000,1.01841,1.0184,120000,230000
2022-08-18 12:27:48.580000,1.01841,1.01837,120000,2930000
2022-08-18 12:27:48.682000,1.0184,1.01836,5040000,2470000
2022-08-18 12:27:48.784000,1.01839,1.01834,120000,7510000
2022-08-18 12:27:49.039000,1.01839,1.01833,4580000,6740000
2022-08-18 12:27:49.142000,1.01838,1.01833,4580000,2470000
2022-08-18 12:27:50.231000,1.01837,1.01832,440000,3600000
2022-08-18 12:27:50.333000,1.01837,1.01833,440000,3600000
2022-08-18 12:27:50.435000,1.01839,1.01834,1440000,3600000
2022-08-18 12:27:50.538000,1.01839,1.01833,5040000,4140000
2022-08-18 12:27:50.925000,1.01839,1.01834,540000,3600000
2022-08-18 12:27:51.530000,1.01839,1.01833,4140000,6610000
2022-08-18 12:27:52.340000,1.01839,1.01837,440000,230000
2022-08-18 12:27:52.442000,1.01839,1.01836,440000,4140000
2022-08-18 12:27:52.544000,1.01841,1.01836,3680000,540000
2022-08-18 12:27:52.596000,1.01839,1.01834,120000,4500000
2022-08-18 12:27:53.115000,1.01839,1.01835,120000,440000
2022-08-18 12:27:54.389000,1.01839,1.01836,120000,440000
2022-08-18 12:27:54.541000,1.01839,1.01835,120000,440000
2022-08-18 12:27:55.109000,1.01839,1.01836,120000,4140000
2022-08-18 12:28:00.069000,1.01839,1.01835,120000,3600000
2022-08-18 12:28:00.172000,1.01839,1.01834,540000,6170000
2022-08-18 12:28:00.274000,1.0184,1.01835,3680000,2340000
2022-08-18 12:28:01.078000,1.01841,1.01837,3680000,900000
2022-08-18 12:28:01.281000,1.01841,1.01836,120000,5480000
2022-08-18 12:28:02.218000,1.0184,1.01836,120000,4040000
2022-08-18 12:28:02.583000,1.01841,1.01836,4140000,540000
2022-08-18 12:28:02.685000,1.01844,1.01842,2290000,670000
2022-08-18 12:28:02.788000,1.01845,1.0184,120000,4040000
2022-08-18 12:28:04.711000,1.01845,1.01839,4140000,6070000
2022-08-18 12:28:04.813000,1.01845,1.0184,120000,4040000
2022-08-18 12:28:06.518000,1.01845,1.01839,4140000,5170000
2022-08-18 12:28:06.621000,1.01845,1.0184,120000,5840000
2022-08-18 12:28:09.185000,1.01844,1.01839,440000,4270000
2022-08-18 12:28:09.337000,1.01845,1.01839,7250000,4270000
2022-08-18 12:28:09.714000,1.01844,1.01839,440000,3830000
2022-08-18 12:28:10.774000,1.01845,1.01839,6350000,4730000
2022-08-18 12:28:10.947000,1.01845,1.01841,120000,440000
2022-08-18 12:28:12.113000,1.01845,1.01842,120000,670000
2022-08-18 12:28:12.367000,1.01845,1.01843,120000,1570000
2022-08-18 12:28:12.639000,1.01846,1.01841,120000,6740000
2022-08-18 12:28:13.642000,1.01845,1.0184,120000,5170000
2022-08-18 12:28:17.800000,1.01843,1.01839,120000,4500000
2022-08-18 12:28:17.902000,1.01843,1.01838,540000,6070000
2022-08-18 12:28:18.539000,1.01843,1.01837,4140000,5400000
2022-08-18 12:28:18.866000,1.01843,1.01838,540000,3600000
2022-08-18 12:28:19.362000,1.01842,1.01837,4140000,440000
2022-08-18 12:28:19.464000,1.01843,1.01838,540000,4940000
2022-08-18 12:28:21.600000,1.01842,1.01838,440000,4940000
2022-08-18 12:28:23.242000,1.01842,1.01839,440000,900000
2022-08-18 12:28:23.294000,1.01845,1.01841,120000,2030000
2022-08-18 12:28:23.406000,1.01846,1.01842,120000,6070000
2022-08-18 12:28:26.375000,1.01845,1.0184,120000,5630000
2022-08-18 12:28:26.477000,1.01843,1.0184,900000,3600000
2022-08-18 12:28:27.338000,1.01842,1.01838,1440000,3600000
2022-08-18 12:28:27.389000,1.01842,1.01836,5040000,6530000
2022-08-18 12:28:27.492000,1.0184,1.01836,120000,4500000
2022-08-18 12:28:27.594000,1.01838,1.01833,980000,3600000
2022-08-18 12:28:27.747000,1.01837,1.01832,440000,6070000
2022-08-18 12:28:27.849000,1.01838,1.01832,5040000,4270000
2022-08-18 12:28:28.053000,1.01838,1.01833,1440000,3600000
2022-08-18 12:28:28.156000,1.01838,1.01832,5040000,4270000
2022-08-18 12:28:28.562000,1.01838,1.01833,540000,3830000
2022-08-18 12:28:28.665000,1.01838,1.01832,4140000,5630000
2022-08-18 12:28:28.900000,1.01837,1.01834,540000,3600000
2022-08-18 12:28:29.002000,1.01838,1.01832,5040000,4270000
2022-08-18 12:28:29.105000,1.01838,1.01833,540000,4810000
2022-08-18 12:28:29.207000,1.01838,1.01832,4140000,5270000
2022-08-18 12:28:29.411000,1.01838,1.01833,5040000,230000
2022-08-18 12:28:30.288000,1.01837,1.01835,120000,3600000
2022-08-18 12:28:30.390000,1.01838,1.01833,980000,3680000
2022-08-18 12:28:30.594000,1.01838,1.01832,3680000,4270000
2022-08-18 12:28:30.747000,1.01838,1.01833,120000,3600000
2022-08-18 12:28:30.849000,1.01838,1.01832,4140000,4270000
2022-08-18 12:28:30.951000,1.01837,1.01832,440000,3830000
2022-08-18 12:28:31.077000,1.01838,1.01833,540000,3600000
2022-08-18 12:28:31.179000,1.01838,1.01832,4140000,3830000
2022-08-18 12:28:31.433000,1.01838,1.01833,540000,3600000
2022-08-18 12:28:31.535000,1.01835,1.01832,900000,3600000
2022-08-18 12:28:31.638000,1.01823,1.01822,120000,1340000
2022-08-18 12:28:31.740000,1.01822,1.0182,120000,4500000
2022-08-18 12:28:31.893000,1.01822,1.01818,120000,900000
2022-08-18 12:28:32.363000,1.01821,1.01818,120000,5480000
2022-08-18 12:28:32.465000,1.01822,1.01818,120000,4040000
2022-08-18 12:28:33.310000,1.01823,1.01819,900000,900000
2022-08-18 12:28:33.361000,1.01822,1.01817,8640000,900000
2022-08-18 12:28:33.413000,1.01822,1.01819,310000,900000
2022-08-18 12:28:33.515000,1.01823,1.01817,4140000,4940000
2022-08-18 12:28:33.617000,1.01824,1.01819,1440000,4500000
2022-08-18 12:28:34.398000,1.01823,1.01818,120000,3600000
2022-08-18 12:28:34.552000,1.01823,1.01817,5040000,3600000
2022-08-18 12:28:34.755000,1.01823,1.01818,980000,3600000
2022-08-18 12:28:35.037000,1.01823,1.01817,4140000,6300000
2022-08-18 12:28:35.190000,1.01821,1.01818,2240000,3600000
2022-08-18 12:28:35.242000,1.0182,1.01816,2240000,4040000
2022-08-18 12:28:35.344000,1.0182,1.01815,2240000,4040000
2022-08-18 12:28:36.107000,1.01819,1.01814,540000,4040000
2022-08-18 12:28:36.210000,1.01819,1.01813,4140000,4500000
2022-08-18 12:28:36.312000,1.01818,1.01813,440000,4040000
2022-08-18 12:28:37.263000,1.01817,1.01813,900000,440000
2022-08-18 12:28:37.315000,1.01815,1.01812,2240000,3600000
2022-08-18 12:28:37.366000,1.01817,1.01812,4940000,900000
2022-08-18 12:28:37.418000,1.01819,1.01815,7610000,900000
2022-08-18 12:28:37.520000,1.01819,1.01814,4580000,1340000
2022-08-18 12:28:38.919000,1.01818,1.01813,4040000,2240000
2022-08-18 12:28:40.064000,1.01817,1.01813,120000,3600000
2022-08-18 12:28:40.318000,1.01816,1.01813,120000,5040000
2022-08-18 12:28:40.420000,1.01817,1.01813,120000,3600000
2022-08-18 12:28:40.624000,1.01817,1.01812,120000,5940000
2022-08-18 12:28:41.523000,1.01817,1.01813,120000,3600000
2022-08-18 12:28:41.704000,1.01817,1.01812,120000,6840000
2022-08-18 12:28:46.087000,1.01817,1.01813,120000,3600000
2022-08-18 12:28:47.200000,1.01817,1.01812,120000,6840000
2022-08-18 12:28:47.588000,1.01817,1.01813,120000,440000
2022-08-18 12:28:47.892000,1.01819,1.01817,440000,2340000
2022-08-18 12:28:47.943000,1.01821,1.01818,2210000,440000
2022-08-18 12:28:48.045000,1.01821,1.01817,120000,4040000
2022-08-18 12:28:48.198000,1.01821,1.01818,120000,3600000
2022-08-18 12:28:48.817000,1.01822,1.01818,120000,3600000
2022-08-18 12:28:48.919000,1.01822,1.01817,120000,4140000
2022-08-18 12:28:51.329000,1.01822,1.01819,120000,5040000
2022-08-18 12:28:51.431000,1.01823,1.01817,4140000,4500000
2022-08-18 12:28:51.937000,1.01823,1.01818,120000,4040000
2022-08-18 12:28:54.790000,1.01823,1.01819,120000,4500000
2022-08-18 12:28:54.842000,1.01826,1.01822,2210000,1440000
2022-08-18 12:28:54.944000,1.01825,1.0182,540000,3600000
2022-08-18 12:28:58.113000,1.01824,1.01818,5040000,6740000
2022-08-18 12:28:59.601000,1.01823,1.01818,440000,5400000
2022-08-18 12:28:59.706000,1.01824,1.01818,4140000,5840000
2022-08-18 12:29:02.427000,1.01822,1.01819,120000,3600000
2022-08-18 12:29:03.797000,1.01823,1.01817,3680000,4500000
2022-08-18 12:29:03.899000,1.01823,1.01818,120000,3600000
2022-08-18 12:29:04.052000,1.01823,1.01817,3680000,4500000
2022-08-18 12:29:05.282000,1.01823,1.01818,3680000,540000
2022-08-18 12:29:05.536000,1.01823,1.01819,120000,3600000
2022-08-18 12:29:06.760000,1.01823,1.01818,120000,4140000
2022-08-18 12:29:07.734000,1.01826,1.01821,3680000,3240000
2022-08-18 12:29:10.095000,1.01826,1.0182,3680000,4500000
2022-08-18 12:29:10.350000,1.01825,1.01819,3600000,4580000
2022-08-18 12:29:10.697000,1.01826,1.0182,4580000,3600000
2022-08-18 12:29:11.570000,1.01824,1.0182,120000,3600000
2022-08-18 12:29:11.672000,1.01824,1.01819,120000,5480000
2022-08-18 12:29:11.885000,1.01824,1.0182,120000,3600000
2022-08-18 12:29:11.987000,1.01825,1.0182,120000,3680000
2022-08-18 12:29:12.160000,1.01825,1.01821,120000,3600000
2022-08-18 12:29:12.262000,1.01825,1.0182,120000,4580000
2022-08-18 12:29:12.364000,1.01825,1.01821,120000,3600000
2022-08-18 12:29:12.466000,1.01825,1.0182,120000,5480000
2022-08-18 12:29:14.005000,1.01825,1.01821,120000,3600000
2022-08-18 12:29:14.107000,1.01825,1.0182,120000,3680000
2022-08-18 12:29:14.906000,1.01825,1.01821,120000,3600000
2022-08-18 12:29:15.140000,1.01824,1.01821,120000,4580000
2022-08-18 12:29:15.585000,1.01826,1.01822,3600000,670000
2022-08-18 12:29:15.637000,1.01828,1.01823,2290000,4040000
2022-08-18 12:29:17.288000,1.01828,1.01822,3680000,6300000
2022-08-18 12:29:18.685000,1.01828,1.01823,3680000,440000
2022-08-18 12:29:20.370000,1.01828,1.01824,3600000,440000
2022-08-18 12:29:20.422000,1.01828,1.01822,3600000,6300000
2022-08-18 12:29:20.695000,1.01828,1.01823,3600000,1800000
2022-08-18 12:29:20.797000,1.01829,1.01823,3680000,3600000
2022-08-18 12:29:20.950000,1.01829,1.01824,120000,3600000
2022-08-18 12:29:21.001000,1.01827,1.01823,3600000,6300000
2022-08-18 12:29:21.940000,1.01829,1.01823,3680000,3600000
2022-08-18 12:29:24.197000,1.01827,1.01822,3600000,120000
2022-08-18 12:29:24.300000,1.01828,1.01822,3680000,4580000
2022-08-18 12:29:25.074000,1.01828,1.01823,3680000,120000
2022-08-18 12:29:27.403000,1.01828,1.01824,3600000,120000
2022-08-18 12:29:27.454000,1.0183,1.01824,4580000,3680000
2022-08-18 12:29:27.865000,1.01828,1.01823,3600000,120000
2022-08-18 12:29:27.967000,1.01827,1.01822,3600000,3680000
2022-08-18 12:29:28.222000,1.01826,1.01822,5480000,2700000
2022-08-18 12:29:28.325000,1.01824,1.01821,1340000,900000
2022-08-18 12:29:28.376000,1.01824,1.01819,3600000,980000
2022-08-18 12:29:28.479000,1.01825,1.01819,4580000,4580000
2022-08-18 12:29:28.581000,1.01824,1.01819,3600000,120000
2022-08-18 12:29:29.425000,1.01822,1.01818,310000,3600000
2022-08-18 12:29:29.528000,1.01819,1.01814,120000,3680000
2022-08-18 12:29:29.681000,1.01818,1.01816,4040000,900000
2022-08-18 12:29:29.733000,1.0182,1.01818,2210000,120000
2022-08-18 12:29:29.784000,1.0182,1.01816,2210000,1440000
2022-08-18 12:29:29.887000,1.0182,1.01815,3600000,120000
2022-08-18 12:29:32.422000,1.0182,1.01814,3680000,3680000
2022-08-18 12:29:35.324000,1.01817,1.01814,3600000,900000
2022-08-18 12:29:35.426000,1.01819,1.01813,3600000,4940000
2022-08-18 12:29:35.966000,1.01818,1.01815,3600000,900000
2022-08-18 12:29:36.068000,1.01819,1.01813,3600000,4940000
2022-08-18 12:29:36.348000,1.0182,1.01814,3680000,3600000
2022-08-18 12:29:37.423000,1.01819,1.01813,3600000,5040000
2022-08-18 12:29:37.728000,1.0182,1.01814,4140000,3600000
2022-08-18 12:29:37.880000,1.01819,1.01813,3600000,4580000
2022-08-18 12:29:38.013000,1.0182,1.01814,4140000,3600000
2022-08-18 12:29:38.318000,1.01819,1.01813,3600000,4580000
2022-08-18 12:29:38.420000,1.0182,1.01814,3680000,4500000
2022-08-18 12:29:38.675000,1.0182,1.01815,3680000,440000
2022-08-18 12:29:38.777000,1.0182,1.01814,3680000,4940000
2022-08-18 12:29:39.032000,1.0182,1.01815,120000,3600000
2022-08-18 12:29:39.134000,1.0182,1.01814,3680000,4940000
2022-08-18 12:29:39.522000,1.0182,1.01815,3680000,440000
2022-08-18 12:29:40.048000,1.0182,1.01814,3680000,4940000
2022-08-18 12:29:40.404000,1.0182,1.01815,3680000,440000
2022-08-18 12:29:40.557000,1.0182,1.01814,3680000,4940000
2022-08-18 12:29:40.967000,1.01819,1.01816,3680000,440000
2022-08-18 12:29:41.667000,1.01812,1.01809,4580000,4500000
2022-08-18 12:29:41.871000,1.01813,1.01809,3680000,4500000
2022-08-18 12:29:41.923000,1.01813,1.01807,3680000,4040000
2022-08-18 12:29:42.850000,1.01812,1.01806,4580000,3600000
2022-08-18 12:29:42.952000,1.01811,1.01805,3600000,4140000
2022-08-18 12:29:43.404000,1.01812,1.01806,4580000,3600000
2022-08-18 12:29:43.938000,1.01811,1.01805,4940000,4140000
2022-08-18 12:29:44.539000,1.01808,1.01804,3600000,900000
2022-08-18 12:29:44.590000,1.01808,1.01802,3600000,6610000
2022-08-18 12:29:44.693000,1.0181,1.01804,3600000,4140000
2022-08-18 12:29:44.846000,1.0181,1.01805,900000,3600000
2022-08-18 12:29:44.948000,1.0181,1.01804,4500000,4580000
2022-08-18 12:29:45.406000,1.0181,1.01805,120000,3600000
2022-08-18 12:29:45.457000,1.0181,1.01803,3680000,5480000
2022-08-18 12:29:45.559000,1.01809,1.01803,3600000,5480000
2022-08-18 12:29:46.092000,1.0181,1.01803,4580000,4580000
2022-08-18 12:29:46.194000,1.0181,1.01804,4580000,3600000
2022-08-18 12:29:46.921000,1.01809,1.01803,3600000,980000
2022-08-18 12:29:47.125000,1.0181,1.01804,4580000,3600000
2022-08-18 12:29:47.348000,1.01809,1.01803,3600000,4580000
2022-08-18 12:29:47.912000,1.0181,1.01804,3680000,3600000
2022-08-18 12:29:48.319000,1.01809,1.01803,3600000,6380000
2022-08-18 12:29:48.371000,1.0181,1.01805,120000,3600000
2022-08-18 12:29:51.268000,1.0181,1.01804,3680000,900000
2022-08-18 12:29:51.472000,1.0181,1.01805,120000,3600000
2022-08-18 12:29:51.676000,1.01812,1.01809,2210000,120000
2022-08-18 12:29:51.778000,1.01814,1.01809,3600000,120000
2022-08-18 12:29:52.767000,1.01815,1.01809,3680000,3680000
2022-08-18 12:29:55.347000,1.01807,1.01805,980000,6970000
2022-08-18 12:29:55.399000,1.01803,1.018,3600000,230000
2022-08-18 12:29:55.450000,1.01806,1.01801,3680000,440000
2022-08-18 12:29:55.502000,1.01804,1.01798,4580000,4040000
2022-08-18 12:29:55.604000,1.01805,1.01799,4580000,3600000
2022-08-18 12:29:55.706000,1.01803,1.018,120000,3600000
2022-08-18 12:29:55.809000,1.01805,1.01799,3680000,3600000
2022-08-18 12:29:57.083000,1.01806,1.01802,2210000,440000
2022-08-18 12:29:57.759000,1.01806,1.018,4040000,4940000
2022-08-18 12:29:57.862000,1.01803,1.01799,1340000,3600000
2022-08-18 12:29:57.964000,1.01804,1.018,440000,3600000
2022-08-18 12:29:58.078000,1.01804,1.01799,440000,3600000
2022-08-18 12:29:58.453000,1.01804,1.01798,4040000,440000
2022-08-18 12:29:59.475000,1.01805,1.01802,2650000,440000
2022-08-18 12:29:59.577000,1.01807,1.01802,3600000,440000
2022-08-18 12:29:59.680000,1.01809,1.01802,4040000,440000
2022-08-18 12:30:00.019000,1.01807,1.01802,3600000,440000
2022-08-18 12:30:00.121000,1.01808,1.01802,440000,440000
2022-08-18 12:30:00.883000,1.01806,1.01802,3600000,440000
2022-08-18 12:30:01.089000,1.01803,1.01798,3600000,440000
2022-08-18 12:30:01.191000,1.01804,1.01796,440000,4500000
2022-08-18 12:30:01.293000,1.01803,1.01796,3600000,4500000
2022-08-18 12:30:01.522000,1.01803,1.01797,3600000,900000
2022-08-18 12:30:01.573000,1.01806,1.01798,1130000,900000
2022-08-18 12:30:01.624000,1.01808,1.018,3600000,3600000
2022-08-18 12:30:01.727000,1.01808,1.01801,440000,3600000
2022-08-18 12:30:01.841000,1.01809,1.01799,440000,3600000
2022-08-18 12:30:02.339000,1.01811,1.01807,2210000,3600000
2022-08-18 12:30:02.449000,1.01812,1.01808,4500000,3600000
2022-08-18 12:30:02.704000,1.01817,1.01808,5170000,3600000
2022-08-18 12:30:03.403000,1.01817,1.01809,900000,1340000
2022-08-18 12:30:03.454000,1.01818,1.01812,3600000,3600000
2022-08-18 12:30:03.556000,1.01819,1.01813,4500000,3600000
2022-08-18 12:30:03.658000,1.01822,1.01816,3600000,3600000
2022-08-18 12:30:04.434000,1.01824,1.01818,4040000,3600000
2022-08-18 12:30:07.167000,1.01823,1.01818,120000,3600000
2022-08-18 12:30:08.535000,1.01818,1.01815,2700000,440000
2022-08-18 12:30:08.586000,1.01815,1.01809,3600000,3600000
2022-08-18 12:30:08.948000,1.01813,1.01808,120000,3600000
2022-08-18 12:30:09.061000,1.01814,1.01809,120000,3600000
2022-08-18 12:30:09.114000,1.01816,1.0181,3680000,3600000
2022-08-18 12:30:12.280000,1.01817,1.01813,3680000,3600000
2022-08-18 12:30:12.382000,1.0182,1.01814,6710000,120000
2022-08-18 12:30:12.485000,1.01821,1.01815,3680000,3600000
2022-08-18 12:30:13.416000,1.0182,1.01815,440000,4040000
2022-08-18 12:30:13.518000,1.01821,1.01816,120000,3600000
2022-08-18 12:30:14.121000,1.0182,1.01815,440000,3600000
2022-08-18 12:30:14.223000,1.01821,1.01815,3680000,3600000
2022-08-18 12:30:15.261000,1.01818,1.01813,440000,3600000
2022-08-18 12:30:16.121000,1.01816,1.01813,120000,3600000
2022-08-18 12:30:16.205000,1.01807,1.01803,440000,4040000
2022-08-18 12:30:16.313000,1.01806,1.01802,3600000,900000
2022-08-18 12:30:16.365000,1.01806,1.018,3600000,8770000
2022-08-18 12:30:16.620000,1.01806,1.01802,3600000,900000
2022-08-18 12:30:16.824000,1.01808,1.01803,3600000,440000
2022-08-18 12:30:17.821000,1.01801,1.01799,2700000,900000
2022-08-18 12:30:17.872000,1.01799,1.01796,4140000,440000
2022-08-18 12:30:17.924000,1.01799,1.01793,4140000,3600000
2022-08-18 12:30:18.077000,1.01798,1.01792,3600000,4040000
2022-08-18 12:30:20.155000,1.01792,1.01789,540000,2470000
2022-08-18 12:30:20.206000,1.01791,1.01787,3600000,4500000
2022-08-18 12:30:20.360000,1.01792,1.01789,3600000,1440000
2022-08-18 12:30:20.411000,1.01793,1.0179,900000,3600000
2022-08-18 12:30:20.463000,1.01796,1.01792,4500000,4940000
2022-08-18 12:30:20.566000,1.01798,1.01793,230000,3600000
2022-08-18 12:30:20.719000,1.01799,1.01793,4140000,3600000
2022-08-18 12:30:20.974000,1.01798,1.01792,3600000,4940000
2022-08-18 12:30:21.025000,1.018,1.01796,230000,3600000
2022-08-18 12:30:21.077000,1.01802,1.01796,4370000,3600000
2022-08-18 12:30:21.128000,1.01799,1.01793,4040000,3600000
2022-08-18 12:30:22.060000,1.01798,1.01793,440000,3600000
2022-08-18 12:30:22.388000,1.01798,1.01792,4040000,3600000
2022-08-18 12:30:23.110000,1.01799,1.01795,5810000,4040000
2022-08-18 12:30:23.416000,1.01799,1.01794,440000,3600000
2022-08-18 12:30:24.496000,1.01798,1.01794,980000,3600000
2022-08-18 12:30:24.548000,1.01784,1.0178,980000,1800000
2022-08-18 12:30:24.599000,1.0178,1.01777,900000,4500000
2022-08-18 12:30:24.702000,1.01775,1.01773,120000,2930000
2022-08-18 12:30:24.804000,1.01776,1.01773,120000,2470000
2022-08-18 12:30:24.907000,1.01775,1.01772,120000,3600000
2022-08-18 12:30:24.958000,1.01775,1.01769,980000,4940000
2022-08-18 12:30:25.061000,1.01771,1.0177,120000,4500000
2022-08-18 12:30:25.112000,1.01772,1.01766,3680000,9460000
2022-08-18 12:30:25.215000,1.01774,1.01768,6350000,3600000
2022-08-18 12:30:25.982000,1.01772,1.01766,3680000,3600000
2022-08-18 12:30:26.084000,1.0177,1.01766,900000,4500000
2022-08-18 12:30:26.186000,1.01768,1.01765,120000,3600000
2022-08-18 12:30:26.289000,1.0176,1.01758,1210000,230000
2022-08-18 12:30:26.341000,1.01758,1.01757,3600000,230000
2022-08-18 12:30:26.392000,1.01754,1.01751,2700000,5400000
2022-08-18 12:30:26.444000,1.01747,1.0174,1440000,120000
2022-08-18 12:30:26.496000,1.01747,1.01743,1440000,8100000
2022-08-18 12:30:26.548000,1.01743,1.0174,540000,2470000
2022-08-18 12:30:26.657000,1.0174,1.01735,900000,4960000
2022-08-18 12:30:26.759000,1.01742,1.01737,5810000,230000
2022-08-18 12:30:26.863000,1.01744,1.01738,3680000,4500000
2022-08-18 12:30:26.967000,1.01744,1.01741,3600000,120000
2022-08-18 12:30:27.069000,1.01746,1.01742,4500000,3600000
2022-08-18 12:30:27.171000,1.01747,1.01742,230000,4500000
2022-08-18 12:30:27.325000,1.01745,1.0174,3600000,540000
2022-08-18 12:30:27.427000,1.01736,1.01734,440000,2930000
2022-08-18 12:30:27.530000,1.01738,1.01734,540000,440000
2022-08-18 12:30:27.683000,1.01737,1.01732,3600000,120000
2022-08-18 12:30:27.785000,1.01741,1.01737,440000,120000
2022-08-18 12:30:27.837000,1.01747,1.01741,1440000,120000
2022-08-18 12:30:27.888000,1.01745,1.01741,440000,900000
2022-08-18 12:30:27.991000,1.01742,1.01737,120000,4500000
2022-08-18 12:30:28.042000,1.0174,1.01737,230000,3600000
2022-08-18 12:30:28.145000,1.0174,1.01736,120000,8100000
2022-08-18 12:30:28.247000,1.01738,1.01732,3680000,4500000
2022-08-18 12:30:28.350000,1.01736,1.01732,120000,4500000
2022-08-18 12:30:28.452000,1.01734,1.01731,3600000,4500000
2022-08-18 12:30:28.504000,1.01736,1.0173,3600000,3680000
2022-08-18 12:30:28.657000,1.01734,1.01728,3680000,5400000
2022-08-18 12:30:28.760000,1.01731,1.01728,3600000,900000
2022-08-18 12:30:28.862000,1.01732,1.01726,4140000,4500000
2022-08-18 12:30:28.965000,1.01729,1.01725,3600000,4500000
2022-08-18 12:30:29.067000,1.01728,1.01724,3680000,4500000
2022-08-18 12:30:29.169000,1.01727,1.01722,120000,3600000
2022-08-18 12:30:29.272000,1.01726,1.01721,3600000,900000
2022-08-18 12:30:29.374000,1.01721,1.01718,120000,440000
2022-08-18 12:30:29.477000,1.01722,1.01716,3680000,3600000
2022-08-18 12:30:29.603000,1.01721,1.01716,3600000,120000
2022-08-18 12:30:29.663000,1.01723,1.01721,230000,980000
2022-08-18 12:30:29.765000,1.01729,1.01723,3600000,4580000
2022-08-18 12:30:29.817000,1.01731,1.01725,7550000,4580000
2022-08-18 12:30:29.919000,1.0173,1.01728,230000,900000
2022-08-18 12:30:29.971000,1.01732,1.01727,120000,4500000
2022-08-18 12:30:30.124000,1.01731,1.01726,120000,4500000
2022-08-18 12:30:30.329000,1.01727,1.01725,120000,4500000
2022-08-18 12:30:30.381000,1.01731,1.01725,3910000,4500000
2022-08-18 12:30:30.534000,1.01734,1.01731,230000,900000
2022-08-18 12:30:30.586000,1.01741,1.01737,4500000,120000
2022-08-18 12:30:30.689000,1.01745,1.01739,11080000,3680000
2022-08-18 12:30:30.740000,1.01745,1.01741,4500000,900000
2022-08-18 12:30:30.843000,1.01748,1.01745,2210000,3680000
2022-08-18 12:30:30.894000,1.0175,1.01748,310000,900000
2022-08-18 12:30:30.946000,1.0175,1.01745,120000,3600000
2022-08-18 12:30:30.997000,1.01747,1.01744,980000,900000
2022-08-18 12:30:31.049000,1.01738,1.01736,120000,900000
2022-08-18 12:30:31.100000,1.01734,1.0173,120000,4500000
2022-08-18 12:30:31.254000,1.01733,1.0173,120000,4500000
2022-08-18 12:30:31.356000,1.01734,1.01729,980000,3600000
2022-08-18 12:30:31.459000,1.01731,1.01729,3600000,120000
2022-08-18 12:30:31.561000,1.01732,1.01727,3600000,1880000
2022-08-18 12:30:31.663000,1.01728,1.01724,120000,4500000
2022-08-18 12:30:31.715000,1.01731,1.01726,310000,3600000
2022-08-18 12:30:31.817000,1.01732,1.01726,3680000,4500000
2022-08-18 12:30:31.970000,1.01732,1.01725,3680000,980000
2022-08-18 12:30:32.073000,1.01732,1.01726,3680000,3600000
2022-08-18 12:30:32.182000,1.01731,1.01726,120000,3600000
2022-08-18 12:30:32.285000,1.0173,1.01724,3600000,4580000
2022-08-18 12:30:32.336000,1.01731,1.01726,120000,4500000
2022-08-18 12:30:32.489000,1.0173,1.01724,3600000,4580000
2022-08-18 12:30:32.592000,1.0173,1.01725,3600000,900000
2022-08-18 12:30:32.694000,1.01731,1.01725,3680000,4500000
2022-08-18 12:30:32.796000,1.01731,1.01724,2290000,5480000
2022-08-18 12:30:32.899000,1.0173,1.01725,3600000,900000
2022-08-18 12:30:33.001000,1.01731,1.01725,3680000,3600000
2022-08-18 12:30:33.168000,1.0173,1.01724,3600000,3680000
2022-08-18 12:30:33.270000,1.01729,1.01724,120000,3600000
2022-08-18 12:30:33.373000,1.0173,1.01724,3680000,3680000
2022-08-18 12:30:33.475000,1.01726,1.01725,120000,3600000
2022-08-18 12:30:33.527000,1.01724,1.01721,120000,440000
2022-08-18 12:30:33.630000,1.01725,1.01719,3600000,3600000
2022-08-18 12:30:33.783000,1.01726,1.0172,5810000,3680000
2022-08-18 12:30:33.885000,1.01725,1.0172,3600000,120000
2022-08-18 12:30:33.987000,1.01725,1.01719,3600000,3680000
2022-08-18 12:30:34.090000,1.01724,1.01719,900000,3600000
2022-08-18 12:30:34.142000,1.0172,1.01719,120000,4940000
2022-08-18 12:30:34.245000,1.0172,1.01719,3600000,6970000
2022-08-18 12:30:34.347000,1.0172,1.01719,3600000,3680000
2022-08-18 12:30:34.754000,1.01718,1.01717,3600000,120000
2022-08-18 12:30:34.857000,1.0172,1.01719,2210000,3680000
2022-08-18 12:30:34.960000,1.01722,1.01719,4500000,3680000
2022-08-18 12:30:35.011000,1.01724,1.01719,900000,3600000
2022-08-18 12:30:35.063000,1.01723,1.01717,4580000,3680000
2022-08-18 12:30:35.114000,1.0172,1.01716,3600000,4500000
2022-08-18 12:30:35.216000,1.01719,1.01716,230000,4500000
2022-08-18 12:30:35.268000,1.01718,1.01713,3600000,120000
2022-08-18 12:30:35.370000,1.01718,1.01712,3600000,3680000
2022-08-18 12:30:35.422000,1.0172,1.01716,230000,4500000
2022-08-18 12:30:35.473000,1.0172,1.01714,3830000,3680000
2022-08-18 12:30:35.575000,1.0172,1.01715,230000,3600000
2022-08-18 12:30:35.678000,1.01722,1.01719,2210000,980000
2022-08-18 12:30:35.780000,1.01724,1.0172,2440000,120000
2022-08-18 12:30:35.882000,1.01725,1.01719,3600000,3680000
2022-08-18 12:30:36.036000,1.01726,1.0172,670000,3600000
2022-08-18 12:30:36.139000,1.01725,1.01721,230000,120000
2022-08-18 12:30:36.241000,1.01725,1.01719,4500000,3600000
2022-08-18 12:30:36.344000,1.01722,1.01718,3600000,440000
2022-08-18 12:30:36.446000,1.01723,1.01717,5040000,3600000
2022-08-18 12:30:36.603000,1.01722,1.01717,230000,3600000
2022-08-18 12:30:36.938000,1.01723,1.01717,5270000,3600000
2022-08-18 12:30:37.041000,1.0172,1.01717,230000,3600000
2022-08-18 12:30:37.092000,1.01716,1.01713,900000,10570000
2022-08-18 12:30:37.144000,1.01718,1.01713,6610000,4500000
2022-08-18 12:30:37.195000,1.01712,1.01709,1800000,3600000
2022-08-18 12:30:37.247000,1.01712,1.01706,4500000,8100000
2022-08-18 12:30:37.298000,1.0171,1.01706,3600000,4500000
2022-08-18 12:30:37.350000,1.01704,1.01702,980000,2470000
2022-08-18 12:30:37.452000,1.01703,1.01697,4140000,4040000
2022-08-18 12:30:37.504000,1.01705,1.017,2210000,3600000
2022-08-18 12:30:37.555000,1.01704,1.01698,3600000,3600000
2022-08-18 12:30:37.658000,1.01703,1.017,980000,3600000
2022-08-18 12:30:37.709000,1.01702,1.01696,3680000,3600000
2022-08-18 12:30:37.812000,1.01699,1.01696,440000,3600000
2022-08-18 12:30:37.863000,1.01701,1.01697,4580000,3600000
2022-08-18 12:30:37.966000,1.01702,1.01695,6350000,3600000
2022-08-18 12:30:38.017000,1.017,1.01694,3600000,3600000
2022-08-18 12:30:38.069000,1.01703,1.017,8100000,120000
2022-08-18 12:30:38.171000,1.01705,1.01699,3830000,3600000
2022-08-18 12:30:38.273000,1.01704,1.01699,3600000,120000
2022-08-18 12:30:38.427000,1.01703,1.01699,230000,3680000
2022-08-18 12:30:38.580000,1.01703,1.017,230000,3600000
2022-08-18 12:30:38.631000,1.01703,1.01698,230000,3680000
2022-08-18 12:30:38.733000,1.01702,1.017,230000,3600000
2022-08-18 12:30:38.785000,1.01705,1.01699,3830000,3600000
2022-08-18 12:30:38.836000,1.01703,1.01698,3600000,120000
2022-08-18 12:30:39.142000,1.01703,1.017,3600000,120000
2022-08-18 12:30:39.193000,1.01705,1.01703,2210000,120000
2022-08-18 12:30:39.245000,1.01709,1.01706,8050000,4040000
2022-08-18 12:30:39.296000,1.01707,1.01705,230000,1340000
2022-08-18 12:30:39.348000,1.01714,1.01709,900000,120000
2022-08-18 12:30:39.450000,1.01714,1.01712,900000,120000
2022-08-18 12:30:39.501000,1.01718,1.01714,5400000,1340000
2022-08-18 12:30:39.553000,1.01719,1.01718,2210000,540000
2022-08-18 12:30:39.605000,1.01725,1.01722,900000,3680000
2022-08-18 12:30:39.707000,1.01725,1.01722,4600000,3600000
2022-08-18 12:30:39.809000,1.01726,1.0172,3680000,3600000
2022-08-18 12:30:39.860000,1.01726,1.01722,230000,3680000
2022-08-18 12:30:39.912000,1.01729,1.01723,4810000,3600000
2022-08-18 12:30:40.546000,1.01727,1.01721,3600000,3680000
2022-08-18 12:30:40.649000,1.01728,1.01722,3600000,3680000
2022-08-18 12:30:40.751000,1.01729,1.01723,4040000,3600000
2022-08-18 12:30:41.006000,1.01729,1.01727,440000,120000
2022-08-18 12:30:41.108000,1.0173,1.01727,900000,3600000
2022-08-18 12:30:41.160000,1.01735,1.01731,230000,3600000
2022-08-18 12:30:41.211000,1.01732,1.01726,4040000,3680000
2022-08-18 12:30:41.263000,1.01733,1.01729,120000,3600000
2022-08-18 12:30:41.315000,1.01731,1.01726,1340000,3600000
2022-08-18 12:30:41.418000,1.01729,1.01723,3600000,6170000
2022-08-18 12:30:41.520000,1.01728,1.01723,4140000,2470000
2022-08-18 12:30:41.572000,1.01728,1.0172,5040000,5040000
2022-08-18 12:30:41.623000,1.01727,1.01723,3600000,3680000
2022-08-18 12:30:41.726000,1.01731,1.01726,5170000,3600000
2022-08-18 12:30:41.828000,1.01731,1.01727,4730000,120000
2022-08-18 12:30:41.931000,1.01732,1.01727,230000,540000
2022-08-18 12:30:42.033000,1.01735,1.01729,3830000,3600000
2022-08-18 12:30:42.135000,1.01735,1.0173,230000,3600000
2022-08-18 12:30:42.187000,1.01734,1.01728,3600000,3680000
2022-08-18 12:30:42.289000,1.01735,1.01729,3600000,3600000
2022-08-18 12:30:42.391000,1.01736,1.0173,4270000,3600000
2022-08-18 12:30:42.494000,1.01735,1.01729,3600000,3600000
2022-08-18 12:30:42.850000,1.01736,1.01732,3600000,120000
2022-08-18 12:30:42.901000,1.0174,1.01737,4960000,120000
2022-08-18 12:30:42.953000,1.01737,1.01733,900000,3680000
2022-08-18 12:30:43.004000,1.0174,1.01735,8100000,120000
2022-08-18 12:30:43.107000,1.01741,1.01737,230000,120000
2022-08-18 12:30:43.209000,1.01743,1.0174,230000,3600000
2022-08-18 12:30:43.363000,1.01745,1.01741,230000,3600000
2022-08-18 12:30:43.414000,1.01747,1.01741,3680000,3600000
2022-08-18 12:30:43.466000,1.01745,1.01739,3600000,3680000
2022-08-18 12:30:43.619000,1.01745,1.0174,3600000,120000
2022-08-18 12:30:43.721000,1.01746,1.0174,3600000,3600000
2022-08-18 12:30:43.976000,1.01745,1.01739,3600000,3680000
2022-08-18 12:30:44.079000,1.01748,1.01743,230000,3600000
2022-08-18 12:30:44.181000,1.01749,1.01745,230000,3680000
2022-08-18 12:30:44.284000,1.01749,1.01746,230000,3600000
2022-08-18 12:30:44.335000,1.01749,1.01744,230000,3600000
2022-08-18 12:30:44.438000,1.01749,1.01747,230000,120000
2022-08-18 12:30:44.542000,1.0175,1.01747,230000,120000
2022-08-18 12:30:44.644000,1.0175,1.01748,230000,120000
2022-08-18 12:30:44.747000,1.01749,1.01745,3600000,440000
2022-08-18 12:30:44.849000,1.01754,1.01749,3340000,120000
2022-08-18 12:30:44.901000,1.01752,1.01748,230000,3680000
2022-08-18 12:30:44.952000,1.01755,1.0175,900000,3680000
2022-08-18 12:30:45.004000,1.01756,1.01754,2440000,120000
2022-08-18 12:30:45.055000,1.01757,1.01752,4500000,3680000
2022-08-18 12:30:45.107000,1.01755,1.01752,900000,3600000
2022-08-18 12:30:45.158000,1.01755,1.01751,4500000,3600000
2022-08-18 12:30:45.362000,1.01754,1.01748,3600000,3680000
2022-08-18 12:30:45.465000,1.01751,1.01747,3600000,4580000
2022-08-18 12:30:45.567000,1.01751,1.01746,3600000,900000
2022-08-18 12:30:45.669000,1.01752,1.01746,3600000,4500000
2022-08-18 12:30:45.822000,1.0175,1.01746,3600000,900000
2022-08-18 12:30:45.874000,1.01754,1.0175,230000,3600000
2022-08-18 12:30:45.976000,1.01756,1.01752,4940000,3600000
2022-08-18 12:30:46.028000,1.01755,1.01749,3600000,3680000
2022-08-18 12:30:46.130000,1.01756,1.0175,3600000,3680000
2022-08-18 12:30:46.334000,1.01756,1.01751,3600000,120000
2022-08-18 12:30:46.538000,1.01756,1.0175,3680000,3680000
2022-08-18 12:30:46.793000,1.01752,1.01747,3600000,120000
2022-08-18 12:30:46.895000,1.01754,1.01748,3600000,3600000
2022-08-18 12:30:46.947000,1.01751,1.01746,2110000,4500000
2022-08-18 12:30:47.050000,1.01749,1.01746,3600000,900000
2022-08-18 12:30:47.305000,1.0175,1.01746,3600000,900000
2022-08-18 12:30:47.459000,1.01752,1.01747,4040000,120000
2022-08-18 12:30:47.510000,1.01752,1.01749,900000,120000
2022-08-18 12:30:47.562000,1.01758,1.01756,1340000,120000
2022-08-18 12:30:47.664000,1.01759,1.01756,2210000,3600000
2022-08-18 12:30:47.716000,1.01759,1.01754,3600000,120000
2022-08-18 12:30:47.869000,1.01757,1.01754,3600000,120000
2022-08-18 12:30:47.920000,1.01761,1.01757,3600000,120000
2022-08-18 12:30:48.023000,1.01763,1.01757,9000000,3680000
2022-08-18 12:30:48.125000,1.01762,1.01757,900000,3600000
2022-08-18 12:30:48.177000,1.0176,1.01754,3600000,3680000
2022-08-18 12:30:48.279000,1.01759,1.01755,3600000,120000
2022-08-18 12:30:48.382000,1.01759,1.01753,3600000,3680000
2022-08-18 12:30:48.433000,1.01759,1.01756,3600000,120000
2022-08-18 12:30:48.535000,1.01761,1.01755,3600000,3600000
2022-08-18 12:30:48.638000,1.0176,1.01754,3600000,3680000
2022-08-18 12:30:48.740000,1.01761,1.01755,3600000,3600000
2022-08-18 12:30:48.843000,1.0176,1.01755,3600000,120000
2022-08-18 12:30:48.945000,1.0176,1.01754,4140000,3680000
2022-08-18 12:30:49.047000,1.01758,1.01753,3600000,120000
2022-08-18 12:30:49.181000,1.01759,1.01754,3600000,120000
2022-08-18 12:30:49.284000,1.01762,1.01758,7150000,120000
2022-08-18 12:30:49.335000,1.01762,1.01756,9100000,3680000
2022-08-18 12:30:49.539000,1.0176,1.01754,3600000,3680000
2022-08-18 12:30:49.692000,1.01759,1.01753,3600000,3600000
2022-08-18 12:30:49.794000,1.01757,1.01751,3600000,4140000
2022-08-18 12:30:49.897000,1.01754,1.01749,3600000,540000
2022-08-18 12:30:50.050000,1.01756,1.01751,980000,3600000
2022-08-18 12:30:50.102000,1.01755,1.01749,4580000,3680000
2022-08-18 12:30:50.154000,1.01747,1.01744,900000,6970000
2022-08-18 12:30:50.256000,1.01746,1.01744,120000,4500000
2022-08-18 12:30:50.359000,1.01745,1.01743,3680000,230000
2022-08-18 12:30:50.410000,1.01746,1.0174,3680000,3680000
2022-08-18 12:30:50.462000,1.01736,1.01723,6170000,1340000
2022-08-18 12:30:50.564000,1.01725,1.01723,1340000,2470000
2022-08-18 12:30:50.666000,1.01724,1.01719,120000,3600000
2022-08-18 12:30:50.769000,1.01723,1.01718,4040000,120000
2022-08-18 12:30:50.922000,1.01723,1.01719,3600000,230000
2022-08-18 12:30:50.973000,1.01723,1.01717,3600000,3680000
2022-08-18 12:30:51.076000,1.01723,1.0172,3600000,900000
2022-08-18 12:30:51.127000,1.01725,1.01723,230000,120000
2022-08-18 12:30:51.230000,1.01726,1.01722,230000,3600000
2022-08-18 12:30:51.382000,1.01725,1.01722,230000,3600000
2022-08-18 12:30:51.485000,1.01726,1.0172,4270000,4040000
2022-08-18 12:30:51.587000,1.01725,1.0172,3600000,120000
2022-08-18 12:30:51.893000,1.01726,1.0172,4040000,3680000
2022-08-18 12:30:52.331000,1.01724,1.01721,3600000,120000
2022-08-18 12:30:52.382000,1.01729,1.01723,5810000,3600000
2022-08-18 12:30:52.485000,1.01731,1.01726,4500000,3680000
2022-08-18 12:30:52.689000,1.0173,1.01724,3600000,3600000
2022-08-18 12:30:52.842000,1.01729,1.01723,3600000,3680000
2022-08-18 12:30:53.287000,1.01728,1.01723,980000,3600000
2022-08-18 12:30:53.395000,1.01725,1.01721,3680000,3680000
2022-08-18 12:30:53.548000,1.01726,1.01721,3600000,120000
2022-08-18 12:30:53.600000,1.01725,1.01719,3600000,3680000
2022-08-18 12:30:53.651000,1.0172,1.01717,440000,2470000
2022-08-18 12:30:53.754000,1.01721,1.01714,4040000,3680000
2022-08-18 12:30:53.856000,1.0172,1.01714,440000,120000
2022-08-18 12:30:53.958000,1.0172,1.01716,6710000,120000
2022-08-18 12:30:54.060000,1.01719,1.01714,3600000,120000
2022-08-18 12:30:54.265000,1.0172,1.01715,3600000,120000
2022-08-18 12:30:54.367000,1.01721,1.01715,3600000,3680000
2022-08-18 12:30:54.469000,1.0172,1.01714,3600000,3680000
2022-08-18 12:30:54.672000,1.0172,1.01715,3600000,120000
2022-08-18 12:30:54.775000,1.01723,1.01718,5810000,120000
2022-08-18 12:30:54.878000,1.01725,1.01722,230000,3600000
2022-08-18 12:30:54.980000,1.01726,1.01721,3830000,120000
2022-08-18 12:30:55.133000,1.01725,1.0172,3600000,120000
2022-08-18 12:30:55.236000,1.01723,1.01719,3600000,120000
2022-08-18 12:30:55.338000,1.01725,1.01719,3600000,3680000
2022-08-18 12:30:55.441000,1.01726,1.01721,3600000,120000
2022-08-18 12:30:55.696000,1.01744,1.01732,900000,5040000
2022-08-18 12:30:55.798000,1.01739,1.01736,6710000,440000
2022-08-18 12:30:55.850000,1.01736,1.01733,230000,980000
2022-08-18 12:30:55.952000,1.01735,1.01731,230000,3680000
2022-08-18 12:30:56.055000,1.01733,1.0173,3600000,120000
2022-08-18 12:30:56.157000,1.01736,1.01732,4040000,120000
2022-08-18 12:30:56.310000,1.01736,1.01731,3600000,120000
2022-08-18 12:30:56.413000,1.01735,1.01731,3600000,120000
2022-08-18 12:30:56.515000,1.01735,1.0173,3600000,120000
2022-08-18 12:30:56.617000,1.01736,1.0173,3680000,3680000
2022-08-18 12:30:56.872000,1.01735,1.0173,3600000,120000
2022-08-18 12:30:56.974000,1.01733,1.01729,980000,3600000
2022-08-18 12:30:57.077000,1.0173,1.01726,980000,10570000
2022-08-18 12:30:57.128000,1.01721,1.01719,900000,900000
2022-08-18 12:30:57.180000,1.0172,1.01717,440000,4500000
2022-08-18 12:30:57.283000,1.01719,1.01717,900000,120000
2022-08-18 12:30:57.334000,1.01722,1.01716,8100000,3830000
2022-08-18 12:30:57.437000,1.0172,1.01715,230000,3680000
2022-08-18 12:30:57.489000,1.01722,1.01716,3830000,3600000
2022-08-18 12:30:57.794000,1.01722,1.01717,3600000,900000
2022-08-18 12:30:57.846000,1.01725,1.01722,2440000,120000
2022-08-18 12:30:57.948000,1.01727,1.01721,8100000,3600000
2022-08-18 12:30:58.101000,1.01728,1.01722,4270000,3600000
2022-08-18 12:30:58.204000,1.01726,1.0172,3600000,3680000
2022-08-18 12:30:58.611000,1.01725,1.01723,3600000,120000
2022-08-18 12:30:58.714000,1.0173,1.01726,2440000,4040000
2022-08-18 12:30:58.816000,1.01731,1.01725,3600000,3600000
2022-08-18 12:30:58.868000,1.01733,1.01726,7150000,3600000
2022-08-18 12:30:58.970000,1.01733,1.01727,440000,440000
2022-08-18 12:30:59.072000,1.01734,1.01727,3600000,4040000
2022-08-18 12:30:59.174000,1.01733,1.01727,3600000,4040000
2022-08-18 12:30:59.226000,1.01735,1.01732,3340000,900000
2022-08-18 12:30:59.380000,1.01739,1.01733,3600000,3600000
2022-08-18 12:30:59.533000,1.01739,1.01734,3600000,1440000
2022-08-18 12:30:59.584000,1.01741,1.01738,230000,120000
2022-08-18 12:30:59.636000,1.01743,1.01739,9410000,4040000
2022-08-18 12:30:59.738000,1.01743,1.0174,4500000,900000
2022-08-18 12:30:59.790000,1.01747,1.01742,5810000,540000
2022-08-18 12:30:59.943000,1.01746,1.01742,3600000,120000
2022-08-18 12:31:00.258000,1.01749,1.01745,2210000,120000
2022-08-18 12:31:00.360000,1.01749,1.01743,4040000,3600000
2022-08-18 12:31:00.462000,1.01748,1.01742,3600000,3680000
2022-08-18 12:31:00.565000,1.01749,1.01743,4270000,3600000
2022-08-18 12:31:00.768000,1.01748,1.01742,3600000,120000
2022-08-18 12:31:00.820000,1.01751,1.01747,2210000,120000
2022-08-18 12:31:00.922000,1.01751,1.01748,2210000,3600000
2022-08-18 12:31:01.025000,1.01752,1.01748,4500000,3600000
2022-08-18 12:31:01.127000,1.01753,1.01746,3600000,3680000
2022-08-18 12:31:01.280000,1.01751,1.01747,3600000,3680000
2022-08-18 12:31:02.144000,1.01751,1.01745,3600000,3680000
2022-08-18 12:31:02.246000,1.01752,1.01746,4040000,3600000
2022-08-18 12:31:02.372000,1.01748,1.01742,3600000,10570000
2022-08-18 12:31:02.474000,1.01747,1.01742,3600000,4500000
2022-08-18 12:31:02.576000,1.01746,1.01742,3600000,4140000
2022-08-18 12:31:03.046000,1.01745,1.01739,3600000,3680000
2022-08-18 12:31:03.251000,1.01746,1.0174,3600000,3680000
2022-08-18 12:31:03.354000,1.01746,1.01741,3600000,120000
2022-08-18 12:31:03.456000,1.01747,1.01741,3600000,3680000
2022-08-18 12:31:03.558000,1.01746,1.0174,3600000,4140000
2022-08-18 12:31:03.661000,1.01747,1.01741,3600000,4140000
2022-08-18 12:31:03.865000,1.01746,1.0174,3600000,3600000
2022-08-18 12:31:03.967000,1.01743,1.01739,440000,3600000
2022-08-18 12:31:04.019000,1.01742,1.01737,3600000,4500000
2022-08-18 12:31:04.121000,1.01743,1.01737,4040000,3600000
2022-08-18 12:31:04.223000,1.01738,1.01735,900000,3600000
2022-08-18 12:31:04.326000,1.01736,1.01733,3600000,2470000
2022-08-18 12:31:04.377000,1.01737,1.01732,4040000,120000
2022-08-18 12:31:04.479000,1.01738,1.0173,4040000,3680000
2022-08-18 12:31:04.531000,1.01734,1.0173,120000,3600000
2022-08-18 12:31:04.633000,1.01733,1.01728,900000,2470000
2022-08-18 12:31:04.736000,1.01731,1.01728,3600000,4600000
2022-08-18 12:31:05.043000,1.01727,1.01724,1440000,2930000
2022-08-18 12:31:05.145000,1.01725,1.01723,980000,230000
2022-08-18 12:31:05.247000,1.01723,1.01718,3600000,120000
2022-08-18 12:31:05.502000,1.01724,1.01718,3600000,3680000
2022-08-18 12:31:05.604000,1.01725,1.01719,4040000,3600000
2022-08-18 12:31:05.859000,1.01726,1.01723,2210000,230000
2022-08-18 12:31:05.961000,1.01728,1.01723,540000,3830000
2022-08-18 12:31:06.114000,1.01728,1.01722,4500000,3680000
2022-08-18 12:31:06.318000,1.01725,1.01722,440000,3600000
2022-08-18 12:31:06.370000,1.01724,1.01719,120000,6070000
2022-08-18 12:31:06.496000,1.01723,1.01717,3680000,3680000
2022-08-18 12:31:06.649000,1.01722,1.01716,120000,310000
2022-08-18 12:31:06.752000,1.01721,1.01718,120000,3600000
2022-08-18 12:31:06.854000,1.01722,1.01718,3600000,120000
2022-08-18 12:31:06.957000,1.01723,1.0172,3600000,1340000
2022-08-18 12:31:07.059000,1.01726,1.01724,2210000,120000
2022-08-18 12:31:07.111000,1.01729,1.01724,10310000,120000
2022-08-18 12:31:07.213000,1.01728,1.01726,4500000,120000
2022-08-18 12:31:07.316000,1.01729,1.01726,3600000,120000
2022-08-18 12:31:07.418000,1.0173,1.01724,3680000,3680000
2022-08-18 12:31:07.520000,1.01729,1.01726,3600000,120000
2022-08-18 12:31:07.673000,1.0173,1.01724,3680000,3680000
2022-08-18 12:31:07.776000,1.01732,1.01726,3600000,3680000
2022-08-18 12:31:07.929000,1.01732,1.01727,120000,3600000
2022-08-18 12:31:08.031000,1.01732,1.01726,4580000,3680000
2022-08-18 12:31:08.133000,1.01731,1.01726,3600000,120000
2022-08-18 12:31:08.236000,1.01727,1.01725,120000,230000
2022-08-18 12:31:08.339000,1.01727,1.01724,540000,230000
2022-08-18 12:31:08.390000,1.01726,1.0172,4040000,3910000
2022-08-18 12:31:08.493000,1.01725,1.01721,900000,120000
2022-08-18 12:31:08.544000,1.01726,1.01724,3600000,120000
2022-08-18 12:31:08.647000,1.01727,1.01724,900000,3600000
2022-08-18 12:31:08.749000,1.01727,1.01722,3600000,120000
2022-08-18 12:31:08.852000,1.01728,1.01724,900000,3680000
2022-08-18 12:31:08.903000,1.01731,1.01726,5810000,120000
2022-08-18 12:31:09.006000,1.01732,1.01727,3600000,120000
2022-08-18 12:31:09.430000,1.0173,1.01727,1800000,3600000
2022-08-18 12:31:09.532000,1.01732,1.01726,4140000,3600000
2022-08-18 12:31:09.787000,1.01733,1.01727,3680000,4500000
2022-08-18 12:31:09.941000,1.01732,1.01727,3600000,120000
2022-08-18 12:31:10.372000,1.01731,1.01726,120000,3600000
2022-08-18 12:31:10.474000,1.0173,1.01725,3600000,120000
2022-08-18 12:31:10.577000,1.01734,1.01729,3680000,120000
2022-08-18 12:31:10.629000,1.01738,1.01736,1130000,440000
2022-08-18 12:31:10.680000,1.01741,1.01736,120000,3680000
2022-08-18 12:31:10.834000,1.01741,1.01737,120000,3600000
2022-08-18 12:31:10.961000,1.01741,1.01736,120000,3680000
2022-08-18 12:31:11.217000,1.01742,1.01737,3680000,120000
2022-08-18 12:31:11.319000,1.01743,1.01739,3680000,3680000
2022-08-18 12:31:11.472000,1.01744,1.01739,120000,3600000
2022-08-18 12:31:11.577000,1.01744,1.01738,3680000,3680000
2022-08-18 12:31:11.730000,1.01742,1.01739,3600000,120000
2022-08-18 12:31:11.833000,1.01742,1.01738,3600000,120000
2022-08-18 12:31:11.939000,1.01742,1.01739,3600000,120000
2022-08-18 12:31:12.092000,1.01744,1.01738,3680000,3680000
2022-08-18 12:31:12.448000,1.01743,1.01737,4580000,3680000
2022-08-18 12:31:12.602000,1.01743,1.01738,540000,3600000
2022-08-18 12:31:12.704000,1.01741,1.01738,440000,3680000
2022-08-18 12:31:12.806000,1.0174,1.01735,3600000,540000
2022-08-18 12:31:12.909000,1.01741,1.01737,4040000,3600000
2022-08-18 12:31:13.163000,1.0174,1.01737,440000,3600000
2022-08-18 12:31:13.317000,1.01739,1.01735,3600000,120000
2022-08-18 12:31:13.520000,1.0174,1.01735,4040000,120000
2022-08-18 12:31:13.674000,1.0174,1.01736,4040000,120000
2022-08-18 12:31:13.776000,1.01739,1.01738,440000,3600000
2022-08-18 12:31:13.878000,1.01742,1.01736,4580000,3680000
2022-08-18 12:31:13.981000,1.0174,1.01735,3600000,120000
2022-08-18 12:31:14.345000,1.0174,1.01736,440000,3600000
2022-08-18 12:31:14.448000,1.01739,1.01734,120000,3680000
2022-08-18 12:31:14.882000,1.01741,1.01737,7690000,3680000
2022-08-18 12:31:15.086000,1.01743,1.01737,4580000,3680000
2022-08-18 12:31:15.189000,1.01743,1.01738,900000,3680000
2022-08-18 12:31:15.545000,1.01741,1.01736,120000,3680000
2022-08-18 12:31:15.648000,1.01735,1.01732,7200000,2470000
2022-08-18 12:31:15.750000,1.01734,1.01731,4140000,900000
2022-08-18 12:31:16.128000,1.01732,1.01731,120000,900000
2022-08-18 12:31:16.230000,1.01734,1.01731,120000,900000
2022-08-18 12:31:16.638000,1.01732,1.01727,980000,4040000
2022-08-18 12:31:16.740000,1.01733,1.01727,4580000,3600000
2022-08-18 12:31:16.843000,1.01734,1.01731,120000,900000
2022-08-18 12:31:16.945000,1.01735,1.01731,7250000,900000
2022-08-18 12:31:17.047000,1.01737,1.01731,11290000,5480000
2022-08-18 12:31:17.303000,1.01737,1.01732,120000,3600000
2022-08-18 12:31:17.405000,1.01737,1.01731,4140000,4580000
2022-08-18 12:31:18.889000,1.01735,1.01732,120000,4500000
2022-08-18 12:31:19.042000,1.01737,1.01731,4140000,5480000
2022-08-18 12:31:19.144000,1.01738,1.01732,3680000,5040000
2022-08-18 12:31:19.297000,1.01737,1.01732,3600000,120000
2022-08-18 12:31:19.348000,1.01735,1.01731,440000,900000
2022-08-18 12:31:19.502000,1.01734,1.01731,3680000,900000
2022-08-18 12:31:19.807000,1.01735,1.01731,980000,900000
2022-08-18 12:31:19.961000,1.01736,1.01731,980000,4500000
2022-08-18 12:31:20.063000,1.01737,1.01733,4140000,4140000
2022-08-18 12:31:20.318000,1.01737,1.01732,1440000,3600000
2022-08-18 12:31:20.420000,1.01736,1.01731,540000,4500000
2022-08-18 12:31:20.675000,1.01734,1.01732,4140000,900000
2022-08-18 12:31:20.879000,1.01733,1.01731,980000,900000
2022-08-18 12:31:20.930000,1.01733,1.01728,3600000,980000
2022-08-18 12:31:20.981000,1.01734,1.01731,4580000,900000
2022-08-18 12:31:21.337000,1.01735,1.01731,4140000,900000
2022-08-18 12:31:21.592000,1.01734,1.01731,540000,900000
2022-08-18 12:31:21.745000,1.01732,1.01727,4500000,120000
2022-08-18 12:31:21.847000,1.01733,1.01727,4140000,3680000
2022-08-18 12:31:21.949000,1.01731,1.01728,3600000,120000
2022-08-18 12:31:22.052000,1.01733,1.01727,3680000,4140000
2022-08-18 12:31:22.205000,1.01733,1.01728,3600000,540000
2022-08-18 12:31:22.256000,1.01734,1.01731,3680000,900000
2022-08-18 12:31:22.359000,1.01737,1.01732,2210000,3680000
2022-08-18 12:31:22.461000,1.01737,1.01733,2210000,3600000
2022-08-18 12:31:22.563000,1.01738,1.01733,120000,3600000
2022-08-18 12:31:22.767000,1.01739,1.01733,4140000,3680000
2022-08-18 12:31:22.818000,1.0174,1.01736,120000,3600000
2022-08-18 12:31:22.921000,1.01741,1.01736,1440000,3600000
2022-08-18 12:31:23.023000,1.0174,1.01735,120000,3600000
2022-08-18 12:31:23.646000,1.01738,1.01733,3600000,120000
2022-08-18 12:31:23.748000,1.01739,1.01734,540000,3600000
2022-08-18 12:31:23.851000,1.01737,1.01733,3680000,4140000
2022-08-18 12:31:24.003000,1.01738,1.01733,120000,3600000
2022-08-18 12:31:24.055000,1.01736,1.01732,120000,3600000
2022-08-18 12:31:24.157000,1.01734,1.01731,120000,900000
2022-08-18 12:31:25.263000,1.01733,1.01727,4580000,4580000
2022-08-18 12:31:25.314000,1.01733,1.01731,120000,900000
2022-08-18 12:31:25.518000,1.01732,1.01727,3680000,230000
2022-08-18 12:31:25.722000,1.01732,1.01726,3680000,5040000
2022-08-18 12:31:25.824000,1.01732,1.01727,3680000,440000
2022-08-18 12:31:25.876000,1.01734,1.01731,4140000,900000
2022-08-18 12:31:25.927000,1.01733,1.01728,3600000,120000
2022-08-18 12:31:25.979000,1.01733,1.01731,3680000,900000
2022-08-18 12:31:26.135000,1.01732,1.01729,3600000,540000
2022-08-18 12:31:26.250000,1.01734,1.01731,3680000,900000
2022-08-18 12:31:26.352000,1.01733,1.01728,3600000,120000
2022-08-18 12:31:26.470000,1.01734,1.01731,3680000,900000
2022-08-18 12:31:27.812000,1.01735,1.01731,4040000,1880000
2022-08-18 12:31:27.864000,1.01737,1.01732,6790000,4040000
2022-08-18 12:31:28.068000,1.01738,1.01733,120000,3600000
2022-08-18 12:31:28.182000,1.01739,1.01734,4140000,120000
2022-08-18 12:31:28.929000,1.01737,1.01734,540000,3680000
2022-08-18 12:31:28.980000,1.01736,1.01731,120000,5480000
2022-08-18 12:31:29.083000,1.01736,1.01733,3600000,1800000
2022-08-18 12:31:29.185000,1.01737,1.01732,3680000,120000
2022-08-18 12:31:29.592000,1.01735,1.01732,120000,5040000
2022-08-18 12:31:30.153000,1.01735,1.01731,4140000,900000
2022-08-18 12:31:30.255000,1.01731,1.01728,3600000,2700000
2022-08-18 12:31:30.306000,1.0173,1.01727,540000,4500000
2022-08-18 12:31:30.409000,1.01732,1.01726,4140000,3680000
2022-08-18 12:31:30.511000,1.01731,1.01726,3600000,120000
2022-08-18 12:31:30.745000,1.01732,1.01726,4140000,3680000
2022-08-18 12:31:31.343000,1.01731,1.01726,540000,3600000
2022-08-18 12:31:31.445000,1.01731,1.01725,4140000,5040000
2022-08-18 12:31:33.428000,1.01726,1.01723,120000,3600000
2022-08-18 12:31:33.531000,1.01727,1.01722,4140000,4500000
2022-08-18 12:31:33.633000,1.01726,1.01722,3600000,4500000
2022-08-18 12:31:33.735000,1.01726,1.01721,3600000,120000
2022-08-18 12:31:34.411000,1.01726,1.0172,4140000,5040000
2022-08-18 12:31:34.514000,1.01725,1.0172,3600000,980000
2022-08-18 12:31:34.667000,1.01726,1.01721,3680000,440000
2022-08-18 12:31:34.769000,1.01725,1.0172,3600000,1440000
2022-08-18 12:31:35.298000,1.01726,1.0172,4140000,4140000
2022-08-18 12:31:35.401000,1.01726,1.01722,440000,3600000
2022-08-18 12:31:35.503000,1.01727,1.01723,440000,3600000
2022-08-18 12:31:35.554000,1.01729,1.01723,4140000,4580000
2022-08-18 12:31:35.606000,1.01729,1.01726,3600000,440000
2022-08-18 12:31:35.708000,1.01731,1.01726,4960000,3600000
2022-08-18 12:31:35.862000,1.0173,1.01725,440000,3680000
2022-08-18 12:31:35.965000,1.01722,1.01721,120000,1800000
2022-08-18 12:31:36.017000,1.01721,1.01719,120000,440000
2022-08-18 12:31:36.069000,1.01718,1.01716,1340000,440000
2022-08-18 12:31:36.171000,1.01719,1.01716,2210000,1440000
2022-08-18 12:31:36.222000,1.01721,1.01717,4500000,3600000
2022-08-18 12:31:36.324000,1.01719,1.01718,230000,3600000
2022-08-18 12:31:36.376000,1.01723,1.01717,4140000,3600000
2022-08-18 12:31:36.581000,1.01722,1.01717,440000,3600000
2022-08-18 12:31:36.684000,1.01722,1.01716,4140000,3600000
2022-08-18 12:31:37.041000,1.01722,1.01717,440000,3600000
2022-08-18 12:31:37.214000,1.01721,1.01717,4040000,4040000
2022-08-18 12:31:38.072000,1.01723,1.01717,4040000,3680000
2022-08-18 12:31:39.361000,1.01724,1.01718,4140000,3600000
2022-08-18 12:31:39.522000,1.01725,1.01722,3600000,440000
2022-08-18 12:31:39.624000,1.01726,1.0172,3600000,4500000
2022-08-18 12:31:40.184000,1.01726,1.01722,3600000,900000
2022-08-18 12:31:40.235000,1.01729,1.01724,120000,3600000
2022-08-18 12:31:40.338000,1.0173,1.01727,440000,4040000
2022-08-18 12:31:40.593000,1.01734,1.01728,4140000,3600000
2022-08-18 12:31:41.048000,1.01731,1.01726,1440000,3600000
2022-08-18 12:31:41.150000,1.01729,1.01723,4040000,10570000
2022-08-18 12:31:41.324000,1.01724,1.0172,120000,6970000
2022-08-18 12:31:41.426000,1.01723,1.0172,4040000,4500000
2022-08-18 12:31:41.529000,1.01723,1.01717,440000,3600000
2022-08-18 12:31:41.733000,1.0172,1.01715,3600000,1340000
2022-08-18 12:31:41.784000,1.01722,1.01716,4140000,3600000
2022-08-18 12:31:42.071000,1.01721,1.01715,3600000,4940000
2022-08-18 12:31:42.429000,1.0172,1.01715,3600000,1800000
2022-08-18 12:31:42.531000,1.01721,1.01715,3600000,5400000
2022-08-18 12:31:42.633000,1.0172,1.01715,3600000,1800000
2022-08-18 12:31:42.786000,1.01721,1.01715,3600000,5400000
2022-08-18 12:31:42.888000,1.0172,1.01715,3600000,1800000
2022-08-18 12:31:42.990000,1.01723,1.01717,3600000,4040000
2022-08-18 12:31:43.093000,1.01722,1.01719,3600000,440000
2022-08-18 12:31:43.195000,1.01723,1.01717,3600000,4500000
2022-08-18 12:31:43.451000,1.01722,1.01717,1880000,3600000
2022-08-18 12:31:43.503000,1.0172,1.01714,3600000,5840000
2022-08-18 12:31:44.328000,1.01721,1.01717,3680000,4040000
2022-08-18 12:31:44.583000,1.01723,1.01717,5040000,3600000
2022-08-18 12:31:45.162000,1.01722,1.01716,3600000,4040000
2022-08-18 12:31:45.314000,1.01723,1.01717,5040000,3600000
2022-08-18 12:31:46.531000,1.01719,1.01714,3680000,6300000
2022-08-18 12:31:46.986000,1.01718,1.01714,120000,900000
2022-08-18 12:31:47.037000,1.01714,1.0171,440000,6530000
2022-08-18 12:31:47.140000,1.01714,1.01709,440000,3600000
2022-08-18 12:31:47.296000,1.01714,1.01708,4040000,4500000
2022-08-18 12:31:47.398000,1.01716,1.0171,3680000,4580000
2022-08-18 12:31:47.653000,1.01714,1.01708,3600000,4040000
2022-08-18 12:31:47.755000,1.01713,1.01709,980000,3600000
2022-08-18 12:31:47.807000,1.01708,1.01706,900000,2930000
2022-08-18 12:31:47.909000,1.01707,1.01704,1440000,4500000
2022-08-18 12:31:48.012000,1.01708,1.01704,4040000,4500000
2022-08-18 12:31:48.114000,1.01708,1.01705,440000,900000
2022-08-18 12:31:48.216000,1.0171,1.01705,3600000,900000
2022-08-18 12:31:48.319000,1.01707,1.01706,440000,900000
2022-08-18 12:31:48.421000,1.01706,1.017,3600000,9900000
2022-08-18 12:31:48.524000,1.01705,1.017,3600000,440000
2022-08-18 12:31:48.626000,1.01706,1.017,3680000,4040000
2022-08-18 12:31:48.779000,1.01705,1.01699,3600000,4040000
2022-08-18 12:31:49.411000,1.01701,1.01697,900000,2470000
2022-08-18 12:31:49.463000,1.01701,1.01695,4040000,11470000
2022-08-18 12:31:49.778000,1.01701,1.01696,440000,3600000
2022-08-18 12:31:49.880000,1.01701,1.01695,4040000,4940000
2022-08-18 12:31:49.982000,1.01701,1.01696,440000,3600000
2022-08-18 12:31:50.260000,1.01701,1.01695,4040000,4500000
2022-08-18 12:31:50.312000,1.01701,1.01698,3600000,900000
2022-08-18 12:31:50.363000,1.01704,1.01701,2210000,120000
2022-08-18 12:31:50.466000,1.01709,1.01705,670000,3600000
2022-08-18 12:31:50.568000,1.01711,1.01705,3680000,4140000
2022-08-18 12:31:50.721000,1.01711,1.01707,4140000,120000
2022-08-18 12:31:50.925000,1.01711,1.01706,3600000,120000
2022-08-18 12:31:51.027000,1.01711,1.01705,3680000,4040000
2022-08-18 12:31:51.333000,1.01707,1.01704,980000,6070000
2022-08-18 12:31:51.435000,1.01707,1.01702,3600000,4500000
2022-08-18 12:31:51.639000,1.01705,1.017,3600000,900000
2022-08-18 12:31:51.741000,1.01706,1.017,3600000,4940000
2022-08-18 12:31:51.845000,1.01707,1.01702,540000,3600000
2022-08-18 12:31:51.947000,1.01707,1.01701,4140000,3600000
2022-08-18 12:31:52.049000,1.01707,1.01702,540000,3600000
2022-08-18 12:31:52.151000,1.01707,1.01703,120000,3600000
2022-08-18 12:31:52.253000,1.01707,1.01702,120000,4040000
2022-08-18 12:31:52.305000,1.01705,1.01699,4580000,11470000
2022-08-18 12:31:52.458000,1.01707,1.01701,5810000,4940000
2022-08-18 12:31:52.560000,1.01709,1.01703,4140000,3600000
2022-08-18 12:31:53.069000,1.01709,1.01707,3600000,120000
2022-08-18 12:31:53.171000,1.01713,1.01709,4500000,3600000
2022-08-18 12:31:53.274000,1.01716,1.01713,900000,900000
2022-08-18 12:31:53.325000,1.01715,1.0171,120000,3600000
2022-08-18 12:31:53.478000,1.01716,1.01711,3600000,540000
2022-08-18 12:31:53.581000,1.01715,1.01709,4140000,6070000
2022-08-18 12:31:53.683000,1.01708,1.01706,1440000,440000
2022-08-18 12:31:53.786000,1.01706,1.01701,440000,6970000
2022-08-18 12:31:53.939000,1.01705,1.01701,3600000,4500000
2022-08-18 12:31:54.041000,1.01706,1.01701,4040000,540000
2022-08-18 12:31:54.143000,1.01705,1.01701,3600000,540000
2022-08-18 12:31:54.246000,1.01706,1.01701,3600000,540000
2022-08-18 12:31:54.348000,1.01706,1.017,4140000,3600000
2022-08-18 12:31:54.450000,1.01704,1.01699,120000,3600000
2022-08-18 12:31:54.604000,1.01703,1.01699,440000,3600000
2022-08-18 12:31:54.655000,1.01702,1.01696,3680000,6070000
2022-08-18 12:31:54.758000,1.01701,1.01695,440000,900000
2022-08-18 12:31:55.336000,1.01701,1.01696,440000,3600000
2022-08-18 12:31:55.438000,1.01701,1.01695,4040000,4500000
2022-08-18 12:31:55.642000,1.01702,1.01699,3600000,1340000
2022-08-18 12:31:55.744000,1.01707,1.01702,2210000,4040000
2022-08-18 12:31:55.847000,1.01706,1.017,3680000,4040000
2022-08-18 12:31:55.949000,1.01707,1.01701,4370000,3600000
2022-08-18 12:31:56.052000,1.01706,1.01701,3600000,120000
2022-08-18 12:31:56.154000,1.01705,1.01701,3600000,4940000
2022-08-18 12:31:56.205000,1.01707,1.01702,540000,3600000
2022-08-18 12:31:56.358000,1.01704,1.017,4580000,8100000
2022-08-18 12:31:56.460000,1.01704,1.01699,440000,8100000
2022-08-18 12:31:56.562000,1.01704,1.01698,4040000,4500000
2022-08-18 12:31:56.664000,1.01705,1.017,3600000,440000
2022-08-18 12:31:56.767000,1.01708,1.01702,5890000,4040000
2022-08-18 12:31:56.869000,1.01709,1.01703,5040000,3600000
2022-08-18 12:31:57.379000,1.01708,1.01703,120000,3600000
2022-08-18 12:31:57.481000,1.01708,1.01702,4140000,4040000
2022-08-18 12:31:57.634000,1.01708,1.01703,120000,3600000
2022-08-18 12:31:57.787000,1.01708,1.01702,3680000,4040000
2022-08-18 12:31:57.940000,1.0171,1.01704,7020000,3600000
2022-08-18 12:31:58.347000,1.01709,1.01703,4370000,3600000
2022-08-18 12:31:58.652000,1.0171,1.01704,4810000,3600000
2022-08-18 12:31:58.920000,1.01708,1.01702,4040000,6070000
2022-08-18 12:31:59.022000,1.01709,1.01703,4140000,3600000
2022-08-18 12:31:59.124000,1.01709,1.01704,540000,3600000
2022-08-18 12:31:59.226000,1.01709,1.01703,4140000,3600000
2022-08-18 12:31:59.328000,1.0171,1.01704,4140000,4500000
2022-08-18 12:31:59.744000,1.01711,1.01705,5040000,3600000
2022-08-18 12:31:59.898000,1.01712,1.01706,4140000,3600000
2022-08-18 12:32:00.050000,1.0171,1.01707,440000,3600000
2022-08-18 12:32:00.153000,1.01711,1.01705,3600000,4040000
2022-08-18 12:32:00.255000,1.01701,1.01699,120000,4500000
2022-08-18 12:32:00.307000,1.01703,1.01699,540000,4500000
2022-08-18 12:32:00.460000,1.017,1.01699,230000,4500000
2022-08-18 12:32:00.511000,1.01701,1.01697,900000,3600000
2022-08-18 12:32:00.614000,1.01702,1.01696,3600000,4500000
2022-08-18 12:32:00.665000,1.01697,1.01694,440000,2470000
2022-08-18 12:32:00.768000,1.01695,1.01689,4140000,3600000
2022-08-18 12:32:00.870000,1.01692,1.01688,4140000,5400000
2022-08-18 12:32:00.972000,1.0169,1.01688,540000,4500000
2022-08-18 12:32:01.024000,1.01689,1.01685,3600000,120000
2022-08-18 12:32:01.075000,1.01693,1.01687,4040000,4140000
2022-08-18 12:32:01.127000,1.01693,1.01689,440000,3600000
2022-08-18 12:32:01.229000,1.01691,1.01688,230000,6610000
2022-08-18 12:32:01.331000,1.01693,1.01687,3600000,6610000
2022-08-18 12:32:01.738000,1.01695,1.0169,120000,3600000
2022-08-18 12:32:01.841000,1.01694,1.0169,440000,3600000
2022-08-18 12:32:01.892000,1.01693,1.01688,3600000,3470000
2022-08-18 12:32:01.994000,1.01693,1.0169,3600000,120000
2022-08-18 12:32:02.046000,1.01696,1.01692,3600000,120000
2022-08-18 12:32:02.097000,1.01698,1.01692,3680000,3680000
2022-08-18 12:32:02.200000,1.01699,1.01694,3600000,120000
2022-08-18 12:32:02.302000,1.01699,1.01693,3680000,3680000
2022-08-18 12:32:02.405000,1.01698,1.01693,3600000,120000
2022-08-18 12:32:02.558000,1.01701,1.01699,7480000,3600000
2022-08-18 12:32:02.763000,1.01705,1.01699,3600000,5940000
2022-08-18 12:32:02.814000,1.01706,1.01701,670000,900000
2022-08-18 12:32:02.968000,1.01706,1.01702,8100000,3600000
2022-08-18 12:32:03.081000,1.01707,1.017,3600000,4580000
2022-08-18 12:32:03.190000,1.01708,1.01702,4370000,3600000
2022-08-18 12:32:03.292000,1.01707,1.01701,3600000,3600000
2022-08-18 12:32:03.414000,1.01706,1.017,3600000,4580000
2022-08-18 12:32:03.594000,1.01704,1.01699,440000,10570000
2022-08-18 12:32:03.697000,1.01703,1.01699,3600000,4500000
2022-08-18 12:32:03.748000,1.01703,1.01697,3600000,4500000
2022-08-18 12:32:04.003000,1.01703,1.01698,540000,3600000
2022-08-18 12:32:04.105000,1.01702,1.01698,4140000,3600000
2022-08-18 12:32:04.513000,1.01702,1.01697,440000,3600000
2022-08-18 12:32:04.627000,1.01703,1.01698,3600000,900000
2022-08-18 12:32:04.679000,1.01706,1.017,6580000,4140000
2022-08-18 12:32:04.781000,1.01705,1.01702,440000,3680000
2022-08-18 12:32:04.884000,1.01705,1.01701,3600000,120000
2022-08-18 12:32:04.935000,1.01707,1.01701,4140000,3680000
2022-08-18 12:32:05.037000,1.01706,1.017,3680000,5040000
2022-08-18 12:32:05.140000,1.01708,1.01703,440000,3600000
2022-08-18 12:32:05.242000,1.01709,1.01704,440000,3600000
2022-08-18 12:32:05.355000,1.01709,1.01705,4140000,3600000
2022-08-18 12:32:05.457000,1.01708,1.01703,120000,3600000
2022-08-18 12:32:05.660000,1.01709,1.01703,4140000,3680000
2022-08-18 12:32:05.814000,1.01707,1.01703,120000,3600000
2022-08-18 12:32:05.916000,1.01707,1.01701,3680000,4040000
2022-08-18 12:32:06.018000,1.01704,1.017,3600000,9460000
2022-08-18 12:32:06.121000,1.01702,1.01699,3600000,4500000
2022-08-18 12:32:06.172000,1.01701,1.01696,1440000,4270000
2022-08-18 12:32:06.275000,1.01699,1.01693,3600000,8100000
2022-08-18 12:32:06.580000,1.01698,1.01692,3600000,6530000
2022-08-18 12:32:06.835000,1.01695,1.0169,980000,6070000
2022-08-18 12:32:06.938000,1.01689,1.01688,540000,900000
2022-08-18 12:32:06.989000,1.01689,1.01684,3600000,7200000
2022-08-18 12:32:07.124000,1.01686,1.01684,120000,4500000
2022-08-18 12:32:07.175000,1.01686,1.01682,3600000,4040000
2022-08-18 12:32:07.278000,1.01686,1.0168,3600000,7740000
2022-08-18 12:32:07.532000,1.01687,1.01683,4140000,3600000
2022-08-18 12:32:07.853000,1.01687,1.01682,3600000,440000
2022-08-18 12:32:08.348000,1.01688,1.01682,3600000,4500000
2022-08-18 12:32:08.451000,1.01689,1.01683,4140000,4500000
2022-08-18 12:32:08.554000,1.0169,1.01685,120000,4500000
2022-08-18 12:32:08.656000,1.01691,1.01685,3600000,4500000
2022-08-18 12:32:08.809000,1.01691,1.01686,3600000,440000
2022-08-18 12:32:08.912000,1.01693,1.01687,3680000,4580000
2022-08-18 12:32:09.014000,1.01694,1.01688,3680000,4500000
2022-08-18 12:32:09.117000,1.01695,1.01689,4580000,3680000
2022-08-18 12:32:09.219000,1.01693,1.01689,120000,3600000
2022-08-18 12:32:09.321000,1.01694,1.01689,120000,3600000
2022-08-18 12:32:09.729000,1.01694,1.0169,3680000,4140000
2022-08-18 12:32:09.831000,1.01694,1.01689,120000,3600000
2022-08-18 12:32:10.086000,1.01694,1.0169,4140000,3680000
2022-08-18 12:32:10.188000,1.01694,1.01689,120000,3600000
2022-08-18 12:32:10.290000,1.01696,1.0169,3680000,4580000
2022-08-18 12:32:10.393000,1.01693,1.01688,3600000,2470000
2022-08-18 12:32:10.495000,1.01694,1.01689,120000,3600000
2022-08-18 12:32:10.597000,1.01694,1.01688,3680000,4500000
2022-08-18 12:32:10.816000,1.01693,1.01688,120000,3600000
2022-08-18 12:32:10.919000,1.01688,1.01683,440000,6070000
2022-08-18 12:32:11.021000,1.01688,1.01682,3680000,4500000
2022-08-18 12:32:11.124000,1.01682,1.01677,3600000,900000
2022-08-18 12:32:11.226000,1.01679,1.01676,3600000,6970000
2022-08-18 12:32:11.336000,1.0168,1.01676,120000,4500000
2022-08-18 12:32:11.438000,1.01678,1.01673,3600000,2930000
2022-08-18 12:32:11.693000,1.01679,1.01673,3680000,4040000
2022-08-18 12:32:11.795000,1.01681,1.01679,440000,440000
2022-08-18 12:32:11.898000,1.01685,1.0168,120000,3600000
2022-08-18 12:32:12,1.01683,1.01679,4040000,7070000
2022-08-18 12:32:12.255000,1.01686,1.0168,3600000,5480000
2022-08-18 12:32:12.357000,1.01687,1.01681,3680000,3600000
2022-08-18 12:32:12.561000,1.01689,1.01684,4270000,440000
2022-08-18 12:32:12.613000,1.01688,1.01682,3600000,4140000
2022-08-18 12:32:12.788000,1.01687,1.01682,3600000,540000
2022-08-18 12:32:12.890000,1.01685,1.0168,440000,3680000
2022-08-18 12:32:12.993000,1.01682,1.0168,440000,4500000
2022-08-18 12:32:13.095000,1.01682,1.01679,5040000,4500000
2022-08-18 12:32:13.147000,1.01681,1.01677,4140000,3910000
2022-08-18 12:32:13.401000,1.01681,1.01676,4040000,310000
2022-08-18 12:32:13.554000,1.01682,1.01676,3680000,3680000
2022-08-18 12:32:13.910000,1.01681,1.01676,3600000,120000
2022-08-18 12:32:14.021000,1.01682,1.01676,3680000,3680000
2022-08-18 12:32:14.073000,1.01684,1.01678,5890000,4580000
2022-08-18 12:32:14.175000,1.01684,1.01679,120000,3600000
2022-08-18 12:32:14.329000,1.01686,1.0168,3680000,4140000
2022-08-18 12:32:14.482000,1.01685,1.0168,3600000,120000
2022-08-18 12:32:14.584000,1.01686,1.0168,3680000,3680000
2022-08-18 12:32:15.093000,1.01685,1.0168,3600000,120000
2022-08-18 12:32:15.297000,1.01688,1.01685,3600000,980000
2022-08-18 12:32:15.399000,1.01691,1.01685,8200000,3680000
2022-08-18 12:32:15.501000,1.01691,1.01687,4500000,120000
2022-08-18 12:32:15.637000,1.01691,1.01686,3600000,120000
2022-08-18 12:32:15.740000,1.01692,1.01686,3680000,3680000
2022-08-18 12:32:15.893000,1.01691,1.01686,3600000,120000
2022-08-18 12:32:16.453000,1.0169,1.01688,3600000,540000
2022-08-18 12:32:16.504000,1.01694,1.01689,120000,3600000
2022-08-18 12:32:16.556000,1.01696,1.01691,6350000,120000
2022-08-18 12:32:17.796000,1.01695,1.0169,4580000,980000
2022-08-18 12:32:17.848000,1.0169,1.01688,120000,2470000
2022-08-18 12:32:17.950000,1.0169,1.01685,120000,3680000
2022-08-18 12:32:18.588000,1.01691,1.01686,3680000,120000
2022-08-18 12:32:18.792000,1.01689,1.01686,120000,900000
2022-08-18 12:32:18.844000,1.01691,1.01686,3680000,120000
2022-08-18 12:32:19.568000,1.01693,1.0169,2210000,120000
2022-08-18 12:32:19.620000,1.01695,1.01689,3680000,5040000
2022-08-18 12:32:19.874000,1.01695,1.0169,3600000,120000
2022-08-18 12:32:20.027000,1.01695,1.01691,3600000,120000
2022-08-18 12:32:20.130000,1.01695,1.0169,4040000,310000
2022-08-18 12:32:20.232000,1.01695,1.01689,3680000,4140000
2022-08-18 12:32:20.284000,1.01692,1.01687,3600000,120000
2022-08-18 12:32:20.386000,1.01694,1.0169,3600000,980000
2022-08-18 12:32:20.489000,1.01696,1.0169,5040000,3680000
2022-08-18 12:32:20.802000,1.01695,1.0169,120000,3600000
2022-08-18 12:32:20.905000,1.01695,1.01691,4040000,3680000
2022-08-18 12:32:21.210000,1.01698,1.01693,3600000,980000
2022-08-18 12:32:21.313000,1.01699,1.01695,900000,980000
2022-08-18 12:32:21.415000,1.01699,1.01696,900000,540000
2022-08-18 12:32:21.517000,1.017,1.01697,900000,120000
2022-08-18 12:32:21.772000,1.01699,1.01696,900000,3600000
2022-08-18 12:32:21.823000,1.01699,1.01694,900000,3680000
2022-08-18 12:32:21.926000,1.01699,1.01695,900000,5040000
2022-08-18 12:32:22.028000,1.01699,1.01696,900000,4140000
2022-08-18 12:32:22.146000,1.01703,1.01699,3600000,540000
2022-08-18 12:32:22.248000,1.01702,1.01697,540000,3600000
2022-08-18 12:32:22.402000,1.01703,1.01697,4040000,3680000
2022-08-18 12:32:22.453000,1.01699,1.01697,900000,120000
2022-08-18 12:32:22.981000,1.01705,1.017,2210000,4140000
2022-08-18 12:32:23.083000,1.01705,1.01701,5810000,4580000
2022-08-18 12:32:23.186000,1.01708,1.01704,3600000,980000
2022-08-18 12:32:23.288000,1.01707,1.01703,3600000,120000
2022-08-18 12:32:23.390000,1.01708,1.01703,4040000,120000
2022-08-18 12:32:23.712000,1.01707,1.01702,120000,4580000
2022-08-18 12:32:23.764000,1.01705,1.01699,4580000,10670000
2022-08-18 12:32:23.815000,1.01703,1.01699,3600000,120000
2022-08-18 12:32:23.918000,1.01699,1.01696,900000,8560000
2022-08-18 12:32:24.020000,1.01696,1.01692,4040000,230000
2022-08-18 12:32:24.122000,1.01697,1.01691,4270000,3600000
2022-08-18 12:32:24.225000,1.01693,1.01691,900000,2240000
2022-08-18 12:32:24.276000,1.01693,1.01688,3600000,310000
2022-08-18 12:32:24.378000,1.01692,1.01687,3600000,5500000
2022-08-18 12:32:24.481000,1.01693,1.01688,3600000,120000
2022-08-18 12:32:24.634000,1.01694,1.01688,4040000,3680000
2022-08-18 12:32:24.736000,1.01691,1.01687,3600000,980000
2022-08-18 12:32:24.838000,1.01692,1.01688,3600000,120000
2022-08-18 12:32:24.942000,1.01692,1.01689,3600000,120000
2022-08-18 12:32:25.044000,1.01695,1.01689,5400000,4580000
2022-08-18 12:32:25.146000,1.01694,1.01689,3600000,900000
2022-08-18 12:32:25.248000,1.01694,1.01688,3600000,3680000
2022-08-18 12:32:25.350000,1.01692,1.01688,3600000,120000
2022-08-18 12:32:25.453000,1.01693,1.01688,3600000,120000
2022-08-18 12:32:25.809000,1.01692,1.01688,3600000,120000
2022-08-18 12:32:26.174000,1.01693,1.01688,4040000,120000
2022-08-18 12:32:26.486000,1.01696,1.01691,4010000,4580000
2022-08-18 12:32:26.588000,1.01697,1.01694,6710000,120000
2022-08-18 12:32:26.742000,1.01698,1.01696,900000,3600000
2022-08-18 12:32:27.047000,1.01699,1.01697,900000,3600000
2022-08-18 12:32:27.149000,1.01698,1.01696,900000,3680000
2022-08-18 12:32:27.455000,1.01703,1.01697,8100000,4140000
2022-08-18 12:32:27.557000,1.01703,1.01698,3600000,120000
2022-08-18 12:32:27.660000,1.017,1.01697,440000,3600000
2022-08-18 12:32:27.711000,1.01699,1.01695,900000,6610000
2022-08-18 12:32:27.864000,1.01703,1.01697,4040000,3680000
2022-08-18 12:32:27.966000,1.01704,1.01698,4040000,3680000
2022-08-18 12:32:28.069000,1.01704,1.017,4040000,4140000
2022-08-18 12:32:28.171000,1.01705,1.017,3600000,120000
2022-08-18 12:32:28.274000,1.01706,1.017,3600000,4140000
2022-08-18 12:32:28.478000,1.01705,1.01699,5400000,3680000
2022-08-18 12:32:29.054000,1.01703,1.01699,4040000,120000
2022-08-18 12:32:29.168000,1.01703,1.01698,3600000,440000
2022-08-18 12:32:29.270000,1.01699,1.01696,900000,3680000
2022-08-18 12:32:30.396000,1.01699,1.01697,900000,120000
2022-08-18 12:32:30.498000,1.01699,1.01696,900000,4140000
2022-08-18 12:32:30.652000,1.01703,1.01697,3600000,4140000
2022-08-18 12:32:30.754000,1.01703,1.01699,4040000,3680000
2022-08-18 12:32:30.856000,1.01702,1.01699,3600000,120000
2022-08-18 12:32:30.908000,1.01699,1.01696,900000,3600000
2022-08-18 12:32:31.010000,1.017,1.01695,4040000,2470000
2022-08-18 12:32:31.112000,1.01699,1.01694,3600000,540000
2022-08-18 12:32:31.653000,1.01702,1.01697,6250000,120000
2022-08-18 12:32:31.755000,1.01704,1.01699,6250000,120000
2022-08-18 12:32:31.908000,1.01705,1.01699,4040000,3680000
2022-08-18 12:32:32.520000,1.01705,1.01701,3600000,1440000
2022-08-18 12:32:32.571000,1.01708,1.01702,10310000,4140000
2022-08-18 12:32:32.673000,1.01708,1.01703,4500000,4140000
2022-08-18 12:32:32.775000,1.01709,1.01703,3600000,4140000
2022-08-18 12:32:32.878000,1.01709,1.01704,3600000,120000
2022-08-18 12:32:32.930000,1.01711,1.01705,5400000,3600000
2022-08-18 12:32:33.369000,1.01711,1.01706,900000,3600000
2022-08-18 12:32:33.471000,1.01711,1.01705,4500000,5040000
2022-08-18 12:32:33.972000,1.01709,1.01706,3600000,120000
2022-08-18 12:32:34.075000,1.01709,1.01704,440000,3600000
2022-08-18 12:32:34.177000,1.01709,1.01703,4040000,3680000
2022-08-18 12:32:34.228000,1.01705,1.01702,1340000,2470000
2022-08-18 12:32:34.280000,1.01704,1.017,4940000,7430000
2022-08-18 12:32:34.382000,1.01705,1.017,4940000,4600000
2022-08-18 12:32:34.485000,1.01704,1.01699,3600000,120000
2022-08-18 12:32:34.791000,1.01703,1.01699,3600000,120000
2022-08-18 12:32:34.894000,1.01706,1.01701,3600000,1440000
2022-08-18 12:32:34.945000,1.01708,1.01702,3600000,4140000
2022-08-18 12:32:35.116000,1.01709,1.01703,5400000,3600000
2022-08-18 12:32:35.221000,1.0171,1.01706,4500000,540000
2022-08-18 12:32:35.272000,1.01712,1.01707,4040000,540000
2022-08-18 12:32:35.375000,1.01714,1.01709,5400000,4500000
2022-08-18 12:32:35.477000,1.01718,1.01712,6070000,3600000
2022-08-18 12:32:35.681000,1.01718,1.01713,1800000,3600000
2022-08-18 12:32:35.885000,1.01717,1.01712,3600000,440000
2022-08-18 12:32:36.038000,1.01717,1.01711,4940000,3600000
2022-08-18 12:32:36.089000,1.01715,1.0171,440000,3600000
2022-08-18 12:32:36.192000,1.01711,1.01708,6740000,2470000
2022-08-18 12:32:36.294000,1.01714,1.01709,4240000,3600000
2022-08-18 12:32:36.397000,1.01715,1.01709,3600000,5710000
2022-08-18 12:32:36.499000,1.01717,1.01711,6380000,4040000
2022-08-18 12:32:36.906000,1.01716,1.0171,3600000,4140000
2022-08-18 12:32:37.059000,1.01719,1.01714,2440000,3600000
2022-08-18 12:32:37.162000,1.0172,1.01714,10130000,3600000
2022-08-18 12:32:37.264000,1.01719,1.01713,3600000,4580000
2022-08-18 12:32:37.816000,1.01715,1.0171,1340000,6970000
2022-08-18 12:32:37.918000,1.01712,1.01711,900000,3600000
2022-08-18 12:32:38.021000,1.01714,1.01709,3600000,120000
2022-08-18 12:32:38.123000,1.01715,1.01709,5400000,3600000
2022-08-18 12:32:38.276000,1.01715,1.0171,3600000,120000
2022-08-18 12:32:38.430000,1.01715,1.01709,3600000,4140000
2022-08-18 12:32:38.532000,1.01716,1.0171,5940000,3600000
2022-08-18 12:32:38.657000,1.01717,1.01712,230000,4140000
