time,ask,bid,ask_volume,bid_volume
2019-10-17 12:25:00.023000,1.11123,1.1112,1970000,1500000
2019-10-17 12:25:00.124000,1.11125,1.11121,6260000,750000
2019-10-17 12:25:00.175000,1.11124,1.11121,3250000,750000
2019-10-17 12:25:00.277000,1.11126,1.11122,1820000,1200000
2019-10-17 12:25:00.378000,1.11124,1.11122,1000000,1200000
2019-10-17 12:25:00.480000,1.11125,1.11121,1000000,1500000
2019-10-17 12:25:00.601000,1.11126,1.11121,3620000,4220000
2019-10-17 12:25:00.703000,1.11125,1.11122,940000,1200000
2019-10-17 12:25:01.161000,1.11126,1.11122,2870000,1220000
2019-10-17 12:25:01.263000,1.11126,1.11122,2120000,1200000
2019-10-17 12:25:01.469000,1.11126,1.11123,2120000,600000
2019-10-17 12:25:01.572000,1.11126,1.11124,1370000,1200000
2019-10-17 12:25:01.774000,1.11126,1.11123,750000,600000
2019-10-17 12:25:02.330000,1.11126,1.11122,4750000,1200000
2019-10-17 12:25:03.216000,1.11126,1.11122,6620000,1570000
2019-10-17 12:25:03.722000,1.11126,1.11122,1370000,1570000
2019-10-17 12:25:03.824000,1.11126,1.11123,560000,1200000
2019-10-17 12:25:03.927000,1.11126,1.11122,2120000,1570000
2019-10-17 12:25:04.107000,1.11126,1.11123,2120000,1200000
2019-10-17 12:25:04.259000,1.11126,1.11122,2120000,1570000
2019-10-17 12:25:04.361000,1.11125,1.11123,2440000,750000
2019-10-17 12:25:04.463000,1.11124,1.11122,1000000,1200000
2019-10-17 12:25:04.566000,1.11123,1.11121,940000,940000
2019-10-17 12:25:04.668000,1.11123,1.1112,940000,4200000
2019-10-17 12:25:05.305000,1.1112,1.11119,750000,1950000
2019-10-17 12:25:05.406000,1.1112,1.11118,1750000,750000
2019-10-17 12:25:05.508000,1.1112,1.11117,3620000,3190000
2019-10-17 12:25:05.656000,1.1112,1.11118,3620000,1200000
2019-10-17 12:25:05.758000,1.11121,1.11118,1500000,1690000
2019-10-17 12:25:05.859000,1.11122,1.11118,2810000,2890000
2019-10-17 12:25:05.961000,1.11121,1.11119,750000,750000
2019-10-17 12:25:06.136000,1.11121,1.11118,750000,1690000
2019-10-17 12:25:06.811000,1.11121,1.11119,750000,750000
2019-10-17 12:25:06.913000,1.11122,1.1112,1200000,750000
2019-10-17 12:25:07.014000,1.11123,1.11121,750000,1750000
2019-10-17 12:25:07.267000,1.11124,1.11123,750000,750000
2019-10-17 12:25:07.318000,1.11126,1.11124,1570000,750000
2019-10-17 12:25:07.420000,1.11125,1.11123,600000,3190000
2019-10-17 12:25:09.609000,1.11126,1.11122,2570000,1500000
2019-10-17 12:25:12.015000,1.11124,1.11122,600000,3190000
2019-10-17 12:25:12.116000,1.11124,1.1112,2700000,3190000
2019-10-17 12:25:12.217000,1.11122,1.11119,820000,3940000
2019-10-17 12:25:12.446000,1.11121,1.11119,500000,2440000
2019-10-17 12:25:12.801000,1.11122,1.11119,1010000,1690000
2019-10-17 12:25:13.963000,1.11122,1.11121,600000,750000
2019-10-17 12:25:14.064000,1.11121,1.1112,600000,750000
2019-10-17 12:25:14.115000,1.11123,1.11121,1950000,750000
2019-10-17 12:25:14.259000,1.11122,1.11121,750000,750000
2019-10-17 12:25:14.361000,1.11122,1.1112,600000,750000
2019-10-17 12:25:14.462000,1.11122,1.11119,600000,2440000
2019-10-17 12:25:14.868000,1.11122,1.1112,600000,940000
2019-10-17 12:25:14.974000,1.11122,1.11121,500000,750000
2019-10-17 12:25:15.025000,1.11124,1.1112,2140000,3940000
2019-10-17 12:25:15.126000,1.11122,1.1112,500000,3940000
2019-10-17 12:25:15.228000,1.11124,1.1112,640000,4690000
2019-10-17 12:25:15.329000,1.11124,1.11121,2140000,1500000
2019-10-17 12:25:17.081000,1.11124,1.11122,2510000,750000
2019-10-17 12:25:17.182000,1.11123,1.11122,600000,750000
2019-10-17 12:25:17.283000,1.11122,1.11121,600000,750000
2019-10-17 12:25:17.334000,1.11124,1.11122,2510000,750000
2019-10-17 12:25:17.475000,1.11123,1.11122,1200000,750000
2019-10-17 12:25:18.337000,1.11123,1.11121,1200000,750000
2019-10-17 12:25:19.348000,1.11124,1.11121,6640000,750000
2019-10-17 12:25:20.670000,1.11123,1.11121,750000,750000
2019-10-17 12:25:21.601000,1.11123,1.1112,4200000,3940000
2019-10-17 12:25:21.703000,1.11122,1.1112,600000,750000
2019-10-17 12:25:21.816000,1.11122,1.11119,600000,3940000
2019-10-17 12:25:22.120000,1.11121,1.11119,600000,1690000
2019-10-17 12:25:22.290000,1.11123,1.1112,2510000,750000
2019-10-17 12:25:23.873000,1.11122,1.1112,600000,750000
2019-10-17 12:25:23.974000,1.11122,1.11119,600000,2060000
2019-10-17 12:25:24.126000,1.11122,1.11118,600000,2440000
2019-10-17 12:25:24.227000,1.1112,1.11117,1690000,1870000
2019-10-17 12:25:24.329000,1.11118,1.11117,600000,750000
2019-10-17 12:25:24.481000,1.1112,1.11117,640000,750000
2019-10-17 12:25:25.561000,1.1112,1.11119,600000,750000
2019-10-17 12:25:25.663000,1.11123,1.11121,1760000,750000
2019-10-17 12:25:25.765000,1.11124,1.11122,600000,750000
2019-10-17 12:25:25.866000,1.11125,1.11121,1010000,4690000
2019-10-17 12:25:26.068000,1.11125,1.11122,640000,750000
2019-10-17 12:25:26.174000,1.11125,1.11121,640000,6190000
2019-10-17 12:25:26.414000,1.11125,1.11122,640000,750000
2019-10-17 12:25:26.553000,1.11126,1.11123,940000,4500000
2019-10-17 12:25:26.657000,1.11127,1.11124,640000,3750000
2019-10-17 12:25:26.760000,1.11128,1.11124,2140000,5060000
2019-10-17 12:25:27.012000,1.11127,1.11125,750000,750000
2019-10-17 12:25:27.113000,1.11127,1.11124,750000,5060000
2019-10-17 12:25:27.360000,1.11127,1.11125,1200000,750000
2019-10-17 12:25:27.462000,1.11128,1.11125,2140000,750000
2019-10-17 12:25:27.596000,1.11127,1.11124,600000,2810000
2019-10-17 12:25:27.697000,1.11129,1.11127,640000,500000
2019-10-17 12:25:27.799000,1.1113,1.11127,940000,3450000
2019-10-17 12:25:27.901000,1.11131,1.11128,1310000,1950000
2019-10-17 12:25:28.002000,1.11131,1.11129,2060000,1200000
2019-10-17 12:25:28.591000,1.11131,1.11128,2810000,1500000
2019-10-17 12:25:30.300000,1.11132,1.11129,3750000,1750000
2019-10-17 12:25:30.402000,1.11135,1.11132,1030000,750000
2019-10-17 12:25:30.549000,1.11136,1.11132,2060000,2810000
2019-10-17 12:25:30.701000,1.11137,1.11133,6190000,1690000
2019-10-17 12:25:30.802000,1.11136,1.11133,750000,2440000
2019-10-17 12:25:30.903000,1.11137,1.11136,1500000,940000
2019-10-17 12:25:31.005000,1.11139,1.11136,500000,3620000
2019-10-17 12:25:31.233000,1.11141,1.11137,3190000,2440000
2019-10-17 12:25:31.971000,1.11141,1.11137,2870000,1500000
2019-10-17 12:25:32.022000,1.11138,1.11134,940000,3260000
2019-10-17 12:25:32.123000,1.11138,1.11135,1000000,750000
2019-10-17 12:25:32.478000,1.11137,1.11134,940000,750000
2019-10-17 12:25:33.499000,1.11139,1.11135,2440000,940000
2019-10-17 12:25:34.247000,1.11138,1.11135,750000,1690000
2019-10-17 12:25:34.356000,1.11138,1.11134,940000,2440000
2019-10-17 12:25:35.014000,1.11137,1.11135,750000,3190000
2019-10-17 12:25:35.160000,1.11137,1.11134,750000,940000
2019-10-17 12:25:35.363000,1.11139,1.11137,8810000,1500000
2019-10-17 12:25:35.414000,1.11142,1.1114,750000,3940000
2019-10-17 12:25:35.515000,1.11145,1.11143,1500000,1690000
2019-10-17 12:25:35.617000,1.11147,1.11143,3940000,750000
2019-10-17 12:25:35.777000,1.11147,1.11144,940000,750000
2019-10-17 12:25:37.092000,1.11145,1.11144,940000,1120000
2019-10-17 12:25:37.143000,1.11147,1.11144,1690000,500000
2019-10-17 12:25:37.239000,1.11145,1.11142,940000,3750000
2019-10-17 12:25:37.392000,1.11146,1.11143,500000,750000
2019-10-17 12:25:37.544000,1.11147,1.11143,2440000,750000
2019-10-17 12:25:38.381000,1.11147,1.11144,1120000,750000
2019-10-17 12:25:40.280000,1.11147,1.11145,750000,1500000
2019-10-17 12:25:40.382000,1.11149,1.11145,940000,2060000
2019-10-17 12:25:40.483000,1.11148,1.11145,2250000,2060000
2019-10-17 12:25:40.737000,1.11149,1.11146,2870000,750000
2019-10-17 12:25:41.653000,1.11148,1.11145,1690000,500000
2019-10-17 12:25:41.762000,1.11148,1.11144,1690000,2020000
2019-10-17 12:25:42.073000,1.11148,1.11145,1690000,750000
2019-10-17 12:25:42.464000,1.11148,1.11144,2440000,2770000
2019-10-17 12:25:42.646000,1.11145,1.11144,750000,2020000
2019-10-17 12:25:42.697000,1.11146,1.11142,500000,3090000
2019-10-17 12:25:42.799000,1.11146,1.11143,1860000,900000
2019-10-17 12:25:42.900000,1.11147,1.11143,2500000,750000
2019-10-17 12:25:43.052000,1.11147,1.11144,1190000,2250000
2019-10-17 12:25:43.154000,1.11148,1.11144,3750000,1690000
2019-10-17 12:25:43.356000,1.11149,1.11144,4870000,2440000
2019-10-17 12:25:43.997000,1.11149,1.11144,4120000,2640000
2019-10-17 12:25:44.271000,1.11149,1.11146,4690000,1500000
2019-10-17 12:25:44.423000,1.11149,1.11146,940000,2070000
2019-10-17 12:25:44.820000,1.1115,1.11146,1870000,3010000
2019-10-17 12:25:44.990000,1.1115,1.11146,2620000,3010000
2019-10-17 12:25:45.091000,1.11149,1.11146,750000,3760000
2019-10-17 12:25:45.192000,1.1115,1.11147,1870000,950000
2019-10-17 12:25:46.415000,1.11151,1.11147,500000,4510000
2019-10-17 12:25:46.763000,1.11151,1.11148,500000,1650000
2019-10-17 12:25:48.553000,1.11152,1.11148,3250000,1650000
2019-10-17 12:25:49.159000,1.11152,1.11148,1120000,3900000
2019-10-17 12:25:49.261000,1.11152,1.11149,940000,2250000
2019-10-17 12:25:49.854000,1.11153,1.11152,1500000,1120000
2019-10-17 12:25:49.956000,1.11156,1.11152,1870000,2060000
2019-10-17 12:25:50.057000,1.11156,1.11152,4190000,3370000
2019-10-17 12:25:51.781000,1.11155,1.11152,1750000,1650000
2019-10-17 12:25:51.882000,1.11155,1.11152,4750000,1700000
2019-10-17 12:25:52.621000,1.11155,1.11152,4000000,3150000
2019-10-17 12:25:52.974000,1.11155,1.11152,2440000,3520000
2019-10-17 12:25:53.242000,1.11154,1.11152,940000,520000
2019-10-17 12:25:53.344000,1.11153,1.11149,3190000,3390000
2019-10-17 12:25:53.445000,1.11152,1.11149,2060000,900000
2019-10-17 12:25:54.991000,1.11151,1.11149,750000,750000
2019-10-17 12:25:55.600000,1.11152,1.11149,940000,750000
2019-10-17 12:25:56.023000,1.11152,1.11149,940000,950000
2019-10-17 12:25:56.249000,1.11152,1.11149,940000,900000
2019-10-17 12:25:56.831000,1.11152,1.11149,940000,950000
2019-10-17 12:25:56.936000,1.11152,1.11149,940000,900000
2019-10-17 12:25:58.134000,1.1115,1.11148,1500000,520000
2019-10-17 12:25:58.246000,1.1115,1.11147,1690000,820000
2019-10-17 12:25:58.348000,1.1115,1.11148,940000,750000
2019-10-17 12:25:58.399000,1.11149,1.11146,2440000,750000
2019-10-17 12:25:58.500000,1.11148,1.11146,1500000,2250000
2019-10-17 12:25:59.271000,1.11149,1.11146,2440000,750000
2019-10-17 12:25:59.372000,1.11148,1.11146,750000,750000
2019-10-17 12:25:59.679000,1.11149,1.11145,3190000,1310000
2019-10-17 12:26:00.041000,1.11148,1.11145,750000,1310000
2019-10-17 12:26:00.092000,1.11147,1.11145,1750000,500000
2019-10-17 12:26:00.193000,1.11145,1.11144,500000,940000
2019-10-17 12:26:00.295000,1.11146,1.11144,940000,940000
2019-10-17 12:26:00.441000,1.11146,1.11142,3000000,2060000
2019-10-17 12:26:01.368000,1.11146,1.11143,1120000,750000
2019-10-17 12:26:01.753000,1.11146,1.11143,1750000,750000
2019-10-17 12:26:01.855000,1.11143,1.1114,1500000,940000
2019-10-17 12:26:01.975000,1.11142,1.11139,750000,2500000
2019-10-17 12:26:02.177000,1.11143,1.11139,2250000,2500000
2019-10-17 12:26:02.582000,1.11143,1.11139,1500000,940000
2019-10-17 12:26:03.571000,1.11143,1.11142,750000,750000
2019-10-17 12:26:03.672000,1.11144,1.11142,750000,750000
2019-10-17 12:26:03.774000,1.11145,1.11142,3000000,750000
2019-10-17 12:26:04.849000,1.11144,1.11142,750000,1000000
2019-10-17 12:26:04.903000,1.11144,1.1114,3190000,1870000
2019-10-17 12:26:05.005000,1.11142,1.11139,940000,1500000
2019-10-17 12:26:06.642000,1.11141,1.11139,750000,750000
2019-10-17 12:26:07.504000,1.11141,1.11138,750000,1690000
2019-10-17 12:26:07.606000,1.1114,1.11137,560000,5500000
2019-10-17 12:26:07.698000,1.11139,1.11136,500000,3190000
2019-10-17 12:26:07.799000,1.11138,1.11135,500000,900000
2019-10-17 12:26:08.104000,1.11138,1.11137,500000,750000
2019-10-17 12:26:08.307000,1.11138,1.11135,500000,2590000
2019-10-17 12:26:08.979000,1.11138,1.11136,750000,750000
2019-10-17 12:26:09.184000,1.11138,1.11135,750000,4090000
2019-10-17 12:26:09.766000,1.11139,1.11136,750000,750000
2019-10-17 12:26:09.868000,1.1114,1.11137,940000,1690000
2019-10-17 12:26:09.997000,1.11141,1.11138,2120000,940000
2019-10-17 12:26:10.098000,1.11141,1.11138,500000,750000
2019-10-17 12:26:10.250000,1.11141,1.11138,1120000,1500000
2019-10-17 12:26:10.376000,1.11141,1.11138,1870000,750000
2019-10-17 12:26:16.055000,1.11141,1.11139,1500000,750000
2019-10-17 12:26:18.412000,1.1114,1.11138,750000,2710000
2019-10-17 12:26:18.823000,1.11142,1.1114,1500000,940000
2019-10-17 12:26:18.877000,1.11143,1.11141,750000,4150000
2019-10-17 12:26:18.979000,1.11144,1.11142,1500000,2440000
2019-10-17 12:26:19.131000,1.11144,1.11143,750000,750000
2019-10-17 12:26:20.345000,1.11145,1.11143,1870000,940000
2019-10-17 12:26:21.239000,1.11146,1.11143,2440000,940000
2019-10-17 12:26:22.260000,1.11144,1.11142,750000,3400000
2019-10-17 12:26:25.366000,1.11145,1.11142,750000,3400000
2019-10-17 12:26:26.085000,1.11146,1.11142,2440000,3870000
2019-10-17 12:26:26.926000,1.11147,1.11146,3750000,2440000
2019-10-17 12:26:27.028000,1.11149,1.11147,940000,2590000
2019-10-17 12:26:27.132000,1.1115,1.11146,2620000,3670000
2019-10-17 12:26:27.183000,1.11149,1.11146,500000,1700000
2019-10-17 12:26:27.284000,1.11151,1.11146,4190000,4020000
2019-10-17 12:26:27.385000,1.11151,1.11147,4940000,1200000
2019-10-17 12:26:27.818000,1.11151,1.11147,2440000,3460000
2019-10-17 12:26:27.909000,1.11152,1.11149,3190000,700000
2019-10-17 12:26:28.010000,1.11153,1.11149,3370000,520000
2019-10-17 12:26:28.213000,1.11153,1.11149,5620000,700000
2019-10-17 12:26:28.315000,1.11152,1.11149,750000,700000
2019-10-17 12:26:28.502000,1.11151,1.11149,750000,1320000
2019-10-17 12:26:28.603000,1.11151,1.11148,750000,1270000
2019-10-17 12:26:29.187000,1.11151,1.11148,1500000,1520000
2019-10-17 12:26:29.288000,1.11151,1.11148,1500000,1460000
2019-10-17 12:26:30.219000,1.11151,1.11148,1500000,1890000
2019-10-17 12:26:32.557000,1.11152,1.11149,2250000,1770000
2019-10-17 12:26:33.185000,1.11151,1.11149,750000,1770000
2019-10-17 12:26:33.368000,1.11151,1.11148,1750000,3300000
2019-10-17 12:26:33.773000,1.1115,1.11148,940000,1270000
2019-10-17 12:26:35.113000,1.11151,1.11148,750000,1320000
2019-10-17 12:26:35.421000,1.11151,1.11148,750000,900000
2019-10-17 12:26:36.673000,1.11152,1.11149,3000000,1500000
2019-10-17 12:26:36.776000,1.11153,1.11151,2320000,750000
2019-10-17 12:26:36.877000,1.11153,1.1115,2690000,1600000
2019-10-17 12:26:37.029000,1.11153,1.11149,2500000,2150000
2019-10-17 12:26:38.129000,1.11151,1.11149,750000,520000
2019-10-17 12:26:38.180000,1.1115,1.11148,4000000,500000
2019-10-17 12:26:38.282000,1.1115,1.11147,2060000,950000
2019-10-17 12:26:38.384000,1.11149,1.11148,750000,500000
2019-10-17 12:26:38.711000,1.11151,1.11148,3370000,520000
2019-10-17 12:26:40.191000,1.1115,1.11148,750000,520000
2019-10-17 12:26:40.293000,1.11148,1.11146,750000,800000
2019-10-17 12:26:40.344000,1.11147,1.11144,1750000,1310000
2019-10-17 12:26:40.445000,1.11147,1.11144,1750000,1140000
2019-10-17 12:26:40.546000,1.11147,1.11144,3250000,1090000
2019-10-17 12:26:40.647000,1.11146,1.11145,940000,1500000
2019-10-17 12:26:40.834000,1.11147,1.11144,1000000,2590000
2019-10-17 12:26:40.885000,1.11148,1.11145,1870000,750000
2019-10-17 12:26:43.885000,1.11148,1.11145,750000,3250000
2019-10-17 12:26:43.987000,1.11149,1.11147,750000,3250000
2019-10-17 12:26:44.038000,1.11151,1.11149,1310000,750000
2019-10-17 12:26:46.131000,1.11152,1.11148,4590000,2660000
2019-10-17 12:26:46.493000,1.1115,1.11148,940000,1720000
2019-10-17 12:26:46.595000,1.11149,1.11146,1500000,2070000
2019-10-17 12:26:46.711000,1.1115,1.11147,940000,4200000
2019-10-17 12:26:46.813000,1.11151,1.11147,3370000,3900000
2019-10-17 12:26:46.961000,1.11151,1.11147,2620000,3950000
2019-10-17 12:26:47.588000,1.11151,1.11147,4540000,1650000
2019-10-17 12:26:47.690000,1.11151,1.11147,4600000,1650000
2019-10-17 12:26:48.215000,1.11148,1.11146,750000,1700000
2019-10-17 12:26:48.316000,1.11148,1.11145,1120000,1760000
2019-10-17 12:26:48.418000,1.11148,1.11144,3190000,800000
2019-10-17 12:26:48.519000,1.11147,1.11145,750000,750000
2019-10-17 12:26:48.620000,1.11147,1.11146,750000,750000
2019-10-17 12:26:48.671000,1.11149,1.11147,500000,520000
2019-10-17 12:26:48.784000,1.11152,1.11151,980000,1540000
2019-10-17 12:26:48.835000,1.11154,1.11153,6190000,500000
2019-10-17 12:26:48.936000,1.11155,1.11153,1010000,1870000
2019-10-17 12:26:49.037000,1.11156,1.11153,2060000,1270000
2019-10-17 12:26:49.189000,1.11156,1.11153,2280000,520000
2019-10-17 12:26:49.291000,1.11155,1.11151,940000,4760000
2019-10-17 12:26:49.407000,1.11155,1.11152,1690000,750000
2019-10-17 12:26:49.510000,1.11155,1.11151,940000,4760000
2019-10-17 12:26:50.453000,1.11153,1.11151,1690000,750000
2019-10-17 12:26:50.618000,1.11153,1.1115,940000,2320000
2019-10-17 12:26:50.720000,1.11154,1.11152,750000,500000
2019-10-17 12:26:52.778000,1.11153,1.1115,1190000,1390000
2019-10-17 12:26:52.882000,1.11152,1.11149,560000,600000
2019-10-17 12:26:55.395000,1.11149,1.11148,940000,600000
2019-10-17 12:26:55.527000,1.11148,1.11146,750000,800000
2019-10-17 12:26:55.578000,1.11145,1.11143,560000,2740000
2019-10-17 12:26:55.629000,1.11144,1.11142,940000,2440000
2019-10-17 12:26:56.287000,1.11144,1.11142,940000,1890000
2019-10-17 12:26:56.550000,1.11145,1.11142,1750000,1690000
2019-10-17 12:26:56.651000,1.11145,1.11142,1750000,1890000
2019-10-17 12:26:56.955000,1.11145,1.11141,2500000,2270000
2019-10-17 12:26:57.056000,1.11143,1.1114,750000,3640000
2019-10-17 12:26:57.212000,1.11144,1.1114,3260000,3260000
2019-10-17 12:26:58.044000,1.11144,1.1114,4760000,5200000
2019-10-17 12:26:58.662000,1.11143,1.11141,560000,550000
2019-10-17 12:26:58.763000,1.11141,1.11139,1120000,1720000
2019-10-17 12:27:00.064000,1.11142,1.11139,2620000,3250000
2019-10-17 12:27:00.166000,1.11143,1.1114,1500000,1690000
2019-10-17 12:27:00.267000,1.11144,1.11142,1500000,750000
2019-10-17 12:27:01.870000,1.11145,1.11143,750000,1500000
2019-10-17 12:27:01.972000,1.11146,1.11141,3700000,3950000
2019-10-17 12:27:02.226000,1.11146,1.11141,5200000,3950000
2019-10-17 12:27:02.530000,1.11146,1.11141,4450000,3950000
2019-10-17 12:27:02.683000,1.11146,1.11143,1750000,750000
2019-10-17 12:27:04.271000,1.11147,1.11143,6250000,750000
2019-10-17 12:27:04.451000,1.11147,1.11143,5870000,1600000
2019-10-17 12:27:04.553000,1.11146,1.11143,940000,1600000
2019-10-17 12:27:04.936000,1.11147,1.11143,2500000,2720000
2019-10-17 12:27:09.645000,1.11148,1.11145,940000,3250000
2019-10-17 12:27:09.747000,1.11148,1.11145,750000,2540000
2019-10-17 12:27:09.848000,1.11149,1.11145,1120000,1040000
2019-10-17 12:27:10.205000,1.1115,1.11146,3250000,2720000
2019-10-17 12:27:10.693000,1.11151,1.11147,1940000,3470000
2019-10-17 12:27:10.795000,1.11151,1.11147,1870000,2910000
2019-10-17 12:27:11.522000,1.11153,1.11148,8690000,4040000
2019-10-17 12:27:11.926000,1.11152,1.11148,1000000,3850000
2019-10-17 12:27:12.360000,1.11153,1.11149,5690000,850000
2019-10-17 12:27:12.411000,1.11154,1.1115,8060000,1790000
2019-10-17 12:27:12.513000,1.11154,1.11151,750000,1410000
2019-10-17 12:27:12.614000,1.11155,1.11151,1120000,660000
2019-10-17 12:27:12.716000,1.11155,1.11152,1190000,1600000
2019-10-17 12:27:14.145000,1.11155,1.11152,1190000,1500000
2019-10-17 12:27:14.246000,1.11155,1.11151,940000,3260000
2019-10-17 12:27:14.633000,1.11155,1.11152,940000,750000
2019-10-17 12:27:14.836000,1.11155,1.11152,1690000,2350000
2019-10-17 12:27:15.846000,1.11155,1.11152,1690000,750000
2019-10-17 12:27:15.948000,1.11154,1.11152,1500000,820000
2019-10-17 12:27:16.439000,1.11155,1.11152,1690000,820000
2019-10-17 12:27:17.893000,1.11155,1.11151,940000,640000
2019-10-17 12:27:17.994000,1.11155,1.11151,940000,2160000
2019-10-17 12:27:18.303000,1.11155,1.11153,750000,1500000
2019-10-17 12:27:18.455000,1.11155,1.11154,750000,1500000
2019-10-17 12:27:18.885000,1.11154,1.1115,2440000,10110000
2019-10-17 12:27:18.987000,1.11155,1.11153,940000,1500000
2019-10-17 12:27:19.088000,1.11155,1.11151,2500000,4450000
2019-10-17 12:27:20.788000,1.11155,1.11151,4750000,5220000
2019-10-17 12:27:21.836000,1.11155,1.11152,3250000,2510000
2019-10-17 12:27:21.938000,1.11155,1.11152,2250000,1760000
2019-10-17 12:27:22.089000,1.11155,1.11152,2250000,1790000
2019-10-17 12:27:22.192000,1.11155,1.11152,2250000,1690000
2019-10-17 12:27:22.521000,1.11155,1.11153,750000,560000
2019-10-17 12:27:22.673000,1.11156,1.11153,2890000,560000
2019-10-17 12:27:23.099000,1.11155,1.11153,750000,560000
2019-10-17 12:27:23.150000,1.11154,1.11151,1870000,3000000
2019-10-17 12:27:23.252000,1.11155,1.11152,1950000,1690000
2019-10-17 12:27:24.143000,1.11153,1.1115,750000,3560000
2019-10-17 12:27:24.607000,1.11153,1.11151,750000,1500000
2019-10-17 12:27:24.709000,1.11153,1.11151,750000,1750000
2019-10-17 12:27:25.254000,1.11152,1.1115,750000,1370000
2019-10-17 12:27:25.417000,1.11152,1.1115,750000,560000
2019-10-17 12:27:26.071000,1.11153,1.11151,750000,1690000
2019-10-17 12:27:26.255000,1.11153,1.1115,1200000,2060000
2019-10-17 12:27:26.407000,1.11153,1.1115,2250000,760000
2019-10-17 12:27:26.531000,1.11153,1.1115,2250000,710000
2019-10-17 12:27:27.202000,1.11154,1.11152,2510000,500000
2019-10-17 12:27:28.015000,1.11153,1.11152,750000,500000
2019-10-17 12:27:28.116000,1.11154,1.11152,3260000,500000
2019-10-17 12:27:28.228000,1.11153,1.11149,750000,3770000
2019-10-17 12:27:28.733000,1.11153,1.11151,1500000,1500000
2019-10-17 12:27:29.496000,1.11153,1.1115,1570000,2440000
2019-10-17 12:27:29.915000,1.11153,1.11151,750000,1500000
2019-10-17 12:27:30.161000,1.11154,1.11151,3640000,1500000
2019-10-17 12:27:30.515000,1.11154,1.1115,3660000,1840000
2019-10-17 12:27:30.729000,1.11155,1.11152,2950000,1500000
2019-10-17 12:27:30.830000,1.11154,1.11153,500000,1500000
2019-10-17 12:27:30.981000,1.11155,1.11152,1450000,2400000
2019-10-17 12:27:31.444000,1.11155,1.11154,750000,1500000
2019-10-17 12:27:31.565000,1.11157,1.11154,940000,3250000
2019-10-17 12:27:32.981000,1.11156,1.11153,1500000,5210000
2019-10-17 12:27:33.133000,1.11156,1.11153,1260000,3370000
2019-10-17 12:27:33.283000,1.11156,1.11153,1010000,1870000
2019-10-17 12:27:33.384000,1.11156,1.11154,1200000,750000
2019-10-17 12:27:33.486000,1.11157,1.11155,1690000,900000
2019-10-17 12:27:33.588000,1.11157,1.11154,940000,750000
2019-10-17 12:27:33.841000,1.11157,1.11155,1120000,940000
2019-10-17 12:27:33.942000,1.11158,1.11155,4500000,4000000
2019-10-17 12:27:35.440000,1.11158,1.11155,750000,3340000
2019-10-17 12:27:35.542000,1.11158,1.11156,750000,1690000
2019-10-17 12:27:35.822000,1.11158,1.11155,3000000,1840000
2019-10-17 12:27:36.798000,1.11157,1.11155,750000,1090000
2019-10-17 12:27:36.899000,1.11158,1.11154,3260000,2820000
2019-10-17 12:27:37.857000,1.11158,1.11154,3640000,2450000
2019-10-17 12:27:37.958000,1.11158,1.11154,3640000,2450000
2019-10-17 12:27:38.781000,1.11158,1.11154,2910000,2450000
2019-10-17 12:27:39.762000,1.11157,1.11154,820000,2400000
2019-10-17 12:27:39.975000,1.11156,1.11154,750000,2400000
2019-10-17 12:27:40.882000,1.11157,1.11154,1690000,1700000
2019-10-17 12:27:40.985000,1.11157,1.11154,1690000,1500000
2019-10-17 12:27:41.784000,1.11156,1.11154,1750000,750000
2019-10-17 12:27:41.908000,1.11156,1.11154,750000,750000
2019-10-17 12:27:42.060000,1.11157,1.11154,4390000,750000
2019-10-17 12:27:42.639000,1.11157,1.11153,5140000,3000000
2019-10-17 12:27:45.305000,1.11157,1.11154,3940000,750000
2019-10-17 12:27:48.365000,1.11157,1.11153,3640000,1200000
2019-10-17 12:27:49.227000,1.11156,1.11153,600000,1390000
2019-10-17 12:27:49.352000,1.11157,1.11153,3820000,1390000
2019-10-17 12:27:49.610000,1.11155,1.11153,750000,1390000
2019-10-17 12:27:50.167000,1.11155,1.11153,750000,1410000
2019-10-17 12:27:51.489000,1.11155,1.11153,760000,2510000
2019-10-17 12:27:51.789000,1.11155,1.11151,4000000,6850000
2019-10-17 12:27:51.941000,1.11154,1.11151,1690000,1970000
2019-10-17 12:27:52.093000,1.11153,1.11151,750000,1970000
2019-10-17 12:27:52.654000,1.11154,1.11151,1760000,3470000
2019-10-17 12:27:52.856000,1.11154,1.11151,940000,2700000
2019-10-17 12:27:53.245000,1.11153,1.11151,500000,750000
2019-10-17 12:27:53.448000,1.11154,1.11151,940000,1200000
2019-10-17 12:27:54.838000,1.11154,1.11151,1690000,2340000
2019-10-17 12:27:55.567000,1.11155,1.11152,2700000,1690000
2019-10-17 12:27:55.670000,1.11158,1.11154,940000,2440000
2019-10-17 12:27:55.924000,1.11159,1.11156,2440000,1100000
2019-10-17 12:27:56.681000,1.11159,1.11156,2720000,1410000
2019-10-17 12:27:56.908000,1.11159,1.11156,2320000,1410000
2019-10-17 12:27:57.060000,1.11158,1.11156,750000,1410000
2019-10-17 12:27:57.162000,1.11158,1.11156,560000,1690000
2019-10-17 12:28:00.130000,1.11158,1.11155,2060000,600000
2019-10-17 12:28:00.232000,1.11157,1.11155,820000,600000
2019-10-17 12:28:00.761000,1.11158,1.11155,2700000,600000
2019-10-17 12:28:01.142000,1.11158,1.11154,3450000,2140000
2019-10-17 12:28:01.493000,1.11158,1.11155,4200000,750000
2019-10-17 12:28:01.629000,1.11157,1.11154,750000,5600000
2019-10-17 12:28:01.850000,1.11158,1.11156,1690000,1390000
2019-10-17 12:28:02.233000,1.11157,1.11156,750000,1010000
2019-10-17 12:28:03.326000,1.11158,1.11156,1570000,1010000
2019-10-17 12:28:04.174000,1.11157,1.11156,750000,1200000
2019-10-17 12:28:04.277000,1.11158,1.11156,1690000,1010000
2019-10-17 12:28:04.533000,1.11158,1.11157,1500000,500000
2019-10-17 12:28:04.736000,1.11157,1.11156,750000,1120000
2019-10-17 12:28:04.838000,1.11157,1.11156,750000,640000
2019-10-17 12:28:04.939000,1.11158,1.11155,1500000,2220000
2019-10-17 12:28:05.682000,1.11158,1.11157,1500000,750000
2019-10-17 12:28:05.915000,1.11158,1.11156,1500000,1390000
2019-10-17 12:28:06.552000,1.11158,1.11156,1500000,850000
2019-10-17 12:28:08.165000,1.11158,1.11156,750000,2320000
2019-10-17 12:28:08.266000,1.11158,1.11156,750000,2570000
2019-10-17 12:28:09.560000,1.11158,1.11156,750000,820000
2019-10-17 12:28:09.884000,1.11158,1.11157,750000,940000
2019-10-17 12:28:10.057000,1.11158,1.11156,1120000,500000
2019-10-17 12:28:10.637000,1.11158,1.11156,2720000,1310000
2019-10-17 12:28:10.739000,1.11157,1.11155,750000,3260000
2019-10-17 12:28:10.874000,1.11158,1.11155,1500000,6260000
2019-10-17 12:28:12.125000,1.11158,1.11157,1500000,500000
2019-10-17 12:28:12.227000,1.11158,1.11156,2720000,750000
2019-10-17 12:28:12.330000,1.11158,1.11156,2700000,500000
2019-10-17 12:28:12.381000,1.11157,1.11155,2250000,2890000
2019-10-17 12:28:12.600000,1.11158,1.11154,2890000,1760000
2019-10-17 12:28:12.702000,1.11157,1.11154,2320000,940000
2019-10-17 12:28:12.883000,1.11156,1.11154,750000,2060000
2019-10-17 12:28:14.042000,1.11156,1.11153,4370000,2540000
2019-10-17 12:28:14.143000,1.11154,1.11151,750000,4040000
2019-10-17 12:28:14.244000,1.11154,1.11151,750000,1790000
2019-10-17 12:28:14.575000,1.11152,1.1115,1500000,1790000
2019-10-17 12:28:14.677000,1.11152,1.1115,750000,1410000
2019-10-17 12:28:18.035000,1.11155,1.11153,2890000,1250000
2019-10-17 12:28:18.138000,1.11155,1.11153,1570000,1120000
2019-10-17 12:28:19.307000,1.11155,1.11153,1500000,2120000
2019-10-17 12:28:20.633000,1.11156,1.11153,750000,2220000
2019-10-17 12:28:22.406000,1.11156,1.11153,1500000,5510000
2019-10-17 12:28:23.152000,1.11156,1.11153,2250000,2160000
2019-10-17 12:28:23.254000,1.11155,1.11153,750000,600000
2019-10-17 12:28:24.279000,1.11156,1.11153,2320000,600000
2019-10-17 12:28:26.811000,1.11155,1.11153,750000,2700000
2019-10-17 12:28:27.862000,1.11155,1.11154,2320000,500000
2019-10-17 12:28:28.183000,1.11154,1.11153,750000,750000
2019-10-17 12:28:28.284000,1.11153,1.11152,750000,2440000
2019-10-17 12:28:28.487000,1.11154,1.11151,2510000,1000000
2019-10-17 12:28:28.964000,1.11154,1.11151,3640000,1100000
2019-10-17 12:28:29.479000,1.11154,1.11151,4390000,1070000
2019-10-17 12:28:29.905000,1.11153,1.11151,750000,1070000
2019-10-17 12:28:30.335000,1.11152,1.1115,750000,660000
2019-10-17 12:28:30.437000,1.11152,1.1115,820000,660000
2019-10-17 12:28:30.588000,1.11153,1.1115,2720000,560000
2019-10-17 12:28:31.641000,1.11152,1.1115,750000,660000
2019-10-17 12:28:31.773000,1.11153,1.1115,3070000,660000
2019-10-17 12:28:32.391000,1.11152,1.1115,750000,660000
2019-10-17 12:28:33.744000,1.11153,1.11149,3000000,1100000
2019-10-17 12:28:35.850000,1.11153,1.11149,4500000,1100000
2019-10-17 12:28:35.955000,1.11152,1.11149,1500000,1100000
2019-10-17 12:28:36.625000,1.1115,1.11148,750000,1120000
2019-10-17 12:28:38.553000,1.1115,1.11148,750000,850000
2019-10-17 12:28:38.751000,1.11151,1.11148,4690000,850000
2019-10-17 12:28:42.525000,1.11151,1.11148,5440000,820000
2019-10-17 12:28:43.029000,1.1115,1.11147,750000,1570000
2019-10-17 12:28:45.090000,1.1115,1.11147,750000,2350000
2019-10-17 12:28:45.312000,1.11151,1.11147,3190000,2350000
2019-10-17 12:28:46.386000,1.11151,1.11147,3750000,2160000
2019-10-17 12:28:46.913000,1.11151,1.11147,1500000,1410000
2019-10-17 12:28:47.031000,1.11151,1.11147,2250000,1410000
2019-10-17 12:28:47.942000,1.11151,1.11148,3000000,600000
2019-10-17 12:28:48.044000,1.11151,1.11148,2250000,600000
2019-10-17 12:28:48.145000,1.11151,1.11148,1500000,500000
2019-10-17 12:28:48.246000,1.11151,1.11148,1500000,600000
2019-10-17 12:28:49.217000,1.11151,1.11147,750000,2810000
2019-10-17 12:28:52.577000,1.11152,1.11149,3560000,750000
2019-10-17 12:28:52.679000,1.11152,1.1115,750000,1070000
2019-10-17 12:28:52.780000,1.11154,1.11151,940000,820000
2019-10-17 12:28:52.881000,1.11154,1.11152,2250000,750000
2019-10-17 12:28:53.568000,1.11155,1.11152,1690000,820000
2019-10-17 12:28:55.393000,1.11153,1.11151,750000,1860000
2019-10-17 12:28:55.495000,1.11153,1.1115,750000,1950000
2019-10-17 12:28:55.748000,1.11153,1.11149,750000,2890000
2019-10-17 12:28:55.900000,1.11153,1.1115,1500000,750000
2019-10-17 12:28:56.001000,1.11152,1.11149,500000,1010000
2019-10-17 12:28:57.505000,1.11152,1.11148,2620000,1390000
2019-10-17 12:28:57.658000,1.11151,1.11147,1500000,2160000
2019-10-17 12:28:58.954000,1.11151,1.11147,1500000,2610000
2019-10-17 12:28:59.338000,1.11151,1.11147,1500000,2540000
2019-10-17 12:28:59.768000,1.11151,1.11147,1500000,2510000
2019-10-17 12:29:00.192000,1.11149,1.11146,940000,2350000
2019-10-17 12:29:00.293000,1.11148,1.11144,1500000,1850000
2019-10-17 12:29:00.344000,1.11148,1.11144,2870000,750000
2019-10-17 12:29:00.496000,1.11147,1.11143,2440000,560000
2019-10-17 12:29:00.547000,1.11145,1.11142,3250000,4200000
2019-10-17 12:29:00.801000,1.11144,1.1114,4000000,1750000
2019-10-17 12:29:00.902000,1.11143,1.11141,940000,660000
2019-10-17 12:29:01.243000,1.11144,1.1114,8440000,1850000
2019-10-17 12:29:01.345000,1.11144,1.1114,3250000,1850000
2019-10-17 12:29:01.861000,1.11144,1.11142,750000,1200000
2019-10-17 12:29:01.963000,1.11146,1.11143,1500000,600000
2019-10-17 12:29:02.065000,1.11147,1.11144,1760000,500000
2019-10-17 12:29:02.166000,1.11147,1.11142,2140000,1760000
2019-10-17 12:29:04.565000,1.11147,1.11143,2510000,750000
2019-10-17 12:29:07.022000,1.11146,1.11143,500000,1010000
2019-10-17 12:29:07.126000,1.11147,1.11143,2060000,750000
2019-10-17 12:29:07.777000,1.11147,1.11144,2060000,750000
2019-10-17 12:29:07.828000,1.11148,1.11146,750000,750000
2019-10-17 12:29:07.879000,1.1115,1.11146,940000,2890000
2019-10-17 12:29:07.980000,1.11151,1.11147,2440000,820000
2019-10-17 12:29:08.031000,1.11151,1.11149,1500000,560000
2019-10-17 12:29:08.133000,1.11153,1.1115,1870000,500000
2019-10-17 12:29:08.234000,1.11154,1.1115,940000,3720000
2019-10-17 12:29:09.624000,1.11154,1.11149,1690000,5300000
2019-10-17 12:29:09.725000,1.11154,1.11149,1760000,3420000
2019-10-17 12:29:09.827000,1.11154,1.11149,4010000,4920000
2019-10-17 12:29:10.957000,1.11154,1.1115,1500000,2570000
2019-10-17 12:29:11.341000,1.11154,1.11152,750000,750000
2019-10-17 12:29:11.393000,1.11156,1.11151,1690000,1760000
2019-10-17 12:29:11.605000,1.11157,1.11151,3560000,3400000
2019-10-17 12:29:11.890000,1.11156,1.11151,560000,1840000
2019-10-17 12:29:11.991000,1.11156,1.11152,560000,750000
2019-10-17 12:29:16.694000,1.11157,1.11152,2060000,940000
2019-10-17 12:29:18.034000,1.11155,1.11151,1310000,900000
2019-10-17 12:29:18.140000,1.11154,1.1115,2350000,760000
2019-10-17 12:29:18.190000,1.11153,1.11148,940000,1490000
2019-10-17 12:29:18.393000,1.11153,1.11148,3620000,1200000
2019-10-17 12:29:20.809000,1.11152,1.11149,940000,750000
2019-10-17 12:29:21.833000,1.11151,1.11147,1000000,3350000
2019-10-17 12:29:21.934000,1.11149,1.11144,2250000,1000000
2019-10-17 12:29:22.036000,1.11148,1.11144,1870000,1010000
2019-10-17 12:29:22.087000,1.11146,1.11143,500000,1790000
2019-10-17 12:29:22.139000,1.11148,1.11143,3640000,1390000
2019-10-17 12:29:22.254000,1.11147,1.11143,750000,1490000
2019-10-17 12:29:22.506000,1.11147,1.11143,750000,1040000
2019-10-17 12:29:23.027000,1.11148,1.11143,3290000,1040000
2019-10-17 12:29:23.201000,1.11148,1.11143,2890000,1490000
2019-10-17 12:29:23.303000,1.11148,1.11143,3290000,1410000
2019-10-17 12:29:24.362000,1.11148,1.11142,2810000,2670000
2019-10-17 12:29:25.247000,1.11147,1.11143,750000,1040000
2019-10-17 12:29:25.417000,1.11148,1.11143,3190000,1040000
2019-10-17 12:29:26.832000,1.11149,1.11146,820000,1870000
2019-10-17 12:29:26.969000,1.11152,1.11147,3260000,1840000
2019-10-17 12:29:27.171000,1.11152,1.11147,3000000,2570000
2019-10-17 12:29:28.065000,1.11153,1.1115,2440000,1120000
2019-10-17 12:29:28.167000,1.11156,1.11152,2810000,640000
2019-10-17 12:29:28.269000,1.11157,1.11153,1020000,1750000
2019-10-17 12:29:28.371000,1.1116,1.11155,850000,2910000
2019-10-17 12:29:28.422000,1.11161,1.11155,5440000,4550000
2019-10-17 12:29:28.472000,1.11161,1.11157,4310000,1000000
2019-10-17 12:29:32.749000,1.11162,1.11156,8120000,1010000
2019-10-17 12:29:33.058000,1.11161,1.11156,2250000,3620000
2019-10-17 12:29:33.362000,1.11161,1.11156,1750000,1690000
2019-10-17 12:29:35.072000,1.11159,1.11155,750000,3710000
2019-10-17 12:29:35.174000,1.11157,1.11152,750000,4170000
2019-10-17 12:29:35.225000,1.11157,1.11153,1120000,940000
2019-10-17 12:29:38.152000,1.11157,1.11154,750000,1500000
2019-10-17 12:29:39.357000,1.11157,1.11152,750000,3800000
2019-10-17 12:29:40.761000,1.11157,1.11154,750000,500000
2019-10-17 12:29:40.907000,1.11157,1.11152,750000,4150000
2019-10-17 12:29:42.457000,1.11156,1.11152,940000,1840000
2019-10-17 12:29:42.684000,1.11156,1.11152,1750000,940000
2019-10-17 12:29:42.837000,1.11156,1.11153,1750000,500000
2019-10-17 12:29:44.056000,1.11156,1.11152,1370000,2440000
2019-10-17 12:29:44.458000,1.11157,1.11153,750000,560000
2019-10-17 12:29:45.191000,1.11157,1.11152,1000000,1450000
2019-10-17 12:29:45.999000,1.11157,1.11152,750000,850000
2019-10-17 12:29:46.302000,1.1116,1.11156,5600000,1500000
2019-10-17 12:29:46.403000,1.11162,1.11157,5570000,560000
2019-10-17 12:29:46.505000,1.11163,1.11159,5510000,940000
2019-10-17 12:29:46.608000,1.11164,1.11163,2250000,1500000
2019-10-17 12:29:46.659000,1.11167,1.11163,750000,1500000
2019-10-17 12:29:46.761000,1.11167,1.11163,560000,1750000
2019-10-17 12:29:46.877000,1.11172,1.11168,940000,500000
2019-10-17 12:29:46.979000,1.11176,1.11174,1690000,750000
2019-10-17 12:29:47.080000,1.11175,1.11172,1000000,1500000
2019-10-17 12:29:47.182000,1.11173,1.1117,940000,1500000
2019-10-17 12:29:47.297000,1.11174,1.11171,2500000,940000
2019-10-17 12:29:47.349000,1.11176,1.11174,2250000,560000
2019-10-17 12:29:47.400000,1.11178,1.11174,940000,750000
2019-10-17 12:29:47.502000,1.11179,1.11173,1750000,2670000
2019-10-17 12:29:47.553000,1.11175,1.11173,750000,700000
2019-10-17 12:29:47.603000,1.11175,1.11171,1500000,1760000
2019-10-17 12:29:47.705000,1.11176,1.1117,2500000,2670000
2019-10-17 12:29:47.809000,1.11172,1.1117,1500000,820000
2019-10-17 12:29:47.911000,1.11169,1.11163,500000,1850000
2019-10-17 12:29:48.063000,1.11168,1.11164,500000,1070000
2019-10-17 12:29:48.164000,1.11171,1.11167,940000,500000
2019-10-17 12:29:48.215000,1.11173,1.11172,750000,500000
2019-10-17 12:29:48.338000,1.11176,1.11171,560000,940000
2019-10-17 12:29:49.049000,1.11177,1.11172,1000000,750000
2019-10-17 12:29:49.150000,1.11178,1.11172,2120000,3190000
2019-10-17 12:29:49.504000,1.11176,1.11171,750000,1750000
2019-10-17 12:29:49.707000,1.11177,1.11171,1000000,1690000
2019-10-17 12:29:49.809000,1.11173,1.1117,750000,1120000
2019-10-17 12:29:49.911000,1.11168,1.11165,750000,1500000
2019-10-17 12:29:50.012000,1.11167,1.11165,1000000,1500000
2019-10-17 12:29:50.063000,1.11167,1.11161,1750000,940000
2019-10-17 12:29:50.164000,1.11164,1.1116,1120000,1760000
2019-10-17 12:29:50.308000,1.11162,1.11159,500000,1000000
2019-10-17 12:29:50.635000,1.11162,1.11159,500000,750000
2019-10-17 12:29:50.819000,1.11162,1.11158,500000,2440000
2019-10-17 12:29:50.927000,1.11164,1.11158,2120000,4370000
2019-10-17 12:29:51.029000,1.11164,1.1116,1310000,750000
2019-10-17 12:29:51.232000,1.11164,1.11159,1120000,2250000
2019-10-17 12:29:51.333000,1.11164,1.1116,1120000,750000
2019-10-17 12:29:51.673000,1.11166,1.1116,500000,500000
2019-10-17 12:29:51.772000,1.11167,1.11162,2250000,500000
2019-10-17 12:29:51.874000,1.11163,1.1116,500000,2250000
2019-10-17 12:29:51.925000,1.11163,1.11157,500000,820000
2019-10-17 12:29:52.027000,1.11162,1.11156,500000,500000
2019-10-17 12:29:52.301000,1.11162,1.11157,500000,750000
2019-10-17 12:29:52.402000,1.11163,1.11157,1120000,750000
2019-10-17 12:29:53.384000,1.11161,1.11157,500000,750000
2019-10-17 12:29:53.486000,1.11162,1.11156,500000,500000
2019-10-17 12:29:53.796000,1.1116,1.11155,500000,750000
2019-10-17 12:29:53.847000,1.11163,1.11157,1120000,500000
2019-10-17 12:29:54.886000,1.11165,1.11163,2070000,1500000
2019-10-17 12:29:54.987000,1.11168,1.11163,1120000,750000
2019-10-17 12:29:55.089000,1.11168,1.11162,750000,2320000
2019-10-17 12:29:55.386000,1.11172,1.11168,750000,500000
2019-10-17 12:29:55.487000,1.11176,1.11169,1500000,500000
2019-10-17 12:29:55.589000,1.11175,1.11168,1500000,500000
2019-10-17 12:29:56.482000,1.11175,1.1117,500000,500000
2019-10-17 12:29:57.291000,1.11175,1.11168,500000,500000
2019-10-17 12:29:57.342000,1.11177,1.1117,1500000,500000
2019-10-17 12:29:57.638000,1.11175,1.11168,500000,1870000
2019-10-17 12:29:57.754000,1.11177,1.1117,500000,500000
2019-10-17 12:29:57.906000,1.11173,1.11169,500000,750000
2019-10-17 12:29:58.007000,1.11173,1.11166,500000,500000
2019-10-17 12:29:58.159000,1.1117,1.11164,500000,2250000
2019-10-17 12:29:58.209000,1.11174,1.11165,2250000,750000
2019-10-17 12:29:58.625000,1.11174,1.11166,750000,750000
2019-10-17 12:29:58.676000,1.11174,1.11169,750000,1500000
2019-10-17 12:29:58.728000,1.11179,1.11169,1500000,750000
2019-10-17 12:29:58.779000,1.11178,1.11165,750000,750000
2019-10-17 12:29:58.831000,1.11175,1.11169,750000,750000
2019-10-17 12:29:58.932000,1.11177,1.11164,750000,1500000
2019-10-17 12:29:59.788000,1.11178,1.11164,750000,1500000
2019-10-17 12:29:59.923000,1.11175,1.11164,750000,2250000
2019-10-17 12:30:00.874000,1.11175,1.1117,750000,750000
2019-10-17 12:30:00.976000,1.11174,1.1117,750000,750000
2019-10-17 12:30:01.179000,1.11174,1.11169,750000,1500000
2019-10-17 12:30:01.274000,1.11175,1.11164,1050000,3000000
2019-10-17 12:30:01.376000,1.11175,1.11165,750000,750000
2019-10-17 12:30:02.031000,1.11174,1.11165,750000,600000
2019-10-17 12:30:02.133000,1.11175,1.11169,750000,2250000
2019-10-17 12:30:02.234000,1.11176,1.1117,500000,1500000
2019-10-17 12:30:02.335000,1.11172,1.11165,500000,820000
2019-10-17 12:30:02.588000,1.11172,1.11166,500000,600000
2019-10-17 12:30:02.689000,1.11172,1.11165,500000,600000
2019-10-17 12:30:03.014000,1.1117,1.11164,500000,1870000
2019-10-17 12:30:03.155000,1.11169,1.11163,500000,750000
2019-10-17 12:30:03.312000,1.11169,1.11162,500000,500000
2019-10-17 12:30:03.413000,1.11172,1.11165,2250000,500000
2019-10-17 12:30:04.140000,1.11172,1.11165,1750000,560000
2019-10-17 12:30:04.763000,1.11169,1.11163,1000000,1500000
2019-10-17 12:30:04.865000,1.11168,1.11162,750000,1500000
2019-10-17 12:30:04.966000,1.11168,1.11161,750000,1690000
2019-10-17 12:30:05.068000,1.11162,1.11158,500000,940000
2019-10-17 12:30:05.170000,1.11163,1.11156,2500000,500000
2019-10-17 12:30:06.030000,1.1116,1.11154,1000000,750000
2019-10-17 12:30:06.131000,1.11159,1.11156,940000,500000
2019-10-17 12:30:10.070000,1.1116,1.11157,3000000,500000
2019-10-17 12:30:10.121000,1.11162,1.11157,940000,500000
2019-10-17 12:30:10.223000,1.11164,1.11159,940000,500000
2019-10-17 12:30:10.532000,1.11164,1.11159,750000,750000
2019-10-17 12:30:10.633000,1.11167,1.11161,560000,560000
2019-10-17 12:30:10.886000,1.11167,1.11163,750000,500000
2019-10-17 12:30:10.987000,1.11169,1.11163,2120000,500000
2019-10-17 12:30:11.113000,1.11171,1.11166,3000000,560000
2019-10-17 12:30:11.215000,1.11172,1.11166,2060000,560000
2019-10-17 12:30:11.316000,1.1117,1.11164,1310000,1310000
2019-10-17 12:30:11.468000,1.11168,1.11163,940000,500000
2019-10-17 12:30:11.570000,1.11165,1.11162,500000,750000
2019-10-17 12:30:11.671000,1.11168,1.11162,2500000,750000
2019-10-17 12:30:11.839000,1.11168,1.11163,1000000,500000
2019-10-17 12:30:11.890000,1.11167,1.11161,1370000,940000
2019-10-17 12:30:11.992000,1.11165,1.11161,750000,940000
2019-10-17 12:30:12.093000,1.11165,1.1116,940000,1690000
2019-10-17 12:30:12.723000,1.11166,1.11162,940000,1370000
2019-10-17 12:30:14.825000,1.11168,1.11165,940000,500000
2019-10-17 12:30:14.934000,1.1117,1.11165,1500000,2120000
2019-10-17 12:30:15.036000,1.1117,1.11167,1500000,750000
2019-10-17 12:30:15.138000,1.11171,1.11167,750000,1690000
2019-10-17 12:30:15.239000,1.11172,1.11167,1690000,2440000
2019-10-17 12:30:15.815000,1.11172,1.11167,750000,2500000
2019-10-17 12:30:16.855000,1.11172,1.11169,750000,500000
2019-10-17 12:30:17.947000,1.11174,1.1117,750000,2060000
2019-10-17 12:30:17.999000,1.11175,1.11173,940000,750000
2019-10-17 12:30:18.101000,1.11177,1.11174,750000,500000
2019-10-17 12:30:18.472000,1.11177,1.11173,940000,500000
2019-10-17 12:30:18.725000,1.11178,1.11175,2250000,2120000
2019-10-17 12:30:18.776000,1.11178,1.11175,1310000,500000
2019-10-17 12:30:18.877000,1.11177,1.11173,750000,1690000
2019-10-17 12:30:19.496000,1.11178,1.11175,750000,1690000
2019-10-17 12:30:19.598000,1.11178,1.11176,750000,750000
2019-10-17 12:30:19.993000,1.11178,1.11175,750000,1690000
2019-10-17 12:30:20.208000,1.11176,1.11174,940000,2250000
2019-10-17 12:30:20.259000,1.11179,1.11175,1690000,1120000
2019-10-17 12:30:20.435000,1.11178,1.11175,750000,3940000
2019-10-17 12:30:20.536000,1.11179,1.11175,500000,3940000
2019-10-17 12:30:20.638000,1.11177,1.11175,940000,1870000
2019-10-17 12:30:20.688000,1.11176,1.11173,750000,3070000
2019-10-17 12:30:20.841000,1.11176,1.11175,750000,750000
2019-10-17 12:30:21.113000,1.11176,1.11173,750000,3000000
2019-10-17 12:30:21.379000,1.11176,1.11174,750000,750000
2019-10-17 12:30:22.356000,1.11178,1.11174,1500000,2440000
2019-10-17 12:30:22.457000,1.11177,1.11175,750000,500000
2019-10-17 12:30:22.680000,1.11175,1.11173,750000,1120000
2019-10-17 12:30:22.838000,1.11177,1.11174,1500000,3190000
2019-10-17 12:30:22.889000,1.11177,1.11176,1500000,750000
2019-10-17 12:30:22.939000,1.11179,1.11176,2250000,750000
2019-10-17 12:30:23.041000,1.11178,1.11176,750000,1500000
2019-10-17 12:30:23.142000,1.11179,1.11176,2250000,1500000
2019-10-17 12:30:24.319000,1.1118,1.11176,4390000,750000
2019-10-17 12:30:24.451000,1.11179,1.11176,500000,750000
2019-10-17 12:30:25.264000,1.1118,1.11176,5510000,1120000
2019-10-17 12:30:25.467000,1.1118,1.11175,4310000,3190000
2019-10-17 12:30:25.568000,1.1118,1.11175,2260000,940000
2019-10-17 12:30:26.512000,1.11179,1.11176,950000,500000
2019-10-17 12:30:26.664000,1.11179,1.11176,1090000,750000
2019-10-17 12:30:27.514000,1.11177,1.11175,3000000,1500000
2019-10-17 12:30:27.616000,1.11179,1.11175,3950000,560000
2019-10-17 12:30:27.718000,1.11178,1.11175,950000,560000
2019-10-17 12:30:27.871000,1.11177,1.11174,3400000,1500000
2019-10-17 12:30:27.973000,1.11176,1.11172,1890000,1750000
2019-10-17 12:30:28.074000,1.11176,1.11172,1140000,1500000
2019-10-17 12:30:29.790000,1.11176,1.11173,3010000,750000
2019-10-17 12:30:29.892000,1.11176,1.11173,2960000,750000
2019-10-17 12:30:30.102000,1.11175,1.11173,950000,750000
2019-10-17 12:30:30.204000,1.11176,1.11172,1840000,2250000
2019-10-17 12:30:30.305000,1.11175,1.11172,750000,3000000
2019-10-17 12:30:30.423000,1.11176,1.11172,1840000,1500000
2019-10-17 12:30:30.475000,1.11176,1.11172,2640000,750000
2019-10-17 12:30:30.729000,1.11172,1.11169,750000,2250000
2019-10-17 12:30:30.831000,1.11171,1.11168,2400000,750000
2019-10-17 12:30:30.882000,1.11171,1.11168,2450000,500000
2019-10-17 12:30:31.100000,1.11171,1.11168,2450000,500000
2019-10-17 12:30:31.671000,1.11173,1.11171,750000,1120000
2019-10-17 12:30:31.772000,1.11175,1.11172,950000,1000000
2019-10-17 12:30:31.874000,1.11176,1.11172,2260000,1000000
2019-10-17 12:30:32.137000,1.11174,1.11172,1650000,750000
2019-10-17 12:30:32.239000,1.11174,1.11171,1700000,3190000
2019-10-17 12:30:32.620000,1.11175,1.11172,1700000,750000
2019-10-17 12:30:32.721000,1.11175,1.11173,950000,750000
2019-10-17 12:30:32.823000,1.11176,1.11173,1700000,750000
2019-10-17 12:30:33.187000,1.11174,1.11171,1690000,2250000
2019-10-17 12:30:33.288000,1.11175,1.11172,1320000,2250000
2019-10-17 12:30:33.339000,1.11175,1.11173,1870000,750000
2019-10-17 12:30:33.440000,1.11174,1.11173,750000,750000
2019-10-17 12:30:33.491000,1.11176,1.11173,1840000,750000
2019-10-17 12:30:33.542000,1.11177,1.11175,900000,1000000
2019-10-17 12:30:33.643000,1.11179,1.11176,1150000,2810000
2019-10-17 12:30:33.754000,1.11179,1.11177,900000,2250000
2019-10-17 12:30:33.805000,1.11181,1.11178,750000,1500000
2019-10-17 12:30:33.856000,1.11183,1.1118,950000,4690000
2019-10-17 12:30:33.958000,1.11186,1.11183,950000,500000
2019-10-17 12:30:34.009000,1.11187,1.11181,1840000,5620000
2019-10-17 12:30:34.111000,1.11186,1.11181,1890000,2810000
2019-10-17 12:30:34.213000,1.11184,1.11182,500000,1120000
2019-10-17 12:30:34.264000,1.11186,1.11182,1840000,1120000
2019-10-17 12:30:34.315000,1.11187,1.11182,4200000,1120000
2019-10-17 12:30:34.423000,1.11185,1.11182,520000,1120000
2019-10-17 12:30:34.524000,1.11186,1.11182,1140000,1000000
2019-10-17 12:30:34.625000,1.11186,1.11183,950000,750000
2019-10-17 12:30:34.728000,1.11186,1.11183,2450000,3370000
2019-10-17 12:30:34.829000,1.11186,1.11183,1700000,3750000
2019-10-17 12:30:35.061000,1.11186,1.11182,950000,1690000
2019-10-17 12:30:35.212000,1.11185,1.11181,710000,940000
2019-10-17 12:30:35.314000,1.11183,1.11179,900000,2950000
2019-10-17 12:30:35.465000,1.11182,1.11178,1750000,940000
2019-10-17 12:30:35.617000,1.1118,1.11176,1120000,750000
2019-10-17 12:30:35.726000,1.11179,1.11175,2250000,940000
2019-10-17 12:30:36.031000,1.11179,1.11174,2820000,4000000
2019-10-17 12:30:36.136000,1.11175,1.11172,1700000,940000
2019-10-17 12:30:36.189000,1.11174,1.1117,1650000,3560000
2019-10-17 12:30:36.291000,1.11174,1.11172,3150000,750000
2019-10-17 12:30:36.392000,1.11174,1.11173,900000,750000
2019-10-17 12:30:36.443000,1.11177,1.11173,3150000,940000
2019-10-17 12:30:36.657000,1.11178,1.11177,1650000,2250000
2019-10-17 12:30:36.708000,1.11179,1.11177,1120000,2440000
2019-10-17 12:30:36.759000,1.11181,1.11177,750000,3190000
2019-10-17 12:30:36.911000,1.11182,1.11177,3340000,1690000
2019-10-17 12:30:37.012000,1.11181,1.11177,1270000,1690000
2019-10-17 12:30:37.282000,1.11181,1.11178,900000,750000
2019-10-17 12:30:37.619000,1.11181,1.11178,1700000,1000000
2019-10-17 12:30:38.157000,1.11181,1.11178,1140000,500000
2019-10-17 12:30:38.258000,1.11181,1.11177,940000,3190000
2019-10-17 12:30:38.759000,1.11179,1.11175,1500000,5200000
2019-10-17 12:30:38.861000,1.1118,1.11176,3900000,940000
2019-10-17 12:30:38.962000,1.1118,1.11175,3340000,2500000
2019-10-17 12:30:39.063000,1.11179,1.11175,750000,3250000
2019-10-17 12:30:39.460000,1.1118,1.11175,3190000,4000000
2019-10-17 12:30:39.561000,1.11179,1.11176,750000,1370000
2019-10-17 12:30:39.764000,1.11179,1.11176,750000,940000
2019-10-17 12:30:39.865000,1.11177,1.11174,750000,940000
2019-10-17 12:30:39.967000,1.11177,1.11176,900000,750000
2019-10-17 12:30:40.058000,1.11179,1.11177,900000,750000
2019-10-17 12:30:40.161000,1.1118,1.11177,1840000,1120000
2019-10-17 12:30:40.262000,1.1118,1.11178,1650000,940000
2019-10-17 12:30:40.313000,1.11181,1.11179,2770000,750000
2019-10-17 12:30:40.415000,1.11182,1.11179,2640000,2250000
2019-10-17 12:30:40.517000,1.11182,1.11179,1890000,750000
2019-10-17 12:30:40.619000,1.11182,1.11178,1200000,750000
2019-10-17 12:30:40.822000,1.1118,1.11176,2440000,4000000
2019-10-17 12:30:40.924000,1.11178,1.11176,750000,1000000
2019-10-17 12:30:41.025000,1.11178,1.11176,900000,750000
2019-10-17 12:30:41.227000,1.11179,1.11178,2770000,940000
2019-10-17 12:30:41.278000,1.1118,1.11178,2400000,940000
2019-10-17 12:30:41.395000,1.1118,1.11178,2450000,940000
2019-10-17 12:30:41.496000,1.1118,1.11178,1650000,940000
2019-10-17 12:30:41.862000,1.11179,1.11178,750000,940000
2019-10-17 12:30:42.500000,1.1118,1.11177,1650000,1310000
2019-10-17 12:30:42.601000,1.1118,1.11178,1890000,500000
2019-10-17 12:30:43.101000,1.11179,1.11176,750000,2500000
2019-10-17 12:30:43.152000,1.11181,1.11179,2770000,750000
2019-10-17 12:30:43.203000,1.1118,1.11178,750000,1310000
2019-10-17 12:30:43.254000,1.11182,1.1118,750000,1690000
2019-10-17 12:30:43.305000,1.11184,1.11182,2620000,750000
2019-10-17 12:30:43.406000,1.11186,1.11184,750000,560000
2019-10-17 12:30:43.457000,1.11189,1.11188,1120000,940000
2019-10-17 12:30:43.558000,1.11191,1.11188,5140000,940000
2019-10-17 12:30:43.912000,1.1119,1.11188,1000000,750000
2019-10-17 12:30:43.963000,1.11188,1.11186,750000,940000
2019-10-17 12:30:44.115000,1.11187,1.11185,750000,1500000
2019-10-17 12:30:44.242000,1.11188,1.11185,2620000,750000
2019-10-17 12:30:44.369000,1.11188,1.11183,2620000,3250000
2019-10-17 12:30:44.571000,1.11187,1.11183,940000,4750000
2019-10-17 12:30:47.006000,1.11189,1.11186,750000,2250000
2019-10-17 12:30:47.156000,1.1119,1.11186,2440000,1690000
2019-10-17 12:30:47.611000,1.11189,1.11187,940000,750000
2019-10-17 12:30:47.712000,1.1119,1.11187,1010000,750000
2019-10-17 12:30:47.816000,1.1119,1.11186,1390000,1690000
2019-10-17 12:30:47.917000,1.1119,1.11187,2950000,940000
2019-10-17 12:30:48.019000,1.1119,1.11188,940000,1870000
2019-10-17 12:30:48.221000,1.11193,1.11191,1870000,750000
2019-10-17 12:30:48.362000,1.11196,1.11194,1000000,1870000
2019-10-17 12:30:48.413000,1.11199,1.11194,2440000,1690000
2019-10-17 12:30:48.514000,1.11199,1.11195,2870000,750000
2019-10-17 12:30:48.617000,1.11199,1.11196,1120000,1690000
2019-10-17 12:30:48.764000,1.11198,1.11197,750000,750000
2019-10-17 12:30:48.815000,1.11196,1.11195,940000,750000
2019-10-17 12:30:48.967000,1.11196,1.11193,1750000,500000
2019-10-17 12:30:49.443000,1.11196,1.11192,1000000,2620000
2019-10-17 12:30:49.645000,1.11195,1.11192,1000000,750000
2019-10-17 12:30:49.746000,1.11195,1.11191,940000,2440000
2019-10-17 12:30:50.280000,1.11194,1.11191,750000,2060000
2019-10-17 12:30:50.381000,1.11195,1.11191,1690000,2440000
2019-10-17 12:30:50.699000,1.11195,1.11191,940000,3620000
2019-10-17 12:30:52.314000,1.11196,1.11193,940000,3000000
2019-10-17 12:30:52.772000,1.11197,1.11196,1500000,1870000
2019-10-17 12:30:52.874000,1.11198,1.11195,500000,940000
2019-10-17 12:30:52.976000,1.11196,1.11193,3190000,1500000
2019-10-17 12:30:53.078000,1.11196,1.11192,1690000,3190000
2019-10-17 12:30:53.727000,1.11195,1.11192,1000000,1690000
2019-10-17 12:30:54.031000,1.11195,1.11193,750000,500000
2019-10-17 12:30:54.133000,1.11195,1.11192,940000,1500000
2019-10-17 12:30:54.269000,1.11195,1.11194,750000,750000
2019-10-17 12:30:54.319000,1.11198,1.11197,1500000,750000
2019-10-17 12:30:54.371000,1.112,1.11198,940000,750000
2019-10-17 12:30:54.472000,1.11201,1.112,560000,750000
2019-10-17 12:30:54.574000,1.11201,1.11199,500000,1500000
2019-10-17 12:30:54.675000,1.11202,1.11199,1310000,750000
2019-10-17 12:30:54.928000,1.11201,1.11199,500000,1500000
2019-10-17 12:30:55.058000,1.11202,1.112,750000,750000
2019-10-17 12:30:55.312000,1.11202,1.11199,500000,1120000
2019-10-17 12:30:55.413000,1.11203,1.11199,1310000,1120000
2019-10-17 12:30:55.515000,1.11203,1.112,1690000,500000
2019-10-17 12:30:55.724000,1.11201,1.112,750000,500000
2019-10-17 12:30:55.825000,1.11201,1.11199,750000,750000
2019-10-17 12:30:55.926000,1.112,1.11198,750000,3190000
2019-10-17 12:30:56.867000,1.11201,1.11198,500000,750000
2019-10-17 12:30:57.019000,1.11201,1.11197,500000,4690000
2019-10-17 12:30:58.256000,1.112,1.11197,500000,1500000
2019-10-17 12:30:58.732000,1.112,1.11198,1120000,750000
2019-10-17 12:30:59.002000,1.112,1.11198,750000,750000
2019-10-17 12:30:59.104000,1.11198,1.11197,750000,750000
2019-10-17 12:30:59.206000,1.11198,1.11196,1690000,750000
2019-10-17 12:30:59.308000,1.11198,1.11196,6180000,750000
2019-10-17 12:31:00.135000,1.11197,1.11193,3000000,750000
2019-10-17 12:31:00.237000,1.11195,1.11192,1120000,1500000
2019-10-17 12:31:00.396000,1.11195,1.11191,3620000,1500000
2019-10-17 12:31:00.447000,1.11192,1.1119,4310000,750000
2019-10-17 12:31:00.650000,1.11192,1.11189,4310000,750000
2019-10-17 12:31:00.808000,1.11187,1.11185,1310000,1500000
2019-10-17 12:31:00.861000,1.11184,1.11182,2020000,1870000
2019-10-17 12:31:00.912000,1.11184,1.11183,2020000,1870000
2019-10-17 12:31:00.963000,1.11188,1.11185,3000000,750000
2019-10-17 12:31:01.215000,1.11188,1.11185,5440000,750000
2019-10-17 12:31:01.623000,1.11188,1.11187,750000,750000
2019-10-17 12:31:01.725000,1.11189,1.11188,500000,750000
2019-10-17 12:31:01.981000,1.1119,1.11188,940000,750000
2019-10-17 12:31:02.183000,1.1119,1.11188,1870000,750000
2019-10-17 12:31:02.284000,1.1119,1.11188,1310000,750000
2019-10-17 12:31:02.386000,1.1119,1.11188,1060000,750000
2019-10-17 12:31:02.487000,1.1119,1.11189,750000,750000
2019-10-17 12:31:02.930000,1.1119,1.11188,750000,940000
2019-10-17 12:31:03.031000,1.1119,1.11188,750000,940000
2019-10-17 12:31:04.201000,1.11193,1.11192,2250000,750000
2019-10-17 12:31:04.305000,1.11193,1.11191,750000,2870000
2019-10-17 12:31:04.355000,1.11195,1.11194,1500000,750000
2019-10-17 12:31:05.351000,1.11195,1.11193,1870000,1500000
2019-10-17 12:31:05.606000,1.11195,1.11193,1870000,940000
2019-10-17 12:31:05.951000,1.11195,1.11193,1870000,940000
2019-10-17 12:31:06.933000,1.11193,1.11191,750000,1500000
2019-10-17 12:31:07.557000,1.11193,1.11192,500000,750000
2019-10-17 12:31:07.662000,1.11193,1.1119,750000,750000
2019-10-17 12:31:08.086000,1.11194,1.11192,3750000,750000
2019-10-17 12:31:09.595000,1.11194,1.11192,3000000,750000
2019-10-17 12:31:09.992000,1.11193,1.11191,750000,750000
2019-10-17 12:31:10.043000,1.11192,1.1119,750000,940000
2019-10-17 12:31:10.145000,1.1119,1.11189,500000,750000
2019-10-17 12:31:10.280000,1.11188,1.11187,750000,750000
2019-10-17 12:31:10.332000,1.11188,1.11186,3000000,750000
2019-10-17 12:31:10.433000,1.11189,1.11186,3940000,750000
2019-10-17 12:31:10.484000,1.11187,1.11186,750000,750000
2019-10-17 12:31:10.918000,1.11186,1.11185,500000,750000
2019-10-17 12:31:11.351000,1.11184,1.11183,750000,750000
2019-10-17 12:31:11.402000,1.11182,1.1118,500000,1690000
2019-10-17 12:31:12.684000,1.11183,1.11182,750000,750000
2019-10-17 12:31:12.735000,1.11184,1.11182,750000,1500000
2019-10-17 12:31:12.846000,1.11186,1.11184,1500000,1500000
2019-10-17 12:31:12.947000,1.11187,1.11185,750000,750000
2019-10-17 12:31:13.585000,1.11187,1.11186,500000,750000
2019-10-17 12:31:13.939000,1.11187,1.11184,500000,1690000
2019-10-17 12:31:14.041000,1.11187,1.11183,500000,940000
2019-10-17 12:31:14.142000,1.11187,1.11184,1870000,750000
2019-10-17 12:31:14.245000,1.11186,1.11184,750000,750000
2019-10-17 12:31:14.434000,1.11187,1.11184,3560000,750000
2019-10-17 12:31:15.216000,1.11186,1.11184,500000,750000
2019-10-17 12:31:15.349000,1.11187,1.11184,2440000,750000
2019-10-17 12:31:15.450000,1.11186,1.11184,750000,750000
2019-10-17 12:31:16.793000,1.11186,1.11183,3250000,1500000
2019-10-17 12:31:17.484000,1.11184,1.11183,750000,750000
2019-10-17 12:31:17.535000,1.11182,1.11181,500000,750000
2019-10-17 12:31:17.637000,1.11182,1.1118,500000,940000
2019-10-17 12:31:17.891000,1.11183,1.11181,560000,750000
2019-10-17 12:31:17.993000,1.11185,1.11183,1690000,1690000
2019-10-17 12:31:18.099000,1.11186,1.11184,750000,750000
2019-10-17 12:31:18.200000,1.11187,1.11185,1690000,750000
2019-10-17 12:31:18.403000,1.11187,1.11186,940000,1500000
2019-10-17 12:31:18.962000,1.11187,1.11185,1690000,750000
2019-10-17 12:31:19.265000,1.11185,1.11184,940000,750000
2019-10-17 12:31:19.367000,1.11187,1.11184,3250000,750000
2019-10-17 12:31:20.443000,1.11186,1.11184,2870000,750000
2019-10-17 12:31:23.428000,1.11186,1.11184,1120000,1690000
2019-10-17 12:31:23.553000,1.11186,1.11184,500000,750000
2019-10-17 12:31:23.604000,1.11188,1.11184,2620000,1690000
2019-10-17 12:31:23.715000,1.11187,1.11184,1120000,750000
2019-10-17 12:31:24.035000,1.11185,1.11183,1310000,750000
2019-10-17 12:31:24.137000,1.11184,1.11183,750000,750000
2019-10-17 12:31:24.188000,1.11184,1.11181,3940000,750000
2019-10-17 12:31:24.239000,1.11182,1.1118,500000,1690000
2019-10-17 12:31:25.280000,1.11183,1.1118,3190000,1500000
2019-10-17 12:31:25.381000,1.11183,1.11181,1310000,750000
2019-10-17 12:31:26.250000,1.11182,1.11181,500000,750000
2019-10-17 12:31:26.619000,1.11183,1.11181,2060000,750000
2019-10-17 12:31:26.923000,1.11184,1.11182,1870000,750000
2019-10-17 12:31:28.849000,1.11184,1.11182,2120000,750000
2019-10-17 12:31:29.152000,1.11183,1.11181,560000,750000
2019-10-17 12:31:30.267000,1.11182,1.11181,500000,750000
2019-10-17 12:31:30.368000,1.11184,1.11181,750000,1690000
2019-10-17 12:31:30.693000,1.11183,1.11181,1120000,750000
2019-10-17 12:31:30.946000,1.11182,1.11181,750000,1500000
2019-10-17 12:31:31.047000,1.11183,1.11181,1120000,1500000
2019-10-17 12:31:31.668000,1.11182,1.11181,750000,750000
2019-10-17 12:31:31.719000,1.11182,1.1118,1120000,940000
2019-10-17 12:31:32.685000,1.11182,1.11179,2250000,750000
2019-10-17 12:31:33.192000,1.11181,1.11179,750000,750000
2019-10-17 12:31:33.841000,1.11181,1.1118,1500000,1690000
2019-10-17 12:31:33.892000,1.11183,1.1118,1870000,940000
2019-10-17 12:31:33.943000,1.11183,1.11182,750000,750000
2019-10-17 12:31:33.994000,1.11185,1.11182,2440000,750000
2019-10-17 12:31:34.095000,1.11184,1.11182,750000,750000
2019-10-17 12:31:34.474000,1.11182,1.11181,750000,750000
2019-10-17 12:31:34.525000,1.11182,1.11179,750000,750000
2019-10-17 12:31:34.576000,1.11182,1.11181,750000,750000
2019-10-17 12:31:38.258000,1.11181,1.11179,1120000,750000
2019-10-17 12:31:38.360000,1.11181,1.11178,750000,750000
2019-10-17 12:31:38.687000,1.1118,1.11178,1750000,750000
2019-10-17 12:31:38.788000,1.11179,1.11177,1690000,1690000
2019-10-17 12:31:39.491000,1.11179,1.11175,3000000,3190000
2019-10-17 12:31:39.593000,1.11176,1.11174,500000,1500000
2019-10-17 12:31:39.694000,1.11177,1.11173,3710000,750000
2019-10-17 12:31:39.795000,1.11176,1.11173,750000,750000
2019-10-17 12:31:39.947000,1.11177,1.11173,4150000,750000
2019-10-17 12:31:42.923000,1.11174,1.11173,940000,750000
2019-10-17 12:31:43.025000,1.11175,1.11172,3250000,750000
2019-10-17 12:31:43.126000,1.11173,1.11172,900000,750000
2019-10-17 12:31:43.228000,1.11174,1.11172,1840000,750000
2019-10-17 12:31:43.612000,1.11175,1.11172,6340000,750000
2019-10-17 12:31:43.881000,1.11174,1.11172,750000,750000
2019-10-17 12:31:44.033000,1.11172,1.1117,940000,750000
2019-10-17 12:31:44.135000,1.11172,1.11169,4150000,750000
2019-10-17 12:31:44.451000,1.11172,1.11169,900000,2120000
2019-10-17 12:31:45.508000,1.11173,1.11171,3000000,750000
2019-10-17 12:31:45.674000,1.11172,1.1117,1120000,750000
2019-10-17 12:31:45.776000,1.11171,1.1117,750000,750000
2019-10-17 12:31:46.799000,1.11172,1.1117,2440000,750000
2019-10-17 12:31:47.282000,1.1117,1.11169,500000,750000
2019-10-17 12:31:47.333000,1.11172,1.11169,3940000,750000
2019-10-17 12:31:47.434000,1.11171,1.11169,940000,750000
2019-10-17 12:31:47.790000,1.11168,1.11166,750000,1690000
2019-10-17 12:31:47.893000,1.11169,1.11166,1310000,750000
2019-10-17 12:31:47.995000,1.11169,1.11168,750000,750000
2019-10-17 12:31:48.097000,1.1117,1.11168,940000,750000
2019-10-17 12:31:48.591000,1.11171,1.11169,2060000,750000
2019-10-17 12:31:48.779000,1.11172,1.1117,500000,750000
2019-10-17 12:31:48.881000,1.11171,1.11169,500000,940000
2019-10-17 12:31:48.932000,1.11172,1.11171,500000,750000
2019-10-17 12:31:49.034000,1.11173,1.11171,560000,750000
2019-10-17 12:31:49.136000,1.11172,1.11171,1120000,750000
2019-10-17 12:31:49.187000,1.11172,1.1117,2060000,750000
2019-10-17 12:31:50.856000,1.11172,1.1117,750000,750000
2019-10-17 12:31:51.407000,1.11173,1.1117,2250000,940000
2019-10-17 12:31:51.509000,1.11173,1.1117,750000,2950000
2019-10-17 12:31:51.610000,1.11173,1.1117,940000,1200000
2019-10-17 12:31:52.600000,1.11172,1.1117,500000,750000
2019-10-17 12:31:52.960000,1.11171,1.11169,500000,820000
2019-10-17 12:31:54.297000,1.11171,1.11168,2060000,750000
2019-10-17 12:31:54.401000,1.11171,1.11167,2060000,940000
2019-10-17 12:31:54.503000,1.11171,1.11167,2120000,750000
2019-10-17 12:31:54.705000,1.1117,1.11167,1000000,750000
2019-10-17 12:31:54.813000,1.11168,1.11166,750000,1200000
2019-10-17 12:31:54.914000,1.11167,1.11164,940000,750000
2019-10-17 12:31:55.582000,1.11167,1.11165,750000,940000
2019-10-17 12:31:55.684000,1.11168,1.11166,1500000,750000
2019-10-17 12:31:56.276000,1.1117,1.11166,3560000,1000000
2019-10-17 12:31:56.327000,1.11168,1.11166,1120000,2140000
2019-10-17 12:31:56.428000,1.11169,1.11166,750000,2140000
2019-10-17 12:31:56.807000,1.1117,1.11166,750000,2140000
2019-10-17 12:31:56.908000,1.11169,1.11167,1690000,1200000
2019-10-17 12:31:57.010000,1.11168,1.11165,1500000,2890000
2019-10-17 12:31:57.212000,1.11167,1.11164,750000,2200000
2019-10-17 12:31:57.425000,1.11167,1.11164,750000,1500000
2019-10-17 12:31:57.526000,1.11166,1.11163,500000,640000
2019-10-17 12:31:59.611000,1.11165,1.11162,500000,1000000
2019-10-17 12:32:00.190000,1.11166,1.11162,1310000,1000000
2019-10-17 12:32:00.349000,1.11165,1.11162,2810000,750000
2019-10-17 12:32:00.451000,1.11164,1.11161,750000,3640000
2019-10-17 12:32:00.553000,1.11165,1.11161,3940000,5140000
2019-10-17 12:32:00.756000,1.11164,1.11161,750000,2140000
2019-10-17 12:32:01.972000,1.11163,1.1116,1120000,1390000
2019-10-17 12:32:02.074000,1.11161,1.11159,750000,940000
2019-10-17 12:32:02.175000,1.11161,1.11157,500000,5140000
2019-10-17 12:32:02.545000,1.11161,1.11157,500000,2540000
2019-10-17 12:32:03.156000,1.11161,1.11157,1120000,1310000
2019-10-17 12:32:04.019000,1.1116,1.11157,500000,940000
2019-10-17 12:32:04.172000,1.11161,1.11159,2620000,1000000
2019-10-17 12:32:04.324000,1.11161,1.11157,1690000,3750000
2019-10-17 12:32:04.425000,1.11159,1.11156,1310000,3000000
2019-10-17 12:32:04.526000,1.11158,1.11156,1120000,750000
2019-10-17 12:32:04.577000,1.11157,1.11153,3000000,1000000
2019-10-17 12:32:04.678000,1.11156,1.11153,1120000,940000
2019-10-17 12:32:04.780000,1.11157,1.11152,3750000,1750000
2019-10-17 12:32:04.881000,1.11156,1.11152,750000,1750000
2019-10-17 12:32:05.134000,1.11154,1.11152,1310000,940000
2019-10-17 12:32:05.236000,1.11156,1.11154,750000,750000
2019-10-17 12:32:05.338000,1.11157,1.11153,750000,1310000
2019-10-17 12:32:05.439000,1.11157,1.11154,750000,750000
2019-10-17 12:32:05.540000,1.11157,1.11153,750000,6190000
2019-10-17 12:32:05.930000,1.11157,1.11154,750000,750000
2019-10-17 12:32:06.032000,1.11158,1.11154,2250000,3560000
2019-10-17 12:32:06.452000,1.11159,1.11155,940000,1310000
2019-10-17 12:32:06.553000,1.11158,1.11155,940000,940000
2019-10-17 12:32:08.001000,1.11157,1.11154,500000,2500000
2019-10-17 12:32:09.191000,1.11157,1.11154,500000,900000
2019-10-17 12:32:09.343000,1.11157,1.11154,500000,3070000
2019-10-17 12:32:09.444000,1.11159,1.11155,1690000,3710000
2019-10-17 12:32:09.495000,1.11159,1.11157,750000,500000
2019-10-17 12:32:09.596000,1.1116,1.11157,1120000,1090000
2019-10-17 12:32:09.697000,1.1116,1.11157,1120000,1140000
2019-10-17 12:32:09.951000,1.1116,1.11157,500000,1140000
2019-10-17 12:32:10.621000,1.11161,1.11157,750000,1140000
2019-10-17 12:32:11.224000,1.11162,1.11161,750000,2810000
2019-10-17 12:32:11.275000,1.11165,1.11161,2120000,2820000
2019-10-17 12:32:11.405000,1.11165,1.11162,940000,520000
2019-10-17 12:32:11.507000,1.11166,1.11161,1370000,4140000
2019-10-17 12:32:12.542000,1.11165,1.11161,940000,3390000
2019-10-17 12:32:13.453000,1.11164,1.11161,560000,950000
2019-10-17 12:32:13.681000,1.11162,1.11159,500000,1700000
2019-10-17 12:32:13.783000,1.11162,1.11159,500000,950000
2019-10-17 12:32:13.884000,1.11163,1.1116,2440000,900000
2019-10-17 12:32:13.985000,1.11164,1.11161,940000,1650000
2019-10-17 12:32:14.087000,1.11164,1.11161,500000,1700000
2019-10-17 12:32:14.189000,1.11163,1.1116,500000,1700000
2019-10-17 12:32:14.290000,1.11165,1.11162,4370000,950000
2019-10-17 12:32:14.391000,1.11165,1.11162,2120000,1650000
2019-10-17 12:32:14.675000,1.11165,1.11162,1370000,1700000
2019-10-17 12:32:15.102000,1.11162,1.11159,750000,1950000
2019-10-17 12:32:15.204000,1.11163,1.1116,560000,3390000
2019-10-17 12:32:15.305000,1.11164,1.11162,750000,900000
2019-10-17 12:32:15.431000,1.11164,1.11161,750000,1700000
2019-10-17 12:32:15.482000,1.11164,1.1116,1370000,4140000
2019-10-17 12:32:15.634000,1.11164,1.11162,1000000,750000
2019-10-17 12:32:15.735000,1.11164,1.11162,940000,900000
2019-10-17 12:32:16.003000,1.11163,1.1116,750000,1700000
2019-10-17 12:32:16.105000,1.11163,1.1116,500000,1700000
2019-10-17 12:32:16.192000,1.11159,1.11157,2250000,1760000
2019-10-17 12:32:16.243000,1.11156,1.11154,560000,950000
2019-10-17 12:32:16.345000,1.11156,1.11153,560000,950000
2019-10-17 12:32:16.446000,1.11156,1.11152,1690000,1700000
2019-10-17 12:32:16.874000,1.11156,1.11153,1120000,900000
2019-10-17 12:32:16.975000,1.11156,1.11153,500000,950000
2019-10-17 12:32:17.076000,1.11156,1.11153,500000,950000
2019-10-17 12:32:17.659000,1.11157,1.11153,2440000,950000
2019-10-17 12:32:17.931000,1.11156,1.11153,750000,950000
2019-10-17 12:32:18.032000,1.11155,1.11152,1690000,1700000
2019-10-17 12:32:18.134000,1.11153,1.11151,500000,1700000
2019-10-17 12:32:18.236000,1.11155,1.11152,1750000,1140000
2019-10-17 12:32:18.337000,1.11154,1.1115,560000,5700000
2019-10-17 12:32:18.788000,1.11153,1.1115,940000,1200000
2019-10-17 12:32:18.890000,1.11154,1.11151,500000,4140000
2019-10-17 12:32:18.991000,1.11155,1.11152,1310000,900000
2019-10-17 12:32:19.143000,1.11156,1.11152,1310000,900000
2019-10-17 12:32:19.245000,1.11157,1.11154,750000,1370000
2019-10-17 12:32:19.397000,1.11157,1.11154,560000,2020000
2019-10-17 12:32:19.498000,1.11156,1.11154,500000,950000
2019-10-17 12:32:19.549000,1.11156,1.11154,500000,900000
2019-10-17 12:32:20.622000,1.11158,1.11156,3000000,1500000
2019-10-17 12:32:20.673000,1.1116,1.11157,940000,750000
2019-10-17 12:32:20.774000,1.1116,1.11157,750000,2820000
2019-10-17 12:32:21.039000,1.11162,1.1116,940000,750000
2019-10-17 12:32:21.765000,1.11163,1.11159,2500000,1840000
2019-10-17 12:32:22.506000,1.11162,1.11159,1370000,1650000
2019-10-17 12:32:22.607000,1.11161,1.11159,1690000,900000
2019-10-17 12:32:23.510000,1.11158,1.11156,750000,900000
2019-10-17 12:32:23.636000,1.11158,1.11155,1120000,900000
2019-10-17 12:32:23.738000,1.11157,1.11153,1310000,2400000
2019-10-17 12:32:23.839000,1.11157,1.11153,2060000,2450000
2019-10-17 12:32:23.946000,1.11157,1.11153,2120000,2450000
2019-10-17 12:32:24.498000,1.11157,1.11153,1370000,3150000
2019-10-17 12:32:24.678000,1.11157,1.11153,1310000,3150000
2019-10-17 12:32:25.853000,1.11156,1.11153,750000,2400000
2019-10-17 12:32:25.959000,1.11157,1.11153,2810000,1500000
2019-10-17 12:32:27.703000,1.11156,1.11153,500000,1500000
2019-10-17 12:32:28.631000,1.11157,1.11153,2440000,750000
2019-10-17 12:32:28.682000,1.11157,1.11153,2440000,950000
2019-10-17 12:32:29.345000,1.11156,1.11154,750000,700000
2019-10-17 12:32:29.701000,1.11157,1.11153,1690000,950000
2019-10-17 12:32:30.639000,1.11158,1.11156,3190000,750000
2019-10-17 12:32:30.690000,1.1116,1.11157,640000,950000
2019-10-17 12:32:30.791000,1.11161,1.11157,1750000,950000
2019-10-17 12:32:32.191000,1.11161,1.11158,940000,950000
2019-10-17 12:32:32.346000,1.11163,1.11162,1950000,500000
2019-10-17 12:32:32.447000,1.11165,1.11162,1500000,700000
2019-10-17 12:32:32.548000,1.11166,1.11161,1310000,2640000
2019-10-17 12:32:33.063000,1.11166,1.11162,560000,950000
2019-10-17 12:32:33.323000,1.11166,1.11161,940000,4140000
2019-10-17 12:32:33.467000,1.11166,1.11162,1690000,1700000
2019-10-17 12:32:34.554000,1.11165,1.11161,3560000,1700000
2019-10-17 12:32:34.656000,1.11164,1.11161,750000,950000
2019-10-17 12:32:34.758000,1.11165,1.11161,1000000,2820000
2019-10-17 12:32:34.961000,1.11165,1.11161,1370000,2820000
2019-10-17 12:32:35.451000,1.11165,1.11161,1120000,2640000
2019-10-17 12:32:35.552000,1.11165,1.11161,1120000,4140000
2019-10-17 12:32:35.806000,1.11163,1.1116,3190000,950000
2019-10-17 12:32:35.857000,1.11162,1.11159,3000000,750000
2019-10-17 12:32:35.958000,1.11161,1.11159,1390000,900000
2019-10-17 12:32:36.544000,1.11159,1.11154,2500000,2700000
2019-10-17 12:32:36.595000,1.11156,1.11154,750000,750000
2019-10-17 12:32:37.386000,1.11156,1.11154,1500000,950000
2019-10-17 12:32:37.602000,1.11156,1.11154,1120000,900000
2019-10-17 12:32:39.446000,1.11154,1.11152,1120000,1650000
2019-10-17 12:32:39.675000,1.11154,1.11151,1500000,750000
2019-10-17 12:32:39.777000,1.11152,1.11149,750000,1500000
2019-10-17 12:32:39.879000,1.11152,1.11149,750000,1890000
2019-10-17 12:32:39.981000,1.11151,1.11149,500000,950000
2019-10-17 12:32:40.032000,1.11153,1.11149,4010000,900000
2019-10-17 12:32:40.082000,1.11151,1.11149,500000,900000
2019-10-17 12:32:41.256000,1.1115,1.11148,750000,940000
2019-10-17 12:32:41.459000,1.1115,1.11147,940000,940000
2019-10-17 12:32:41.560000,1.11149,1.11147,750000,1090000
2019-10-17 12:32:41.662000,1.1115,1.11148,940000,900000
2019-10-17 12:32:43.044000,1.1115,1.11148,940000,950000
2019-10-17 12:32:43.146000,1.1115,1.11148,940000,900000
2019-10-17 12:32:48.995000,1.11151,1.11148,750000,900000
2019-10-17 12:32:49.325000,1.11152,1.11148,5060000,900000
2019-10-17 12:32:49.872000,1.11151,1.11148,750000,900000
2019-10-17 12:32:50.111000,1.11152,1.11148,5060000,900000
2019-10-17 12:32:51.195000,1.11151,1.11148,750000,750000
2019-10-17 12:32:51.667000,1.11152,1.11148,3940000,750000
2019-10-17 12:32:51.768000,1.11152,1.11148,6940000,950000
2019-10-17 12:32:51.879000,1.11151,1.11147,2620000,2640000
2019-10-17 12:32:52.784000,1.11151,1.11148,750000,1500000
2019-10-17 12:32:53.511000,1.11151,1.1115,750000,1120000
2019-10-17 12:32:53.562000,1.11154,1.11152,750000,750000
2019-10-17 12:32:53.612000,1.11155,1.11152,3190000,950000
2019-10-17 12:32:53.714000,1.11155,1.11153,750000,950000
2019-10-17 12:32:53.816000,1.11156,1.11152,2440000,1140000
2019-10-17 12:32:54.844000,1.11155,1.11153,500000,1140000
2019-10-17 12:32:54.895000,1.11157,1.11154,1870000,2270000
2019-10-17 12:32:54.997000,1.11157,1.11153,3000000,1890000
2019-10-17 12:32:55.099000,1.11156,1.11153,750000,940000
2019-10-17 12:32:55.708000,1.11155,1.11153,750000,940000
2019-10-17 12:32:57.009000,1.11156,1.11155,750000,1500000
2019-10-17 12:32:57.060000,1.11159,1.11155,1310000,3160000
2019-10-17 12:32:57.161000,1.11158,1.11156,750000,730000
2019-10-17 12:32:57.263000,1.11158,1.11155,2620000,750000
2019-10-17 12:32:57.364000,1.11158,1.11155,2810000,1750000
2019-10-17 12:32:57.465000,1.11157,1.11155,750000,580000
2019-10-17 12:32:57.567000,1.11155,1.11153,750000,1690000
2019-10-17 12:33:00.330000,1.11153,1.11152,1500000,1090000
2019-10-17 12:33:00.382000,1.11151,1.11149,750000,1100000
2019-10-17 12:33:00.484000,1.11151,1.11148,940000,1600000
2019-10-17 12:33:00.636000,1.11151,1.11148,1000000,850000
2019-10-17 12:33:00.914000,1.11151,1.11149,1690000,750000
2019-10-17 12:33:01.015000,1.11151,1.11147,1000000,1600000
2019-10-17 12:33:01.319000,1.11151,1.11147,1000000,1500000
2019-10-17 12:33:01.490000,1.11151,1.11148,1000000,750000
2019-10-17 12:33:01.810000,1.11152,1.11147,4560000,1500000
2019-10-17 12:33:02.527000,1.11148,1.11146,750000,1120000
2019-10-17 12:33:02.681000,1.11147,1.11145,1500000,850000
2019-10-17 12:33:02.783000,1.11148,1.11145,1690000,850000
2019-10-17 12:33:02.834000,1.11148,1.11145,750000,940000
2019-10-17 12:33:02.935000,1.1115,1.11148,2500000,820000
2019-10-17 12:33:03.037000,1.1115,1.11146,1500000,1790000
2019-10-17 12:33:03.139000,1.11148,1.11146,1870000,750000
2019-10-17 12:33:03.281000,1.11148,1.11146,750000,850000
2019-10-17 12:33:03.534000,1.1115,1.11147,2870000,1200000
2019-10-17 12:33:03.635000,1.11151,1.11148,1750000,1600000
2019-10-17 12:33:03.737000,1.11152,1.11147,6190000,1040000
2019-10-17 12:33:03.788000,1.11149,1.11146,1500000,1500000
2019-10-17 12:33:03.887000,1.11148,1.11144,2250000,940000
2019-10-17 12:33:03.939000,1.11146,1.11144,750000,850000
2019-10-17 12:33:04.040000,1.11148,1.11145,2440000,1120000
2019-10-17 12:33:04.142000,1.11149,1.11145,3190000,1040000
2019-10-17 12:33:04.345000,1.1115,1.11146,1370000,1600000
2019-10-17 12:33:04.446000,1.1115,1.11147,940000,1040000
2019-10-17 12:33:05.657000,1.11149,1.11145,3000000,1790000
2019-10-17 12:33:05.758000,1.11147,1.11143,4500000,1850000
2019-10-17 12:33:05.859000,1.11147,1.11144,2250000,820000
2019-10-17 12:33:05.910000,1.11145,1.11143,2500000,820000
2019-10-17 12:33:06.062000,1.11144,1.11141,3000000,1790000
2019-10-17 12:33:06.265000,1.11143,1.11141,750000,1790000
2019-10-17 12:33:06.419000,1.11143,1.11141,750000,1760000
2019-10-17 12:33:06.874000,1.11144,1.11141,1000000,820000
2019-10-17 12:33:07.127000,1.11143,1.1114,4310000,850000
2019-10-17 12:33:07.228000,1.11142,1.11138,940000,850000
2019-10-17 12:33:07.363000,1.11141,1.11138,750000,1220000
2019-10-17 12:33:07.464000,1.11141,1.11138,940000,1220000
2019-10-17 12:33:07.631000,1.11142,1.11138,4000000,820000
2019-10-17 12:33:08.467000,1.11141,1.11138,1690000,850000
2019-10-17 12:33:09.215000,1.11141,1.11137,1690000,850000
2019-10-17 12:33:09.468000,1.11141,1.11137,5060000,850000
2019-10-17 12:33:09.628000,1.11141,1.11137,940000,850000
2019-10-17 12:33:09.679000,1.11141,1.11137,940000,750000
2019-10-17 12:33:09.786000,1.11141,1.11137,1000000,750000
2019-10-17 12:33:10.243000,1.11142,1.11139,1750000,750000
2019-10-17 12:33:10.344000,1.11144,1.1114,3560000,2160000
2019-10-17 12:33:10.727000,1.11145,1.11142,3250000,500000
2019-10-17 12:33:11.332000,1.11145,1.11141,2500000,750000
2019-10-17 12:33:12.379000,1.11143,1.1114,750000,2440000
2019-10-17 12:33:12.566000,1.11143,1.1114,3940000,1600000
2019-10-17 12:33:12.617000,1.11143,1.1114,3190000,1500000
2019-10-17 12:33:12.718000,1.11142,1.11139,2250000,850000
2019-10-17 12:33:12.921000,1.11142,1.11139,4000000,750000
2019-10-17 12:33:13.072000,1.11141,1.11138,1690000,750000
2019-10-17 12:33:13.467000,1.11141,1.11138,3250000,750000
2019-10-17 12:33:14.622000,1.11139,1.11137,3190000,820000
2019-10-17 12:33:15.075000,1.11138,1.11134,3940000,1040000
2019-10-17 12:33:15.278000,1.11136,1.11134,1690000,1600000
2019-10-17 12:33:15.380000,1.11136,1.11133,1690000,1040000
2019-10-17 12:33:15.507000,1.11136,1.11133,1000000,850000
2019-10-17 12:33:15.861000,1.11136,1.11133,940000,850000
2019-10-17 12:33:16.043000,1.11136,1.11133,1000000,850000
2019-10-17 12:33:16.505000,1.11134,1.11131,1000000,1700000
2019-10-17 12:33:16.557000,1.11135,1.11131,1690000,1800000
2019-10-17 12:33:16.860000,1.11135,1.11132,940000,750000
2019-10-17 12:33:17.672000,1.11135,1.11131,1000000,500000
2019-10-17 12:33:18.918000,1.11135,1.11132,1370000,500000
2019-10-17 12:33:19.019000,1.11135,1.11132,1870000,500000
2019-10-17 12:33:19.135000,1.11135,1.11131,2620000,560000
2019-10-17 12:33:19.338000,1.11135,1.11133,1120000,750000
2019-10-17 12:33:19.643000,1.11135,1.11131,1120000,4310000
2019-10-17 12:33:21.032000,1.11135,1.11132,750000,750000
2019-10-17 12:33:21.083000,1.11136,1.11134,1310000,750000
2019-10-17 12:33:21.134000,1.11138,1.11135,2810000,1870000
2019-10-17 12:33:21.185000,1.11135,1.11134,500000,1870000
2019-10-17 12:33:21.255000,1.11135,1.11132,1000000,1870000
2019-10-17 12:33:21.357000,1.11135,1.11131,1310000,1000000
2019-10-17 12:33:21.458000,1.11134,1.11131,1500000,3620000
2019-10-17 12:33:21.560000,1.11133,1.11131,750000,750000
2019-10-17 12:33:21.763000,1.11134,1.11131,2440000,1870000
2019-10-17 12:33:21.864000,1.11133,1.1113,940000,1120000
2019-10-17 12:33:21.985000,1.11133,1.11129,940000,750000
2019-10-17 12:33:22.036000,1.11134,1.11132,1120000,750000
2019-10-17 12:33:22.189000,1.11135,1.11131,1500000,3190000
2019-10-17 12:33:22.442000,1.11134,1.11131,500000,1500000
2019-10-17 12:33:22.543000,1.11135,1.11131,2060000,750000
2019-10-17 12:33:23.172000,1.11132,1.1113,750000,1500000
2019-10-17 12:33:23.273000,1.11133,1.11129,3190000,1500000
2019-10-17 12:33:23.375000,1.11131,1.11129,1750000,750000
2019-10-17 12:33:23.566000,1.11131,1.11128,1750000,1500000
2019-10-17 12:33:23.668000,1.1113,1.11127,4370000,750000
2019-10-17 12:33:23.769000,1.1113,1.11126,5120000,2250000
2019-10-17 12:33:23.871000,1.11129,1.11125,3620000,3750000
2019-10-17 12:33:23.972000,1.11129,1.11126,5120000,750000
2019-10-17 12:33:24.296000,1.11129,1.11126,2060000,750000
2019-10-17 12:33:26.096000,1.11131,1.11129,1500000,1500000
2019-10-17 12:33:26.147000,1.11133,1.1113,1690000,1500000
2019-10-17 12:33:26.272000,1.11133,1.1113,940000,1000000
2019-10-17 12:33:26.373000,1.11134,1.1113,2440000,1120000
2019-10-17 12:33:26.993000,1.11131,1.1113,750000,1500000
2019-10-17 12:33:27.116000,1.11132,1.1113,1500000,750000
2019-10-17 12:33:28.210000,1.1113,1.11127,1500000,1500000
2019-10-17 12:33:28.564000,1.11129,1.11126,750000,940000
2019-10-17 12:33:28.936000,1.1113,1.11126,3190000,940000
2019-10-17 12:33:29.294000,1.11129,1.11126,1870000,2250000
2019-10-17 12:33:29.497000,1.11128,1.11126,750000,750000
2019-10-17 12:33:29.650000,1.11128,1.11124,3190000,1000000
2019-10-17 12:33:30.081000,1.11129,1.11125,940000,3250000
2019-10-17 12:33:30.184000,1.11129,1.11126,940000,1120000
2019-10-17 12:33:30.285000,1.1113,1.11128,1690000,750000
2019-10-17 12:33:31.066000,1.11131,1.11128,1690000,750000
2019-10-17 12:33:32.002000,1.1113,1.11126,940000,1500000
2019-10-17 12:33:32.309000,1.1113,1.11127,1500000,1500000
2019-10-17 12:33:32.890000,1.1113,1.11126,1500000,1690000
2019-10-17 12:33:34.293000,1.11128,1.11126,500000,1500000
2019-10-17 12:33:34.344000,1.11128,1.11126,750000,750000
2019-10-17 12:33:34.546000,1.11129,1.11125,3190000,3620000
2019-10-17 12:33:34.672000,1.11128,1.11125,500000,3620000
2019-10-17 12:33:35.452000,1.11129,1.11125,3940000,3620000
2019-10-17 12:33:35.935000,1.11128,1.11125,750000,1000000
2019-10-17 12:33:35.986000,1.11127,1.11124,2440000,2810000
2019-10-17 12:33:36.087000,1.11126,1.11123,940000,750000
2019-10-17 12:33:36.189000,1.11124,1.11123,750000,750000
2019-10-17 12:33:36.239000,1.11124,1.11121,750000,2810000
2019-10-17 12:33:36.341000,1.11122,1.11121,750000,750000
2019-10-17 12:33:36.444000,1.11123,1.1112,1500000,940000
2019-10-17 12:33:36.944000,1.11122,1.1112,750000,750000
2019-10-17 12:33:37.045000,1.11122,1.11119,1500000,1500000
2019-10-17 12:33:37.147000,1.11124,1.11121,2500000,750000
2019-10-17 12:33:37.255000,1.11122,1.11119,1500000,750000
2019-10-17 12:33:37.712000,1.11121,1.11118,3250000,2250000
2019-10-17 12:33:37.813000,1.1112,1.11117,940000,750000
2019-10-17 12:33:38.496000,1.1112,1.11119,750000,750000
2019-10-17 12:33:38.597000,1.11122,1.11119,750000,5440000
2019-10-17 12:33:39.072000,1.11122,1.11119,1750000,750000
2019-10-17 12:33:39.173000,1.11122,1.11118,3620000,750000
2019-10-17 12:33:39.275000,1.11121,1.11117,940000,1690000
2019-10-17 12:33:39.376000,1.1112,1.11118,560000,750000
2019-10-17 12:33:39.477000,1.11121,1.11117,5500000,2250000
2019-10-17 12:33:39.579000,1.11119,1.11116,750000,940000
2019-10-17 12:33:39.984000,1.11117,1.11116,750000,750000
2019-10-17 12:33:40.085000,1.11118,1.11114,2890000,940000
2019-10-17 12:33:40.771000,1.11117,1.11114,1000000,940000
2019-10-17 12:33:40.873000,1.11117,1.11116,750000,750000
2019-10-17 12:33:40.924000,1.11119,1.11117,1200000,2250000
2019-10-17 12:33:41.188000,1.11119,1.11118,940000,750000
2019-10-17 12:33:41.542000,1.11119,1.11117,940000,940000
2019-10-17 12:33:42.463000,1.1112,1.11117,2510000,750000
2019-10-17 12:33:43.062000,1.11119,1.11117,750000,750000
2019-10-17 12:33:43.163000,1.1112,1.11117,2890000,750000
2019-10-17 12:33:43.375000,1.11119,1.11115,1750000,2500000
2019-10-17 12:33:43.477000,1.11118,1.11116,1120000,1000000
2019-10-17 12:33:44.248000,1.11118,1.11116,1310000,940000
2019-10-17 12:33:44.501000,1.11119,1.11116,2250000,940000
2019-10-17 12:33:44.951000,1.11118,1.11116,750000,940000
2019-10-17 12:33:45.374000,1.11118,1.11115,940000,750000
2019-10-17 12:33:45.494000,1.11115,1.11113,2500000,750000
2019-10-17 12:33:45.599000,1.11115,1.11111,2500000,750000
2019-10-17 12:33:46.940000,1.11113,1.11111,750000,750000
2019-10-17 12:33:47.041000,1.11116,1.11115,1500000,1500000
2019-10-17 12:33:47.143000,1.11117,1.11116,1120000,750000
2019-10-17 12:33:47.371000,1.11117,1.11115,500000,2440000
2019-10-17 12:33:47.574000,1.11116,1.11114,1000000,3190000
2019-10-17 12:33:47.625000,1.11117,1.11114,3940000,750000
2019-10-17 12:33:47.778000,1.11117,1.11115,1690000,3000000
2019-10-17 12:33:47.879000,1.11118,1.11114,500000,4750000
2019-10-17 12:33:48.519000,1.11118,1.11115,5200000,2620000
2019-10-17 12:33:48.570000,1.11114,1.11112,750000,1690000
2019-10-17 12:33:48.722000,1.11111,1.1111,750000,1500000
2019-10-17 12:33:48.824000,1.11111,1.11109,750000,1500000
2019-10-17 12:33:49.656000,1.11112,1.11109,750000,1690000
2019-10-17 12:33:49.795000,1.11113,1.11109,750000,6060000
2019-10-17 12:33:50.183000,1.11112,1.1111,750000,3370000
2019-10-17 12:33:50.285000,1.11113,1.1111,750000,2870000
2019-10-17 12:33:50.739000,1.11113,1.1111,750000,2440000
2019-10-17 12:33:50.841000,1.11112,1.1111,1500000,3000000
2019-10-17 12:33:50.942000,1.11113,1.1111,940000,3000000
2019-10-17 12:33:51.044000,1.11115,1.11113,1200000,2250000
2019-10-17 12:33:51.147000,1.11118,1.11114,1120000,3940000
2019-10-17 12:33:51.249000,1.11118,1.11115,750000,2440000
2019-10-17 12:33:51.355000,1.11118,1.11116,750000,1690000
2019-10-17 12:33:51.457000,1.1112,1.11116,1750000,3000000
2019-10-17 12:33:51.774000,1.11121,1.11119,600000,3190000
2019-10-17 12:33:51.876000,1.11122,1.1112,1500000,750000
2019-10-17 12:33:51.996000,1.11123,1.1112,750000,3190000
2019-10-17 12:33:52.097000,1.11124,1.1112,1500000,3190000
2019-10-17 12:33:52.614000,1.11123,1.1112,750000,6190000
2019-10-17 12:33:52.715000,1.11124,1.1112,2250000,4690000
2019-10-17 12:33:53.334000,1.11123,1.1112,750000,5440000
2019-10-17 12:33:53.436000,1.11124,1.1112,2250000,4690000
2019-10-17 12:33:53.538000,1.11123,1.1112,750000,5440000
2019-10-17 12:33:53.640000,1.11124,1.1112,2060000,3190000
2019-10-17 12:33:53.742000,1.11124,1.1112,3260000,2440000
2019-10-17 12:33:53.860000,1.11123,1.1112,600000,3190000
2019-10-17 12:33:53.961000,1.11124,1.1112,3370000,1690000
2019-10-17 12:33:54.214000,1.11124,1.1112,1870000,2620000
2019-10-17 12:33:54.315000,1.11125,1.1112,4260000,3190000
2019-10-17 12:33:55.001000,1.11123,1.1112,750000,3190000
2019-10-17 12:33:55.115000,1.11124,1.1112,940000,1690000
2019-10-17 12:33:55.824000,1.11123,1.1112,750000,1690000
2019-10-17 12:33:56.684000,1.11123,1.11121,2250000,750000
2019-10-17 12:33:56.837000,1.11122,1.11121,1690000,750000
2019-10-17 12:33:57.307000,1.11123,1.11121,2250000,750000
2019-10-17 12:33:57.408000,1.11122,1.1112,750000,2250000
2019-10-17 12:33:57.525000,1.11122,1.11119,1310000,4500000
2019-10-17 12:33:57.677000,1.1112,1.11118,750000,1500000
2019-10-17 12:33:57.779000,1.11119,1.11116,940000,1690000
2019-10-17 12:33:58.927000,1.11118,1.11116,750000,750000
2019-10-17 12:33:58.978000,1.11118,1.11114,4690000,5620000
2019-10-17 12:33:59.080000,1.11117,1.11114,750000,5060000
2019-10-17 12:33:59.231000,1.11117,1.11115,1500000,1500000
2019-10-17 12:33:59.365000,1.11118,1.11114,3190000,4310000
2019-10-17 12:33:59.466000,1.11118,1.11115,4310000,1500000
2019-10-17 12:33:59.981000,1.11116,1.11114,750000,3940000
2019-10-17 12:34:00.082000,1.11117,1.11115,750000,750000
2019-10-17 12:34:00.382000,1.11114,1.11113,750000,1870000
2019-10-17 12:34:00.484000,1.11114,1.11111,750000,1690000
2019-10-17 12:34:00.688000,1.11114,1.11112,750000,750000
2019-10-17 12:34:01.055000,1.11115,1.11112,1120000,2500000
2019-10-17 12:34:01.106000,1.11116,1.11115,3370000,750000
2019-10-17 12:34:01.258000,1.11119,1.11116,4570000,940000
2019-10-17 12:34:01.308000,1.11118,1.11117,750000,750000
2019-10-17 12:34:01.360000,1.11119,1.11117,750000,750000
2019-10-17 12:34:01.602000,1.11121,1.1112,1500000,2440000
2019-10-17 12:34:01.704000,1.11123,1.1112,750000,2500000
2019-10-17 12:34:02.161000,1.11123,1.11121,750000,940000
2019-10-17 12:34:02.262000,1.11123,1.11121,750000,940000
2019-10-17 12:34:02.721000,1.11123,1.11121,750000,940000
2019-10-17 12:34:02.841000,1.11123,1.1112,1500000,4750000
2019-10-17 12:34:02.945000,1.11123,1.1112,1500000,4690000
2019-10-17 12:34:03.098000,1.11122,1.11121,750000,750000
2019-10-17 12:34:03.199000,1.11123,1.1112,1500000,2440000
2019-10-17 12:34:04.188000,1.11122,1.1112,750000,1750000
2019-10-17 12:34:04.290000,1.11123,1.11121,750000,940000
2019-10-17 12:34:04.391000,1.11125,1.11122,2890000,750000
2019-10-17 12:34:04.493000,1.11121,1.1112,750000,750000
2019-10-17 12:34:04.587000,1.11118,1.11117,1500000,750000
2019-10-17 12:34:04.638000,1.11116,1.11115,1310000,1950000
2019-10-17 12:34:04.790000,1.11114,1.11111,500000,2440000
2019-10-17 12:34:04.892000,1.11113,1.11111,750000,940000
2019-10-17 12:34:04.993000,1.11114,1.1111,1500000,2500000
2019-10-17 12:34:05.847000,1.11115,1.11111,4760000,940000
2019-10-17 12:34:06.212000,1.11114,1.11111,750000,940000
2019-10-17 12:34:07.302000,1.11115,1.11111,4760000,940000
2019-10-17 12:34:07.782000,1.11114,1.11111,750000,940000
2019-10-17 12:34:07.883000,1.11115,1.11111,4760000,940000
2019-10-17 12:34:08.445000,1.11113,1.1111,940000,4770000
2019-10-17 12:34:08.560000,1.11112,1.1111,750000,750000
2019-10-17 12:34:08.661000,1.11112,1.11109,3000000,3940000
2019-10-17 12:34:08.865000,1.11113,1.1111,2060000,1500000
2019-10-17 12:34:09.105000,1.11113,1.11109,2060000,6190000
2019-10-17 12:34:09.558000,1.11112,1.11109,1750000,3370000
2019-10-17 12:34:09.660000,1.1111,1.11106,750000,1000000
2019-10-17 12:34:09.711000,1.11109,1.11105,940000,1690000
2019-10-17 12:34:09.813000,1.11108,1.11105,750000,2440000
2019-10-17 12:34:10.016000,1.11109,1.11105,3190000,3190000
2019-10-17 12:34:10.218000,1.11108,1.11105,750000,3190000
2019-10-17 12:34:10.320000,1.11109,1.11106,940000,750000
2019-10-17 12:34:11.213000,1.1111,1.11109,2890000,750000
2019-10-17 12:34:11.363000,1.11114,1.11111,2140000,750000
2019-10-17 12:34:11.414000,1.11115,1.11113,2700000,750000
2019-10-17 12:34:11.465000,1.11117,1.11114,500000,5060000
2019-10-17 12:34:11.566000,1.11118,1.11114,500000,11440000
2019-10-17 12:34:11.667000,1.11119,1.11117,2250000,750000
2019-10-17 12:34:11.770000,1.11119,1.11116,1120000,1690000
2019-10-17 12:34:11.972000,1.1112,1.11115,4390000,5500000
2019-10-17 12:34:12.073000,1.11119,1.11117,500000,750000
2019-10-17 12:34:12.362000,1.1112,1.11116,2810000,940000
2019-10-17 12:34:12.764000,1.11121,1.1112,2140000,750000
2019-10-17 12:34:12.815000,1.11119,1.11118,940000,1500000
2019-10-17 12:34:12.917000,1.11118,1.11115,750000,4750000
2019-10-17 12:34:13.722000,1.11118,1.11115,2060000,1500000
2019-10-17 12:34:13.823000,1.11115,1.11114,940000,4130000
2019-10-17 12:34:13.925000,1.11114,1.11111,1760000,750000
2019-10-17 12:34:14.027000,1.11114,1.1111,1310000,2440000
2019-10-17 12:34:14.297000,1.11113,1.1111,600000,3190000
2019-10-17 12:34:14.445000,1.11114,1.1111,1310000,2440000
2019-10-17 12:34:15.322000,1.11116,1.11115,2440000,750000
2019-10-17 12:34:15.424000,1.11118,1.11115,560000,1690000
2019-10-17 12:34:16.161000,1.11119,1.11116,2810000,750000
2019-10-17 12:34:16.263000,1.11119,1.11115,2810000,4500000
2019-10-17 12:34:18.322000,1.11115,1.11113,750000,3940000
2019-10-17 12:34:18.423000,1.11115,1.11114,940000,2620000
2019-10-17 12:34:18.478000,1.11114,1.11113,750000,750000
2019-10-17 12:34:18.529000,1.11115,1.11111,3190000,3750000
2019-10-17 12:34:18.631000,1.11114,1.11111,1870000,2250000
2019-10-17 12:34:19.980000,1.11114,1.1111,750000,8060000
2019-10-17 12:34:21.013000,1.11114,1.11113,500000,750000
2019-10-17 12:34:21.064000,1.11116,1.11114,1690000,1500000
2019-10-17 12:34:21.116000,1.11117,1.11115,3750000,4000000
2019-10-17 12:34:21.264000,1.11119,1.11116,750000,940000
2019-10-17 12:34:21.416000,1.1112,1.11117,1690000,750000
2019-10-17 12:34:21.517000,1.1112,1.11116,1690000,3190000
2019-10-17 12:34:21.923000,1.1112,1.11117,2060000,750000
2019-10-17 12:34:22.024000,1.1112,1.11116,1690000,3190000
2019-10-17 12:34:22.333000,1.11119,1.11116,750000,3190000
2019-10-17 12:34:22.435000,1.11118,1.11116,750000,750000
2019-10-17 12:34:22.536000,1.11119,1.11116,4690000,750000
2019-10-17 12:34:22.867000,1.11119,1.11116,3190000,1000000
2019-10-17 12:34:23.170000,1.11119,1.11116,750000,3190000
2019-10-17 12:34:23.936000,1.11118,1.11116,750000,3940000
2019-10-17 12:34:24.037000,1.11119,1.11116,750000,2440000
2019-10-17 12:34:24.139000,1.11118,1.11116,750000,3940000
2019-10-17 12:34:24.471000,1.11119,1.11117,750000,750000
2019-10-17 12:34:24.724000,1.11119,1.11116,750000,940000
2019-10-17 12:34:24.826000,1.1112,1.11116,2810000,1690000
2019-10-17 12:34:24.928000,1.11119,1.11116,750000,2440000
2019-10-17 12:34:25.182000,1.11118,1.11116,750000,1690000
2019-10-17 12:34:25.334000,1.11119,1.11116,750000,940000
2019-10-17 12:34:25.658000,1.11119,1.11116,1310000,1000000
2019-10-17 12:34:25.760000,1.11119,1.11116,750000,1310000
2019-10-17 12:34:25.861000,1.11119,1.11115,940000,2440000
2019-10-17 12:34:25.962000,1.11119,1.11116,940000,750000
2019-10-17 12:34:26.063000,1.11118,1.11116,750000,2250000
2019-10-17 12:34:26.185000,1.11119,1.11116,940000,1500000
2019-10-17 12:34:26.382000,1.11119,1.11116,940000,1000000
2019-10-17 12:34:27.186000,1.1112,1.11116,3250000,750000
2019-10-17 12:34:27.288000,1.1112,1.11116,3190000,940000
2019-10-17 12:34:28.535000,1.1112,1.11117,2440000,750000
2019-10-17 12:34:28.737000,1.11121,1.11119,1500000,3000000
2019-10-17 12:34:28.879000,1.11123,1.11121,1690000,1500000
2019-10-17 12:34:28.980000,1.11124,1.11121,2250000,940000
2019-10-17 12:34:29.082000,1.11125,1.11121,3940000,940000
2019-10-17 12:34:29.184000,1.11124,1.11121,750000,1690000
2019-10-17 12:34:30.180000,1.11125,1.11121,5440000,940000
2019-10-17 12:34:31.242000,1.11125,1.11122,3370000,940000
2019-10-17 12:34:31.344000,1.11126,1.11125,750000,1500000
2019-10-17 12:34:31.395000,1.11128,1.11125,600000,3620000
2019-10-17 12:34:31.538000,1.11129,1.11125,1500000,3940000
2019-10-17 12:34:31.640000,1.11128,1.11125,940000,940000
2019-10-17 12:34:31.742000,1.11127,1.11124,1500000,2810000
2019-10-17 12:34:31.996000,1.11129,1.11126,2250000,750000
2019-10-17 12:34:32.122000,1.1113,1.11126,2440000,1690000
2019-10-17 12:34:32.223000,1.11129,1.11127,1690000,750000
2019-10-17 12:34:32.325000,1.1113,1.11126,2250000,940000
2019-10-17 12:34:32.426000,1.1113,1.11126,5120000,1000000
2019-10-17 12:34:32.528000,1.11129,1.11127,1750000,750000
2019-10-17 12:34:32.690000,1.11129,1.11126,940000,750000
2019-10-17 12:34:35.733000,1.11129,1.11127,750000,750000
2019-10-17 12:34:35.854000,1.11129,1.11126,1310000,750000
2019-10-17 12:34:36.783000,1.11129,1.11125,3190000,2060000
2019-10-17 12:34:36.918000,1.11125,1.11122,2500000,1690000
2019-10-17 12:34:38.973000,1.11124,1.11121,2440000,750000
2019-10-17 12:34:39.074000,1.11124,1.1112,3190000,1690000
2019-10-17 12:34:39.176000,1.11123,1.1112,750000,1690000
2019-10-17 12:34:40.310000,1.11121,1.11119,750000,1500000
2019-10-17 12:34:40.411000,1.11123,1.1112,3940000,1500000
2019-10-17 12:34:40.639000,1.11122,1.1112,750000,1500000
2019-10-17 12:34:41.279000,1.11123,1.1112,4870000,750000
2019-10-17 12:34:42.726000,1.11121,1.1112,2440000,2620000
2019-10-17 12:34:42.887000,1.11121,1.11119,750000,3190000
2019-10-17 12:34:43.038000,1.11123,1.11119,4120000,5060000
2019-10-17 12:34:43.172000,1.11122,1.1112,940000,750000
2019-10-17 12:34:44.074000,1.11123,1.1112,3190000,1500000
2019-10-17 12:34:44.886000,1.11123,1.11121,2250000,1690000
2019-10-17 12:34:45.038000,1.11126,1.11124,1310000,1500000
2019-10-17 12:34:45.140000,1.11127,1.11125,2250000,940000
2019-10-17 12:34:45.241000,1.11128,1.11126,750000,750000
2019-10-17 12:34:45.376000,1.11128,1.11125,3000000,500000
2019-10-17 12:34:45.883000,1.11125,1.11124,2250000,3000000
2019-10-17 12:34:45.984000,1.11128,1.11125,7750000,500000
2019-10-17 12:34:46.112000,1.11128,1.11125,5620000,3750000
2019-10-17 12:34:46.314000,1.11127,1.11125,750000,750000
2019-10-17 12:34:46.415000,1.11128,1.11125,4120000,2250000
2019-10-17 12:34:47.210000,1.11127,1.11124,2500000,3940000
2019-10-17 12:34:47.312000,1.11124,1.11123,2250000,1880000
2019-10-17 12:34:47.363000,1.11124,1.11121,2250000,5500000
2019-10-17 12:34:47.572000,1.11124,1.11121,4500000,2810000
2019-10-17 12:34:48.096000,1.11122,1.1112,2250000,5500000
2019-10-17 12:34:49.978000,1.11124,1.11121,2250000,940000
2019-10-17 12:34:50.129000,1.11124,1.11122,2250000,1500000
2019-10-17 12:34:50.231000,1.11123,1.11122,2250000,1500000
2019-10-17 12:34:51.177000,1.11125,1.11122,4690000,1750000
2019-10-17 12:34:52.235000,1.11127,1.11124,1940000,1690000
2019-10-17 12:34:52.336000,1.11128,1.11126,1690000,750000
2019-10-17 12:34:52.438000,1.11129,1.11126,3940000,940000
2019-10-17 12:34:52.541000,1.1113,1.11126,4120000,2810000
2019-10-17 12:34:52.642000,1.1113,1.11126,3750000,1000000
2019-10-17 12:34:52.938000,1.11128,1.11126,3000000,2440000
2019-10-17 12:34:56.340000,1.11127,1.11124,1870000,4310000
2019-10-17 12:34:56.441000,1.11127,1.11125,4000000,750000
2019-10-17 12:34:56.542000,1.11127,1.11123,2250000,3060000
2019-10-17 12:34:56.956000,1.11127,1.11124,750000,4690000
2019-10-17 12:34:57.057000,1.11127,1.11125,750000,750000
2019-10-17 12:35:00.086000,1.11128,1.11125,2620000,750000
2019-10-17 12:35:00.220000,1.11126,1.11122,4310000,2060000
2019-10-17 12:35:00.372000,1.11125,1.11122,750000,940000
2019-10-17 12:35:00.877000,1.11124,1.11121,940000,1000000
2019-10-17 12:35:00.989000,1.11124,1.11121,1690000,560000
2019-10-17 12:35:01.294000,1.11125,1.1112,4940000,10390000
2019-10-17 12:35:01.446000,1.11125,1.11122,3370000,750000
2019-10-17 12:35:01.547000,1.11125,1.11121,3370000,3190000
2019-10-17 12:35:01.649000,1.11124,1.11121,1500000,1690000
2019-10-17 12:35:02.136000,1.11124,1.11122,1500000,750000
2019-10-17 12:35:02.513000,1.11125,1.11121,4120000,940000
2019-10-17 12:35:04.544000,1.11125,1.11121,5250000,1750000
2019-10-17 12:35:04.646000,1.11124,1.11121,750000,1000000
2019-10-17 12:35:04.768000,1.11125,1.11121,5250000,1750000
2019-10-17 12:35:05.296000,1.11124,1.11121,1690000,1000000
2019-10-17 12:35:08.642000,1.11123,1.1112,750000,2870000
2019-10-17 12:35:09.188000,1.11124,1.11122,1500000,750000
2019-10-17 12:35:09.341000,1.11125,1.11123,750000,1500000
2019-10-17 12:35:09.443000,1.11127,1.11124,1310000,2250000
2019-10-17 12:35:09.596000,1.11128,1.11125,6190000,750000
2019-10-17 12:35:09.697000,1.11127,1.11124,750000,4690000
2019-10-17 12:35:09.939000,1.11127,1.11124,750000,4750000
2019-10-17 12:35:10.179000,1.11126,1.11124,1750000,1120000
2019-10-17 12:35:10.280000,1.11126,1.11123,2440000,750000
2019-10-17 12:35:10.381000,1.11125,1.11122,1000000,1310000
2019-10-17 12:35:10.432000,1.11126,1.11122,6940000,1120000
2019-10-17 12:35:10.483000,1.11125,1.11122,1750000,560000
2019-10-17 12:35:10.619000,1.11125,1.11121,940000,3560000
2019-10-17 12:35:10.721000,1.11125,1.11123,750000,1500000
2019-10-17 12:35:10.824000,1.11126,1.11123,3190000,750000
2019-10-17 12:35:11.128000,1.11126,1.11124,3190000,750000
2019-10-17 12:35:11.229000,1.11127,1.11124,1690000,3000000
2019-10-17 12:35:11.435000,1.11127,1.11125,1500000,750000
2019-10-17 12:35:11.537000,1.11127,1.11124,750000,3560000
2019-10-17 12:35:13.665000,1.11127,1.11125,750000,940000
2019-10-17 12:35:13.795000,1.11129,1.11126,2500000,1310000
2019-10-17 12:35:13.931000,1.11132,1.11129,940000,3370000
2019-10-17 12:35:14.134000,1.11131,1.11129,1000000,3370000
2019-10-17 12:35:14.286000,1.11129,1.11127,750000,1000000
2019-10-17 12:35:14.387000,1.11129,1.11126,3940000,5500000
2019-10-17 12:35:16.604000,1.11129,1.11126,750000,3190000
2019-10-17 12:35:17.729000,1.11128,1.11125,1500000,5350000
2019-10-17 12:35:17.781000,1.11126,1.11125,3000000,5850000
2019-10-17 12:35:17.882000,1.11125,1.11124,3750000,970000
2019-10-17 12:35:17.989000,1.11125,1.11123,2060000,750000
2019-10-17 12:35:18.040000,1.11125,1.1112,1690000,5120000
2019-10-17 12:35:18.191000,1.11125,1.11122,3560000,750000
2019-10-17 12:35:18.293000,1.11125,1.11121,2500000,1750000
2019-10-17 12:35:19.545000,1.11125,1.11124,1500000,1120000
2019-10-17 12:35:19.647000,1.11126,1.11124,750000,4000000
2019-10-17 12:35:19.851000,1.11126,1.11124,750000,3190000
2019-10-17 12:35:19.902000,1.11128,1.11124,1500000,2440000
2019-10-17 12:35:20.003000,1.11127,1.11125,750000,1690000
2019-10-17 12:35:20.105000,1.11127,1.11124,750000,7380000
2019-10-17 12:35:20.206000,1.11128,1.11124,2250000,2120000
2019-10-17 12:35:20.917000,1.11128,1.11124,3190000,2500000
2019-10-17 12:35:21.019000,1.11127,1.11125,750000,940000
2019-10-17 12:35:21.171000,1.11128,1.11124,3000000,1690000
2019-10-17 12:35:21.272000,1.11127,1.11124,750000,3190000
2019-10-17 12:35:21.531000,1.11128,1.11124,3000000,2440000
2019-10-17 12:35:21.633000,1.11127,1.11125,750000,500000
2019-10-17 12:35:21.734000,1.11128,1.11125,2250000,500000
2019-10-17 12:35:22.947000,1.11128,1.11125,1500000,1370000
2019-10-17 12:35:24.377000,1.11127,1.11124,750000,4000000
2019-10-17 12:35:24.750000,1.11128,1.11124,1500000,3620000
2019-10-17 12:35:25.052000,1.11128,1.11124,1690000,4310000
2019-10-17 12:35:25.955000,1.11127,1.11124,750000,7310000
2019-10-17 12:35:26.056000,1.11127,1.11124,750000,8120000
2019-10-17 12:35:26.158000,1.11128,1.11125,1500000,1000000
2019-10-17 12:35:26.310000,1.11129,1.11125,2250000,3190000
2019-10-17 12:35:28.036000,1.11127,1.11124,750000,2440000
2019-10-17 12:35:28.139000,1.11126,1.11124,750000,750000
2019-10-17 12:35:28.241000,1.11126,1.11123,2440000,1500000
2019-10-17 12:35:28.568000,1.11125,1.11123,750000,750000
2019-10-17 12:35:28.671000,1.11123,1.11121,750000,1690000
2019-10-17 12:35:28.823000,1.11124,1.11121,940000,500000
2019-10-17 12:35:28.924000,1.11125,1.1112,5120000,8140000
2019-10-17 12:35:29.637000,1.11125,1.11121,5250000,3250000
2019-10-17 12:35:30.047000,1.11125,1.11121,5060000,560000
2019-10-17 12:35:30.520000,1.11124,1.1112,750000,8120000
2019-10-17 12:35:30.701000,1.11124,1.11121,750000,1370000
2019-10-17 12:35:30.802000,1.11126,1.11125,4500000,750000
2019-10-17 12:35:30.904000,1.11128,1.11125,4690000,750000
2019-10-17 12:35:31.005000,1.11127,1.11125,750000,1500000
2019-10-17 12:35:31.115000,1.11128,1.11125,4690000,2250000
2019-10-17 12:35:31.267000,1.11128,1.11124,2440000,4690000
2019-10-17 12:35:31.406000,1.11128,1.11125,3190000,750000
2019-10-17 12:35:32.808000,1.11128,1.11124,1500000,4690000
2019-10-17 12:35:32.909000,1.11127,1.11125,750000,750000
2019-10-17 12:35:33.111000,1.11128,1.11125,750000,5810000
2019-10-17 12:35:33.562000,1.11129,1.11125,3370000,560000
2019-10-17 12:35:34.535000,1.11129,1.11127,1500000,1500000
2019-10-17 12:35:34.637000,1.11132,1.1113,2950000,750000
2019-10-17 12:35:34.688000,1.11132,1.11129,1690000,750000
2019-10-17 12:35:34.941000,1.11132,1.1113,1310000,750000
2019-10-17 12:35:35.188000,1.11132,1.11129,1310000,750000
2019-10-17 12:35:35.239000,1.1113,1.11128,750000,750000
2019-10-17 12:35:35.340000,1.1113,1.11127,1500000,560000
2019-10-17 12:35:35.964000,1.11129,1.11127,750000,750000
2019-10-17 12:35:36.118000,1.1113,1.11127,750000,940000
2019-10-17 12:35:36.270000,1.1113,1.11127,750000,1750000
2019-10-17 12:35:36.472000,1.11132,1.11129,750000,3250000
2019-10-17 12:35:36.573000,1.11133,1.11129,750000,3620000
2019-10-17 12:35:36.675000,1.11133,1.1113,1500000,1000000
2019-10-17 12:35:38.296000,1.11133,1.1113,1500000,1370000
2019-10-17 12:35:39.374000,1.11134,1.1113,4500000,750000
2019-10-17 12:35:39.477000,1.11133,1.11129,750000,8500000
2019-10-17 12:35:40.219000,1.11134,1.1113,4120000,1750000
2019-10-17 12:35:40.320000,1.11134,1.11131,3000000,1000000
2019-10-17 12:35:41.172000,1.11135,1.11134,6560000,1500000
2019-10-17 12:35:41.273000,1.1114,1.11138,3750000,750000
2019-10-17 12:35:41.448000,1.11143,1.11138,6190000,6560000
2019-10-17 12:35:41.549000,1.11143,1.11139,2620000,4370000
2019-10-17 12:35:41.651000,1.11144,1.1114,8250000,1000000
2019-10-17 12:35:41.752000,1.11143,1.11139,750000,7370000
2019-10-17 12:35:41.904000,1.11144,1.1114,4500000,1370000
2019-10-17 12:35:44.809000,1.11143,1.11139,2250000,2870000
