time,ask,bid,ask_volume,bid_volume
2019-07-26 12:25:00.130000,1.11398,1.11395,1760000,2100000
2019-07-26 12:25:00.500000,1.11399,1.11396,9510000,1500000
2019-07-26 12:25:00.602000,1.11399,1.11396,1760000,4350000
2019-07-26 12:25:00.754000,1.11399,1.11397,3640000,1000000
2019-07-26 12:25:00.881000,1.11399,1.11396,3070000,6790000
2019-07-26 12:25:01.113000,1.11399,1.11397,3450000,1000000
2019-07-26 12:25:01.243000,1.11399,1.11397,3450000,1250000
2019-07-26 12:25:01.501000,1.114,1.11397,1000000,3850000
2019-07-26 12:25:01.704000,1.11401,1.11397,4870000,4670000
2019-07-26 12:25:02.938000,1.114,1.11396,1500000,10860000
2019-07-26 12:25:03.636000,1.11398,1.11396,1100000,6250000
2019-07-26 12:25:03.738000,1.11399,1.11396,2060000,4000000
2019-07-26 12:25:05.886000,1.114,1.11396,4200000,2500000
2019-07-26 12:25:05.987000,1.11399,1.11397,1500000,1250000
2019-07-26 12:25:06.248000,1.114,1.11396,9070000,2500000
2019-07-26 12:25:06.349000,1.11399,1.11397,1000000,1250000
2019-07-26 12:25:06.474000,1.114,1.11396,6820000,2500000
2019-07-26 12:25:06.763000,1.11399,1.11397,1000000,1250000
2019-07-26 12:25:07.159000,1.114,1.11396,7200000,1750000
2019-07-26 12:25:07.272000,1.11397,1.11395,1120000,2510000
2019-07-26 12:25:07.488000,1.11394,1.11393,1000000,1690000
2019-07-26 12:25:07.590000,1.11394,1.11392,1000000,2500000
2019-07-26 12:25:07.795000,1.11396,1.11392,8950000,1750000
2019-07-26 12:25:08.192000,1.11396,1.11392,5140000,1250000
2019-07-26 12:25:08.294000,1.11396,1.11391,5160000,7300000
2019-07-26 12:25:10.379000,1.11396,1.11391,4760000,9560000
2019-07-26 12:25:10.481000,1.11396,1.11393,1570000,4970000
2019-07-26 12:25:10.582000,1.11397,1.11393,4420000,3470000
2019-07-26 12:25:12.759000,1.11397,1.11394,1760000,1370000
2019-07-26 12:25:15.420000,1.11398,1.11393,7220000,4800000
2019-07-26 12:25:15.522000,1.11398,1.11393,7820000,4420000
2019-07-26 12:25:16.980000,1.11396,1.11393,1000000,5040000
2019-07-26 12:25:17.624000,1.11397,1.11394,1050000,1550000
2019-07-26 12:25:18.545000,1.11396,1.11393,1120000,6860000
2019-07-26 12:25:18.697000,1.11397,1.11393,1250000,6300000
2019-07-26 12:25:19.457000,1.11397,1.11393,4070000,3500000
2019-07-26 12:25:19.597000,1.11396,1.11393,1370000,1120000
2019-07-26 12:25:22.577000,1.11396,1.11392,5890000,2190000
2019-07-26 12:25:22.678000,1.11395,1.11392,1000000,5040000
2019-07-26 12:25:23.187000,1.11395,1.11392,3450000,1690000
2019-07-26 12:25:23.348000,1.11394,1.11392,1000000,1500000
2019-07-26 12:25:23.400000,1.11396,1.11392,5360000,1250000
2019-07-26 12:25:23.678000,1.11395,1.11392,1000000,2440000
2019-07-26 12:25:24.131000,1.11396,1.11392,7010000,1870000
2019-07-26 12:25:24.233000,1.11396,1.11392,5640000,1250000
2019-07-26 12:25:26.262000,1.11394,1.11392,1100000,1000000
2019-07-26 12:25:26.364000,1.11393,1.1139,1350000,12990000
2019-07-26 12:25:27.664000,1.11393,1.11391,1000000,2060000
2019-07-26 12:25:27.774000,1.11394,1.11391,2700000,1310000
2019-07-26 12:25:27.926000,1.11394,1.11391,5350000,1160000
2019-07-26 12:25:28.344000,1.11394,1.11391,5320000,1160000
2019-07-26 12:25:28.455000,1.11394,1.11391,6700000,1910000
2019-07-26 12:25:28.577000,1.11394,1.11391,4950000,1160000
2019-07-26 12:25:29.009000,1.11394,1.11391,5950000,1910000
2019-07-26 12:25:29.110000,1.11394,1.11391,4950000,1160000
2019-07-26 12:25:29.354000,1.11394,1.11391,5570000,1160000
2019-07-26 12:25:30.137000,1.11394,1.1139,5760000,2000000
2019-07-26 12:25:31.230000,1.11392,1.1139,1000000,1500000
2019-07-26 12:25:31.331000,1.11393,1.11389,5140000,8660000
2019-07-26 12:25:31.637000,1.11393,1.11389,2110000,7410000
2019-07-26 12:25:31.739000,1.11393,1.11389,1390000,6560000
2019-07-26 12:25:31.892000,1.11393,1.11389,1790000,7010000
2019-07-26 12:25:32.153000,1.11393,1.11389,1760000,6560000
2019-07-26 12:25:32.456000,1.11392,1.11389,1500000,6560000
2019-07-26 12:25:32.557000,1.11393,1.11389,3110000,8660000
2019-07-26 12:25:33.575000,1.11393,1.11389,3110000,8160000
2019-07-26 12:25:33.920000,1.11393,1.11389,1610000,6410000
2019-07-26 12:25:34.038000,1.11393,1.11389,1610000,8160000
2019-07-26 12:25:34.814000,1.11393,1.11389,1240000,7910000
2019-07-26 12:25:35.092000,1.11393,1.1139,1160000,1000000
2019-07-26 12:25:36.507000,1.11393,1.11389,1010000,3560000
2019-07-26 12:25:36.656000,1.11393,1.1139,1410000,1000000
2019-07-26 12:25:37.015000,1.11393,1.11389,1410000,4010000
2019-07-26 12:25:37.117000,1.11393,1.1139,2910000,1000000
2019-07-26 12:25:37.380000,1.11393,1.11389,1410000,4010000
2019-07-26 12:25:37.481000,1.11393,1.1139,1910000,4350000
2019-07-26 12:25:38.387000,1.11393,1.11391,3410000,1000000
2019-07-26 12:25:39.039000,1.11392,1.11389,2750000,2810000
2019-07-26 12:25:39.141000,1.11391,1.11388,1870000,2440000
2019-07-26 12:25:39.294000,1.11391,1.11387,1390000,3190000
2019-07-26 12:25:40.685000,1.11391,1.11387,1390000,5540000
2019-07-26 12:25:41.367000,1.1139,1.11388,1000000,1750000
2019-07-26 12:25:41.468000,1.11391,1.11388,4500000,2500000
2019-07-26 12:25:41.788000,1.1139,1.11388,1000000,1940000
2019-07-26 12:25:42.121000,1.1139,1.11388,1000000,1000000
2019-07-26 12:25:42.520000,1.1139,1.11388,1870000,1750000
2019-07-26 12:25:43.202000,1.1139,1.11388,1000000,1000000
2019-07-26 12:25:43.406000,1.1139,1.11387,1000000,2440000
2019-07-26 12:25:43.558000,1.1139,1.11387,1000000,2940000
2019-07-26 12:25:44.318000,1.11391,1.11387,4010000,3690000
2019-07-26 12:25:44.420000,1.11391,1.11387,4910000,3690000
2019-07-26 12:25:44.882000,1.1139,1.11387,1760000,1000000
2019-07-26 12:25:44.984000,1.1139,1.11387,2290000,1000000
2019-07-26 12:25:45.088000,1.11389,1.11386,1100000,3790000
2019-07-26 12:25:45.191000,1.11388,1.11384,1800000,6970000
2019-07-26 12:25:45.728000,1.11387,1.11384,1200000,5100000
2019-07-26 12:25:46.812000,1.11388,1.11386,5000000,1000000
2019-07-26 12:25:46.914000,1.11388,1.11386,1500000,1000000
2019-07-26 12:25:48.162000,1.11388,1.11387,1120000,1000000
2019-07-26 12:25:48.846000,1.11388,1.11386,1000000,1910000
2019-07-26 12:25:49.209000,1.1139,1.11386,3260000,6410000
2019-07-26 12:25:49.311000,1.1139,1.11387,2890000,1000000
2019-07-26 12:25:49.710000,1.11389,1.11387,1000000,1690000
2019-07-26 12:25:50.173000,1.1139,1.11387,1570000,1250000
2019-07-26 12:25:50.286000,1.11389,1.11387,1000000,2440000
2019-07-26 12:25:50.405000,1.1139,1.11387,2250000,1690000
2019-07-26 12:25:53.302000,1.11389,1.11387,1000000,2060000
2019-07-26 12:25:54.486000,1.1139,1.11387,1570000,1310000
2019-07-26 12:25:55.031000,1.11389,1.11387,1000000,2810000
2019-07-26 12:25:55.284000,1.1139,1.11387,1500000,1310000
2019-07-26 12:25:57.726000,1.1139,1.11388,2620000,1000000
2019-07-26 12:25:58.036000,1.11391,1.11388,4270000,1250000
2019-07-26 12:25:58.967000,1.1139,1.11388,1100000,1500000
2019-07-26 12:25:59.170000,1.11391,1.11387,2510000,6190000
2019-07-26 12:25:59.273000,1.11391,1.11387,2990000,5440000
2019-07-26 12:25:59.375000,1.11391,1.11387,2960000,5440000
2019-07-26 12:25:59.921000,1.11391,1.11387,2990000,5440000
2019-07-26 12:25:59.972000,1.11392,1.11389,2950000,3040000
2019-07-26 12:26:00.074000,1.11392,1.1139,1000000,1690000
2019-07-26 12:26:00.176000,1.11393,1.1139,1120000,3410000
2019-07-26 12:26:00.440000,1.11393,1.1139,3850000,2810000
2019-07-26 12:26:00.593000,1.11391,1.11388,1750000,1870000
2019-07-26 12:26:00.695000,1.1139,1.11387,3000000,3190000
2019-07-26 12:26:00.797000,1.11389,1.11388,1000000,1000000
2019-07-26 12:26:01.127000,1.11389,1.11387,1000000,1540000
2019-07-26 12:26:02.108000,1.1139,1.11386,4570000,2500000
2019-07-26 12:26:04.359000,1.11391,1.1139,4570000,1540000
2019-07-26 12:26:04.462000,1.11392,1.1139,2250000,1350000
2019-07-26 12:26:06.317000,1.11391,1.1139,1000000,1000000
2019-07-26 12:26:07.768000,1.11392,1.1139,1000000,1000000
2019-07-26 12:26:09.967000,1.11391,1.1139,1000000,1000000
2019-07-26 12:26:10.299000,1.11392,1.11389,1000000,2440000
2019-07-26 12:26:11.723000,1.11392,1.11388,6760000,1690000
2019-07-26 12:26:11.909000,1.1139,1.11388,1000000,2440000
2019-07-26 12:26:12.366000,1.1139,1.11387,1100000,4190000
2019-07-26 12:26:12.570000,1.11391,1.11389,3000000,1250000
2019-07-26 12:26:13.162000,1.11389,1.11388,1000000,1000000
2019-07-26 12:26:13.264000,1.1139,1.11387,1000000,3190000
2019-07-26 12:26:13.543000,1.11391,1.11387,2140000,2440000
2019-07-26 12:26:13.645000,1.1139,1.11386,2510000,3040000
2019-07-26 12:26:13.747000,1.11389,1.11386,2550000,1540000
2019-07-26 12:26:14.207000,1.11388,1.11386,1000000,1250000
2019-07-26 12:26:14.309000,1.11389,1.11385,2700000,2500000
2019-07-26 12:26:14.411000,1.11387,1.11384,1100000,1690000
2019-07-26 12:26:14.513000,1.11386,1.11384,1200000,3560000
2019-07-26 12:26:15.119000,1.11385,1.11384,1000000,2620000
2019-07-26 12:26:15.477000,1.11385,1.11383,1000000,1500000
2019-07-26 12:26:15.579000,1.11385,1.11382,1200000,5810000
2019-07-26 12:26:15.681000,1.11384,1.11382,1250000,1250000
2019-07-26 12:26:15.783000,1.11383,1.1138,1350000,6700000
2019-07-26 12:26:15.834000,1.11382,1.1138,1000000,1250000
2019-07-26 12:26:16.090000,1.11382,1.1138,2070000,1250000
2019-07-26 12:26:16.834000,1.11383,1.1138,5950000,1250000
2019-07-26 12:26:19.074000,1.11383,1.1138,5550000,1250000
2019-07-26 12:26:19.577000,1.11382,1.1138,1000000,1250000
2019-07-26 12:26:19.985000,1.11383,1.1138,3450000,1250000
2019-07-26 12:26:20.625000,1.11382,1.1138,1000000,1250000
2019-07-26 12:26:21.165000,1.11383,1.1138,3450000,1250000
2019-07-26 12:26:21.317000,1.11383,1.1138,3600000,1250000
2019-07-26 12:26:21.480000,1.11383,1.11381,2850000,1000000
2019-07-26 12:26:22.194000,1.1138,1.11378,4600000,1500000
2019-07-26 12:26:22.297000,1.1138,1.11379,1350000,1500000
2019-07-26 12:26:22.348000,1.1138,1.11377,1200000,6940000
2019-07-26 12:26:22.757000,1.11379,1.11376,1820000,5190000
2019-07-26 12:26:23.594000,1.11381,1.11377,2540000,2410000
2019-07-26 12:26:23.747000,1.1138,1.11378,1100000,2780000
2019-07-26 12:26:23.849000,1.11382,1.11378,8290000,2780000
2019-07-26 12:26:23.950000,1.11382,1.11378,8290000,2780000
2019-07-26 12:26:24.136000,1.11382,1.11378,6790000,2850000
2019-07-26 12:26:24.187000,1.11382,1.11378,6260000,2850000
2019-07-26 12:26:24.290000,1.11381,1.11379,1000000,1250000
2019-07-26 12:26:24.544000,1.11382,1.11378,6260000,3600000
2019-07-26 12:26:25.214000,1.1138,1.11378,1000000,2870000
2019-07-26 12:26:25.316000,1.11381,1.11378,3300000,2120000
2019-07-26 12:26:25.418000,1.11381,1.11378,2720000,2870000
2019-07-26 12:26:25.673000,1.11381,1.11378,1200000,2120000
2019-07-26 12:26:25.948000,1.11382,1.11378,5890000,5120000
2019-07-26 12:26:27.358000,1.11381,1.11379,1000000,1250000
2019-07-26 12:26:28.700000,1.11383,1.11379,1400000,2050000
2019-07-26 12:26:28.803000,1.11383,1.1138,1950000,2810000
2019-07-26 12:26:28.905000,1.11384,1.11381,11290000,1000000
2019-07-26 12:26:29.007000,1.11384,1.1138,8290000,3560000
2019-07-26 12:26:30.328000,1.11383,1.11381,1100000,1000000
2019-07-26 12:26:30.797000,1.11384,1.1138,8660000,1250000
2019-07-26 12:26:31.717000,1.11384,1.11381,9790000,1000000
2019-07-26 12:26:32.413000,1.11384,1.1138,7540000,1250000
2019-07-26 12:26:32.669000,1.11384,1.11382,5450000,1350000
2019-07-26 12:26:32.771000,1.11384,1.11381,1000000,3850000
2019-07-26 12:26:32.872000,1.11384,1.11381,1000000,3790000
2019-07-26 12:26:33.353000,1.11384,1.11382,1000000,1000000
2019-07-26 12:26:33.557000,1.11385,1.11384,1200000,8440000
2019-07-26 12:26:33.608000,1.11388,1.11387,2250000,1500000
2019-07-26 12:26:33.660000,1.11391,1.1139,1000000,1350000
2019-07-26 12:26:33.801000,1.11391,1.1139,1000000,1500000
2019-07-26 12:26:33.903000,1.11394,1.1139,6720000,1750000
2019-07-26 12:26:43.528000,1.11394,1.11393,6820000,9790000
2019-07-26 12:26:43.680000,1.11399,1.11398,1120000,1000000
2019-07-26 12:26:43.732000,1.11398,1.11397,1000000,1120000
2019-07-26 12:26:43.834000,1.11402,1.114,4870000,1000000
2019-07-26 12:26:43.936000,1.11402,1.11399,1100000,3370000
2019-07-26 12:26:44.496000,1.11403,1.114,2810000,1000000
2019-07-26 12:26:44.956000,1.11402,1.114,1000000,1500000
2019-07-26 12:26:45.143000,1.11403,1.114,3190000,1000000
2019-07-26 12:26:47.986000,1.11404,1.11401,3700000,1000000
2019-07-26 12:26:48.088000,1.11405,1.11401,10320000,3250000
2019-07-26 12:26:49.322000,1.11405,1.11401,11890000,1310000
2019-07-26 12:26:49.436000,1.11404,1.11401,6700000,1000000
2019-07-26 12:26:50.934000,1.11404,1.11402,3170000,1000000
2019-07-26 12:26:51.178000,1.11404,1.11401,1450000,2100000
2019-07-26 12:26:53.032000,1.11404,1.114,1450000,4720000
2019-07-26 12:26:53.515000,1.11404,1.11401,2950000,1000000
2019-07-26 12:26:53.710000,1.11402,1.11401,2440000,1000000
2019-07-26 12:26:53.761000,1.11402,1.11398,1200000,6560000
2019-07-26 12:26:53.862000,1.11401,1.11398,4140000,1750000
2019-07-26 12:26:53.964000,1.11401,1.11398,2250000,1750000
2019-07-26 12:26:54.217000,1.11402,1.11399,4010000,1250000
2019-07-26 12:26:55.305000,1.11402,1.11401,1010000,1000000
2019-07-26 12:26:55.636000,1.11402,1.114,2510000,1250000
2019-07-26 12:26:56.271000,1.11401,1.114,1500000,1250000
2019-07-26 12:26:56.373000,1.11402,1.11399,6410000,1250000
2019-07-26 12:26:56.778000,1.11402,1.11398,5510000,2120000
2019-07-26 12:26:56.982000,1.11401,1.11398,1000000,2870000
2019-07-26 12:26:57.084000,1.11402,1.11398,5890000,2120000
2019-07-26 12:26:57.308000,1.11401,1.11398,1000000,5120000
2019-07-26 12:26:57.546000,1.11402,1.11398,5890000,2120000
2019-07-26 12:26:58.038000,1.11401,1.11399,1000000,1750000
2019-07-26 12:26:58.139000,1.11402,1.114,5510000,1250000
2019-07-26 12:26:58.342000,1.11402,1.114,3290000,1250000
2019-07-26 12:26:58.444000,1.11402,1.114,5890000,1250000
2019-07-26 12:26:58.648000,1.11402,1.11399,6660000,1250000
2019-07-26 12:26:58.801000,1.11402,1.11399,4010000,1750000
2019-07-26 12:26:59.657000,1.11402,1.11399,3660000,1750000
2019-07-26 12:27:00.067000,1.11402,1.11399,5510000,1750000
2019-07-26 12:27:00.747000,1.11402,1.11399,3720000,1500000
2019-07-26 12:27:03.392000,1.11402,1.11399,4570000,2660000
2019-07-26 12:27:03.660000,1.11402,1.11399,3470000,2660000
2019-07-26 12:27:03.974000,1.114,1.11399,1000000,1350000
2019-07-26 12:27:04.177000,1.11401,1.11399,1690000,1500000
2019-07-26 12:27:04.672000,1.11402,1.114,1250000,1500000
2019-07-26 12:27:04.774000,1.11403,1.114,1010000,1500000
2019-07-26 12:27:05.260000,1.11402,1.114,1000000,1500000
2019-07-26 12:27:05.366000,1.11403,1.114,1010000,1500000
2019-07-26 12:27:06.457000,1.11402,1.11399,1100000,2810000
2019-07-26 12:27:06.559000,1.11402,1.11399,1750000,1000000
2019-07-26 12:27:06.815000,1.11401,1.11398,1250000,2620000
2019-07-26 12:27:06.917000,1.11401,1.11397,2510000,2440000
2019-07-26 12:27:07.171000,1.11401,1.11397,1390000,2190000
2019-07-26 12:27:09.796000,1.11402,1.11397,4470000,3190000
2019-07-26 12:27:10.049000,1.11402,1.11397,7520000,2440000
2019-07-26 12:27:10.546000,1.11401,1.11397,1390000,2290000
2019-07-26 12:27:10.795000,1.11401,1.11398,2140000,1000000
2019-07-26 12:27:10.979000,1.11401,1.11397,1390000,2290000
2019-07-26 12:27:11.625000,1.114,1.11398,1100000,1000000
2019-07-26 12:27:11.778000,1.11401,1.11397,3410000,3190000
2019-07-26 12:27:13.818000,1.11401,1.11398,3260000,2250000
2019-07-26 12:27:13.970000,1.114,1.11398,1000000,1000000
2019-07-26 12:27:14.372000,1.11401,1.11398,2140000,1000000
2019-07-26 12:27:15.614000,1.114,1.11398,1000000,3000000
2019-07-26 12:27:15.716000,1.11402,1.11398,5220000,1500000
2019-07-26 12:27:16.259000,1.11401,1.11399,1010000,1000000
2019-07-26 12:27:16.615000,1.11402,1.11398,4470000,1500000
2019-07-26 12:27:16.717000,1.11402,1.11398,3720000,3800000
2019-07-26 12:27:16.819000,1.11402,1.11399,1570000,3790000
2019-07-26 12:27:16.920000,1.11403,1.114,4010000,1500000
2019-07-26 12:27:17.022000,1.11403,1.114,2500000,1500000
2019-07-26 12:27:17.124000,1.11403,1.114,3100000,1000000
2019-07-26 12:27:17.227000,1.11403,1.114,2200000,2100000
2019-07-26 12:27:17.383000,1.11403,1.11401,2950000,1000000
2019-07-26 12:27:17.486000,1.11403,1.114,1820000,2100000
2019-07-26 12:27:17.639000,1.11403,1.114,1690000,3300000
2019-07-26 12:27:18.068000,1.11403,1.11401,2440000,1000000
2019-07-26 12:27:18.392000,1.11402,1.11401,1000000,1000000
2019-07-26 12:27:19.075000,1.11402,1.114,1000000,2170000
2019-07-26 12:27:19.728000,1.11401,1.11398,1000000,1760000
2019-07-26 12:27:20.048000,1.11401,1.11398,1000000,1820000
2019-07-26 12:27:21.420000,1.11401,1.11398,1000000,3860000
2019-07-26 12:27:22.343000,1.114,1.11397,4500000,4950000
2019-07-26 12:27:22.445000,1.11399,1.11397,1370000,1000000
2019-07-26 12:27:22.547000,1.11399,1.11396,1450000,2250000
2019-07-26 12:27:23.863000,1.11399,1.11396,1690000,1500000
2019-07-26 12:27:27.766000,1.114,1.11398,1000000,1750000
2019-07-26 12:27:27.874000,1.11401,1.11397,10690000,3450000
2019-07-26 12:27:28.080000,1.114,1.11397,1000000,4200000
2019-07-26 12:27:28.283000,1.114,1.11398,1500000,1000000
2019-07-26 12:27:28.486000,1.11401,1.11398,6190000,1100000
2019-07-26 12:27:29.087000,1.114,1.11397,1120000,4240000
2019-07-26 12:27:29.856000,1.114,1.11397,1370000,1100000
2019-07-26 12:27:31.579000,1.11401,1.11396,4870000,7420000
2019-07-26 12:27:31.811000,1.11401,1.11397,11870000,1000000
2019-07-26 12:27:33.510000,1.114,1.11396,1750000,6450000
2019-07-26 12:27:34.300000,1.114,1.11397,2500000,1570000
2019-07-26 12:27:36.918000,1.114,1.11398,3250000,1000000
2019-07-26 12:27:37.122000,1.114,1.11397,3190000,4800000
2019-07-26 12:27:37.390000,1.11399,1.11397,1000000,2170000
2019-07-26 12:27:37.756000,1.114,1.11397,1250000,2170000
2019-07-26 12:27:37.857000,1.114,1.11398,3190000,1000000
2019-07-26 12:27:39.028000,1.114,1.11399,1000000,1000000
2019-07-26 12:27:39.145000,1.11402,1.11397,4810000,12160000
2019-07-26 12:27:39.663000,1.11402,1.11398,2440000,3490000
2019-07-26 12:27:39.844000,1.11402,1.11399,3000000,1250000
2019-07-26 12:27:41.244000,1.11402,1.114,1120000,2250000
2019-07-26 12:27:45.048000,1.11403,1.11401,3190000,2100000
2019-07-26 12:27:45.150000,1.11404,1.11401,3560000,1000000
2019-07-26 12:27:45.498000,1.11403,1.11401,1000000,2100000
2019-07-26 12:27:46.708000,1.11403,1.114,1120000,1540000
2019-07-26 12:27:48.214000,1.11403,1.11401,3370000,1000000
2019-07-26 12:27:48.317000,1.11403,1.114,3370000,2560000
2019-07-26 12:27:48.423000,1.11403,1.114,3370000,1690000
2019-07-26 12:27:48.685000,1.11401,1.114,1500000,1000000
2019-07-26 12:27:48.787000,1.114,1.11399,1000000,1120000
2019-07-26 12:27:48.991000,1.11401,1.114,3750000,1000000
2019-07-26 12:27:49.388000,1.11401,1.11399,3750000,1250000
2019-07-26 12:27:54.517000,1.114,1.11398,1000000,3100000
2019-07-26 12:27:54.669000,1.11401,1.11399,3190000,1250000
2019-07-26 12:27:55.335000,1.11401,1.11398,1690000,1000000
2019-07-26 12:27:55.438000,1.114,1.11396,1500000,3850000
2019-07-26 12:27:55.641000,1.114,1.11396,1310000,4540000
2019-07-26 12:27:55.742000,1.11401,1.11398,8050000,1000000
2019-07-26 12:27:56.015000,1.11401,1.11397,2950000,1500000
2019-07-26 12:27:56.767000,1.114,1.11399,1690000,1000000
2019-07-26 12:27:57.605000,1.11401,1.11397,10690000,3190000
2019-07-26 12:27:57.757000,1.11401,1.11398,2440000,1000000
2019-07-26 12:27:59.611000,1.11402,1.11398,14060000,1250000
2019-07-26 12:27:59.663000,1.114,1.11397,4690000,1250000
2019-07-26 12:27:59.765000,1.114,1.11396,2440000,3040000
2019-07-26 12:28:00.117000,1.11401,1.11396,8660000,10600000
2019-07-26 12:28:00.219000,1.11401,1.11397,9560000,3940000
2019-07-26 12:28:00.321000,1.11401,1.11398,5140000,1000000
2019-07-26 12:28:01.898000,1.11401,1.11397,2810000,1250000
2019-07-26 12:28:05.019000,1.11401,1.11399,5440000,1000000
2019-07-26 12:28:07.757000,1.11405,1.11403,19910000,1000000
2019-07-26 12:28:07.808000,1.11407,1.11406,6820000,1000000
2019-07-26 12:28:07.944000,1.1141,1.11408,2250000,1350000
2019-07-26 12:28:08.097000,1.11411,1.11408,3190000,1800000
2019-07-26 12:28:08.689000,1.11412,1.11408,14120000,1350000
2019-07-26 12:28:09.927000,1.11412,1.11408,10370000,3850000
2019-07-26 12:28:10.471000,1.11413,1.11411,2250000,8100000
2019-07-26 12:28:10.523000,1.11415,1.11412,4370000,3190000
2019-07-26 12:28:10.574000,1.11415,1.11413,6940000,1000000
2019-07-26 12:28:10.983000,1.11416,1.11411,2120000,4750000
2019-07-26 12:28:11.223000,1.11416,1.11411,2120000,3940000
2019-07-26 12:28:11.438000,1.11416,1.11412,5570000,1000000
2019-07-26 12:28:11.539000,1.11416,1.11411,3320000,3940000
2019-07-26 12:28:11.895000,1.11415,1.11412,1250000,1000000
2019-07-26 12:28:12.698000,1.11414,1.11412,1120000,1000000
2019-07-26 12:28:12.800000,1.11414,1.11412,1000000,1000000
2019-07-26 12:28:12.952000,1.11414,1.11411,1000000,3040000
2019-07-26 12:28:13.198000,1.11412,1.11411,1000000,1000000
2019-07-26 12:28:13.301000,1.11411,1.11409,1000000,7790000
2019-07-26 12:28:13.781000,1.11413,1.1141,1120000,1250000
2019-07-26 12:28:14.087000,1.11413,1.11411,1500000,1500000
2019-07-26 12:28:14.239000,1.11413,1.1141,1500000,5060000
2019-07-26 12:28:15.113000,1.11413,1.11411,1000000,1000000
2019-07-26 12:28:15.215000,1.11413,1.1141,1000000,6560000
2019-07-26 12:28:15.318000,1.11414,1.1141,6190000,3940000
2019-07-26 12:28:15.572000,1.11414,1.11412,2510000,1000000
2019-07-26 12:28:15.724000,1.11413,1.11412,1000000,1000000
2019-07-26 12:28:16.132000,1.11413,1.11411,1000000,3750000
2019-07-26 12:28:16.245000,1.11413,1.11412,1000000,1000000
2019-07-26 12:28:16.347000,1.11413,1.11411,1500000,4350000
2019-07-26 12:28:17.068000,1.11412,1.11411,1000000,1000000
2019-07-26 12:28:17.563000,1.11413,1.11411,1500000,1000000
2019-07-26 12:28:18.593000,1.11413,1.11412,1500000,1000000
2019-07-26 12:28:18.694000,1.11413,1.11411,1500000,1500000
2019-07-26 12:28:18.898000,1.11412,1.11411,1000000,1500000
2019-07-26 12:28:19.215000,1.11413,1.11412,1500000,1000000
2019-07-26 12:28:19.805000,1.11412,1.11411,1000000,1500000
2019-07-26 12:28:20.465000,1.11413,1.1141,1500000,1690000
2019-07-26 12:28:20.910000,1.11413,1.11412,1000000,1500000
2019-07-26 12:28:21.013000,1.11412,1.11411,1000000,4540000
2019-07-26 12:28:21.116000,1.11413,1.11411,3000000,3790000
2019-07-26 12:28:22.466000,1.11413,1.11412,1000000,1500000
2019-07-26 12:28:22.592000,1.11413,1.11411,1000000,3790000
2019-07-26 12:28:24.857000,1.11413,1.11412,1250000,1000000
2019-07-26 12:28:24.979000,1.11413,1.11411,1250000,2440000
2019-07-26 12:28:25.462000,1.11413,1.1141,1250000,2620000
2019-07-26 12:28:25.766000,1.11413,1.11411,1250000,1500000
2019-07-26 12:28:25.867000,1.11413,1.11412,1250000,1000000
2019-07-26 12:28:25.969000,1.11413,1.11411,1250000,1000000
2019-07-26 12:28:26.100000,1.11413,1.1141,1250000,1200000
2019-07-26 12:28:26.349000,1.11413,1.11411,1250000,1000000
2019-07-26 12:28:26.884000,1.11413,1.11412,1250000,1000000
2019-07-26 12:28:27.086000,1.11413,1.11411,1250000,2440000
2019-07-26 12:28:27.236000,1.11412,1.11411,1000000,1250000
2019-07-26 12:28:27.338000,1.11413,1.11411,1250000,1250000
2019-07-26 12:28:27.545000,1.11413,1.11412,1250000,1000000
2019-07-26 12:28:27.647000,1.11414,1.11411,2120000,1250000
2019-07-26 12:28:27.824000,1.11414,1.11411,1870000,3040000
2019-07-26 12:28:27.926000,1.11415,1.11411,4690000,3490000
2019-07-26 12:28:28.045000,1.11415,1.11412,4690000,1500000
2019-07-26 12:28:28.147000,1.11414,1.11411,2440000,1000000
2019-07-26 12:28:28.990000,1.11413,1.11411,1200000,1000000
2019-07-26 12:28:30.640000,1.11413,1.1141,1850000,1000000
2019-07-26 12:28:31.288000,1.11413,1.1141,1390000,1000000
2019-07-26 12:28:31.389000,1.11413,1.1141,3390000,1000000
2019-07-26 12:28:31.490000,1.11413,1.1141,1990000,1000000
2019-07-26 12:28:31.592000,1.11413,1.1141,4010000,1000000
2019-07-26 12:28:34.160000,1.11413,1.1141,4010000,1000000
2019-07-26 12:28:34.263000,1.11412,1.11409,1100000,1250000
2019-07-26 12:28:34.365000,1.11413,1.11409,3260000,5290000
2019-07-26 12:28:34.466000,1.11413,1.1141,3140000,1000000
2019-07-26 12:28:35.226000,1.11413,1.11409,3140000,4540000
2019-07-26 12:28:35.844000,1.11412,1.11408,1010000,2440000
2019-07-26 12:28:35.946000,1.1141,1.11407,1000000,7370000
2019-07-26 12:28:36.152000,1.11412,1.11408,2160000,2440000
2019-07-26 12:28:36.254000,1.11412,1.11408,1390000,3190000
2019-07-26 12:28:36.788000,1.11412,1.11409,1570000,2440000
2019-07-26 12:28:37.260000,1.11413,1.1141,6410000,1000000
2019-07-26 12:28:37.513000,1.11412,1.11409,1100000,2440000
2019-07-26 12:28:38.543000,1.11412,1.11409,1570000,4740000
2019-07-26 12:28:38.645000,1.11412,1.11409,2100000,1250000
2019-07-26 12:28:38.747000,1.11412,1.11409,1200000,2440000
2019-07-26 12:28:39.172000,1.11412,1.1141,2450000,1000000
2019-07-26 12:28:39.637000,1.11412,1.11409,1600000,2440000
2019-07-26 12:28:39.985000,1.11412,1.11409,2320000,2440000
2019-07-26 12:28:40.513000,1.11413,1.1141,5290000,1000000
2019-07-26 12:28:40.616000,1.11412,1.11409,1120000,2440000
2019-07-26 12:28:40.962000,1.11412,1.1141,1120000,2100000
2019-07-26 12:28:41.266000,1.11413,1.1141,1690000,2100000
2019-07-26 12:28:41.431000,1.11412,1.1141,1000000,2100000
2019-07-26 12:28:41.635000,1.11412,1.11411,1000000,1000000
2019-07-26 12:28:41.737000,1.11413,1.1141,4010000,1500000
2019-07-26 12:28:41.965000,1.11413,1.11411,2060000,1000000
2019-07-26 12:28:42.067000,1.11413,1.11412,2060000,1000000
2019-07-26 12:28:43.960000,1.11412,1.11411,1000000,1000000
2019-07-26 12:28:44.061000,1.11413,1.11412,2060000,1000000
2019-07-26 12:28:44.737000,1.11413,1.1141,1690000,1500000
2019-07-26 12:28:46.082000,1.11413,1.11411,1690000,1000000
2019-07-26 12:28:46.544000,1.11413,1.1141,1690000,2250000
2019-07-26 12:28:47.854000,1.11413,1.11411,1690000,1000000
2019-07-26 12:28:48.085000,1.11413,1.1141,1690000,1500000
2019-07-26 12:28:48.932000,1.11414,1.11411,6000000,1000000
2019-07-26 12:28:49.155000,1.11414,1.11411,6450000,1000000
2019-07-26 12:28:49.274000,1.11413,1.11411,1310000,1000000
2019-07-26 12:28:51.246000,1.11412,1.11411,1000000,1000000
2019-07-26 12:28:51.496000,1.11413,1.11411,3190000,1000000
2019-07-26 12:28:52.187000,1.11412,1.11411,1000000,1000000
2019-07-26 12:28:52.990000,1.11413,1.11411,2060000,1000000
2019-07-26 12:28:53.418000,1.11412,1.11411,1000000,1000000
2019-07-26 12:28:53.773000,1.11413,1.11411,2060000,1000000
2019-07-26 12:28:54.158000,1.11412,1.11411,1000000,1000000
2019-07-26 12:28:54.407000,1.11413,1.11411,2060000,1000000
2019-07-26 12:28:55.017000,1.11413,1.11409,3920000,2100000
2019-07-26 12:28:55.118000,1.11413,1.1141,2810000,2100000
2019-07-26 12:28:55.220000,1.11412,1.1141,1000000,2100000
2019-07-26 12:28:55.322000,1.11413,1.11408,3700000,2500000
2019-07-26 12:28:55.626000,1.11413,1.1141,4820000,1000000
2019-07-26 12:28:55.765000,1.11413,1.11409,4320000,1540000
2019-07-26 12:28:56.646000,1.11413,1.11409,2540000,2440000
2019-07-26 12:28:56.925000,1.11413,1.1141,3040000,1000000
2019-07-26 12:28:58.786000,1.11413,1.11411,1500000,1350000
2019-07-26 12:28:59.454000,1.11412,1.11409,1200000,2050000
2019-07-26 12:28:59.555000,1.11411,1.11409,1000000,1690000
2019-07-26 12:28:59.707000,1.11412,1.11409,1950000,1250000
2019-07-26 12:29:00.109000,1.11412,1.11407,8260000,4750000
2019-07-26 12:29:00.211000,1.11412,1.11409,6860000,1250000
2019-07-26 12:29:00.262000,1.11411,1.11407,1200000,3870000
2019-07-26 12:29:00.414000,1.11411,1.11408,2350000,1250000
2019-07-26 12:29:00.616000,1.11411,1.11407,1100000,2500000
2019-07-26 12:29:00.974000,1.11411,1.11408,1000000,1250000
2019-07-26 12:29:01.110000,1.11412,1.11408,2380000,1250000
2019-07-26 12:29:01.468000,1.1141,1.11407,1250000,1000000
2019-07-26 12:29:01.570000,1.11411,1.11407,2620000,1940000
2019-07-26 12:29:01.905000,1.11411,1.11408,1500000,4870000
2019-07-26 12:29:02.007000,1.11407,1.11404,1200000,1690000
2019-07-26 12:29:02.109000,1.11406,1.11401,4390000,4620000
2019-07-26 12:29:02.210000,1.11406,1.11401,3040000,1750000
2019-07-26 12:29:02.878000,1.11405,1.11401,1350000,1310000
2019-07-26 12:29:03.132000,1.11405,1.11401,1390000,1690000
2019-07-26 12:29:03.234000,1.11405,1.11401,2260000,2440000
2019-07-26 12:29:05.976000,1.11405,1.114,3850000,1250000
2019-07-26 12:29:06.123000,1.11404,1.114,2660000,2190000
2019-07-26 12:29:06.226000,1.11404,1.114,1790000,1250000
2019-07-26 12:29:07.673000,1.11404,1.11398,2510000,5060000
2019-07-26 12:29:08.308000,1.11404,1.11398,2570000,5060000
2019-07-26 12:29:08.359000,1.11404,1.11401,1200000,2310000
2019-07-26 12:29:08.461000,1.11407,1.11401,3000000,2200000
2019-07-26 12:29:08.512000,1.11406,1.11401,1750000,1390000
2019-07-26 12:29:08.715000,1.11407,1.11402,3750000,1000000
2019-07-26 12:29:08.868000,1.11407,1.11401,3000000,1390000
2019-07-26 12:29:09.141000,1.11406,1.11399,4500000,2510000
2019-07-26 12:29:09.549000,1.11404,1.11398,1810000,6470000
2019-07-26 12:29:10.704000,1.11404,1.11399,3690000,1250000
2019-07-26 12:29:11.116000,1.11405,1.114,5120000,1000000
2019-07-26 12:29:12.241000,1.11406,1.11401,2440000,1310000
2019-07-26 12:29:12.344000,1.11406,1.11401,4120000,1250000
2019-07-26 12:29:12.876000,1.11405,1.114,1690000,1250000
2019-07-26 12:29:13.971000,1.11404,1.114,1000000,1250000
2019-07-26 12:29:14.223000,1.11404,1.11399,1690000,1310000
2019-07-26 12:29:14.527000,1.11404,1.11399,1750000,1120000
2019-07-26 12:29:14.848000,1.11404,1.11399,1250000,1310000
2019-07-26 12:29:14.950000,1.11405,1.11401,3250000,1000000
2019-07-26 12:29:15.926000,1.11405,1.11401,4000000,1000000
2019-07-26 12:29:16.117000,1.11404,1.11401,1250000,1000000
2019-07-26 12:29:16.319000,1.11405,1.11401,4750000,1000000
2019-07-26 12:29:16.797000,1.11405,1.11402,4750000,1000000
2019-07-26 12:29:17.120000,1.11405,1.11402,1250000,1000000
2019-07-26 12:29:17.226000,1.11406,1.11402,1000000,1690000
2019-07-26 12:29:17.278000,1.11409,1.11404,1500000,1250000
2019-07-26 12:29:17.380000,1.1141,1.11404,7870000,1500000
2019-07-26 12:29:17.584000,1.11408,1.11404,1690000,3250000
2019-07-26 12:29:17.687000,1.11408,1.11403,1310000,3140000
2019-07-26 12:29:17.890000,1.11409,1.11405,1250000,1250000
2019-07-26 12:29:17.988000,1.11409,1.11404,1750000,1100000
2019-07-26 12:29:18.040000,1.11408,1.11404,1000000,1750000
2019-07-26 12:29:18.142000,1.1141,1.11404,3560000,1500000
2019-07-26 12:29:18.396000,1.11409,1.11404,1000000,2310000
2019-07-26 12:29:18.498000,1.1141,1.11404,5810000,1560000
2019-07-26 12:29:19.231000,1.11409,1.11404,1500000,2500000
2019-07-26 12:29:19.435000,1.11409,1.11404,1250000,1940000
2019-07-26 12:29:19.537000,1.11409,1.11404,2250000,2500000
2019-07-26 12:29:19.638000,1.11409,1.11404,2060000,1120000
2019-07-26 12:29:19.740000,1.11408,1.11404,1000000,1250000
2019-07-26 12:29:19.867000,1.11409,1.11403,2060000,1750000
2019-07-26 12:29:19.919000,1.11409,1.11404,2620000,1940000
2019-07-26 12:29:20.162000,1.11408,1.11403,1000000,2970000
2019-07-26 12:29:20.366000,1.11409,1.11402,3190000,7290000
2019-07-26 12:29:20.619000,1.11409,1.11402,2500000,7290000
2019-07-26 12:29:20.738000,1.11407,1.11402,1250000,2510000
2019-07-26 12:29:22.036000,1.11407,1.11402,2500000,1500000
2019-07-26 12:29:22.088000,1.11405,1.11402,2870000,1000000
2019-07-26 12:29:22.191000,1.11405,1.114,2760000,1250000
2019-07-26 12:29:22.294000,1.11404,1.114,1500000,1500000
2019-07-26 12:29:22.413000,1.11404,1.114,1120000,1000000
2019-07-26 12:29:22.566000,1.11405,1.114,3190000,1000000
2019-07-26 12:29:22.719000,1.11404,1.114,1500000,1000000
2019-07-26 12:29:23.983000,1.11402,1.114,1250000,1000000
2019-07-26 12:29:24.034000,1.11402,1.11397,4750000,3940000
2019-07-26 12:29:24.085000,1.11401,1.11396,2870000,1100000
2019-07-26 12:29:24.227000,1.11399,1.11397,1370000,1000000
2019-07-26 12:29:24.279000,1.11399,1.11394,1250000,4450000
2019-07-26 12:29:30.815000,1.11398,1.11393,1250000,2200000
2019-07-26 12:29:31.195000,1.11399,1.11393,1870000,1100000
2019-07-26 12:29:31.531000,1.11399,1.11394,4120000,1000000
2019-07-26 12:29:32.098000,1.11399,1.11393,1120000,1200000
2019-07-26 12:29:32.460000,1.11399,1.11395,1500000,1000000
2019-07-26 12:29:32.611000,1.11399,1.11394,1000000,1100000
2019-07-26 12:29:32.779000,1.114,1.11394,2250000,1200000
2019-07-26 12:29:32.881000,1.11399,1.11395,1000000,1000000
2019-07-26 12:29:33.136000,1.114,1.11394,2250000,1100000
2019-07-26 12:29:33.239000,1.11399,1.11395,1000000,1000000
2019-07-26 12:29:34.106000,1.11399,1.11394,1000000,1100000
2019-07-26 12:29:34.207000,1.11399,1.11394,1500000,1600000
2019-07-26 12:29:34.386000,1.11399,1.11394,1000000,1120000
2019-07-26 12:29:34.488000,1.114,1.11394,3000000,1570000
2019-07-26 12:29:35.007000,1.114,1.11393,3750000,3070000
2019-07-26 12:29:35.110000,1.11396,1.11393,1000000,1500000
2019-07-26 12:29:35.262000,1.11396,1.11392,1000000,1570000
2019-07-26 12:29:36.298000,1.11394,1.11389,1000000,5470000
2019-07-26 12:29:36.428000,1.11395,1.11389,1120000,1630000
2019-07-26 12:29:36.529000,1.11394,1.11389,1000000,2300000
2019-07-26 12:29:36.631000,1.11395,1.11388,1120000,2320000
2019-07-26 12:29:39.717000,1.11396,1.11393,1500000,1000000
2019-07-26 12:29:39.819000,1.11396,1.11392,1000000,1000000
2019-07-26 12:29:39.920000,1.11397,1.11392,1000000,2620000
2019-07-26 12:29:40.073000,1.11396,1.11393,1000000,1000000
2019-07-26 12:29:40.175000,1.11395,1.1139,1000000,3820000
2019-07-26 12:29:40.342000,1.11395,1.11389,1500000,1170000
2019-07-26 12:29:40.546000,1.11394,1.11389,1000000,1170000
2019-07-26 12:29:41.812000,1.11392,1.11387,1100000,1570000
2019-07-26 12:29:41.914000,1.11393,1.11388,1000000,1070000
2019-07-26 12:29:42.214000,1.11393,1.11387,1220000,2320000
2019-07-26 12:29:42.315000,1.11393,1.11387,1200000,2320000
2019-07-26 12:29:42.669000,1.11395,1.11388,2250000,2320000
2019-07-26 12:29:42.770000,1.11394,1.11388,1000000,2320000
2019-07-26 12:29:42.980000,1.11393,1.11387,1200000,3070000
2019-07-26 12:29:43.083000,1.11393,1.11388,1220000,1070000
2019-07-26 12:29:43.186000,1.11392,1.11388,1600000,1070000
2019-07-26 12:29:43.288000,1.11392,1.11387,1100000,3070000
2019-07-26 12:29:43.626000,1.11392,1.11387,1220000,2320000
2019-07-26 12:29:43.729000,1.11392,1.11389,1000000,1070000
2019-07-26 12:29:45.040000,1.11394,1.11388,2350000,1070000
2019-07-26 12:29:45.253000,1.11392,1.11387,1570000,3820000
2019-07-26 12:29:45.304000,1.1139,1.11387,1000000,1000000
2019-07-26 12:29:45.407000,1.11391,1.11387,2250000,1000000
2019-07-26 12:29:45.509000,1.1139,1.11387,2250000,1000000
2019-07-26 12:29:45.627000,1.1139,1.11385,2250000,1500000
2019-07-26 12:29:45.799000,1.11391,1.11385,5250000,1000000
2019-07-26 12:29:45.951000,1.1139,1.11385,2250000,1500000
2019-07-26 12:29:46.053000,1.1139,1.11383,3370000,2250000
2019-07-26 12:29:46.156000,1.11389,1.11384,1000000,1870000
2019-07-26 12:29:46.310000,1.1139,1.11384,1000000,1500000
2019-07-26 12:29:46.549000,1.1139,1.11384,1220000,1500000
2019-07-26 12:29:46.601000,1.11388,1.11383,1200000,2250000
2019-07-26 12:29:46.753000,1.11387,1.11381,1720000,1050000
2019-07-26 12:29:46.903000,1.1139,1.11383,1220000,1000000
2019-07-26 12:29:47.005000,1.11391,1.11383,3540000,1500000
2019-07-26 12:29:47.056000,1.11391,1.11383,4140000,2250000
2019-07-26 12:29:47.257000,1.11389,1.11383,1100000,2250000
2019-07-26 12:29:47.416000,1.1139,1.11383,1700000,2250000
2019-07-26 12:29:47.517000,1.1139,1.11384,3950000,1000000
2019-07-26 12:29:47.696000,1.1139,1.11383,1100000,2250000
2019-07-26 12:29:47.899000,1.1139,1.11383,1100000,2250000
2019-07-26 12:29:48.026000,1.1139,1.11384,3220000,1000000
2019-07-26 12:29:48.077000,1.1139,1.11384,3070000,1000000
2019-07-26 12:29:48.178000,1.1139,1.11383,1100000,2250000
2019-07-26 12:29:48.331000,1.1139,1.11384,1000000,2250000
2019-07-26 12:29:48.433000,1.11393,1.11387,1720000,2250000
2019-07-26 12:29:48.565000,1.11394,1.11387,2320000,4500000
2019-07-26 12:29:49.170000,1.11394,1.11388,1200000,1000000
2019-07-26 12:29:49.293000,1.11394,1.11388,1600000,1000000
2019-07-26 12:29:49.981000,1.11394,1.11389,1100000,1000000
2019-07-26 12:29:50.083000,1.11394,1.11388,1000000,1000000
2019-07-26 12:29:50.185000,1.11394,1.11391,1000000,5020000
2019-07-26 12:29:50.322000,1.11395,1.11392,1000000,1870000
2019-07-26 12:29:50.424000,1.11402,1.11395,4870000,2250000
2019-07-26 12:29:50.475000,1.11399,1.11395,1000000,1500000
2019-07-26 12:29:50.526000,1.11401,1.11395,1000000,1500000
2019-07-26 12:29:50.628000,1.11399,1.11395,1000000,1000000
2019-07-26 12:29:50.679000,1.11402,1.11395,1000000,1000000
2019-07-26 12:29:50.791000,1.11402,1.11394,1880000,1870000
2019-07-26 12:29:50.893000,1.11407,1.11394,3500000,1900000
2019-07-26 12:29:51.096000,1.11407,1.11396,2250000,1050000
2019-07-26 12:29:51.213000,1.11407,1.11396,1500000,1050000
2019-07-26 12:29:51.264000,1.11409,1.114,2370000,2250000
2019-07-26 12:29:51.366000,1.1141,1.11401,1500000,1000000
2019-07-26 12:29:51.470000,1.11409,1.11401,1000000,1000000
2019-07-26 12:29:51.696000,1.11408,1.11401,1000000,1000000
2019-07-26 12:29:51.778000,1.11409,1.11397,1900000,1500000
2019-07-26 12:29:51.930000,1.11409,1.11396,1900000,5250000
2019-07-26 12:29:52.032000,1.11408,1.11397,1400000,1870000
2019-07-26 12:29:52.448000,1.11407,1.11398,1420000,1000000
2019-07-26 12:29:53.566000,1.11408,1.11397,1120000,1500000
2019-07-26 12:29:53.680000,1.11408,1.11398,1120000,1500000
2019-07-26 12:29:53.783000,1.11409,1.11398,1000000,1000000
2019-07-26 12:29:53.884000,1.11409,1.11397,1000000,1120000
2019-07-26 12:29:53.986000,1.11408,1.11397,1000000,1000000
2019-07-26 12:29:54.087000,1.11408,1.11396,1000000,4870000
2019-07-26 12:29:54.189000,1.11408,1.11397,1000000,1000000
2019-07-26 12:29:54.302000,1.11409,1.11397,1000000,1120000
2019-07-26 12:29:54.353000,1.11409,1.11399,1120000,1120000
2019-07-26 12:29:54.455000,1.11408,1.114,1000000,1000000
2019-07-26 12:29:54.607000,1.11409,1.11398,1000000,1000000
2019-07-26 12:29:54.709000,1.11409,1.11397,1000000,1870000
2019-07-26 12:29:55.004000,1.11407,1.11398,3000000,1500000
2019-07-26 12:29:55.106000,1.11404,1.11395,1620000,1350000
2019-07-26 12:29:55.208000,1.11404,1.11397,2250000,2250000
2019-07-26 12:29:55.310000,1.11407,1.11396,2620000,3300000
2019-07-26 12:29:55.411000,1.11406,1.11396,2250000,1500000
2019-07-26 12:29:55.509000,1.11404,1.11396,2650000,1000000
2019-07-26 12:29:55.610000,1.11407,1.11395,3300000,1000000
2019-07-26 12:29:55.814000,1.11406,1.11395,1500000,1000000
2019-07-26 12:29:55.915000,1.11406,1.11393,1500000,1070000
2019-07-26 12:29:56.017000,1.11407,1.11391,2920000,4940000
2019-07-26 12:29:56.104000,1.11405,1.11396,1000000,1200000
2019-07-26 12:29:56.307000,1.11407,1.11394,2550000,1670000
2019-07-26 12:29:56.611000,1.11407,1.11395,2170000,2170000
2019-07-26 12:29:56.718000,1.11401,1.11395,1000000,1500000
2019-07-26 12:29:56.820000,1.11397,1.1139,2250000,1000000
2019-07-26 12:29:56.922000,1.114,1.11388,2250000,4500000
2019-07-26 12:29:57.024000,1.11397,1.11388,1000000,3000000
2019-07-26 12:29:57.189000,1.11397,1.11387,1570000,1500000
2019-07-26 12:29:57.329000,1.11397,1.1139,1570000,1000000
2019-07-26 12:29:57.738000,1.11402,1.11391,1000000,3000000
2019-07-26 12:29:57.892000,1.11402,1.11392,1000000,1000000
2019-07-26 12:29:57.944000,1.11403,1.11396,1000000,1120000
2019-07-26 12:29:58.046000,1.11407,1.11396,3100000,2620000
2019-07-26 12:29:58.148000,1.11406,1.11397,1570000,1000000
2019-07-26 12:29:58.264000,1.11407,1.11396,1300000,4500000
2019-07-26 12:29:58.571000,1.11406,1.11398,3870000,1000000
2019-07-26 12:29:58.622000,1.11405,1.11396,1000000,3000000
2019-07-26 12:29:58.724000,1.11406,1.11397,1500000,3000000
2019-07-26 12:29:59.416000,1.11407,1.11396,1800000,4870000
2019-07-26 12:29:59.621000,1.11406,1.11397,1000000,1000000
2019-07-26 12:30:00.431000,1.11406,1.11396,1000000,1000000
2019-07-26 12:30:00.635000,1.11407,1.11395,3000000,1000000
2019-07-26 12:30:00.736000,1.11407,1.11396,3000000,1000000
2019-07-26 12:30:00.978000,1.11407,1.11397,1800000,1000000
2019-07-26 12:30:01.130000,1.11406,1.11397,1000000,1500000
2019-07-26 12:30:01.724000,1.11366,1.11345,190000,1000000
2019-07-26 12:30:01.775000,1.11362,1.11346,690000,1100000
2019-07-26 12:30:01.826000,1.11347,1.11334,750000,11440000
2019-07-26 12:30:01.923000,1.11367,1.11366,1690000,3370000
2019-07-26 12:30:01.983000,1.1137,1.11366,1000000,3500000
2019-07-26 12:30:02.034000,1.11367,1.11366,1000000,2250000
2019-07-26 12:30:02.086000,1.11372,1.11368,1000000,1000000
2019-07-26 12:30:02.137000,1.11371,1.11366,1000000,1000000
2019-07-26 12:30:02.212000,1.11371,1.11363,1500000,1870000
2019-07-26 12:30:02.263000,1.11369,1.11363,1000000,1500000
2019-07-26 12:30:02.365000,1.11362,1.11361,1000000,2620000
2019-07-26 12:30:02.467000,1.11366,1.11361,1000000,1000000
2019-07-26 12:30:02.622000,1.11365,1.11355,1000000,1000000
2019-07-26 12:30:02.673000,1.11364,1.11357,1000000,1000000
2019-07-26 12:30:02.724000,1.11366,1.11357,1500000,1000000
2019-07-26 12:30:02.775000,1.1136,1.11356,1000000,1870000
2019-07-26 12:30:02.877000,1.1136,1.11351,1950000,1000000
2019-07-26 12:30:02.982000,1.1136,1.11352,1870000,1000000
2019-07-26 12:30:03.084000,1.11361,1.11353,2000000,1400000
2019-07-26 12:30:03.186000,1.11357,1.11354,1000000,3000000
2019-07-26 12:30:03.237000,1.11357,1.11348,1000000,1500000
2019-07-26 12:30:03.288000,1.11355,1.11348,1000000,1500000
2019-07-26 12:30:03.411000,1.11351,1.11347,2750000,1000000
2019-07-26 12:30:03.462000,1.11347,1.11337,1120000,2250000
2019-07-26 12:30:03.566000,1.11345,1.11337,1000000,1000000
2019-07-26 12:30:03.669000,1.11346,1.11335,3300000,1000000
2019-07-26 12:30:03.720000,1.11346,1.11337,3300000,1000000
2019-07-26 12:30:03.831000,1.1134,1.11335,1250000,1500000
2019-07-26 12:30:03.933000,1.11345,1.11339,1200000,1000000
2019-07-26 12:30:04.036000,1.11348,1.11338,2650000,1500000
2019-07-26 12:30:04.139000,1.11348,1.11342,3070000,1000000
2019-07-26 12:30:04.190000,1.1135,1.11342,1000000,1000000
2019-07-26 12:30:04.241000,1.1135,1.11346,1000000,1000000
2019-07-26 12:30:04.387000,1.11351,1.11344,1000000,1000000
2019-07-26 12:30:04.438000,1.1135,1.11341,1000000,1000000
2019-07-26 12:30:04.553000,1.1135,1.1134,1800000,1400000
2019-07-26 12:30:04.656000,1.1135,1.11349,1000000,1500000
2019-07-26 12:30:04.779000,1.11356,1.11352,1000000,3000000
2019-07-26 12:30:04.832000,1.11355,1.11348,1000000,2620000
2019-07-26 12:30:04.934000,1.11354,1.11349,1720000,1120000
2019-07-26 12:30:05.035000,1.11357,1.1135,1000000,1100000
2019-07-26 12:30:05.195000,1.11357,1.11355,1000000,1000000
2019-07-26 12:30:05.247000,1.11355,1.1135,1200000,1000000
2019-07-26 12:30:05.350000,1.11351,1.11348,1000000,1000000
2019-07-26 12:30:05.401000,1.11354,1.11348,2000000,1000000
2019-07-26 12:30:05.503000,1.11352,1.11347,2000000,1000000
2019-07-26 12:30:05.600000,1.11348,1.11341,1000000,2250000
2019-07-26 12:30:05.651000,1.11348,1.11338,1000000,3000000
2019-07-26 12:30:05.702000,1.11346,1.11338,1870000,2250000
2019-07-26 12:30:05.759000,1.11346,1.11336,3370000,1000000
2019-07-26 12:30:05.862000,1.11345,1.11335,3370000,2250000
2019-07-26 12:30:05.964000,1.11345,1.11333,2250000,2620000
2019-07-26 12:30:06.015000,1.11338,1.11333,1000000,2620000
2019-07-26 12:30:06.066000,1.11341,1.11333,1000000,1750000
2019-07-26 12:30:06.117000,1.11339,1.11333,1620000,1690000
2019-07-26 12:30:06.220000,1.11338,1.11332,1400000,1250000
2019-07-26 12:30:06.321000,1.11337,1.11331,1250000,1250000
2019-07-26 12:30:06.419000,1.11337,1.11334,2370000,1500000
2019-07-26 12:30:06.470000,1.11336,1.11332,1120000,1000000
2019-07-26 12:30:06.572000,1.11332,1.11328,1470000,1500000
2019-07-26 12:30:06.676000,1.11325,1.11321,1000000,1250000
2019-07-26 12:30:06.774000,1.11332,1.11325,2000000,1100000
2019-07-26 12:30:06.825000,1.11331,1.11322,1250000,1410000
2019-07-26 12:30:06.876000,1.11331,1.11322,1250000,3190000
2019-07-26 12:30:06.978000,1.1133,1.11323,1250000,1250000
2019-07-26 12:30:07.130000,1.11327,1.11322,1000000,1500000
2019-07-26 12:30:07.233000,1.11325,1.11319,1000000,5440000
2019-07-26 12:30:07.334000,1.11325,1.11319,1250000,1120000
2019-07-26 12:30:07.437000,1.11321,1.11318,1000000,3750000
2019-07-26 12:30:07.519000,1.11325,1.1132,1250000,1500000
2019-07-26 12:30:07.571000,1.11322,1.11317,1250000,1000000
2019-07-26 12:30:07.672000,1.11323,1.11318,1500000,1000000
2019-07-26 12:30:07.723000,1.11325,1.11318,3250000,1000000
2019-07-26 12:30:07.775000,1.11325,1.1132,1000000,1120000
2019-07-26 12:30:07.926000,1.11325,1.11322,1000000,1000000
2019-07-26 12:30:08.028000,1.11322,1.11318,1250000,3190000
2019-07-26 12:30:08.181000,1.11322,1.11317,1500000,1000000
2019-07-26 12:30:08.232000,1.11325,1.11319,1690000,1250000
2019-07-26 12:30:08.337000,1.11326,1.11322,1250000,1500000
2019-07-26 12:30:08.388000,1.11329,1.11326,1250000,1250000
2019-07-26 12:30:08.442000,1.11327,1.11324,1000000,3190000
2019-07-26 12:30:08.494000,1.11327,1.11322,1250000,2250000
2019-07-26 12:30:08.598000,1.11327,1.11321,2250000,1500000
2019-07-26 12:30:08.702000,1.11324,1.11321,1500000,1000000
2019-07-26 12:30:08.798000,1.11323,1.11314,1250000,2250000
2019-07-26 12:30:08.849000,1.11325,1.11317,1000000,2440000
2019-07-26 12:30:08.901000,1.11321,1.11318,1250000,1000000
2019-07-26 12:30:09.004000,1.11321,1.11317,2120000,1000000
2019-07-26 12:30:09.106000,1.11325,1.1132,2000000,3750000
2019-07-26 12:30:09.158000,1.11325,1.1132,1690000,3940000
2019-07-26 12:30:09.265000,1.11325,1.1132,2750000,1000000
2019-07-26 12:30:09.316000,1.1132,1.11316,1500000,2440000
2019-07-26 12:30:09.419000,1.11325,1.1132,2370000,1570000
2019-07-26 12:30:09.573000,1.11325,1.11318,2620000,1000000
2019-07-26 12:30:09.682000,1.11321,1.11318,1000000,1000000
2019-07-26 12:30:09.785000,1.11325,1.11318,2070000,1000000
2019-07-26 12:30:10.039000,1.11325,1.11318,2250000,1250000
2019-07-26 12:30:10.178000,1.11319,1.11317,1000000,1000000
2019-07-26 12:30:10.281000,1.11319,1.11318,1000000,1000000
2019-07-26 12:30:10.383000,1.11316,1.11313,1120000,1000000
2019-07-26 12:30:10.535000,1.11315,1.11311,1370000,1050000
2019-07-26 12:30:10.641000,1.11317,1.1131,1500000,1810000
2019-07-26 12:30:10.693000,1.11318,1.11312,1370000,1000000
2019-07-26 12:30:10.795000,1.11316,1.11312,1620000,1000000
2019-07-26 12:30:10.897000,1.11316,1.1131,1250000,1050000
2019-07-26 12:30:11.055000,1.11315,1.11312,1000000,2250000
2019-07-26 12:30:11.157000,1.11315,1.11313,1000000,1250000
2019-07-26 12:30:11.208000,1.11319,1.11314,1620000,1000000
2019-07-26 12:30:11.310000,1.1132,1.11316,1100000,1000000
2019-07-26 12:30:11.462000,1.11319,1.11314,1260000,1000000
2019-07-26 12:30:11.660000,1.1132,1.11314,2350000,1000000
2019-07-26 12:30:11.762000,1.11317,1.1131,1250000,1250000
2019-07-26 12:30:11.864000,1.11317,1.1131,1310000,2440000
2019-07-26 12:30:11.915000,1.11318,1.11312,1370000,1000000
2019-07-26 12:30:12.067000,1.1132,1.11313,1370000,1500000
2019-07-26 12:30:12.169000,1.1132,1.11313,1820000,1870000
2019-07-26 12:30:12.272000,1.11322,1.11319,1000000,2500000
2019-07-26 12:30:12.374000,1.11322,1.11318,1200000,2250000
2019-07-26 12:30:12.538000,1.11321,1.11317,1200000,1000000
2019-07-26 12:30:12.639000,1.11321,1.11316,1570000,2060000
2019-07-26 12:30:12.741000,1.11322,1.11319,1570000,1750000
2019-07-26 12:30:12.843000,1.11324,1.11319,2600000,1250000
2019-07-26 12:30:13.041000,1.11323,1.11319,1850000,1250000
2019-07-26 12:30:13.185000,1.11322,1.11316,3370000,1250000
2019-07-26 12:30:13.337000,1.11319,1.11317,2250000,1000000
2019-07-26 12:30:13.388000,1.11316,1.11312,1250000,2190000
2019-07-26 12:30:13.464000,1.11315,1.1131,1000000,1870000
2019-07-26 12:30:13.515000,1.11315,1.11312,1250000,1000000
2019-07-26 12:30:13.617000,1.11316,1.11312,2440000,1250000
2019-07-26 12:30:13.770000,1.11315,1.11312,1500000,1250000
2019-07-26 12:30:13.822000,1.11318,1.11316,1000000,1000000
2019-07-26 12:30:13.907000,1.11316,1.11312,1000000,2120000
2019-07-26 12:30:14.011000,1.11316,1.11312,1000000,1500000
2019-07-26 12:30:14.421000,1.11316,1.11312,1500000,1000000
2019-07-26 12:30:14.575000,1.11315,1.1131,1250000,1250000
2019-07-26 12:30:14.727000,1.11316,1.11312,1560000,1000000
2019-07-26 12:30:14.885000,1.11314,1.1131,1250000,1250000
2019-07-26 12:30:14.986000,1.11316,1.1131,2750000,1250000
2019-07-26 12:30:15.190000,1.11316,1.11315,1250000,3000000
2019-07-26 12:30:15.241000,1.11321,1.11317,1880000,1500000
2019-07-26 12:30:15.353000,1.11323,1.11318,1250000,2370000
2019-07-26 12:30:15.506000,1.11322,1.11317,1250000,2000000
2019-07-26 12:30:15.654000,1.11323,1.11315,2440000,4240000
2019-07-26 12:30:15.756000,1.11321,1.11314,2310000,2440000
2019-07-26 12:30:15.865000,1.11321,1.11314,1370000,1250000
2019-07-26 12:30:16.568000,1.11321,1.11314,1250000,1750000
2019-07-26 12:30:16.723000,1.11325,1.11324,1500000,1310000
2019-07-26 12:30:16.844000,1.11328,1.11326,1500000,1000000
2019-07-26 12:30:16.946000,1.11328,1.11327,1250000,1000000
2019-07-26 12:30:16.998000,1.11327,1.11323,1250000,3370000
2019-07-26 12:30:17.174000,1.11329,1.11324,1250000,2940000
2019-07-26 12:30:17.283000,1.11331,1.11325,2820000,3270000
2019-07-26 12:30:17.386000,1.11334,1.11329,1850000,1250000
2019-07-26 12:30:17.488000,1.11332,1.11326,1370000,4450000
2019-07-26 12:30:17.590000,1.1133,1.11325,1250000,1000000
2019-07-26 12:30:17.722000,1.1133,1.11329,1000000,1000000
2019-07-26 12:30:17.774000,1.11334,1.11329,3350000,1250000
2019-07-26 12:30:17.979000,1.11334,1.11329,1000000,1390000
2019-07-26 12:30:18.031000,1.11335,1.11331,4120000,1310000
2019-07-26 12:30:18.133000,1.11338,1.11335,1000000,1750000
2019-07-26 12:30:18.255000,1.11342,1.11337,1000000,2250000
2019-07-26 12:30:18.357000,1.11344,1.11337,1530000,1950000
2019-07-26 12:30:18.459000,1.11345,1.1134,2250000,1740000
2019-07-26 12:30:18.563000,1.11348,1.11343,3000000,1370000
2019-07-26 12:30:18.673000,1.11348,1.11345,2250000,1250000
2019-07-26 12:30:18.724000,1.11351,1.11346,3770000,1000000
2019-07-26 12:30:18.826000,1.11351,1.11347,2460000,1000000
2019-07-26 12:30:18.928000,1.11351,1.11346,3560000,1000000
2019-07-26 12:30:19.030000,1.1135,1.11346,1500000,1000000
2019-07-26 12:30:19.134000,1.11351,1.11346,1250000,1000000
2019-07-26 12:30:19.236000,1.1135,1.11346,1500000,1200000
2019-07-26 12:30:19.439000,1.11351,1.11346,1250000,1200000
2019-07-26 12:30:19.591000,1.1135,1.11346,1250000,1200000
2019-07-26 12:30:19.692000,1.11348,1.11346,1000000,2320000
2019-07-26 12:30:19.744000,1.11348,1.11343,1140000,1000000
2019-07-26 12:30:19.795000,1.11345,1.11342,1000000,3070000
2019-07-26 12:30:19.897000,1.11347,1.11343,1000000,3820000
2019-07-26 12:30:19.999000,1.11345,1.11338,1500000,3000000
2019-07-26 12:30:20.050000,1.11346,1.11342,1000000,1000000
2019-07-26 12:30:20.164000,1.11347,1.11343,2060000,1000000
2019-07-26 12:30:20.266000,1.11346,1.11342,1600000,2060000
2019-07-26 12:30:20.368000,1.11347,1.11342,1450000,1120000
2019-07-26 12:30:20.469000,1.11346,1.11342,1250000,1000000
2019-07-26 12:30:20.785000,1.11347,1.11339,1500000,3250000
2019-07-26 12:30:20.888000,1.11346,1.11342,1250000,1870000
2019-07-26 12:30:20.992000,1.11347,1.11341,1250000,1870000
2019-07-26 12:30:21.094000,1.11346,1.1134,2250000,1000000
2019-07-26 12:30:21.261000,1.11345,1.11341,1250000,2000000
2019-07-26 12:30:21.363000,1.11347,1.11342,4640000,1000000
2019-07-26 12:30:21.414000,1.11346,1.11338,1820000,4950000
2019-07-26 12:30:21.516000,1.11346,1.11338,2250000,1970000
2019-07-26 12:30:21.618000,1.11345,1.11338,2120000,1220000
2019-07-26 12:30:21.719000,1.11345,1.11337,5220000,3600000
2019-07-26 12:30:21.887000,1.11342,1.11336,1750000,1000000
2019-07-26 12:30:21.938000,1.11341,1.11335,1250000,1000000
2019-07-26 12:30:22.040000,1.1134,1.11334,1750000,1500000
2019-07-26 12:30:22.142000,1.1134,1.11336,1500000,1500000
2019-07-26 12:30:22.272000,1.11343,1.1134,1000000,1500000
2019-07-26 12:30:22.324000,1.11347,1.11342,2760000,1000000
2019-07-26 12:30:22.426000,1.11347,1.11343,1200000,1250000
2019-07-26 12:30:22.733000,1.11347,1.11342,1250000,1120000
2019-07-26 12:30:22.860000,1.11347,1.11342,1000000,3070000
2019-07-26 12:30:22.962000,1.11347,1.11343,1250000,1100000
2019-07-26 12:30:23.116000,1.1135,1.11344,4690000,1510000
2019-07-26 12:30:23.219000,1.1135,1.11346,1750000,1100000
2019-07-26 12:30:23.372000,1.1135,1.11346,1750000,1100000
2019-07-26 12:30:23.474000,1.1135,1.11347,1000000,1010000
2019-07-26 12:30:23.575000,1.11351,1.11348,1000000,3470000
2019-07-26 12:30:23.627000,1.11356,1.11351,5100000,1000000
2019-07-26 12:30:24.359000,1.11355,1.11352,1750000,1000000
2019-07-26 12:30:24.461000,1.11355,1.11349,2870000,3660000
2019-07-26 12:30:24.605000,1.11355,1.11349,4370000,3970000
2019-07-26 12:30:24.961000,1.11356,1.1135,3620000,2470000
2019-07-26 12:30:25.076000,1.11356,1.1135,6940000,2470000
2019-07-26 12:30:25.230000,1.1135,1.11347,1500000,1450000
2019-07-26 12:30:25.281000,1.11351,1.11346,1250000,3790000
2019-07-26 12:30:25.383000,1.11351,1.11346,3620000,1200000
2019-07-26 12:30:25.486000,1.1135,1.11346,1250000,1700000
2019-07-26 12:30:25.792000,1.11349,1.11346,1250000,1570000
2019-07-26 12:30:26.047000,1.11349,1.11346,1250000,1100000
2019-07-26 12:30:26.220000,1.11351,1.11347,1000000,1010000
2019-07-26 12:30:26.322000,1.11352,1.11347,1250000,1390000
2019-07-26 12:30:26.424000,1.11352,1.11347,1000000,2720000
2019-07-26 12:30:26.475000,1.11352,1.11348,1500000,1570000
2019-07-26 12:30:26.526000,1.11354,1.11349,2690000,1200000
2019-07-26 12:30:26.686000,1.11352,1.1135,1000000,1700000
2019-07-26 12:30:26.788000,1.11355,1.11351,1750000,1100000
2019-07-26 12:30:26.890000,1.11355,1.1135,1750000,1100000
2019-07-26 12:30:26.991000,1.11355,1.11351,3620000,1100000
2019-07-26 12:30:27.093000,1.11355,1.11349,2120000,4240000
2019-07-26 12:30:27.260000,1.11355,1.11349,3620000,2590000
2019-07-26 12:30:27.363000,1.11355,1.11349,5310000,1490000
2019-07-26 12:30:27.415000,1.11349,1.11346,1250000,1000000
2019-07-26 12:30:27.518000,1.11349,1.11347,1500000,1200000
2019-07-26 12:30:27.569000,1.11347,1.11345,1250000,3450000
2019-07-26 12:30:27.620000,1.11344,1.11341,1300000,4310000
2019-07-26 12:30:27.741000,1.11371,1.11367,1500000,1050000
2019-07-26 12:30:27.792000,1.11375,1.11372,1750000,1000000
2019-07-26 12:30:27.894000,1.11376,1.11373,1250000,1000000
2019-07-26 12:30:27.945000,1.11377,1.11373,1940000,1000000
2019-07-26 12:30:28.051000,1.11376,1.11373,1120000,1220000
2019-07-26 12:30:28.102000,1.11376,1.11372,2700000,1500000
2019-07-26 12:30:28.204000,1.11374,1.1137,1370000,1700000
2019-07-26 12:30:28.305000,1.11374,1.11369,1370000,1600000
2019-07-26 12:30:28.356000,1.11374,1.11368,1370000,3940000
2019-07-26 12:30:28.407000,1.11374,1.11368,1000000,2990000
2019-07-26 12:30:28.557000,1.11372,1.11368,1750000,1500000
2019-07-26 12:30:28.659000,1.1137,1.11366,1250000,1100000
2019-07-26 12:30:28.813000,1.11369,1.11366,1250000,1000000
2019-07-26 12:30:29.018000,1.11371,1.11366,4270000,1000000
2019-07-26 12:30:29.199000,1.11371,1.11365,3520000,1100000
2019-07-26 12:30:29.301000,1.11369,1.11365,1250000,1100000
2019-07-26 12:30:29.453000,1.11369,1.11365,1000000,2100000
2019-07-26 12:30:29.555000,1.1137,1.11365,1500000,1500000
2019-07-26 12:30:29.606000,1.11368,1.11363,1500000,1120000
2019-07-26 12:30:29.657000,1.11366,1.11362,1620000,1000000
2019-07-26 12:30:29.762000,1.11365,1.11361,1940000,2250000
2019-07-26 12:30:29.864000,1.11361,1.11357,1000000,5140000
2019-07-26 12:30:30.118000,1.11363,1.11357,1000000,6040000
2019-07-26 12:30:30.220000,1.11364,1.11357,1250000,2320000
2019-07-26 12:30:30.432000,1.11364,1.11359,1500000,1000000
2019-07-26 12:30:30.483000,1.11363,1.11357,1250000,5320000
2019-07-26 12:30:30.585000,1.11364,1.11358,1500000,1000000
2019-07-26 12:30:30.686000,1.11364,1.11357,1500000,2320000
2019-07-26 12:30:30.877000,1.11364,1.11358,1260000,1500000
2019-07-26 12:30:30.978000,1.11364,1.11357,1600000,4750000
2019-07-26 12:30:31.181000,1.11361,1.11356,1010000,1100000
2019-07-26 12:30:31.645000,1.11361,1.11356,3770000,1000000
2019-07-26 12:30:31.747000,1.11357,1.11356,1000000,1000000
2019-07-26 12:30:31.849000,1.11357,1.11355,1000000,1000000
2019-07-26 12:30:31.901000,1.11359,1.11356,1250000,1000000
2019-07-26 12:30:32.308000,1.11358,1.11356,1370000,1000000
2019-07-26 12:30:32.410000,1.11349,1.11348,1000000,1000000
2019-07-26 12:30:32.493000,1.11348,1.11346,1690000,1000000
2019-07-26 12:30:32.545000,1.11347,1.11345,1000000,1000000
2019-07-26 12:30:32.599000,1.11347,1.11343,1000000,2440000
2019-07-26 12:30:32.702000,1.11348,1.11343,1500000,2120000
2019-07-26 12:30:32.804000,1.11348,1.11342,1690000,4720000
2019-07-26 12:30:32.856000,1.11349,1.11347,1000000,2000000
2019-07-26 12:30:32.948000,1.11353,1.11351,4310000,1000000
2019-07-26 12:30:33.051000,1.11356,1.11352,2010000,1310000
2019-07-26 12:30:33.153000,1.11358,1.11352,5060000,1310000
2019-07-26 12:30:33.371000,1.11358,1.11352,5810000,1120000
2019-07-26 12:30:33.422000,1.11353,1.1135,1000000,1750000
2019-07-26 12:30:33.473000,1.11355,1.11349,1250000,2000000
2019-07-26 12:30:33.524000,1.11356,1.11352,3700000,1500000
2019-07-26 12:30:33.577000,1.11356,1.11352,3370000,2250000
2019-07-26 12:30:33.628000,1.11358,1.11353,1200000,4690000
2019-07-26 12:30:33.731000,1.11358,1.11354,2250000,1250000
2019-07-26 12:30:33.820000,1.11358,1.11352,1450000,4760000
2019-07-26 12:30:33.922000,1.11358,1.11352,1250000,3690000
2019-07-26 12:30:34.023000,1.11358,1.11352,2120000,1120000
2019-07-26 12:30:34.177000,1.11356,1.11352,1250000,1500000
2019-07-26 12:30:34.278000,1.11359,1.11353,1350000,3870000
2019-07-26 12:30:34.431000,1.11359,1.11353,1350000,3190000
2019-07-26 12:30:34.661000,1.11355,1.11352,1000000,1000000
2019-07-26 12:30:34.916000,1.11355,1.11354,1100000,1000000
2019-07-26 12:30:35.018000,1.11357,1.11354,1000000,2870000
2019-07-26 12:30:35.144000,1.11357,1.11354,1310000,3000000
2019-07-26 12:30:35.246000,1.11357,1.11353,1000000,1690000
2019-07-26 12:30:35.348000,1.11357,1.11352,1810000,1690000
2019-07-26 12:30:35.450000,1.11356,1.11351,3660000,1310000
2019-07-26 12:30:35.808000,1.11354,1.11351,1000000,1000000
2019-07-26 12:30:35.910000,1.11351,1.11347,1000000,3750000
2019-07-26 12:30:36.012000,1.11351,1.11347,2250000,2440000
2019-07-26 12:30:36.113000,1.11351,1.11346,1750000,2440000
2019-07-26 12:30:36.252000,1.11347,1.11343,1200000,1310000
2019-07-26 12:30:36.355000,1.11346,1.11341,7600000,1370000
2019-07-26 12:30:36.711000,1.11345,1.11341,2250000,1250000
2019-07-26 12:30:36.916000,1.11346,1.11341,4010000,1250000
2019-07-26 12:30:37.018000,1.11343,1.11338,1250000,3440000
2019-07-26 12:30:37.120000,1.11343,1.11337,2160000,2620000
2019-07-26 12:30:37.262000,1.11341,1.11337,1950000,2620000
2019-07-26 12:30:37.313000,1.1134,1.11334,6720000,3940000
2019-07-26 12:30:37.416000,1.11338,1.11335,1000000,1870000
2019-07-26 12:30:37.468000,1.11341,1.11337,1500000,1500000
2019-07-26 12:30:37.519000,1.11341,1.11335,7970000,2530000
2019-07-26 12:30:37.621000,1.11339,1.11334,2950000,2810000
2019-07-26 12:30:37.883000,1.11336,1.11333,1250000,3940000
2019-07-26 12:30:37.985000,1.11337,1.11334,1570000,1750000
2019-07-26 12:30:38.087000,1.11338,1.11334,1570000,1250000
2019-07-26 12:30:38.189000,1.11337,1.11333,4010000,3750000
2019-07-26 12:30:38.305000,1.11332,1.1133,1500000,1000000
2019-07-26 12:30:38.407000,1.11331,1.11329,1000000,1000000
2019-07-26 12:30:38.509000,1.11329,1.11328,1250000,1000000
2019-07-26 12:30:38.560000,1.11328,1.11327,1000000,1000000
2019-07-26 12:30:38.611000,1.11326,1.11324,4690000,1120000
2019-07-26 12:30:38.778000,1.11327,1.11323,1000000,4690000
2019-07-26 12:30:38.882000,1.11327,1.11324,1000000,1000000
2019-07-26 12:30:38.984000,1.11327,1.11324,1500000,1250000
2019-07-26 12:30:39.092000,1.11324,1.11322,9750000,1000000
2019-07-26 12:30:39.144000,1.11318,1.11316,1750000,1000000
2019-07-26 12:30:39.247000,1.11317,1.11314,1000000,1750000
2019-07-26 12:30:39.350000,1.11318,1.11316,1000000,1500000
2019-07-26 12:30:39.554000,1.11313,1.11311,1000000,1870000
2019-07-26 12:30:39.656000,1.11312,1.11307,2250000,3070000
2019-07-26 12:30:39.707000,1.11312,1.11307,2120000,1250000
2019-07-26 12:30:39.878000,1.11312,1.11307,3070000,3250000
2019-07-26 12:30:39.981000,1.11314,1.11312,1100000,1500000
2019-07-26 12:30:40.083000,1.11316,1.11312,2510000,1690000
2019-07-26 12:30:40.240000,1.11315,1.11313,1750000,1000000
2019-07-26 12:30:40.291000,1.11316,1.11313,1690000,3750000
2019-07-26 12:30:40.445000,1.11316,1.11315,1000000,1000000
2019-07-26 12:30:40.496000,1.11318,1.11314,1000000,2940000
2019-07-26 12:30:40.648000,1.11318,1.11315,1000000,1370000
2019-07-26 12:30:40.755000,1.11318,1.11314,1120000,5440000
2019-07-26 12:30:40.907000,1.11318,1.11314,1000000,3620000
2019-07-26 12:30:41.161000,1.11318,1.11314,1250000,2690000
2019-07-26 12:30:41.287000,1.11317,1.11313,1000000,2310000
2019-07-26 12:30:41.338000,1.11317,1.11312,3640000,1690000
2019-07-26 12:30:41.440000,1.11316,1.11312,1000000,1120000
2019-07-26 12:30:41.542000,1.11317,1.11312,4750000,1250000
2019-07-26 12:30:41.644000,1.11306,1.11305,1350000,5250000
2019-07-26 12:30:41.770000,1.11306,1.11303,2060000,1500000
2019-07-26 12:30:41.873000,1.11307,1.11304,1000000,3000000
2019-07-26 12:30:41.925000,1.1131,1.11305,1750000,2250000
2019-07-26 12:30:42.027000,1.11309,1.11306,1250000,2250000
2019-07-26 12:30:42.079000,1.11312,1.1131,1870000,1000000
2019-07-26 12:30:42.134000,1.11311,1.11307,1120000,1250000
2019-07-26 12:30:42.237000,1.11312,1.11306,4500000,1000000
2019-07-26 12:30:42.340000,1.11312,1.11306,3070000,1600000
2019-07-26 12:30:42.443000,1.11311,1.11305,1750000,4890000
2019-07-26 12:30:42.495000,1.1131,1.11305,3250000,1760000
2019-07-26 12:30:42.685000,1.11309,1.11304,1750000,1200000
2019-07-26 12:30:42.787000,1.1131,1.11305,3000000,1390000
2019-07-26 12:30:42.889000,1.11307,1.11304,1000000,2600000
2019-07-26 12:30:43.042000,1.1131,1.11307,1690000,1000000
2019-07-26 12:30:43.094000,1.11309,1.11307,4120000,1100000
2019-07-26 12:30:43.245000,1.11311,1.11307,2620000,1500000
2019-07-26 12:30:43.348000,1.11311,1.11307,1250000,1570000
2019-07-26 12:30:43.450000,1.11312,1.11307,3250000,1500000
2019-07-26 12:30:43.501000,1.11308,1.11306,1800000,1000000
2019-07-26 12:30:43.553000,1.11304,1.11302,1500000,1100000
2019-07-26 12:30:43.708000,1.11299,1.11298,1690000,1060000
2019-07-26 12:30:43.810000,1.11301,1.11297,2500000,4860000
2019-07-26 12:30:43.862000,1.11301,1.11298,1690000,1950000
2019-07-26 12:30:43.969000,1.11301,1.11298,1250000,4970000
2019-07-26 12:30:44.072000,1.11299,1.11296,1000000,3260000
2019-07-26 12:30:44.175000,1.113,1.11297,2500000,1870000
2019-07-26 12:30:44.227000,1.113,1.11297,1250000,1500000
2019-07-26 12:30:44.329000,1.11304,1.11303,2250000,1250000
2019-07-26 12:30:44.381000,1.11306,1.11305,1000000,1000000
2019-07-26 12:30:44.432000,1.11308,1.11306,1690000,1310000
2019-07-26 12:30:44.483000,1.11309,1.11308,1250000,1000000
2019-07-26 12:30:44.534000,1.11311,1.1131,1500000,2250000
2019-07-26 12:30:44.636000,1.11314,1.1131,1750000,1100000
2019-07-26 12:30:44.942000,1.11298,1.11289,1250000,1000000
2019-07-26 12:30:44.995000,1.11295,1.1129,1500000,1000000
2019-07-26 12:30:45.060000,1.1129,1.11289,2620000,1000000
2019-07-26 12:30:45.112000,1.11291,1.11288,2440000,1350000
2019-07-26 12:30:46.206000,1.11293,1.11289,1750000,1000000
2019-07-26 12:30:46.360000,1.11291,1.1129,1000000,1000000
2019-07-26 12:30:46.488000,1.11291,1.11288,1250000,3450000
2019-07-26 12:30:46.591000,1.11291,1.11287,1250000,3260000
2019-07-26 12:30:46.693000,1.1129,1.11286,1000000,5160000
2019-07-26 12:30:46.794000,1.11291,1.11286,3250000,1720000
2019-07-26 12:30:46.845000,1.11291,1.11285,3750000,7160000
2019-07-26 12:30:47.045000,1.11291,1.11286,2550000,1010000
2019-07-26 12:30:47.096000,1.11291,1.11288,1250000,1500000
2019-07-26 12:30:47.198000,1.11291,1.11286,1370000,2510000
2019-07-26 12:30:47.351000,1.11291,1.11288,1310000,1000000
2019-07-26 12:30:47.645000,1.11291,1.11288,1370000,2320000
2019-07-26 12:30:47.747000,1.11291,1.11288,1560000,1700000
2019-07-26 12:30:47.849000,1.11291,1.11289,1000000,1120000
2019-07-26 12:30:47.951000,1.11293,1.11289,1690000,1500000
2019-07-26 12:30:48.003000,1.1129,1.11289,1000000,1100000
2019-07-26 12:30:48.135000,1.1129,1.11287,1000000,7540000
2019-07-26 12:30:48.547000,1.11291,1.11289,1000000,1600000
2019-07-26 12:30:48.599000,1.11293,1.11289,3940000,1720000
2019-07-26 12:30:48.651000,1.11288,1.11287,2250000,1100000
2019-07-26 12:30:48.702000,1.11287,1.11286,1870000,1570000
2019-07-26 12:30:48.824000,1.11286,1.11283,6250000,1500000
2019-07-26 12:30:48.926000,1.11286,1.11283,1000000,2350000
2019-07-26 12:30:49.028000,1.11285,1.11282,3190000,2140000
2019-07-26 12:30:49.079000,1.11288,1.11283,2120000,4440000
2019-07-26 12:30:49.130000,1.1129,1.11285,2120000,2510000
2019-07-26 12:30:49.414000,1.1129,1.11285,1250000,3290000
2019-07-26 12:30:49.618000,1.1129,1.11285,1870000,1760000
2019-07-26 12:30:49.882000,1.11289,1.11285,1250000,1790000
2019-07-26 12:30:49.984000,1.11289,1.11285,1750000,1310000
2019-07-26 12:30:50.472000,1.11287,1.11283,1000000,1010000
2019-07-26 12:30:50.573000,1.11288,1.11283,2870000,4350000
2019-07-26 12:30:50.726000,1.11288,1.11282,2120000,5260000
2019-07-26 12:30:50.828000,1.11288,1.11284,2870000,1250000
2019-07-26 12:30:50.880000,1.11288,1.11283,4870000,1120000
2019-07-26 12:30:50.982000,1.11285,1.11282,1000000,1870000
2019-07-26 12:30:51.104000,1.11287,1.11282,1950000,3370000
2019-07-26 12:30:51.207000,1.11285,1.11282,1120000,1250000
2019-07-26 12:30:51.309000,1.11287,1.11282,2910000,1690000
2019-07-26 12:30:51.412000,1.11287,1.11282,1690000,1690000
2019-07-26 12:30:51.614000,1.11287,1.11283,1690000,1000000
2019-07-26 12:30:51.767000,1.11287,1.11283,1250000,1500000
2019-07-26 12:30:51.819000,1.11286,1.11283,1240000,1000000
2019-07-26 12:30:51.921000,1.11285,1.11283,1000000,1000000
2019-07-26 12:30:52.181000,1.11286,1.11283,2440000,1000000
2019-07-26 12:30:52.779000,1.11288,1.11284,3370000,1000000
2019-07-26 12:30:52.881000,1.11288,1.11283,3370000,2250000
2019-07-26 12:30:52.983000,1.11288,1.11283,4810000,2440000
2019-07-26 12:30:53.297000,1.11288,1.11283,4250000,3250000
2019-07-26 12:30:53.405000,1.11287,1.11282,1620000,4310000
2019-07-26 12:30:53.507000,1.11286,1.11283,1000000,2960000
2019-07-26 12:30:53.609000,1.11287,1.11282,3640000,1520000
2019-07-26 12:30:53.711000,1.11286,1.11284,1200000,1000000
2019-07-26 12:30:53.863000,1.11286,1.11282,2540000,1120000
2019-07-26 12:30:54.039000,1.11286,1.11281,3340000,3190000
2019-07-26 12:30:54.293000,1.11285,1.11281,1100000,3190000
2019-07-26 12:30:54.396000,1.11285,1.11281,1100000,3940000
2019-07-26 12:30:54.552000,1.11284,1.1128,2000000,4120000
2019-07-26 12:30:54.656000,1.11284,1.11282,1620000,1000000
2019-07-26 12:30:54.760000,1.11284,1.11281,1000000,1250000
2019-07-26 12:30:54.862000,1.11284,1.1128,1450000,3750000
2019-07-26 12:30:54.972000,1.11284,1.1128,3640000,7500000
2019-07-26 12:30:55.076000,1.11286,1.11283,2750000,1310000
2019-07-26 12:30:55.128000,1.11288,1.11283,2720000,5310000
2019-07-26 12:30:55.229000,1.11288,1.11283,1200000,3810000
2019-07-26 12:30:55.281000,1.11289,1.11285,2700000,3250000
2019-07-26 12:30:55.382000,1.11291,1.11286,5060000,5250000
2019-07-26 12:30:55.500000,1.11292,1.1129,1000000,1250000
2019-07-26 12:30:55.552000,1.11291,1.11288,1250000,1100000
2019-07-26 12:30:55.653000,1.11291,1.11287,1250000,1310000
2019-07-26 12:30:55.755000,1.11291,1.11286,1370000,9290000
2019-07-26 12:30:55.858000,1.11291,1.11286,1250000,8140000
2019-07-26 12:30:55.961000,1.11288,1.11285,1120000,1750000
2019-07-26 12:30:56.063000,1.1129,1.11287,1690000,1250000
2019-07-26 12:30:56.165000,1.11291,1.11286,1690000,2140000
2019-07-26 12:30:56.491000,1.11291,1.11287,1500000,2320000
2019-07-26 12:30:56.592000,1.11291,1.11288,1750000,1500000
2019-07-26 12:30:56.769000,1.11291,1.11288,1000000,1350000
2019-07-26 12:30:56.871000,1.11291,1.11289,1250000,2660000
2019-07-26 12:30:56.973000,1.11291,1.11288,1000000,3450000
2019-07-26 12:30:57.126000,1.11291,1.11289,1000000,1850000
2019-07-26 12:30:57.177000,1.11294,1.11289,4000000,1600000
2019-07-26 12:30:57.274000,1.11291,1.11288,1000000,4510000
2019-07-26 12:30:57.375000,1.11291,1.11288,1250000,2320000
2019-07-26 12:30:57.477000,1.11291,1.11289,1000000,1720000
2019-07-26 12:30:57.579000,1.11291,1.11288,1000000,2700000
2019-07-26 12:30:57.985000,1.11291,1.11288,1000000,3200000
2019-07-26 12:30:58.265000,1.11291,1.11288,1000000,2510000
2019-07-26 12:30:58.588000,1.11294,1.11292,5250000,1750000
2019-07-26 12:30:58.639000,1.11295,1.11293,3000000,1760000
2019-07-26 12:30:58.780000,1.11292,1.1129,4870000,2200000
2019-07-26 12:30:58.831000,1.11291,1.11289,1120000,1200000
2019-07-26 12:30:58.934000,1.11294,1.11292,3750000,1250000
2019-07-26 12:30:59.037000,1.11294,1.11292,2440000,1000000
2019-07-26 12:30:59.088000,1.11291,1.11289,3190000,4950000
2019-07-26 12:30:59.139000,1.11293,1.11289,5810000,1120000
2019-07-26 12:30:59.259000,1.11298,1.11295,1500000,2200000
2019-07-26 12:30:59.361000,1.113,1.11298,1500000,1760000
2019-07-26 12:30:59.463000,1.11302,1.11301,2250000,1500000
2019-07-26 12:30:59.566000,1.11303,1.11299,1500000,5200000
2019-07-26 12:30:59.723000,1.11304,1.113,4120000,1760000
2019-07-26 12:30:59.978000,1.11305,1.11299,1310000,5200000
2019-07-26 12:31:00.030000,1.113,1.11298,1750000,2620000
2019-07-26 12:31:00.132000,1.11299,1.11298,1690000,1000000
2019-07-26 12:31:00.266000,1.11299,1.11296,1250000,2500000
2019-07-26 12:31:00.369000,1.11298,1.11295,1000000,2260000
2019-07-26 12:31:00.471000,1.11299,1.11296,1000000,1000000
2019-07-26 12:31:00.573000,1.11301,1.11297,1870000,4600000
2019-07-26 12:31:00.689000,1.11302,1.11301,1500000,1250000
2019-07-26 12:31:00.741000,1.11304,1.113,5440000,1450000
2019-07-26 12:31:00.995000,1.11305,1.11301,6190000,1250000
2019-07-26 12:31:01.097000,1.11304,1.11299,1690000,6140000
2019-07-26 12:31:01.199000,1.11304,1.11302,1690000,1000000
2019-07-26 12:31:01.770000,1.11305,1.11301,5500000,1250000
2019-07-26 12:31:01.872000,1.11305,1.11303,2250000,2250000
2019-07-26 12:31:01.948000,1.11308,1.11304,2570000,1310000
2019-07-26 12:31:02,1.11309,1.11304,2500000,2620000
2019-07-26 12:31:02.102000,1.11309,1.11306,3190000,1000000
2019-07-26 12:31:02.153000,1.11309,1.11304,3190000,1500000
2019-07-26 12:31:02.357000,1.11307,1.11304,1000000,1000000
2019-07-26 12:31:02.486000,1.11308,1.11304,2000000,1000000
2019-07-26 12:31:02.639000,1.11308,1.11305,1250000,1000000
2019-07-26 12:31:02.792000,1.11308,1.11304,2690000,1500000
2019-07-26 12:31:02.995000,1.11308,1.11304,2120000,1000000
2019-07-26 12:31:03.238000,1.11308,1.11304,1690000,3250000
2019-07-26 12:31:03.841000,1.11308,1.11304,2440000,1000000
2019-07-26 12:31:03.892000,1.11308,1.11304,2620000,1000000
2019-07-26 12:31:03.943000,1.11309,1.11304,5000000,1250000
2019-07-26 12:31:04.045000,1.11309,1.11305,3500000,1000000
2019-07-26 12:31:04.147000,1.11309,1.11304,4250000,2510000
2019-07-26 12:31:04.621000,1.11309,1.11305,1250000,2250000
2019-07-26 12:31:04.723000,1.11312,1.11306,6250000,3450000
2019-07-26 12:31:04.825000,1.11311,1.11306,1250000,2140000
2019-07-26 12:31:04.926000,1.11311,1.11307,4000000,1000000
2019-07-26 12:31:05.142000,1.11311,1.11306,5500000,2140000
2019-07-26 12:31:05.295000,1.11312,1.11308,2000000,1250000
2019-07-26 12:31:05.611000,1.11312,1.11309,1590000,1000000
2019-07-26 12:31:05.712000,1.11313,1.1131,1540000,1000000
2019-07-26 12:31:05.814000,1.11311,1.11309,1500000,1250000
2019-07-26 12:31:05.916000,1.11311,1.11308,1750000,1000000
2019-07-26 12:31:06.018000,1.11308,1.11305,1250000,1760000
2019-07-26 12:31:06.223000,1.11306,1.11304,1000000,1100000
2019-07-26 12:31:06.274000,1.11305,1.11302,1000000,2970000
2019-07-26 12:31:06.376000,1.11305,1.11301,1120000,3190000
2019-07-26 12:31:06.477000,1.11304,1.11302,1000000,1000000
2019-07-26 12:31:06.580000,1.11305,1.11302,5170000,1000000
2019-07-26 12:31:06.751000,1.11308,1.11304,1000000,1950000
2019-07-26 12:31:06.853000,1.11308,1.11305,1000000,1000000
2019-07-26 12:31:07.005000,1.11306,1.11304,1500000,3070000
2019-07-26 12:31:07.056000,1.11305,1.11302,1500000,2320000
2019-07-26 12:31:07.158000,1.11306,1.11302,2250000,3700000
2019-07-26 12:31:07.276000,1.11309,1.11304,1120000,4790000
2019-07-26 12:31:07.480000,1.1131,1.11305,2250000,1570000
2019-07-26 12:31:07.581000,1.1131,1.11306,5250000,1000000
2019-07-26 12:31:07.683000,1.1131,1.11305,2250000,1570000
2019-07-26 12:31:07.916000,1.1131,1.11305,6750000,2850000
2019-07-26 12:31:08.222000,1.1131,1.11306,5490000,1000000
2019-07-26 12:31:08.606000,1.11309,1.11306,2370000,1000000
2019-07-26 12:31:08.657000,1.11307,1.11305,1990000,1000000
2019-07-26 12:31:08.708000,1.11305,1.11302,1490000,1100000
2019-07-26 12:31:08.812000,1.11305,1.113,1490000,7970000
2019-07-26 12:31:09.026000,1.11305,1.11301,1040000,1250000
2019-07-26 12:31:09.128000,1.11305,1.113,1240000,8720000
2019-07-26 12:31:09.519000,1.11305,1.113,2940000,1570000
2019-07-26 12:31:09.622000,1.11304,1.113,1500000,3000000
2019-07-26 12:31:09.724000,1.11305,1.11301,5800000,1690000
2019-07-26 12:31:09.825000,1.11305,1.11301,2560000,1000000
2019-07-26 12:31:09.927000,1.11304,1.11299,1120000,5540000
2019-07-26 12:31:10.705000,1.11305,1.113,6250000,1350000
2019-07-26 12:31:10.756000,1.11304,1.11299,1250000,5140000
2019-07-26 12:31:10.926000,1.11304,1.11299,1310000,5160000
2019-07-26 12:31:12.289000,1.11304,1.11299,1250000,6190000
2019-07-26 12:31:12.719000,1.11304,1.11299,1250000,6410000
2019-07-26 12:31:12.821000,1.11304,1.113,1250000,1220000
2019-07-26 12:31:12.923000,1.11306,1.11303,3370000,1000000
2019-07-26 12:31:13.288000,1.11306,1.11303,1690000,1000000
2019-07-26 12:31:13.419000,1.11304,1.113,1000000,2640000
2019-07-26 12:31:13.983000,1.11301,1.11299,1000000,4760000
2019-07-26 12:31:14.137000,1.113,1.11296,1250000,4760000
2019-07-26 12:31:14.409000,1.11296,1.11294,1690000,1000000
2019-07-26 12:31:14.512000,1.11296,1.11292,1310000,3370000
2019-07-26 12:31:14.563000,1.11295,1.11292,1600000,4120000
2019-07-26 12:31:14.865000,1.11294,1.1129,3820000,1250000
2019-07-26 12:31:14.970000,1.11294,1.11289,2100000,1370000
2019-07-26 12:31:15.071000,1.11294,1.1129,1100000,2120000
2019-07-26 12:31:15.173000,1.11294,1.1129,1720000,1750000
2019-07-26 12:31:15.410000,1.11294,1.11292,1000000,1250000
2019-07-26 12:31:15.463000,1.11296,1.11292,2840000,3000000
2019-07-26 12:31:15.564000,1.11295,1.11291,1250000,3250000
2019-07-26 12:31:15.717000,1.11296,1.11294,1240000,1250000
2019-07-26 12:31:15.818000,1.11297,1.11294,1000000,5870000
2019-07-26 12:31:15.971000,1.11299,1.11294,3300000,2120000
2019-07-26 12:31:16.442000,1.11295,1.11294,1000000,1000000
2019-07-26 12:31:16.493000,1.11295,1.11292,1120000,1690000
2019-07-26 12:31:16.772000,1.11296,1.11291,1250000,4370000
2019-07-26 12:31:16.873000,1.11297,1.11293,2190000,1000000
2019-07-26 12:31:17.616000,1.11299,1.11294,5800000,1120000
2019-07-26 12:31:17.810000,1.11299,1.11295,2500000,1000000
2019-07-26 12:31:17.861000,1.11299,1.11293,1690000,5440000
2019-07-26 12:31:18.014000,1.11299,1.11295,1690000,1000000
2019-07-26 12:31:18.117000,1.11299,1.11294,1690000,1310000
2019-07-26 12:31:18.789000,1.11299,1.11294,2500000,4750000
2019-07-26 12:31:19.304000,1.11299,1.11296,1000000,1750000
2019-07-26 12:31:19.406000,1.11301,1.11299,2440000,1000000
2019-07-26 12:31:19.508000,1.11302,1.11301,1000000,1250000
2019-07-26 12:31:19.610000,1.11302,1.113,1000000,3370000
2019-07-26 12:31:19.758000,1.11305,1.11302,3560000,1000000
2019-07-26 12:31:20.280000,1.11303,1.11302,1000000,1000000
2019-07-26 12:31:20.382000,1.11305,1.11302,7010000,1000000
2019-07-26 12:31:20.484000,1.11305,1.11303,1310000,2440000
2019-07-26 12:31:21.086000,1.11307,1.11305,1000000,2440000
2019-07-26 12:31:21.188000,1.11308,1.11305,1000000,3190000
2019-07-26 12:31:21.239000,1.11309,1.11307,3560000,1690000
2019-07-26 12:31:21.357000,1.1131,1.11306,2510000,1310000
2019-07-26 12:31:21.510000,1.1131,1.11306,1500000,1750000
2019-07-26 12:31:21.611000,1.1131,1.11306,1690000,2120000
2019-07-26 12:31:22.374000,1.11311,1.11306,2690000,5620000
2019-07-26 12:31:22.475000,1.11311,1.11306,6960000,1370000
2019-07-26 12:31:23.306000,1.1131,1.11308,1000000,1250000
2019-07-26 12:31:23.409000,1.11311,1.11307,1000000,2940000
2019-07-26 12:31:24.129000,1.11311,1.11308,2500000,1310000
2019-07-26 12:31:25.273000,1.1131,1.11305,2440000,10020000
2019-07-26 12:31:25.379000,1.11308,1.11306,1000000,1330000
2019-07-26 12:31:25.683000,1.1131,1.11306,5440000,1190000
2019-07-26 12:31:25.785000,1.11309,1.11306,1000000,1190000
2019-07-26 12:31:25.887000,1.11308,1.11306,1000000,1190000
2019-07-26 12:31:26.833000,1.11308,1.11303,2630000,4000000
2019-07-26 12:31:27.044000,1.11307,1.11304,1000000,1250000
2019-07-26 12:31:27.310000,1.11308,1.11303,2440000,6250000
2019-07-26 12:31:27.481000,1.11307,1.11304,1000000,1250000
2019-07-26 12:31:27.698000,1.11308,1.11303,2440000,6250000
2019-07-26 12:31:28.010000,1.11307,1.11304,1000000,1250000
2019-07-26 12:31:28.207000,1.11308,1.11303,2440000,4190000
2019-07-26 12:31:28.309000,1.11307,1.11304,1500000,1870000
2019-07-26 12:31:28.410000,1.11308,1.11303,1010000,4560000
2019-07-26 12:31:28.846000,1.11307,1.11304,1250000,1250000
2019-07-26 12:31:28.897000,1.11301,1.113,1000000,1500000
2019-07-26 12:31:28.948000,1.11302,1.113,1310000,1000000
2019-07-26 12:31:28.999000,1.11302,1.11298,2140000,6310000
2019-07-26 12:31:29.153000,1.11302,1.11298,3370000,1000000
2019-07-26 12:31:29.204000,1.113,1.11298,3000000,1500000
2019-07-26 12:31:29.361000,1.11299,1.11298,1500000,1000000
2019-07-26 12:31:29.413000,1.11299,1.11296,1500000,1250000
2019-07-26 12:31:29.516000,1.11299,1.11296,1500000,1250000
2019-07-26 12:31:29.719000,1.11299,1.11296,1500000,1250000
2019-07-26 12:31:29.858000,1.11299,1.11296,3120000,1250000
2019-07-26 12:31:30.438000,1.11299,1.11296,2370000,1370000
2019-07-26 12:31:30.781000,1.11299,1.11296,1000000,1370000
2019-07-26 12:31:30.900000,1.113,1.11296,1000000,1750000
2019-07-26 12:31:30.952000,1.11302,1.113,1250000,1250000
2019-07-26 12:31:31.054000,1.11303,1.113,1000000,3190000
2019-07-26 12:31:31.319000,1.11304,1.11301,1000000,1000000
2019-07-26 12:31:31.623000,1.11305,1.11301,7390000,1000000
2019-07-26 12:31:32.116000,1.11304,1.11301,2250000,1500000
2019-07-26 12:31:32.218000,1.11305,1.11301,6820000,1500000
2019-07-26 12:31:32.339000,1.11305,1.11301,2510000,1250000
2019-07-26 12:31:32.655000,1.11305,1.113,3490000,13310000
2019-07-26 12:31:32.757000,1.11306,1.11303,1500000,2060000
2019-07-26 12:31:32.859000,1.11308,1.11303,2500000,4750000
2019-07-26 12:31:34.821000,1.11309,1.11305,3190000,2440000
2019-07-26 12:31:34.922000,1.11309,1.11305,2720000,1250000
2019-07-26 12:31:35.259000,1.11309,1.11304,2250000,3250000
2019-07-26 12:31:35.868000,1.11309,1.11304,8740000,4750000
2019-07-26 12:31:36.659000,1.11307,1.11303,1120000,4940000
2019-07-26 12:31:36.710000,1.11304,1.11303,1000000,1250000
2019-07-26 12:31:36.812000,1.11304,1.113,1500000,6190000
2019-07-26 12:31:36.918000,1.11304,1.113,1750000,3750000
2019-07-26 12:31:37.635000,1.11304,1.11302,1370000,1000000
2019-07-26 12:31:37.736000,1.11304,1.11301,1250000,1310000
2019-07-26 12:31:37.838000,1.11304,1.11302,1750000,1000000
2019-07-26 12:31:37.941000,1.11303,1.11301,1310000,1000000
2019-07-26 12:31:38.043000,1.11304,1.113,8720000,1000000
2019-07-26 12:31:38.252000,1.113,1.11298,1500000,4690000
2019-07-26 12:31:38.303000,1.11302,1.11298,4970000,1000000
2019-07-26 12:31:38.406000,1.11302,1.11297,2600000,1690000
2019-07-26 12:31:38.508000,1.11301,1.11298,1010000,1000000
2019-07-26 12:31:38.609000,1.11302,1.11297,1450000,1760000
2019-07-26 12:31:38.711000,1.11303,1.11299,1350000,1250000
2019-07-26 12:31:38.813000,1.11304,1.113,2320000,1500000
2019-07-26 12:31:38.906000,1.11303,1.11299,1250000,2060000
2019-07-26 12:31:39.745000,1.11303,1.11299,1000000,4000000
2019-07-26 12:31:40.286000,1.11303,1.11299,7970000,1000000
2019-07-26 12:31:40.389000,1.11302,1.11298,3190000,1120000
2019-07-26 12:31:40.491000,1.11303,1.11299,9740000,1000000
2019-07-26 12:31:40.720000,1.11303,1.11298,5950000,1120000
2019-07-26 12:31:40.771000,1.113,1.11297,1000000,2560000
2019-07-26 12:31:40.873000,1.11301,1.11298,2250000,1000000
2019-07-26 12:31:40.976000,1.11302,1.11298,9200000,1000000
2019-07-26 12:31:41.079000,1.11301,1.113,1500000,1690000
2019-07-26 12:31:41.187000,1.11303,1.11301,1000000,1000000
2019-07-26 12:31:41.290000,1.11305,1.11301,5260000,2440000
2019-07-26 12:31:41.392000,1.11306,1.11303,2440000,1120000
2019-07-26 12:31:41.494000,1.11308,1.11304,2870000,1810000
2019-07-26 12:31:41.545000,1.11309,1.11304,1570000,6410000
2019-07-26 12:31:41.646000,1.1131,1.11305,4690000,1750000
2019-07-26 12:31:41.750000,1.11309,1.11306,1000000,2810000
2019-07-26 12:31:41.851000,1.11309,1.11307,1000000,1000000
2019-07-26 12:31:41.953000,1.11308,1.11306,2250000,2060000
2019-07-26 12:31:43.544000,1.11309,1.11305,1870000,1750000
2019-07-26 12:31:43.843000,1.11308,1.11305,1000000,1750000
2019-07-26 12:31:44.162000,1.11309,1.11305,1870000,1750000
2019-07-26 12:31:45.260000,1.11309,1.11304,4410000,4690000
2019-07-26 12:31:45.362000,1.11308,1.11305,1500000,1000000
2019-07-26 12:31:45.466000,1.11304,1.11302,4000000,3940000
2019-07-26 12:31:45.569000,1.11303,1.113,1000000,9060000
2019-07-26 12:31:46.186000,1.11305,1.113,5440000,1370000
2019-07-26 12:31:46.288000,1.11304,1.113,2250000,5870000
2019-07-26 12:31:46.393000,1.11305,1.113,5440000,1370000
2019-07-26 12:31:47.183000,1.11302,1.11299,1120000,1250000
2019-07-26 12:31:47.286000,1.11301,1.11297,2440000,2440000
2019-07-26 12:31:47.440000,1.11301,1.11298,1690000,1000000
2019-07-26 12:31:47.696000,1.11301,1.11297,2500000,2250000
2019-07-26 12:31:47.798000,1.11301,1.11298,4190000,1000000
2019-07-26 12:31:47.900000,1.11301,1.11297,2690000,2250000
2019-07-26 12:31:48.057000,1.11301,1.11297,2440000,1000000
2019-07-26 12:31:48.108000,1.11299,1.11296,1310000,1390000
2019-07-26 12:31:48.410000,1.11299,1.11294,1000000,5700000
2019-07-26 12:31:48.512000,1.11299,1.11295,1500000,4750000
2019-07-26 12:31:48.816000,1.11299,1.11295,1000000,3190000
2019-07-26 12:31:48.969000,1.11299,1.11296,1690000,1750000
2019-07-26 12:31:49.096000,1.11299,1.11295,1100000,1750000
2019-07-26 12:31:49.299000,1.113,1.11295,2140000,1250000
2019-07-26 12:31:50.117000,1.11301,1.11298,5720000,1000000
2019-07-26 12:31:50.219000,1.11302,1.11299,1000000,2310000
2019-07-26 12:31:50.371000,1.11303,1.113,1000000,1250000
2019-07-26 12:31:50.834000,1.11305,1.11301,5850000,1750000
2019-07-26 12:31:50.935000,1.11306,1.11303,2250000,1500000
2019-07-26 12:31:51.126000,1.11307,1.11304,4140000,1500000
2019-07-26 12:31:51.892000,1.11308,1.11304,5250000,1500000
2019-07-26 12:31:53.118000,1.11309,1.11306,1510000,1000000
2019-07-26 12:31:53.220000,1.1131,1.11306,3060000,1870000
2019-07-26 12:31:53.518000,1.1131,1.11308,2250000,1750000
2019-07-26 12:31:53.620000,1.11311,1.11308,1690000,2250000
2019-07-26 12:31:53.863000,1.1131,1.11308,1250000,1000000
2019-07-26 12:31:53.914000,1.1131,1.11306,4390000,1250000
2019-07-26 12:31:54.117000,1.11309,1.11306,1100000,1250000
2019-07-26 12:31:54.706000,1.1131,1.11305,1390000,6250000
2019-07-26 12:31:54.808000,1.1131,1.11305,3760000,7640000
2019-07-26 12:31:55.041000,1.1131,1.11306,1390000,1250000
2019-07-26 12:31:55.143000,1.1131,1.11307,1760000,1000000
2019-07-26 12:31:55.292000,1.1131,1.11306,2550000,1250000
2019-07-26 12:31:55.955000,1.11311,1.11308,3110000,3750000
2019-07-26 12:31:56.057000,1.11313,1.1131,1000000,7700000
2019-07-26 12:31:56.159000,1.11315,1.11312,1250000,2500000
2019-07-26 12:31:56.525000,1.11314,1.11311,2190000,1000000
2019-07-26 12:31:56.627000,1.11313,1.11309,2060000,4970000
2019-07-26 12:31:56.831000,1.11313,1.11309,1870000,4200000
2019-07-26 12:31:57.035000,1.11314,1.11311,2250000,3000000
2019-07-26 12:31:57.152000,1.11317,1.11313,1750000,2320000
2019-07-26 12:31:57.255000,1.11318,1.11314,1000000,3910000
2019-07-26 12:31:58.780000,1.11317,1.11315,1000000,1120000
2019-07-26 12:31:59.126000,1.11318,1.11316,1500000,1000000
2019-07-26 12:31:59.228000,1.1132,1.11316,11510000,1000000
2019-07-26 12:31:59.903000,1.11318,1.11316,1000000,1000000
2019-07-26 12:32:00.004000,1.11319,1.11316,2060000,1000000
2019-07-26 12:32:00.106000,1.11318,1.11314,1500000,4010000
2019-07-26 12:32:00.491000,1.11318,1.11315,1690000,1000000
2019-07-26 12:32:00.848000,1.11319,1.11316,1760000,2870000
2019-07-26 12:32:01,1.11319,1.11315,1870000,3510000
2019-07-26 12:32:01.103000,1.11318,1.11313,1120000,11790000
2019-07-26 12:32:01.206000,1.11317,1.11314,1000000,1850000
2019-07-26 12:32:02.017000,1.11317,1.11314,1000000,1390000
2019-07-26 12:32:02.220000,1.11318,1.11314,1000000,4450000
2019-07-26 12:32:02.322000,1.11319,1.11314,4690000,2320000
2019-07-26 12:32:02.434000,1.11319,1.11316,3000000,5120000
2019-07-26 12:32:02.485000,1.11322,1.1132,1000000,1690000
2019-07-26 12:32:02.536000,1.11323,1.11321,1120000,1500000
2019-07-26 12:32:02.587000,1.11325,1.11321,2250000,3520000
2019-07-26 12:32:03.200000,1.11325,1.11321,1690000,2570000
2019-07-26 12:32:03.822000,1.11324,1.11321,1000000,4570000
2019-07-26 12:32:03.924000,1.11324,1.11321,1000000,3200000
2019-07-26 12:32:04.082000,1.11326,1.11321,2440000,9660000
2019-07-26 12:32:04.183000,1.11325,1.11321,1000000,6950000
2019-07-26 12:32:04.496000,1.11325,1.11322,1500000,4320000
2019-07-26 12:32:05.999000,1.11326,1.11324,2690000,1000000
2019-07-26 12:32:06.151000,1.11326,1.11323,1250000,2440000
2019-07-26 12:32:06.254000,1.11326,1.11324,1250000,1000000
2019-07-26 12:32:06.356000,1.11326,1.11323,1250000,2440000
2019-07-26 12:32:06.836000,1.11326,1.11324,1250000,1000000
2019-07-26 12:32:07.646000,1.11328,1.11325,2000000,1000000
2019-07-26 12:32:08.864000,1.11327,1.11326,1120000,1310000
2019-07-26 12:32:09.184000,1.11326,1.11325,1000000,1870000
2019-07-26 12:32:09.287000,1.11324,1.11323,1000000,2250000
2019-07-26 12:32:09.389000,1.11326,1.11324,3120000,2440000
2019-07-26 12:32:09.536000,1.11327,1.11326,1500000,1000000
2019-07-26 12:32:09.637000,1.11327,1.11324,1870000,4760000
2019-07-26 12:32:09.941000,1.11328,1.11324,1500000,8510000
2019-07-26 12:32:11.182000,1.11328,1.11325,1000000,3810000
2019-07-26 12:32:11.994000,1.11329,1.11326,3370000,1500000
2019-07-26 12:32:13.063000,1.1133,1.11327,9370000,1250000
2019-07-26 12:32:13.165000,1.11329,1.11327,1000000,1250000
2019-07-26 12:32:13.963000,1.11328,1.11325,1000000,2890000
2019-07-26 12:32:14.981000,1.11329,1.11324,4870000,6570000
2019-07-26 12:32:15.137000,1.11328,1.11326,1000000,1500000
2019-07-26 12:32:15.290000,1.11328,1.11325,1500000,1760000
2019-07-26 12:32:16.488000,1.11327,1.11324,1000000,5120000
2019-07-26 12:32:16.646000,1.11328,1.11325,1500000,1370000
2019-07-26 12:32:16.901000,1.11327,1.11324,1000000,7500000
2019-07-26 12:32:17.160000,1.11327,1.11325,2620000,1690000
2019-07-26 12:32:17.305000,1.11325,1.11321,1000000,4940000
2019-07-26 12:32:18.258000,1.11325,1.11322,2620000,3620000
2019-07-26 12:32:18.359000,1.11326,1.11323,1100000,1250000
2019-07-26 12:32:18.512000,1.11326,1.11322,1350000,4000000
2019-07-26 12:32:18.613000,1.11327,1.11323,2810000,3560000
2019-07-26 12:32:18.769000,1.11327,1.11324,3560000,1000000
2019-07-26 12:32:18.921000,1.11327,1.11323,2810000,3560000
2019-07-26 12:32:19.077000,1.11327,1.11324,3560000,1000000
2019-07-26 12:32:19.128000,1.11327,1.11324,1000000,1850000
2019-07-26 12:32:19.230000,1.11329,1.11325,4500000,1370000
2019-07-26 12:32:19.390000,1.11329,1.11327,1000000,1120000
2019-07-26 12:32:19.492000,1.1133,1.11326,6750000,2870000
2019-07-26 12:32:19.899000,1.11331,1.11327,1120000,6250000
2019-07-26 12:32:20.805000,1.11331,1.11328,1000000,1750000
2019-07-26 12:32:20.907000,1.11332,1.1133,2250000,2060000
2019-07-26 12:32:21.008000,1.11334,1.1133,3560000,2140000
2019-07-26 12:32:21.546000,1.11334,1.11331,5810000,1250000
2019-07-26 12:32:21.648000,1.11336,1.11332,4440000,3260000
2019-07-26 12:32:21.800000,1.11337,1.11333,9440000,2620000
2019-07-26 12:32:21.902000,1.11337,1.11333,11690000,5820000
2019-07-26 12:32:22.004000,1.11337,1.11333,7940000,3370000
2019-07-26 12:32:22.663000,1.11337,1.11335,2440000,1250000
2019-07-26 12:32:23.093000,1.11337,1.11334,1000000,2620000
2019-07-26 12:32:23.196000,1.11337,1.11334,1000000,3970000
2019-07-26 12:32:23.620000,1.11337,1.11333,6690000,1850000
2019-07-26 12:32:23.722000,1.11334,1.11331,1250000,1850000
2019-07-26 12:32:25.286000,1.11333,1.1133,1250000,1760000
2019-07-26 12:32:25.440000,1.11332,1.11329,1500000,2220000
2019-07-26 12:32:25.491000,1.11332,1.11329,1500000,1250000
2019-07-26 12:32:26.020000,1.11331,1.11328,1000000,3660000
2019-07-26 12:32:26.121000,1.11332,1.11328,1120000,1410000
2019-07-26 12:32:26.696000,1.11331,1.11328,3690000,1000000
2019-07-26 12:32:26.797000,1.11328,1.11326,1120000,3370000
2019-07-26 12:32:26.905000,1.11328,1.11324,1000000,2140000
2019-07-26 12:32:27.160000,1.11328,1.11325,1000000,1000000
2019-07-26 12:32:27.313000,1.11328,1.11324,1500000,8510000
2019-07-26 12:32:27.466000,1.11329,1.11324,2440000,2510000
2019-07-26 12:32:28.159000,1.1133,1.11326,6190000,3560000
2019-07-26 12:32:28.494000,1.1133,1.11326,1850000,1690000
2019-07-26 12:32:28.836000,1.1133,1.11326,3190000,3190000
2019-07-26 12:32:29.390000,1.1133,1.11326,7160000,1690000
2019-07-26 12:32:29.531000,1.11329,1.11325,1350000,4690000
2019-07-26 12:32:29.684000,1.11329,1.11325,1910000,2940000
2019-07-26 12:32:29.786000,1.1133,1.11326,1850000,1370000
2019-07-26 12:32:30.199000,1.1133,1.11326,3470000,1000000
2019-07-26 12:32:31.524000,1.11329,1.11326,2350000,1000000
2019-07-26 12:32:31.626000,1.11329,1.11325,2350000,5060000
2019-07-26 12:32:31.847000,1.11329,1.11325,1850000,6560000
2019-07-26 12:32:33.263000,1.11329,1.11325,2720000,5120000
2019-07-26 12:32:37.477000,1.11329,1.11325,1100000,2810000
2019-07-26 12:32:38.029000,1.1133,1.11326,1600000,1310000
2019-07-26 12:32:38.131000,1.11328,1.11325,1100000,4000000
2019-07-26 12:32:38.261000,1.11328,1.11325,1970000,1750000
2019-07-26 12:32:38.312000,1.11328,1.11324,5350000,3190000
2019-07-26 12:32:38.515000,1.11328,1.11324,1570000,1250000
2019-07-26 12:32:39.458000,1.11329,1.11327,2510000,1000000
2019-07-26 12:32:39.509000,1.11329,1.11325,1600000,1250000
2019-07-26 12:32:39.611000,1.1133,1.11325,5540000,2500000
2019-07-26 12:32:39.966000,1.11329,1.11324,1600000,8690000
2019-07-26 12:32:40.173000,1.11329,1.11324,2850000,4940000
2019-07-26 12:32:40.275000,1.11328,1.11325,1700000,1250000
2019-07-26 12:32:40.389000,1.11329,1.11324,3600000,7000000
2019-07-26 12:32:40.491000,1.11328,1.11325,1700000,1250000
2019-07-26 12:32:40.737000,1.11328,1.11325,1570000,1000000
2019-07-26 12:32:40.840000,1.11327,1.11325,1100000,1000000
2019-07-26 12:32:41.474000,1.11328,1.11324,2470000,3560000
2019-07-26 12:32:42.335000,1.11326,1.11323,2910000,7120000
2019-07-26 12:32:42.438000,1.11325,1.11322,2160000,1120000
2019-07-26 12:32:42.590000,1.11324,1.11323,1200000,1000000
2019-07-26 12:32:42.732000,1.11324,1.11321,1570000,5940000
2019-07-26 12:32:43.399000,1.11324,1.11321,1570000,5050000
2019-07-26 12:32:43.501000,1.11324,1.11322,1200000,1000000
2019-07-26 12:32:44.028000,1.11325,1.11321,3660000,1310000
2019-07-26 12:32:44.497000,1.11325,1.11322,3470000,1250000
2019-07-26 12:32:44.600000,1.11327,1.11323,3660000,2810000
2019-07-26 12:32:44.702000,1.11327,1.11324,2320000,1690000
2019-07-26 12:32:44.805000,1.11326,1.11324,1000000,2440000
2019-07-26 12:32:44.908000,1.11327,1.11324,1950000,2190000
2019-07-26 12:32:45.019000,1.11328,1.11324,2540000,1250000
2019-07-26 12:32:45.121000,1.11328,1.11324,3070000,1310000
2019-07-26 12:32:45.222000,1.11328,1.11324,3100000,1690000
2019-07-26 12:32:45.324000,1.11328,1.11323,6470000,3940000
2019-07-26 12:32:45.426000,1.11327,1.11323,2540000,2940000
2019-07-26 12:32:45.578000,1.11327,1.11324,2540000,1000000
2019-07-26 12:32:45.730000,1.11327,1.11323,1790000,3190000
2019-07-26 12:32:46.243000,1.11327,1.11324,8160000,1000000
2019-07-26 12:32:46.395000,1.11327,1.11323,7410000,5440000
2019-07-26 12:32:46.500000,1.11327,1.11324,7410000,1000000
2019-07-26 12:32:46.610000,1.11327,1.11323,5910000,4690000
2019-07-26 12:32:46.712000,1.11327,1.11324,7390000,1000000
2019-07-26 12:32:46.814000,1.11327,1.11323,6790000,4690000
2019-07-26 12:32:46.916000,1.11327,1.11323,8290000,2440000
2019-07-26 12:32:47.221000,1.11327,1.11323,5890000,3940000
2019-07-26 12:32:47.348000,1.11326,1.11324,1120000,1500000
2019-07-26 12:32:47.451000,1.11327,1.11325,3820000,1370000
2019-07-26 12:32:48.322000,1.11327,1.11324,2320000,1250000
2019-07-26 12:32:48.424000,1.11325,1.11322,3450000,4690000
2019-07-26 12:32:48.525000,1.11325,1.11323,3100000,1500000
2019-07-26 12:32:48.627000,1.11325,1.11322,6100000,1690000
2019-07-26 12:32:48.745000,1.11326,1.11324,2620000,1250000
2019-07-26 12:32:48.847000,1.11327,1.11324,4950000,2500000
2019-07-26 12:32:49.001000,1.11329,1.11326,4720000,2060000
2019-07-26 12:32:49.053000,1.1133,1.11327,6070000,1370000
2019-07-26 12:32:49.203000,1.11336,1.11334,3450000,1000000
2019-07-26 12:32:49.306000,1.11337,1.11334,4870000,1250000
2019-07-26 12:32:49.408000,1.11337,1.11334,5350000,2440000
2019-07-26 12:32:49.510000,1.11337,1.11334,4220000,1250000
2019-07-26 12:32:49.612000,1.11337,1.11334,4120000,1500000
2019-07-26 12:32:49.908000,1.11338,1.11335,1220000,6440000
2019-07-26 12:32:50.162000,1.11338,1.11336,1120000,1120000
2019-07-26 12:32:50.443000,1.11339,1.11336,3070000,1250000
2019-07-26 12:32:50.597000,1.1134,1.11337,5910000,1000000
2019-07-26 12:32:50.801000,1.1134,1.11337,2700000,1310000
2019-07-26 12:32:50.903000,1.1134,1.11337,1570000,4970000
2019-07-26 12:32:51.258000,1.1134,1.11337,2330000,1690000
2019-07-26 12:32:51.360000,1.1134,1.11335,2480000,6060000
2019-07-26 12:32:51.926000,1.11339,1.11335,1220000,5310000
2019-07-26 12:32:52.029000,1.11339,1.11336,1200000,2500000
2019-07-26 12:32:52.397000,1.1134,1.11337,1000000,5690000
2019-07-26 12:32:52.448000,1.11342,1.11339,1120000,1250000
2019-07-26 12:32:52.551000,1.11343,1.11339,3750000,1260000
2019-07-26 12:32:52.805000,1.11344,1.11341,4870000,4010000
2019-07-26 12:32:52.907000,1.11342,1.1134,1000000,3790000
2019-07-26 12:32:53.009000,1.11343,1.11341,1000000,1250000
2019-07-26 12:32:53.110000,1.11344,1.11341,2620000,1690000
2019-07-26 12:32:54.020000,1.11344,1.1134,1970000,2500000
2019-07-26 12:32:54.442000,1.11344,1.11341,1100000,1690000
2019-07-26 12:32:54.494000,1.11345,1.11343,1100000,1250000
2019-07-26 12:32:54.596000,1.11346,1.11342,1100000,1250000
2019-07-26 12:32:55.559000,1.11344,1.11341,1000000,1250000
2019-07-26 12:32:55.662000,1.11344,1.1134,1620000,5690000
2019-07-26 12:32:56.596000,1.11344,1.1134,2620000,3440000
2019-07-26 12:32:57.002000,1.11344,1.1134,3370000,2690000
2019-07-26 12:32:57.262000,1.11343,1.1134,1000000,1750000
2019-07-26 12:32:57.536000,1.11344,1.1134,3820000,1250000
2019-07-26 12:32:57.637000,1.11344,1.1134,4220000,1250000
2019-07-26 12:32:57.739000,1.11344,1.1134,1950000,1250000
2019-07-26 12:32:58.069000,1.11344,1.11341,1570000,2190000
2019-07-26 12:32:58.181000,1.11345,1.11343,4200000,1250000
2019-07-26 12:32:58.232000,1.11344,1.11341,1000000,9290000
2019-07-26 12:32:59.076000,1.11345,1.11342,5700000,1250000
2019-07-26 12:32:59.387000,1.11345,1.11341,4970000,4560000
2019-07-26 12:32:59.489000,1.11345,1.11341,4950000,3060000
2019-07-26 12:32:59.591000,1.11345,1.11341,5970000,1560000
2019-07-26 12:33:00.188000,1.11343,1.11341,1000000,1250000
2019-07-26 12:33:00.416000,1.11344,1.11342,1950000,1250000
2019-07-26 12:33:00.618000,1.1134,1.11339,2620000,5250000
2019-07-26 12:33:00.719000,1.1134,1.11338,3220000,3750000
2019-07-26 12:33:00.770000,1.11339,1.11337,1950000,2810000
2019-07-26 12:33:00.872000,1.11339,1.11336,1200000,1250000
2019-07-26 12:33:01.013000,1.11339,1.11336,1100000,1250000
2019-07-26 12:33:01.267000,1.1134,1.11337,4200000,1370000
2019-07-26 12:33:01.471000,1.1134,1.11337,4540000,1000000
2019-07-26 12:33:01.675000,1.1134,1.11337,4200000,1000000
2019-07-26 12:33:01.833000,1.11342,1.11337,3410000,4690000
2019-07-26 12:33:01.935000,1.11342,1.11338,2540000,1750000
2019-07-26 12:33:02.037000,1.11343,1.11339,8290000,2060000
2019-07-26 12:33:02.088000,1.11342,1.11339,2140000,1750000
2019-07-26 12:33:02.452000,1.1134,1.11338,1690000,3940000
2019-07-26 12:33:02.504000,1.1134,1.11336,6190000,4690000
2019-07-26 12:33:02.555000,1.11339,1.11336,3720000,3940000
2019-07-26 12:33:03.933000,1.11335,1.11333,1500000,1500000
2019-07-26 12:33:04.036000,1.11335,1.11332,3070000,3940000
2019-07-26 12:33:04.263000,1.11336,1.11332,2470000,3000000
2019-07-26 12:33:04.314000,1.11335,1.11332,1000000,2440000
2019-07-26 12:33:04.416000,1.11332,1.11331,1000000,1250000
2019-07-26 12:33:04.518000,1.11329,1.11328,1000000,3940000
2019-07-26 12:33:04.681000,1.1133,1.11327,1100000,2690000
2019-07-26 12:33:04.783000,1.11332,1.11328,5100000,1310000
2019-07-26 12:33:05.037000,1.11332,1.11327,2100000,7500000
2019-07-26 12:33:05.139000,1.11332,1.11328,2320000,2810000
2019-07-26 12:33:05.552000,1.11332,1.11327,2850000,15370000
2019-07-26 12:33:05.654000,1.11327,1.11325,1000000,1940000
2019-07-26 12:33:05.756000,1.11327,1.11324,1970000,1250000
2019-07-26 12:33:05.807000,1.11327,1.11323,2350000,3810000
2019-07-26 12:33:05.901000,1.11325,1.11322,3260000,3190000
2019-07-26 12:33:05.953000,1.11323,1.1132,1000000,1690000
2019-07-26 12:33:06.108000,1.11323,1.1132,1570000,1750000
2019-07-26 12:33:06.714000,1.11324,1.1132,2940000,1310000
2019-07-26 12:33:06.968000,1.11322,1.11319,1250000,1250000
2019-07-26 12:33:07.070000,1.1132,1.11318,5440000,1120000
2019-07-26 12:33:07.185000,1.11322,1.11319,1870000,1420000
2019-07-26 12:33:07.389000,1.11322,1.11317,4690000,8870000
2019-07-26 12:33:07.440000,1.11318,1.11317,3000000,2250000
2019-07-26 12:33:07.491000,1.11316,1.11315,2250000,4870000
2019-07-26 12:33:07.615000,1.11318,1.11316,2600000,1000000
2019-07-26 12:33:07.667000,1.1132,1.11316,11810000,1250000
2019-07-26 12:33:07.770000,1.11319,1.11316,1870000,1000000
2019-07-26 12:33:07.872000,1.1132,1.11315,8140000,2690000
2019-07-26 12:33:07.974000,1.11318,1.11313,1120000,11010000
2019-07-26 12:33:08.101000,1.11319,1.11314,2510000,1870000
2019-07-26 12:33:08.204000,1.11319,1.11314,1820000,2000000
2019-07-26 12:33:08.356000,1.11319,1.11315,1950000,1000000
2019-07-26 12:33:08.611000,1.11319,1.11314,3660000,1560000
2019-07-26 12:33:08.722000,1.11316,1.11313,11320000,1000000
2019-07-26 12:33:08.876000,1.11315,1.11312,2620000,1250000
2019-07-26 12:33:08.978000,1.11315,1.11311,1370000,1250000
2019-07-26 12:33:09.344000,1.11315,1.11311,2060000,1250000
2019-07-26 12:33:09.446000,1.11317,1.11314,2720000,2120000
2019-07-26 12:33:09.497000,1.11318,1.11315,3820000,1250000
2019-07-26 12:33:09.599000,1.11319,1.11315,4690000,1690000
2019-07-26 12:33:09.701000,1.11319,1.11316,3070000,1310000
2019-07-26 12:33:09.844000,1.1132,1.11317,1000000,5370000
2019-07-26 12:33:09.946000,1.11321,1.11318,4870000,1120000
2019-07-26 12:33:10.251000,1.1132,1.11316,1870000,3570000
2019-07-26 12:33:10.403000,1.11321,1.11315,7950000,8060000
2019-07-26 12:33:10.660000,1.1132,1.11316,1010000,1310000
2019-07-26 12:33:10.763000,1.11319,1.11316,1000000,1250000
2019-07-26 12:33:11.231000,1.11319,1.11316,1120000,3060000
2019-07-26 12:33:11.364000,1.1132,1.11316,6050000,1120000
2019-07-26 12:33:12.574000,1.11321,1.11316,6410000,4120000
2019-07-26 12:33:12.676000,1.11321,1.11316,1390000,3560000
2019-07-26 12:33:12.829000,1.11321,1.11318,2440000,1500000
2019-07-26 12:33:12.932000,1.11323,1.11319,3600000,2310000
2019-07-26 12:33:13.206000,1.11324,1.11319,7310000,1260000
2019-07-26 12:33:13.259000,1.11325,1.1132,11190000,2060000
2019-07-26 12:33:13.361000,1.11325,1.11323,2250000,1250000
2019-07-26 12:33:13.554000,1.11326,1.11325,2250000,2140000
2019-07-26 12:33:13.615000,1.11328,1.11325,1120000,1390000
2019-07-26 12:33:13.839000,1.11329,1.11324,8810000,7410000
2019-07-26 12:33:14.069000,1.11331,1.11329,9600000,1000000
2019-07-26 12:33:14.120000,1.11332,1.11329,6000000,2700000
2019-07-26 12:33:14.272000,1.11333,1.1133,1500000,1760000
2019-07-26 12:33:14.374000,1.11332,1.11328,1500000,8540000
2019-07-26 12:33:14.476000,1.11331,1.11328,2250000,1100000
2019-07-26 12:33:14.731000,1.11332,1.11328,2750000,1350000
2019-07-26 12:33:14.833000,1.11332,1.11328,1000000,3260000
2019-07-26 12:33:14.885000,1.11332,1.11329,1000000,1500000
2019-07-26 12:33:14.987000,1.11333,1.11329,3750000,1260000
2019-07-26 12:33:15.178000,1.11332,1.11329,1000000,1940000
2019-07-26 12:33:15.280000,1.11333,1.11332,1000000,1000000
2019-07-26 12:33:15.331000,1.11335,1.11332,1950000,2810000
2019-07-26 12:33:15.433000,1.11337,1.11332,9760000,1560000
2019-07-26 12:33:16.240000,1.11335,1.11332,1120000,1120000
2019-07-26 12:33:16.347000,1.11335,1.11331,5120000,4500000
2019-07-26 12:33:16.450000,1.11334,1.1133,1390000,4310000
2019-07-26 12:33:16.552000,1.11334,1.1133,7000000,1120000
2019-07-26 12:33:17.386000,1.11333,1.11328,1310000,10190000
2019-07-26 12:33:17.488000,1.11332,1.11328,1000000,6350000
2019-07-26 12:33:17.853000,1.11331,1.11327,1500000,10320000
2019-07-26 12:33:18.006000,1.11332,1.11328,3750000,1310000
2019-07-26 12:33:18.160000,1.11333,1.11327,7310000,13010000
2019-07-26 12:33:18.262000,1.11332,1.11329,1000000,1120000
2019-07-26 12:33:18.376000,1.11333,1.11329,7120000,1120000
