time,ask,bid,ask_volume,bid_volume
2022-12-01 13:25:00.042000,1.04723,1.04718,3600000,900000
2022-12-01 13:25:00.245000,1.04725,1.04719,3680000,4500000
2022-12-01 13:25:00.347000,1.04723,1.0472,120000,4500000
2022-12-01 13:25:00.449000,1.04723,1.04717,3600000,4580000
2022-12-01 13:25:00.878000,1.04719,1.04715,5040000,5110000
2022-12-01 13:25:00.980000,1.04718,1.04715,2240000,7580000
2022-12-01 13:25:01.441000,1.0472,1.04714,5040000,3830000
2022-12-01 13:25:02.012000,1.0472,1.04715,5400000,230000
2022-12-01 13:25:02.114000,1.04721,1.04715,3600000,4370000
2022-12-01 13:25:02.567000,1.04719,1.04714,440000,7360000
2022-12-01 13:25:02.669000,1.04718,1.04712,4580000,9160000
2022-12-01 13:25:02.822000,1.04719,1.04716,6770000,120000
2022-12-01 13:25:02.924000,1.04721,1.04716,3600000,540000
2022-12-01 13:25:03.286000,1.04722,1.04716,3600000,3680000
2022-12-01 13:25:03.400000,1.04721,1.04716,3600000,120000
2022-12-01 13:25:03.716000,1.04722,1.04718,5040000,3600000
2022-12-01 13:25:04.671000,1.04722,1.04716,3600000,5040000
2022-12-01 13:25:04.901000,1.04723,1.04717,4580000,3600000
2022-12-01 13:25:05.104000,1.04722,1.04716,3600000,5040000
2022-12-01 13:25:05.810000,1.04723,1.04717,4580000,3600000
2022-12-01 13:25:08.124000,1.04724,1.0472,3140000,120000
2022-12-01 13:25:08.226000,1.04726,1.04722,120000,3600000
2022-12-01 13:25:08.551000,1.04726,1.04721,120000,4140000
2022-12-01 13:25:09.274000,1.04728,1.04722,4500000,3600000
2022-12-01 13:25:09.325000,1.04729,1.04727,900000,440000
2022-12-01 13:25:09.427000,1.04731,1.04726,4610000,4140000
2022-12-01 13:25:09.656000,1.0473,1.04726,120000,3600000
2022-12-01 13:25:09.708000,1.04728,1.04724,3680000,900000
2022-12-01 13:25:09.810000,1.04728,1.04723,4580000,120000
2022-12-01 13:25:10.158000,1.04729,1.04727,1340000,3680000
2022-12-01 13:25:10.260000,1.04731,1.04726,120000,3680000
2022-12-01 13:25:10.808000,1.04732,1.04726,4580000,4140000
2022-12-01 13:25:11.547000,1.04732,1.04727,900000,3680000
2022-12-01 13:25:11.598000,1.04734,1.04731,3600000,540000
2022-12-01 13:25:11.700000,1.04736,1.04731,9000000,120000
2022-12-01 13:25:11.803000,1.04734,1.04729,3600000,120000
2022-12-01 13:25:11.932000,1.04735,1.04729,3600000,4140000
2022-12-01 13:25:12.034000,1.04734,1.04729,120000,3600000
2022-12-01 13:25:12.140000,1.04734,1.04728,3680000,3680000
2022-12-01 13:25:12.308000,1.04733,1.04728,120000,3600000
2022-12-01 13:25:12.460000,1.04733,1.04727,5480000,3680000
2022-12-01 13:25:12.765000,1.04732,1.04727,3600000,120000
2022-12-01 13:25:12.996000,1.04733,1.04728,120000,3600000
2022-12-01 13:25:13.301000,1.04733,1.04727,3680000,3680000
2022-12-01 13:25:13.562000,1.04736,1.04731,4500000,120000
2022-12-01 13:25:13.664000,1.04737,1.04731,4140000,4140000
2022-12-01 13:25:14.171000,1.04737,1.04732,540000,3600000
2022-12-01 13:25:14.718000,1.04736,1.04732,4140000,4140000
2022-12-01 13:25:14.925000,1.04737,1.04732,120000,4040000
2022-12-01 13:25:15.427000,1.04738,1.04732,4940000,4040000
2022-12-01 13:25:15.529000,1.04737,1.04732,440000,3600000
2022-12-01 13:25:15.681000,1.04738,1.04732,4940000,4040000
2022-12-01 13:25:15.783000,1.04737,1.04732,440000,3600000
2022-12-01 13:25:15.885000,1.04738,1.04732,4940000,4040000
2022-12-01 13:25:15.987000,1.04738,1.04733,440000,3600000
2022-12-01 13:25:16.273000,1.04738,1.04732,4040000,4040000
2022-12-01 13:25:16.395000,1.04737,1.04732,540000,3600000
2022-12-01 13:25:18.371000,1.04737,1.04731,4140000,4580000
2022-12-01 13:25:18.509000,1.04737,1.04732,540000,3600000
2022-12-01 13:25:18.611000,1.04737,1.04731,4140000,4580000
2022-12-01 13:25:18.727000,1.04736,1.04733,540000,3600000
2022-12-01 13:25:19.121000,1.04738,1.04732,4040000,4040000
2022-12-01 13:25:19.223000,1.04737,1.04732,440000,3600000
2022-12-01 13:25:19.866000,1.04737,1.04734,440000,3600000
2022-12-01 13:25:20.144000,1.04738,1.04732,4040000,4040000
2022-12-01 13:25:20.471000,1.04738,1.04733,440000,3600000
2022-12-01 13:25:20.741000,1.04737,1.04733,4040000,4040000
2022-12-01 13:25:21.029000,1.04738,1.04733,440000,3600000
2022-12-01 13:25:21.402000,1.04741,1.04739,5420000,120000
2022-12-01 13:25:21.454000,1.04744,1.0474,9020000,4370000
2022-12-01 13:25:21.505000,1.04747,1.04744,980000,230000
2022-12-01 13:25:21.556000,1.04746,1.04742,1440000,3600000
2022-12-01 13:25:21.608000,1.04742,1.04741,1340000,8260000
2022-12-01 13:25:21.710000,1.04742,1.04738,120000,4500000
2022-12-01 13:25:21.811000,1.04742,1.04737,120000,4140000
2022-12-01 13:25:21.969000,1.04739,1.04736,4500000,3760000
2022-12-01 13:25:22.020000,1.04739,1.04733,4940000,4580000
2022-12-01 13:25:22.173000,1.04738,1.04733,900000,3600000
2022-12-01 13:25:22.275000,1.04738,1.04732,4500000,5940000
2022-12-01 13:25:22.478000,1.04737,1.04732,900000,3600000
2022-12-01 13:25:22.580000,1.04737,1.04731,4500000,4140000
2022-12-01 13:25:22.737000,1.04737,1.04732,900000,3600000
2022-12-01 13:25:24.710000,1.04737,1.04733,900000,3600000
2022-12-01 13:25:24.962000,1.04737,1.04732,900000,4140000
2022-12-01 13:25:26.294000,1.04738,1.04732,4940000,4140000
2022-12-01 13:25:26.866000,1.04733,1.0473,540000,8260000
2022-12-01 13:25:26.968000,1.04733,1.04728,120000,4140000
2022-12-01 13:25:27.070000,1.04734,1.04728,4940000,4940000
2022-12-01 13:25:27.553000,1.04734,1.04729,4500000,440000
2022-12-01 13:25:30.023000,1.04735,1.04729,4040000,4040000
2022-12-01 13:25:30.640000,1.04737,1.04733,900000,4040000
2022-12-01 13:25:31.046000,1.04738,1.04733,440000,3600000
2022-12-01 13:25:31.148000,1.04742,1.04737,9060000,540000
2022-12-01 13:25:31.301000,1.04742,1.04738,5040000,4580000
2022-12-01 13:25:31.912000,1.04741,1.04738,900000,4140000
2022-12-01 13:25:33.276000,1.04741,1.04737,440000,120000
2022-12-01 13:25:33.378000,1.04742,1.04737,4140000,120000
2022-12-01 13:25:33.497000,1.04741,1.04737,3600000,120000
2022-12-01 13:25:33.598000,1.04741,1.04738,3680000,120000
2022-12-01 13:25:34.404000,1.04741,1.04736,120000,4140000
2022-12-01 13:25:34.506000,1.04736,1.04733,120000,3600000
2022-12-01 13:25:34.557000,1.04733,1.0473,540000,5400000
2022-12-01 13:25:34.811000,1.04732,1.04729,540000,3600000
2022-12-01 13:25:35.325000,1.04732,1.04728,440000,3600000
2022-12-01 13:25:35.427000,1.04732,1.04729,540000,3600000
2022-12-01 13:25:35.920000,1.04731,1.04727,440000,3680000
2022-12-01 13:25:36.262000,1.04732,1.04727,6860000,3680000
2022-12-01 13:25:36.415000,1.04731,1.04727,120000,3680000
2022-12-01 13:25:36.567000,1.04732,1.04727,2340000,3680000
2022-12-01 13:25:36.720000,1.04733,1.04728,4040000,120000
2022-12-01 13:25:36.822000,1.04734,1.04729,440000,4140000
2022-12-01 13:25:37.626000,1.04734,1.0473,540000,3600000
2022-12-01 13:25:37.940000,1.04735,1.0473,1440000,3600000
2022-12-01 13:25:38.092000,1.04735,1.04729,5040000,4140000
2022-12-01 13:25:38.264000,1.04734,1.04729,3600000,540000
2022-12-01 13:25:38.366000,1.04735,1.04729,5040000,4140000
2022-12-01 13:25:38.680000,1.04735,1.0473,1440000,3600000
2022-12-01 13:25:38.782000,1.04737,1.04733,4970000,3600000
2022-12-01 13:25:38.884000,1.04739,1.04733,5040000,4140000
2022-12-01 13:25:38.986000,1.04739,1.04734,1440000,3600000
2022-12-01 13:25:39.138000,1.04739,1.04733,5040000,4140000
2022-12-01 13:25:39.493000,1.04739,1.04734,1440000,3600000
2022-12-01 13:25:39.595000,1.04739,1.04733,4940000,4140000
2022-12-01 13:25:39.984000,1.04738,1.04733,440000,3680000
2022-12-01 13:25:40.371000,1.04739,1.04734,1340000,3600000
2022-12-01 13:25:41.808000,1.0474,1.04734,5040000,4040000
2022-12-01 13:25:41.961000,1.04739,1.04734,3600000,540000
2022-12-01 13:25:42.164000,1.04739,1.04733,4040000,4140000
2022-12-01 13:25:42.657000,1.04739,1.04734,440000,3600000
2022-12-01 13:25:42.759000,1.04741,1.04738,900000,4140000
2022-12-01 13:25:42.811000,1.04749,1.04743,5040000,4730000
2022-12-01 13:25:42.862000,1.04745,1.04743,4500000,440000
2022-12-01 13:25:42.964000,1.0475,1.04745,5870000,3600000
2022-12-01 13:25:43.015000,1.04748,1.04744,440000,900000
2022-12-01 13:25:43.067000,1.04747,1.04743,4040000,4140000
2022-12-01 13:25:43.169000,1.04748,1.04744,3600000,120000
2022-12-01 13:25:43.372000,1.04748,1.04743,4500000,540000
2022-12-01 13:25:43.549000,1.04747,1.04742,1340000,4140000
2022-12-01 13:25:43.848000,1.04744,1.04741,1440000,3600000
2022-12-01 13:25:43.951000,1.04741,1.04738,440000,4500000
2022-12-01 13:25:44.053000,1.04742,1.04737,3600000,540000
2022-12-01 13:25:44.155000,1.04743,1.04737,4940000,4140000
2022-12-01 13:25:44.257000,1.04744,1.04738,4940000,4580000
2022-12-01 13:25:44.460000,1.04743,1.04738,440000,3600000
2022-12-01 13:25:44.562000,1.04742,1.04737,1340000,4140000
2022-12-01 13:25:46.017000,1.04739,1.04734,440000,9610000
2022-12-01 13:25:46.120000,1.04738,1.04734,440000,3600000
2022-12-01 13:25:46.221000,1.04738,1.04733,440000,4040000
2022-12-01 13:25:46.374000,1.04737,1.04733,440000,3600000
2022-12-01 13:25:46.476000,1.04737,1.04732,440000,3780000
2022-12-01 13:25:46.629000,1.04738,1.04733,440000,3600000
2022-12-01 13:25:46.933000,1.04738,1.04732,4040000,4220000
2022-12-01 13:25:47.035000,1.04738,1.04733,440000,3600000
2022-12-01 13:25:48.125000,1.04738,1.04732,4040000,4220000
2022-12-01 13:25:48.227000,1.04738,1.04733,440000,3600000
2022-12-01 13:25:48.328000,1.04739,1.04733,5940000,3600000
2022-12-01 13:25:48.503000,1.04738,1.04733,440000,3600000
2022-12-01 13:25:49.795000,1.04739,1.04733,5940000,3600000
2022-12-01 13:25:50.002000,1.04738,1.04733,440000,3600000
2022-12-01 13:25:50.104000,1.04738,1.04734,7280000,3600000
2022-12-01 13:25:50.413000,1.04738,1.04733,440000,3680000
2022-12-01 13:25:51.112000,1.0474,1.04735,3600000,540000
2022-12-01 13:25:51.214000,1.04742,1.04736,4940000,4140000
2022-12-01 13:25:51.480000,1.04741,1.04736,3600000,540000
2022-12-01 13:25:51.582000,1.04742,1.04736,4040000,4140000
2022-12-01 13:25:51.734000,1.04741,1.04736,3600000,540000
2022-12-01 13:25:51.786000,1.04743,1.0474,900000,120000
2022-12-01 13:25:51.888000,1.04744,1.04742,900000,4140000
2022-12-01 13:25:51.939000,1.04747,1.04741,9460000,4140000
2022-12-01 13:25:51.990000,1.04745,1.0474,900000,8800000
2022-12-01 13:25:53.337000,1.04745,1.04741,900000,120000
2022-12-01 13:25:53.461000,1.04745,1.04743,900000,3600000
2022-12-01 13:25:53.664000,1.04746,1.04741,900000,4140000
2022-12-01 13:25:53.855000,1.04746,1.04742,900000,3600000
2022-12-01 13:25:53.960000,1.04748,1.04743,4040000,120000
2022-12-01 13:25:54.062000,1.04748,1.04742,4940000,4580000
2022-12-01 13:25:54.164000,1.04747,1.04742,4500000,980000
2022-12-01 13:25:55.506000,1.04747,1.04741,4940000,4140000
2022-12-01 13:25:56.098000,1.04747,1.04742,900000,4140000
2022-12-01 13:25:56.500000,1.04746,1.04744,1340000,120000
2022-12-01 13:25:56.551000,1.04749,1.04746,4500000,900000
2022-12-01 13:25:56.653000,1.04748,1.04742,4940000,7900000
2022-12-01 13:25:57.488000,1.04747,1.04742,900000,4140000
2022-12-01 13:25:57.729000,1.04744,1.0474,440000,4500000
2022-12-01 13:25:57.831000,1.04744,1.04739,1340000,4140000
2022-12-01 13:25:58.085000,1.04744,1.0474,3600000,120000
2022-12-01 13:25:58.187000,1.04745,1.0474,1340000,4140000
2022-12-01 13:25:58.831000,1.04747,1.04742,4520000,3680000
2022-12-01 13:25:59.035000,1.04746,1.04742,4940000,4580000
2022-12-01 13:25:59.137000,1.04746,1.04743,4940000,120000
2022-12-01 13:25:59.975000,1.04747,1.04741,5040000,5480000
2022-12-01 13:26:00.077000,1.04747,1.04742,1440000,3600000
2022-12-01 13:26:00.610000,1.04748,1.04742,5040000,4810000
2022-12-01 13:26:00.915000,1.04747,1.04744,5040000,3760000
2022-12-01 13:26:01.118000,1.04748,1.04742,5040000,7900000
2022-12-01 13:26:01.390000,1.04748,1.04743,5040000,3760000
2022-12-01 13:26:01.831000,1.04748,1.04742,5040000,4370000
2022-12-01 13:26:02.696000,1.04748,1.04743,1440000,3600000
2022-12-01 13:26:03.117000,1.04749,1.04744,440000,5040000
2022-12-01 13:26:03.320000,1.04749,1.04743,5040000,4140000
2022-12-01 13:26:03.481000,1.04749,1.04744,4940000,120000
2022-12-01 13:26:03.755000,1.04747,1.04742,440000,7900000
2022-12-01 13:26:03.857000,1.04745,1.04741,1340000,3760000
2022-12-01 13:26:03.960000,1.04746,1.04742,900000,3680000
2022-12-01 13:26:04.450000,1.04746,1.04741,900000,4140000
2022-12-01 13:26:06.048000,1.04744,1.04741,900000,3600000
2022-12-01 13:26:06.131000,1.04738,1.04737,540000,4960000
2022-12-01 13:26:06.183000,1.04736,1.04732,4140000,1880000
2022-12-01 13:26:06.286000,1.04737,1.04732,1340000,7540000
2022-12-01 13:26:06.388000,1.04737,1.04733,440000,3600000
2022-12-01 13:26:06.591000,1.04738,1.04732,5040000,4220000
2022-12-01 13:26:06.693000,1.04738,1.04733,1340000,4140000
2022-12-01 13:26:07.173000,1.0474,1.04736,3600000,900000
2022-12-01 13:26:08.007000,1.04741,1.04736,3600000,1440000
2022-12-01 13:26:08.109000,1.04743,1.04739,440000,3600000
2022-12-01 13:26:08.363000,1.04745,1.0474,3600000,540000
2022-12-01 13:26:08.465000,1.04743,1.04739,4140000,440000
2022-12-01 13:26:08.823000,1.04743,1.04738,4140000,900000
2022-12-01 13:26:08.925000,1.04743,1.04737,4140000,8800000
2022-12-01 13:26:09.056000,1.04742,1.04737,3600000,5200000
2022-12-01 13:26:09.159000,1.04743,1.04737,4140000,8800000
2022-12-01 13:26:09.665000,1.04742,1.04737,4140000,3760000
2022-12-01 13:26:10.030000,1.04743,1.04737,5040000,5040000
2022-12-01 13:26:10.132000,1.04743,1.04738,4940000,120000
2022-12-01 13:26:10.582000,1.04744,1.04738,5040000,4140000
2022-12-01 13:26:11.007000,1.04744,1.04739,1440000,3600000
2022-12-01 13:26:11.541000,1.04742,1.04739,670000,3600000
2022-12-01 13:26:11.642000,1.04743,1.04737,4140000,7900000
2022-12-01 13:26:11.898000,1.04743,1.04738,3680000,440000
2022-12-01 13:26:12.085000,1.04744,1.04738,10010000,4140000
2022-12-01 13:26:12.187000,1.04744,1.04739,1440000,3600000
2022-12-01 13:26:12.289000,1.04743,1.04738,4040000,120000
2022-12-01 13:26:12.391000,1.04745,1.0474,440000,3600000
2022-12-01 13:26:12.493000,1.04746,1.04741,900000,4140000
2022-12-01 13:26:12.595000,1.04747,1.04742,440000,3680000
2022-12-01 13:26:12.798000,1.04747,1.04743,5840000,4140000
2022-12-01 13:26:13.968000,1.04747,1.04742,900000,4040000
2022-12-01 13:26:16.152000,1.04748,1.04742,4940000,4140000
2022-12-01 13:26:18.651000,1.04749,1.04745,4520000,1880000
2022-12-01 13:26:18.753000,1.04751,1.04745,7070000,9250000
2022-12-01 13:26:18.805000,1.04751,1.04747,3470000,3600000
2022-12-01 13:26:18.856000,1.0475,1.04745,900000,7900000
2022-12-01 13:26:19.337000,1.04749,1.04744,5040000,3760000
2022-12-01 13:26:19.439000,1.04749,1.04743,5040000,7900000
2022-12-01 13:26:19.541000,1.04748,1.04743,120000,7810000
2022-12-01 13:26:19.643000,1.04748,1.04744,5040000,4140000
2022-12-01 13:26:19.917000,1.04748,1.04743,3600000,540000
2022-12-01 13:26:20.019000,1.04749,1.04743,5040000,4140000
2022-12-01 13:26:20.239000,1.04748,1.04743,3600000,540000
2022-12-01 13:26:20.500000,1.04749,1.04743,5040000,4140000
2022-12-01 13:26:20.724000,1.0475,1.04746,440000,120000
2022-12-01 13:26:20.826000,1.04751,1.04746,4970000,4580000
2022-12-01 13:26:21.289000,1.04753,1.04749,4520000,980000
2022-12-01 13:26:21.391000,1.04757,1.04753,4500000,3600000
2022-12-01 13:26:21.544000,1.04758,1.04753,440000,3600000
2022-12-01 13:26:21.646000,1.04761,1.04756,1340000,3680000
2022-12-01 13:26:21.748000,1.04762,1.04756,9900000,4140000
2022-12-01 13:26:22.209000,1.04761,1.04758,900000,3600000
2022-12-01 13:26:22.311000,1.04761,1.04757,4500000,4580000
2022-12-01 13:26:22.479000,1.04762,1.04757,900000,3600000
2022-12-01 13:26:22.581000,1.04762,1.04756,4500000,4580000
2022-12-01 13:26:22.784000,1.04762,1.04757,900000,3600000
2022-12-01 13:26:22.936000,1.04762,1.04756,4500000,5480000
2022-12-01 13:26:23.038000,1.04762,1.04757,4500000,120000
2022-12-01 13:26:23.140000,1.04764,1.0476,440000,3600000
2022-12-01 13:26:23.242000,1.04763,1.04759,440000,7360000
2022-12-01 13:26:23.293000,1.04759,1.04756,1440000,3600000
2022-12-01 13:26:23.395000,1.04757,1.04751,5040000,7360000
2022-12-01 13:26:23.497000,1.04756,1.0475,4140000,3600000
2022-12-01 13:26:23.599000,1.04755,1.04749,3600000,5040000
2022-12-01 13:26:23.701000,1.04754,1.04751,440000,3600000
2022-12-01 13:26:23.821000,1.04756,1.0475,4140000,3600000
2022-12-01 13:26:23.982000,1.04755,1.04749,3600000,4140000
2022-12-01 13:26:24.166000,1.04755,1.0475,440000,3600000
2022-12-01 13:26:24.295000,1.04755,1.04749,4040000,3680000
2022-12-01 13:26:24.551000,1.04755,1.0475,440000,3600000
2022-12-01 13:26:24.653000,1.04755,1.04749,4040000,4140000
2022-12-01 13:26:25.666000,1.04753,1.04748,440000,3680000
2022-12-01 13:26:25.773000,1.04754,1.04748,4500000,4140000
2022-12-01 13:26:25.926000,1.04753,1.04748,4040000,3850000
2022-12-01 13:26:26.028000,1.04752,1.04748,4040000,3760000
2022-12-01 13:26:26.130000,1.04752,1.04747,440000,4040000
2022-12-01 13:26:27.807000,1.04752,1.04748,440000,3600000
2022-12-01 13:26:28.457000,1.04753,1.04748,440000,3600000
2022-12-01 13:26:28.882000,1.04753,1.04749,440000,900000
2022-12-01 13:26:29.294000,1.04753,1.04748,440000,4500000
2022-12-01 13:26:30.666000,1.04754,1.04749,5840000,900000
2022-12-01 13:26:30.768000,1.04753,1.04748,440000,4500000
2022-12-01 13:26:31.827000,1.04754,1.04749,440000,3680000
2022-12-01 13:26:31.929000,1.04753,1.04748,440000,7360000
2022-12-01 13:26:33.785000,1.04751,1.04747,120000,3600000
2022-12-01 13:26:33.837000,1.04747,1.04745,440000,1340000
2022-12-01 13:26:33.972000,1.04747,1.04743,440000,4500000
2022-12-01 13:26:34.074000,1.04748,1.04742,4040000,5040000
2022-12-01 13:26:34.176000,1.04748,1.04743,440000,3600000
2022-12-01 13:26:34.279000,1.04748,1.04742,4040000,4140000
2022-12-01 13:26:34.908000,1.04748,1.04743,440000,3680000
2022-12-01 13:26:35.213000,1.04749,1.04743,4040000,4140000
2022-12-01 13:26:35.623000,1.04748,1.04743,440000,3680000
2022-12-01 13:26:35.776000,1.04749,1.04743,4040000,4140000
2022-12-01 13:26:36.228000,1.04744,1.04743,1340000,230000
2022-12-01 13:26:36.330000,1.04744,1.0474,440000,8330000
2022-12-01 13:26:36.483000,1.04743,1.0474,440000,3600000
2022-12-01 13:26:36.963000,1.04744,1.0474,440000,3600000
2022-12-01 13:26:37.217000,1.04745,1.0474,440000,3600000
2022-12-01 13:26:37.370000,1.04746,1.04741,3600000,540000
2022-12-01 13:26:37.472000,1.04746,1.04743,3600000,440000
2022-12-01 13:26:37.726000,1.04747,1.04744,3600000,3850000
2022-12-01 13:26:37.828000,1.04749,1.04744,440000,7450000
2022-12-01 13:26:37.930000,1.04749,1.04745,4040000,7900000
2022-12-01 13:26:38.068000,1.04749,1.04746,4040000,120000
2022-12-01 13:26:38.375000,1.04751,1.04746,900000,3600000
2022-12-01 13:26:38.527000,1.04751,1.04745,4500000,4140000
2022-12-01 13:26:38.860000,1.04751,1.04747,5040000,3600000
2022-12-01 13:26:39.299000,1.04751,1.04746,440000,3600000
2022-12-01 13:26:39.580000,1.0475,1.04745,3600000,540000
2022-12-01 13:26:39.935000,1.04749,1.04745,3600000,4140000
2022-12-01 13:26:40.670000,1.0475,1.04746,440000,3600000
2022-12-01 13:26:40.772000,1.0475,1.04744,4040000,4140000
2022-12-01 13:26:40.975000,1.04751,1.04746,1340000,3600000
2022-12-01 13:26:41.027000,1.0475,1.04744,3600000,4140000
2022-12-01 13:26:41.165000,1.0475,1.04745,3600000,440000
2022-12-01 13:26:41.267000,1.0475,1.04744,4040000,4140000
2022-12-01 13:26:41.979000,1.04748,1.04742,4040000,7900000
2022-12-01 13:26:42.486000,1.04745,1.0474,440000,8350000
2022-12-01 13:26:42.588000,1.04746,1.0474,4940000,7900000
2022-12-01 13:26:42.721000,1.04745,1.04742,440000,3680000
2022-12-01 13:26:43.133000,1.04746,1.0474,4040000,3680000
2022-12-01 13:26:43.539000,1.04746,1.04741,4040000,120000
2022-12-01 13:26:43.949000,1.04746,1.0474,4040000,4140000
2022-12-01 13:26:44.253000,1.04745,1.04742,4040000,120000
2022-12-01 13:26:44.558000,1.04748,1.04742,4500000,4040000
2022-12-01 13:26:44.778000,1.04747,1.04742,440000,3600000
2022-12-01 13:26:45.111000,1.04748,1.04742,4140000,4040000
2022-12-01 13:26:45.381000,1.04747,1.04742,440000,3600000
2022-12-01 13:26:45.534000,1.04748,1.04742,4140000,4040000
2022-12-01 13:26:45.788000,1.04747,1.04742,3600000,440000
2022-12-01 13:26:45.889000,1.04747,1.04743,4140000,4040000
2022-12-01 13:26:46.459000,1.04747,1.04742,440000,4040000
2022-12-01 13:26:47.405000,1.04748,1.04742,4040000,4140000
2022-12-01 13:26:47.507000,1.04747,1.04742,440000,4140000
2022-12-01 13:26:48.675000,1.04747,1.04743,4040000,3680000
2022-12-01 13:26:48.777000,1.04747,1.04742,440000,3680000
2022-12-01 13:26:49.599000,1.04748,1.04742,4140000,3600000
2022-12-01 13:26:50.364000,1.04748,1.04743,4040000,120000
2022-12-01 13:26:50.465000,1.04748,1.04742,4040000,3680000
2022-12-01 13:26:52.889000,1.04748,1.04743,4040000,120000
2022-12-01 13:26:52.992000,1.04747,1.04742,440000,3600000
2022-12-01 13:26:54.742000,1.04747,1.04741,4370000,3680000
2022-12-01 13:26:54.794000,1.04745,1.0474,440000,4580000
2022-12-01 13:26:54.947000,1.04744,1.0474,900000,3600000
2022-12-01 13:26:55.049000,1.04742,1.04737,4370000,1340000
2022-12-01 13:26:55.201000,1.04742,1.04736,4140000,7450000
2022-12-01 13:26:55.303000,1.04742,1.04737,540000,7360000
2022-12-01 13:26:55.597000,1.04742,1.04736,4140000,3680000
2022-12-01 13:26:55.962000,1.04742,1.04737,540000,3600000
2022-12-01 13:26:56.326000,1.04742,1.04736,4140000,3680000
2022-12-01 13:26:57.487000,1.04739,1.04735,900000,900000
2022-12-01 13:26:57.589000,1.04739,1.04734,3140000,3680000
2022-12-01 13:26:58.045000,1.04739,1.04735,130000,120000
2022-12-01 13:26:59.326000,1.04741,1.04737,3680000,3680000
2022-12-01 13:26:59.428000,1.04742,1.04737,120000,3600000
2022-12-01 13:26:59.530000,1.04742,1.04736,3680000,3680000
2022-12-01 13:26:59.632000,1.04741,1.04736,440000,3680000
2022-12-01 13:26:59.734000,1.04742,1.04736,4140000,3680000
2022-12-01 13:27:00.117000,1.0474,1.04735,440000,8350000
2022-12-01 13:27:00.372000,1.04742,1.04737,540000,3600000
2022-12-01 13:27:00.525000,1.04742,1.04736,4140000,3680000
2022-12-01 13:27:00.677000,1.04741,1.04736,440000,3680000
2022-12-01 13:27:00.779000,1.04742,1.04736,4140000,3680000
2022-12-01 13:27:00.881000,1.04741,1.04736,4040000,120000
2022-12-01 13:27:00.983000,1.0474,1.04735,4040000,120000
2022-12-01 13:27:01.288000,1.04736,1.04733,120000,8710000
2022-12-01 13:27:01.390000,1.04735,1.04732,4140000,3760000
2022-12-01 13:27:01.492000,1.04735,1.0473,4370000,120000
2022-12-01 13:27:01.697000,1.04734,1.04729,120000,6380000
2022-12-01 13:27:01.799000,1.04735,1.0473,4580000,120000
2022-12-01 13:27:02.238000,1.04734,1.04732,3600000,120000
2022-12-01 13:27:02.340000,1.04734,1.04731,540000,3680000
2022-12-01 13:27:03.128000,1.04735,1.04731,120000,3600000
2022-12-01 13:27:03.229000,1.04735,1.0473,120000,3680000
2022-12-01 13:27:03.586000,1.04736,1.04731,3680000,120000
2022-12-01 13:27:03.688000,1.04737,1.04732,440000,3600000
2022-12-01 13:27:04.661000,1.04737,1.04731,4040000,4140000
2022-12-01 13:27:04.763000,1.04736,1.04731,3680000,120000
2022-12-01 13:27:05.038000,1.04736,1.04732,120000,3600000
2022-12-01 13:27:05.191000,1.04738,1.04732,4140000,3600000
2022-12-01 13:27:05.293000,1.04736,1.04731,120000,4140000
2022-12-01 13:27:05.823000,1.04736,1.04732,120000,3600000
2022-12-01 13:27:05.975000,1.04736,1.04733,120000,3600000
2022-12-01 13:27:06.279000,1.04736,1.04732,120000,3600000
2022-12-01 13:27:07.569000,1.04737,1.04732,540000,4580000
2022-12-01 13:27:07.670000,1.04737,1.04733,540000,3600000
2022-12-01 13:27:08.113000,1.04737,1.04732,120000,3680000
2022-12-01 13:27:08.367000,1.04738,1.04734,4040000,120000
2022-12-01 13:27:08.419000,1.0474,1.04735,5040000,980000
2022-12-01 13:27:08.521000,1.0474,1.04736,980000,440000
2022-12-01 13:27:08.725000,1.0474,1.04738,120000,440000
2022-12-01 13:27:08.826000,1.04742,1.04737,4580000,540000
2022-12-01 13:27:09.131000,1.04742,1.04738,4040000,4140000
2022-12-01 13:27:09.233000,1.04741,1.04738,3600000,540000
2022-12-01 13:27:09.386000,1.04743,1.04737,4040000,4140000
2022-12-01 13:27:09.585000,1.04742,1.04737,3600000,540000
2022-12-01 13:27:09.791000,1.04743,1.04737,4040000,4140000
2022-12-01 13:27:10.310000,1.04742,1.04737,3600000,540000
2022-12-01 13:27:10.412000,1.04743,1.04737,4040000,4140000
2022-12-01 13:27:10.557000,1.04742,1.04737,3600000,540000
2022-12-01 13:27:10.670000,1.04743,1.04737,4040000,4140000
2022-12-01 13:27:10.772000,1.04742,1.04737,3600000,540000
2022-12-01 13:27:11.439000,1.04743,1.04737,4040000,4140000
2022-12-01 13:27:11.541000,1.04742,1.04737,4040000,120000
2022-12-01 13:27:11.592000,1.0474,1.04735,3600000,2340000
2022-12-01 13:27:12.720000,1.04741,1.04736,4040000,120000
2022-12-01 13:27:12.975000,1.0474,1.04735,4040000,980000
2022-12-01 13:27:19.439000,1.0474,1.04736,3600000,120000
2022-12-01 13:27:19.490000,1.04742,1.04736,4140000,3680000
2022-12-01 13:27:19.693000,1.04742,1.04737,4040000,3760000
2022-12-01 13:27:19.795000,1.04742,1.04736,3600000,8350000
2022-12-01 13:27:20.038000,1.04743,1.04737,4040000,3680000
2022-12-01 13:27:20.443000,1.04742,1.04737,3600000,120000
2022-12-01 13:27:21.540000,1.04741,1.04737,3600000,120000
2022-12-01 13:27:21.641000,1.04742,1.04737,4040000,120000
2022-12-01 13:27:21.982000,1.04741,1.04737,3600000,120000
2022-12-01 13:27:22.792000,1.04742,1.04737,3600000,120000
2022-12-01 13:27:22.894000,1.04743,1.04737,4140000,3680000
2022-12-01 13:27:23.133000,1.04743,1.04738,4140000,440000
2022-12-01 13:27:23.185000,1.04745,1.04742,4520000,3680000
2022-12-01 13:27:23.338000,1.04747,1.04742,440000,3680000
2022-12-01 13:27:24.337000,1.04748,1.04742,4140000,7450000
2022-12-01 13:27:25.793000,1.0475,1.04744,9920000,3600000
2022-12-01 13:27:25.895000,1.04749,1.04743,4040000,3600000
2022-12-01 13:27:25.997000,1.04748,1.04742,3600000,3680000
2022-12-01 13:27:27.173000,1.04747,1.04742,900000,3680000
2022-12-01 13:27:27.275000,1.04742,1.0474,1440000,900000
2022-12-01 13:27:27.327000,1.04739,1.04735,4040000,950000
2022-12-01 13:27:27.429000,1.04738,1.04734,440000,4730000
2022-12-01 13:27:27.581000,1.04738,1.04733,440000,3680000
2022-12-01 13:27:29.498000,1.04738,1.04732,4940000,3680000
2022-12-01 13:27:29.852000,1.04738,1.04733,1340000,3600000
2022-12-01 13:27:30.083000,1.04738,1.04732,4940000,3680000
2022-12-01 13:27:30.412000,1.04738,1.04733,440000,3600000
2022-12-01 13:27:30.667000,1.04738,1.04732,4040000,3680000
2022-12-01 13:27:32.377000,1.04738,1.04733,440000,3680000
2022-12-01 13:27:33.061000,1.04735,1.0473,3600000,3760000
2022-12-01 13:27:33.163000,1.04736,1.0473,3600000,3680000
2022-12-01 13:27:33.316000,1.04736,1.04731,3600000,120000
2022-12-01 13:27:33.418000,1.04735,1.0473,440000,3680000
2022-12-01 13:27:35.765000,1.04736,1.0473,4040000,3680000
2022-12-01 13:27:35.924000,1.04735,1.0473,3600000,120000
2022-12-01 13:27:36.213000,1.04736,1.0473,4040000,3680000
2022-12-01 13:27:36.315000,1.04735,1.0473,4040000,120000
2022-12-01 13:27:37.058000,1.04734,1.04729,3600000,310000
2022-12-01 13:27:37.160000,1.04735,1.04729,4940000,3680000
2022-12-01 13:27:37.312000,1.04735,1.0473,4040000,120000
2022-12-01 13:27:37.414000,1.04736,1.04731,4040000,120000
2022-12-01 13:27:37.516000,1.04731,1.04729,2700000,3760000
2022-12-01 13:27:37.618000,1.04728,1.04725,3600000,4500000
2022-12-01 13:27:37.771000,1.04728,1.04722,3600000,5040000
2022-12-01 13:27:39.490000,1.04726,1.04723,3600000,120000
2022-12-01 13:27:39.987000,1.04728,1.04722,3600000,3680000
2022-12-01 13:27:42.531000,1.04725,1.04721,3600000,120000
2022-12-01 13:27:42.633000,1.04724,1.04721,4040000,120000
2022-12-01 13:27:43.090000,1.04723,1.04718,540000,3600000
2022-12-01 13:27:43.141000,1.04725,1.04719,9470000,3680000
2022-12-01 13:27:43.243000,1.04724,1.04719,440000,3680000
2022-12-01 13:27:43.976000,1.04725,1.04719,4040000,3910000
2022-12-01 13:27:44.128000,1.04726,1.04721,4520000,120000
2022-12-01 13:27:44.230000,1.04727,1.04721,8570000,120000
2022-12-01 13:27:44.383000,1.04727,1.04722,4970000,3600000
2022-12-01 13:27:44.485000,1.04726,1.04721,670000,3600000
2022-12-01 13:27:44.587000,1.04726,1.0472,4270000,3680000
2022-12-01 13:27:44.937000,1.04725,1.0472,3600000,120000
2022-12-01 13:27:45.392000,1.04724,1.04719,440000,3910000
2022-12-01 13:27:45.494000,1.04721,1.04717,440000,4660000
2022-12-01 13:27:45.596000,1.04719,1.04714,4040000,8260000
2022-12-01 13:27:45.698000,1.04719,1.04713,4040000,3680000
2022-12-01 13:27:45.952000,1.04721,1.04715,8570000,120000
2022-12-01 13:27:46.054000,1.04719,1.04713,4040000,4580000
2022-12-01 13:27:47.146000,1.04719,1.04714,440000,3600000
2022-12-01 13:27:47.403000,1.04718,1.04714,4040000,3680000
2022-12-01 13:27:47.528000,1.04719,1.04714,440000,3600000
2022-12-01 13:27:47.656000,1.04719,1.04713,4040000,3680000
2022-12-01 13:27:47.758000,1.04718,1.04713,440000,3680000
2022-12-01 13:27:48.099000,1.04716,1.04713,440000,3600000
2022-12-01 13:27:48.150000,1.04716,1.0471,4040000,7450000
2022-12-01 13:27:48.404000,1.04716,1.04711,3600000,120000
2022-12-01 13:27:48.506000,1.04716,1.04712,670000,3600000
2022-12-01 13:27:48.557000,1.04716,1.0471,4040000,3680000
2022-12-01 13:27:48.760000,1.04716,1.04711,440000,3600000
2022-12-01 13:27:48.862000,1.04716,1.0471,4040000,3680000
2022-12-01 13:27:49.255000,1.04716,1.04711,8570000,120000
2022-12-01 13:27:49.357000,1.04718,1.04712,8570000,4140000
2022-12-01 13:27:50.631000,1.04717,1.04712,3600000,540000
2022-12-01 13:27:51.058000,1.04718,1.04712,440000,540000
2022-12-01 13:27:51.174000,1.04716,1.04713,3600000,540000
2022-12-01 13:27:51.327000,1.04717,1.04713,4040000,4140000
2022-12-01 13:27:51.530000,1.04717,1.04712,440000,3600000
2022-12-01 13:27:51.632000,1.04717,1.04711,440000,4140000
2022-12-01 13:27:52.448000,1.04718,1.04713,4040000,120000
2022-12-01 13:27:52.550000,1.04721,1.04716,6790000,4140000
2022-12-01 13:27:52.753000,1.04722,1.04716,440000,4140000
2022-12-01 13:27:52.855000,1.04722,1.04717,4040000,120000
2022-12-01 13:27:53.088000,1.04721,1.04716,3600000,540000
2022-12-01 13:27:53.190000,1.04722,1.04716,4040000,4140000
2022-12-01 13:27:53.360000,1.04722,1.04719,3600000,440000
2022-12-01 13:27:53.411000,1.04724,1.04722,440000,440000
2022-12-01 13:27:53.513000,1.04727,1.04721,1340000,4140000
2022-12-01 13:27:53.678000,1.04728,1.04722,440000,540000
2022-12-01 13:27:54.521000,1.04727,1.04724,4140000,440000
2022-12-01 13:27:55.516000,1.04727,1.04722,3680000,440000
2022-12-01 13:27:57.142000,1.04722,1.0472,540000,4660000
2022-12-01 13:27:57.244000,1.04722,1.04717,120000,8560000
2022-12-01 13:27:58.383000,1.04721,1.04716,4140000,3760000
2022-12-01 13:27:58.484000,1.04721,1.04715,4140000,7900000
2022-12-01 13:27:58.586000,1.04721,1.04716,540000,3600000
2022-12-01 13:27:58.688000,1.04721,1.04715,4140000,7900000
2022-12-01 13:27:59.082000,1.04721,1.04716,540000,3600000
2022-12-01 13:27:59.568000,1.04721,1.04715,4140000,7900000
2022-12-01 13:27:59.793000,1.04721,1.04716,3600000,540000
2022-12-01 13:27:59.894000,1.04722,1.04716,4580000,7900000
2022-12-01 13:28:00.058000,1.04723,1.04718,4940000,120000
2022-12-01 13:28:00.160000,1.04724,1.0472,540000,3600000
2022-12-01 13:28:00.211000,1.04724,1.04718,540000,4140000
2022-12-01 13:28:00.262000,1.04727,1.04721,7970000,4140000
2022-12-01 13:28:00.365000,1.04728,1.04724,5040000,3600000
2022-12-01 13:28:00.466000,1.04727,1.04723,4140000,4140000
2022-12-01 13:28:00.568000,1.04726,1.04723,120000,4040000
2022-12-01 13:28:00.670000,1.04728,1.04722,4140000,4140000
2022-12-01 13:28:00.772000,1.04727,1.04722,3600000,540000
2022-12-01 13:28:00.874000,1.04728,1.04722,4140000,4140000
2022-12-01 13:28:01.275000,1.04727,1.04722,3600000,540000
2022-12-01 13:28:01.378000,1.04726,1.04721,540000,3600000
2022-12-01 13:28:01.479000,1.04725,1.0472,120000,4040000
2022-12-01 13:28:01.842000,1.04725,1.04719,4140000,8120000
2022-12-01 13:28:02.197000,1.04725,1.0472,540000,3600000
2022-12-01 13:28:02.299000,1.04725,1.04719,4140000,4370000
2022-12-01 13:28:02.758000,1.04725,1.0472,540000,3600000
2022-12-01 13:28:02.881000,1.04725,1.04719,4140000,8120000
2022-12-01 13:28:02.983000,1.04724,1.0472,540000,3760000
2022-12-01 13:28:03.085000,1.04724,1.04719,540000,3600000
2022-12-01 13:28:03.249000,1.0472,1.04716,4500000,3760000
2022-12-01 13:28:03.352000,1.04721,1.04716,2240000,3600000
2022-12-01 13:28:03.454000,1.0472,1.04715,440000,3600000
2022-12-01 13:28:03.699000,1.0472,1.04716,440000,3600000
2022-12-01 13:28:03.866000,1.04721,1.04716,440000,3600000
2022-12-01 13:28:04.219000,1.04721,1.04715,4040000,4270000
2022-12-01 13:28:04.371000,1.04721,1.04716,440000,3600000
2022-12-01 13:28:04.580000,1.04721,1.04715,4040000,4270000
2022-12-01 13:28:05.179000,1.0472,1.04714,4040000,4140000
2022-12-01 13:28:05.280000,1.0472,1.04716,440000,3600000
2022-12-01 13:28:05.332000,1.0472,1.04714,4040000,4040000
2022-12-01 13:28:05.484000,1.04719,1.04713,4040000,3680000
2022-12-01 13:28:05.738000,1.04718,1.04713,440000,3600000
2022-12-01 13:28:05.856000,1.04718,1.04714,440000,3600000
2022-12-01 13:28:05.958000,1.04719,1.04714,4040000,120000
2022-12-01 13:28:06.060000,1.0472,1.04714,4040000,3680000
2022-12-01 13:28:06.638000,1.04721,1.04715,4040000,3600000
2022-12-01 13:28:07.521000,1.04718,1.04713,440000,3760000
2022-12-01 13:28:07.624000,1.04718,1.04712,4040000,7450000
2022-12-01 13:28:07.827000,1.04717,1.04714,440000,3600000
2022-12-01 13:28:08.381000,1.04718,1.04714,4040000,3600000
2022-12-01 13:28:09.077000,1.0472,1.04714,4140000,3600000
2022-12-01 13:28:09.179000,1.04719,1.04716,4040000,120000
2022-12-01 13:28:09.281000,1.04721,1.04715,4040000,3680000
2022-12-01 13:28:09.383000,1.04723,1.04717,4140000,3600000
2022-12-01 13:28:09.660000,1.04723,1.04718,440000,3600000
2022-12-01 13:28:09.761000,1.04723,1.04717,4040000,3680000
2022-12-01 13:28:10.197000,1.04724,1.04721,120000,230000
2022-12-01 13:28:10.248000,1.04724,1.0472,4140000,120000
2022-12-01 13:28:10.350000,1.04724,1.04719,120000,3600000
2022-12-01 13:28:10.572000,1.04724,1.0472,540000,3680000
2022-12-01 13:28:10.725000,1.04728,1.04724,4500000,120000
2022-12-01 13:28:10.877000,1.0473,1.04724,540000,120000
2022-12-01 13:28:10.979000,1.04733,1.04728,1340000,120000
2022-12-01 13:28:11.081000,1.04734,1.04728,540000,3680000
2022-12-01 13:28:11.674000,1.04734,1.04729,4040000,120000
2022-12-01 13:28:11.776000,1.04734,1.04728,4140000,3680000
2022-12-01 13:28:12.030000,1.04734,1.04729,540000,3600000
2022-12-01 13:28:12.139000,1.04734,1.04728,4140000,4580000
2022-12-01 13:28:12.311000,1.04734,1.04729,540000,3600000
2022-12-01 13:28:12.413000,1.04733,1.04728,120000,3600000
2022-12-01 13:28:13.193000,1.04734,1.04728,4140000,3680000
2022-12-01 13:28:13.296000,1.04736,1.0473,4140000,3680000
2022-12-01 13:28:13.402000,1.04735,1.0473,120000,3600000
2022-12-01 13:28:13.504000,1.04734,1.04729,540000,3600000
2022-12-01 13:28:13.633000,1.04734,1.04728,4140000,3680000
2022-12-01 13:28:13.909000,1.04733,1.04728,4040000,120000
2022-12-01 13:28:14.353000,1.04733,1.0473,3600000,120000
2022-12-01 13:28:14.455000,1.04734,1.04728,4140000,3680000
2022-12-01 13:28:14.713000,1.04734,1.04729,120000,3600000
2022-12-01 13:28:14.944000,1.04734,1.04728,4140000,3680000
2022-12-01 13:28:16.127000,1.04733,1.04728,3600000,120000
2022-12-01 13:28:16.286000,1.04733,1.04727,3680000,7450000
2022-12-01 13:28:16.409000,1.04733,1.04728,120000,3600000
2022-12-01 13:28:16.524000,1.04733,1.04727,3680000,3680000
2022-12-01 13:28:16.753000,1.04733,1.04728,120000,3600000
2022-12-01 13:28:17.391000,1.04733,1.04727,4140000,3680000
2022-12-01 13:28:17.594000,1.04734,1.04728,4140000,3910000
2022-12-01 13:28:17.875000,1.04733,1.04728,440000,3680000
2022-12-01 13:28:17.977000,1.04734,1.04728,3680000,3910000
2022-12-01 13:28:18.838000,1.04734,1.04729,440000,3680000
2022-12-01 13:28:18.940000,1.04734,1.0473,4140000,3680000
2022-12-01 13:28:19.093000,1.04733,1.0473,3600000,3850000
2022-12-01 13:28:19.195000,1.04734,1.04728,3680000,8580000
2022-12-01 13:28:19.316000,1.04734,1.04729,3600000,120000
2022-12-01 13:28:19.418000,1.04735,1.04729,4140000,3680000
2022-12-01 13:28:19.538000,1.04734,1.04728,4140000,7680000
2022-12-01 13:28:20.080000,1.04733,1.0473,540000,3600000
2022-12-01 13:28:20.182000,1.04735,1.04729,4140000,3680000
2022-12-01 13:28:20.436000,1.04734,1.04729,540000,3600000
2022-12-01 13:28:20.538000,1.04734,1.04728,4140000,8580000
2022-12-01 13:28:21.094000,1.04734,1.04729,4040000,120000
2022-12-01 13:28:21.196000,1.04735,1.04729,4140000,3680000
2022-12-01 13:28:21.298000,1.04734,1.04729,4040000,120000
2022-12-01 13:28:21.400000,1.04734,1.04728,4140000,7450000
2022-12-01 13:28:23.279000,1.04735,1.04729,540000,3680000
2022-12-01 13:28:23.431000,1.04733,1.04728,120000,7360000
2022-12-01 13:28:23.688000,1.04734,1.04728,4140000,3680000
2022-12-01 13:28:23.790000,1.04733,1.04728,540000,3600000
2022-12-01 13:28:23.948000,1.04733,1.04727,4140000,4580000
2022-12-01 13:28:24.096000,1.04733,1.04728,540000,3600000
2022-12-01 13:28:25.407000,1.04733,1.0473,4040000,120000
2022-12-01 13:28:25.459000,1.04736,1.04732,4140000,4140000
2022-12-01 13:28:25.560000,1.04737,1.04732,540000,3600000
2022-12-01 13:28:25.662000,1.04737,1.04731,4140000,4140000
2022-12-01 13:28:25.893000,1.04737,1.04732,4040000,120000
2022-12-01 13:28:25.999000,1.04738,1.04732,540000,540000
2022-12-01 13:28:26.140000,1.04737,1.04732,120000,440000
2022-12-01 13:28:26.482000,1.04738,1.04732,4140000,4140000
2022-12-01 13:28:26.534000,1.04736,1.04731,3680000,440000
2022-12-01 13:28:26.635000,1.04735,1.04731,3600000,440000
2022-12-01 13:28:27.028000,1.04735,1.04729,4140000,7900000
2022-12-01 13:28:27.130000,1.04734,1.04729,440000,3680000
2022-12-01 13:28:28.879000,1.04735,1.0473,3600000,540000
2022-12-01 13:28:28.981000,1.04736,1.04731,3600000,540000
2022-12-01 13:28:29.362000,1.04732,1.04729,120000,3760000
2022-12-01 13:28:29.464000,1.04732,1.04727,120000,4040000
2022-12-01 13:28:30.326000,1.04734,1.04728,4140000,4140000
2022-12-01 13:28:30.428000,1.04733,1.04728,120000,4040000
2022-12-01 13:28:31.779000,1.04734,1.04728,4140000,4140000
2022-12-01 13:28:31.881000,1.04734,1.04729,3680000,440000
2022-12-01 13:28:32.274000,1.04734,1.04728,4140000,4140000
2022-12-01 13:28:32.937000,1.04732,1.04728,120000,3600000
2022-12-01 13:28:33.039000,1.04732,1.04727,120000,4040000
2022-12-01 13:28:33.511000,1.04731,1.04726,540000,3600000
2022-12-01 13:28:33.613000,1.04729,1.04724,3600000,4300000
2022-12-01 13:28:33.766000,1.0473,1.04725,540000,3600000
2022-12-01 13:28:34.024000,1.04729,1.04724,3600000,540000
2022-12-01 13:28:34.127000,1.04726,1.04723,310000,440000
2022-12-01 13:28:34.178000,1.04723,1.0472,310000,5450000
2022-12-01 13:28:34.280000,1.04721,1.04718,540000,440000
2022-12-01 13:28:34.382000,1.04723,1.04717,980000,540000
2022-12-01 13:28:34.484000,1.04722,1.04717,440000,120000
2022-12-01 13:28:35.177000,1.04723,1.04718,4500000,120000
2022-12-01 13:28:35.279000,1.04723,1.04717,4140000,4580000
2022-12-01 13:28:35.965000,1.04722,1.04717,3600000,120000
2022-12-01 13:28:36.313000,1.04721,1.04716,3600000,3850000
2022-12-01 13:28:36.567000,1.04721,1.04715,3680000,8350000
2022-12-01 13:28:36.669000,1.0472,1.04714,3680000,11950000
2022-12-01 13:28:36.771000,1.04721,1.04716,540000,3600000
2022-12-01 13:28:36.873000,1.04721,1.04715,4140000,3680000
2022-12-01 13:28:36.974000,1.0472,1.04715,3600000,120000
2022-12-01 13:28:37.076000,1.04721,1.04715,3680000,4580000
2022-12-01 13:28:37.128000,1.04714,1.04712,120000,440000
2022-12-01 13:28:37.230000,1.04714,1.04709,4140000,3760000
2022-12-01 13:28:37.332000,1.04714,1.04708,540000,7900000
2022-12-01 13:28:38.794000,1.04718,1.04713,5060000,3600000
2022-12-01 13:28:38.896000,1.04718,1.04712,4140000,3680000
2022-12-01 13:28:39.201000,1.04718,1.04713,120000,3600000
2022-12-01 13:28:39.370000,1.04719,1.04713,4140000,3680000
2022-12-01 13:28:39.472000,1.0472,1.04715,120000,3600000
2022-12-01 13:28:39.624000,1.04719,1.04715,3680000,3680000
2022-12-01 13:28:39.848000,1.0472,1.04715,120000,3600000
2022-12-01 13:28:40.731000,1.04722,1.04718,5990000,3680000
2022-12-01 13:28:40.833000,1.04722,1.04717,4040000,120000
2022-12-01 13:28:41.087000,1.04722,1.04716,3680000,7450000
2022-12-01 13:28:41.217000,1.04722,1.04717,3600000,120000
2022-12-01 13:28:41.268000,1.04724,1.0472,440000,3600000
2022-12-01 13:28:41.370000,1.04724,1.04719,540000,3600000
2022-12-01 13:28:41.472000,1.04724,1.04718,4140000,7450000
2022-12-01 13:28:41.575000,1.04725,1.0472,440000,3680000
2022-12-01 13:28:41.699000,1.04726,1.0472,4140000,3680000
2022-12-01 13:28:43.097000,1.04727,1.04721,4140000,3680000
2022-12-01 13:28:43.200000,1.04727,1.04722,120000,3600000
2022-12-01 13:28:43.352000,1.04727,1.04721,3680000,3680000
2022-12-01 13:28:43.774000,1.04723,1.0472,540000,4660000
2022-12-01 13:28:43.825000,1.04725,1.0472,4040000,4660000
2022-12-01 13:28:43.877000,1.04723,1.04719,540000,3600000
2022-12-01 13:28:43.979000,1.04723,1.04718,4140000,4500000
2022-12-01 13:28:44.131000,1.04722,1.04717,770000,3600000
2022-12-01 13:28:44.182000,1.04721,1.04715,3680000,4580000
2022-12-01 13:28:44.585000,1.04718,1.04716,120000,3600000
2022-12-01 13:28:44.687000,1.0472,1.04714,4370000,7360000
2022-12-01 13:28:44.941000,1.04721,1.04716,3600000,3760000
2022-12-01 13:28:45.043000,1.04719,1.04716,440000,3760000
2022-12-01 13:28:45.095000,1.04719,1.04714,900000,3600000
2022-12-01 13:28:45.349000,1.0472,1.04714,4140000,3600000
2022-12-01 13:28:46.120000,1.04719,1.04713,4370000,7360000
2022-12-01 13:28:46.222000,1.04718,1.04712,4140000,3600000
2022-12-01 13:28:46.620000,1.04716,1.0471,3600000,9700000
2022-12-01 13:28:46.823000,1.04717,1.04711,4140000,3600000
2022-12-01 13:28:46.925000,1.04716,1.0471,3600000,5480000
2022-12-01 13:28:47.026000,1.04715,1.04711,1440000,3600000
2022-12-01 13:28:47.129000,1.04711,1.04708,770000,3760000
2022-12-01 13:28:47.231000,1.0471,1.04707,770000,7360000
2022-12-01 13:28:47.332000,1.04711,1.04705,4370000,12760000
2022-12-01 13:28:47.776000,1.04709,1.04706,440000,3600000
2022-12-01 13:28:47.877000,1.04711,1.04705,5270000,4500000
2022-12-01 13:28:47.979000,1.0471,1.04705,440000,4500000
2022-12-01 13:28:48.081000,1.04711,1.04705,4810000,3600000
2022-12-01 13:28:48.284000,1.04709,1.04706,440000,4500000
2022-12-01 13:28:48.508000,1.0471,1.04706,440000,3600000
2022-12-01 13:28:48.610000,1.04709,1.04705,440000,3600000
2022-12-01 13:28:48.812000,1.04709,1.04704,440000,4140000
2022-12-01 13:28:48.914000,1.0471,1.04705,440000,3600000
2022-12-01 13:28:49.415000,1.0471,1.04704,4040000,4140000
2022-12-01 13:28:49.517000,1.0471,1.04705,440000,4500000
2022-12-01 13:28:49.812000,1.04708,1.04703,440000,4940000
2022-12-01 13:28:49.914000,1.04708,1.04702,4040000,7450000
2022-12-01 13:28:56.826000,1.04707,1.04702,3600000,440000
2022-12-01 13:28:59.075000,1.04703,1.047,120000,900000
2022-12-01 13:28:59.177000,1.04703,1.04698,540000,3600000
2022-12-01 13:28:59.282000,1.04703,1.04697,4140000,4140000
2022-12-01 13:28:59.586000,1.04703,1.04698,540000,3600000
2022-12-01 13:28:59.755000,1.04703,1.04697,4140000,4140000
2022-12-01 13:29:00.061000,1.04702,1.04697,120000,4040000
2022-12-01 13:29:00.264000,1.04701,1.04698,3600000,540000
2022-12-01 13:29:00.366000,1.04703,1.04697,4040000,5040000
2022-12-01 13:29:00.468000,1.04701,1.04698,3600000,540000
2022-12-01 13:29:00.621000,1.04701,1.04697,3600000,440000
2022-12-01 13:29:00.723000,1.04701,1.04696,3600000,540000
2022-12-01 13:29:00.825000,1.04701,1.04697,3600000,440000
2022-12-01 13:29:01.197000,1.04702,1.04697,3600000,440000
2022-12-01 13:29:01.372000,1.04701,1.04697,3600000,440000
2022-12-01 13:29:01.474000,1.04701,1.04696,3600000,120000
2022-12-01 13:29:01.930000,1.04702,1.04696,3600000,4580000
2022-12-01 13:29:02.032000,1.04701,1.04695,3600000,5480000
2022-12-01 13:29:03.201000,1.04699,1.04695,3600000,900000
2022-12-01 13:29:03.253000,1.04698,1.04692,3600000,7450000
2022-12-01 13:29:03.355000,1.04696,1.04691,3600000,4600000
2022-12-01 13:29:03.794000,1.04695,1.04691,3600000,5480000
2022-12-01 13:29:03.896000,1.04696,1.04693,3680000,120000
2022-12-01 13:29:04.100000,1.04696,1.04692,3600000,120000
2022-12-01 13:29:04.202000,1.04699,1.04695,5420000,3680000
2022-12-01 13:29:04.304000,1.04702,1.04696,3680000,3680000
2022-12-01 13:29:04.406000,1.04702,1.04697,120000,3600000
2022-12-01 13:29:04.507000,1.04702,1.04696,3680000,3680000
2022-12-01 13:29:04.559000,1.04702,1.04698,120000,3600000
2022-12-01 13:29:04.660000,1.04702,1.04696,3680000,3680000
2022-12-01 13:29:05.826000,1.04701,1.04696,3600000,120000
2022-12-01 13:29:06.188000,1.04702,1.04696,120000,3680000
2022-12-01 13:29:07.061000,1.047,1.04697,3600000,120000
2022-12-01 13:29:07.163000,1.04702,1.04696,3680000,3680000
2022-12-01 13:29:07.265000,1.04702,1.04697,3600000,120000
2022-12-01 13:29:07.366000,1.04703,1.04697,3680000,3680000
2022-12-01 13:29:07.468000,1.04704,1.04698,3680000,3680000
2022-12-01 13:29:07.570000,1.04704,1.04699,120000,3600000
2022-12-01 13:29:07.756000,1.04704,1.04698,3680000,3680000
2022-12-01 13:29:07.999000,1.04705,1.04699,3680000,3680000
2022-12-01 13:29:08.101000,1.04705,1.047,120000,4500000
2022-12-01 13:29:09.617000,1.04706,1.047,3680000,6380000
2022-12-01 13:29:09.769000,1.04706,1.04701,3680000,900000
2022-12-01 13:29:09.871000,1.04706,1.047,120000,3680000
2022-12-01 13:29:09.973000,1.04705,1.047,120000,3600000
2022-12-01 13:29:11.278000,1.04698,1.04695,540000,1800000
2022-12-01 13:29:11.383000,1.04699,1.04694,950000,9100000
2022-12-01 13:29:11.485000,1.047,1.04695,3680000,900000
2022-12-01 13:29:11.660000,1.047,1.04694,3680000,4580000
2022-12-01 13:29:11.762000,1.04699,1.04696,120000,3600000
2022-12-01 13:29:11.864000,1.04697,1.04693,980000,3600000
2022-12-01 13:29:11.915000,1.04695,1.04692,3600000,4750000
2022-12-01 13:29:12.017000,1.04697,1.04691,980000,120000
2022-12-01 13:29:12.119000,1.04696,1.04691,3600000,120000
2022-12-01 13:29:12.373000,1.04695,1.0469,120000,5400000
2022-12-01 13:29:12.475000,1.04694,1.04689,120000,3680000
2022-12-01 13:29:12.678000,1.04695,1.04689,3600000,3680000
2022-12-01 13:29:13.104000,1.04694,1.04689,3600000,120000
2022-12-01 13:29:14.066000,1.04694,1.0469,3600000,120000
2022-12-01 13:29:14.168000,1.04696,1.04691,4140000,120000
2022-12-01 13:29:14.741000,1.04698,1.04693,4140000,120000
2022-12-01 13:29:14.843000,1.04699,1.04693,3680000,3600000
2022-12-01 13:29:14.945000,1.04698,1.04692,3600000,3680000
2022-12-01 13:29:15.148000,1.04699,1.04693,4580000,3600000
2022-12-01 13:29:15.250000,1.04694,1.04691,440000,900000
2022-12-01 13:29:15.352000,1.04696,1.0469,3600000,3680000
2022-12-01 13:29:15.555000,1.04694,1.04689,120000,3680000
2022-12-01 13:29:15.657000,1.04695,1.04689,3600000,3680000
2022-12-01 13:29:15.810000,1.04694,1.04689,120000,3680000
2022-12-01 13:29:15.999000,1.04695,1.04689,3600000,3680000
2022-12-01 13:29:16.666000,1.04692,1.04688,120000,7360000
2022-12-01 13:29:16.769000,1.04685,1.04681,120000,3600000
2022-12-01 13:29:16.871000,1.04686,1.04681,3680000,3760000
2022-12-01 13:29:17.466000,1.04689,1.04684,11260000,120000
2022-12-01 13:29:17.568000,1.04689,1.04685,4500000,3600000
2022-12-01 13:29:17.670000,1.04689,1.04684,3600000,120000
2022-12-01 13:29:17.823000,1.04691,1.04685,3680000,3680000
2022-12-01 13:29:18.629000,1.04691,1.04686,120000,3600000
2022-12-01 13:29:18.680000,1.04694,1.04689,6300000,540000
2022-12-01 13:29:18.782000,1.04695,1.04689,3680000,4140000
2022-12-01 13:29:18.884000,1.04696,1.04691,1440000,3600000
2022-12-01 13:29:18.986000,1.04694,1.04691,3600000,980000
2022-12-01 13:29:19.591000,1.04693,1.0469,4580000,900000
2022-12-01 13:29:19.642000,1.04693,1.04687,980000,7360000
2022-12-01 13:29:19.744000,1.04692,1.04686,120000,3600000
2022-12-01 13:29:19.947000,1.04692,1.04687,120000,3600000
2022-12-01 13:29:20.252000,1.04692,1.04686,3680000,3600000
2022-12-01 13:29:21.779000,1.04691,1.04685,3600000,4500000
2022-12-01 13:29:21.924000,1.04693,1.04687,3680000,3680000
2022-12-01 13:29:22.049000,1.04693,1.04688,120000,4040000
2022-12-01 13:29:23.273000,1.04694,1.04689,3680000,540000
2022-12-01 13:29:23.799000,1.04691,1.04689,3680000,1340000
2022-12-01 13:29:23.901000,1.04692,1.04686,3680000,7360000
2022-12-01 13:29:24.126000,1.04691,1.04685,3680000,5400000
2022-12-01 13:29:24.178000,1.04689,1.04684,3600000,120000
2022-12-01 13:29:24.330000,1.04685,1.04682,120000,900000
2022-12-01 13:29:24.382000,1.04686,1.04683,4580000,120000
2022-12-01 13:29:24.484000,1.04687,1.04681,4580000,3600000
2022-12-01 13:29:25.118000,1.04686,1.04681,120000,3600000
2022-12-01 13:29:25.219000,1.04685,1.04681,4580000,3600000
2022-12-01 13:29:25.735000,1.04687,1.04681,4580000,3600000
2022-12-01 13:29:25.837000,1.04686,1.04681,3600000,900000
2022-12-01 13:29:25.889000,1.04688,1.04685,4520000,4580000
2022-12-01 13:29:25.991000,1.04688,1.04682,3680000,4500000
2022-12-01 13:29:26.093000,1.04689,1.04683,3600000,3680000
2022-12-01 13:29:26.195000,1.04688,1.04682,3600000,3680000
2022-12-01 13:29:26.398000,1.04687,1.04682,3600000,120000
2022-12-01 13:29:26.501000,1.04688,1.04682,3600000,3680000
2022-12-01 13:29:26.603000,1.04687,1.04684,120000,3600000
2022-12-01 13:29:27.010000,1.04687,1.04681,3600000,3680000
2022-12-01 13:29:27.568000,1.04687,1.04682,3600000,120000
2022-12-01 13:29:27.620000,1.04689,1.04683,3600000,3680000
2022-12-01 13:29:28.148000,1.0469,1.04683,120000,3680000
2022-12-01 13:29:28.250000,1.0469,1.04685,120000,3600000
2022-12-01 13:29:28.408000,1.0469,1.04684,120000,3600000
2022-12-01 13:29:28.510000,1.0469,1.04685,120000,3600000
2022-12-01 13:29:28.612000,1.04691,1.04685,3600000,3680000
2022-12-01 13:29:28.859000,1.04692,1.04686,4580000,3600000
2022-12-01 13:29:28.961000,1.04693,1.04688,120000,3600000
2022-12-01 13:29:29.063000,1.04695,1.04692,3600000,900000
2022-12-01 13:29:29.114000,1.04702,1.04699,900000,3600000
2022-12-01 13:29:29.217000,1.04701,1.04695,3680000,3680000
2022-12-01 13:29:29.319000,1.047,1.04694,3680000,3680000
2022-12-01 13:29:29.674000,1.04699,1.04694,3600000,120000
2022-12-01 13:29:29.776000,1.04697,1.04693,120000,3600000
2022-12-01 13:29:30.030000,1.04697,1.04691,120000,3680000
2022-12-01 13:29:30.081000,1.04697,1.04693,120000,3600000
2022-12-01 13:29:30.285000,1.04696,1.04693,120000,3600000
2022-12-01 13:29:31.086000,1.04699,1.04693,3680000,3600000
2022-12-01 13:29:31.289000,1.04697,1.04694,3600000,120000
2022-12-01 13:29:31.341000,1.047,1.04693,3680000,4580000
2022-12-01 13:29:31.443000,1.04701,1.04695,120000,3600000
2022-12-01 13:29:31.545000,1.04701,1.04697,3680000,3600000
2022-12-01 13:29:31.748000,1.04702,1.04697,120000,3600000
2022-12-01 13:29:31.850000,1.04703,1.04696,3680000,3680000
2022-12-01 13:29:31.952000,1.04701,1.04698,120000,3600000
2022-12-01 13:29:32.054000,1.04702,1.04696,120000,3600000
2022-12-01 13:29:32.769000,1.04703,1.04697,120000,120000
2022-12-01 13:29:32.872000,1.04705,1.047,4610000,4500000
2022-12-01 13:29:33.075000,1.04705,1.04699,3680000,4580000
2022-12-01 13:29:33.177000,1.04702,1.04699,120000,440000
2022-12-01 13:29:33.279000,1.04701,1.04695,3600000,4600000
2022-12-01 13:29:34.097000,1.04702,1.04695,120000,120000
2022-12-01 13:29:34.198000,1.04701,1.04695,3600000,120000
2022-12-01 13:29:34.314000,1.04701,1.04696,3680000,120000
2022-12-01 13:29:34.365000,1.04704,1.047,4520000,900000
2022-12-01 13:29:34.468000,1.04705,1.04701,4500000,3680000
2022-12-01 13:29:34.570000,1.04705,1.04702,4500000,3600000
2022-12-01 13:29:34.621000,1.04707,1.04703,120000,3600000
2022-12-01 13:29:34.723000,1.04708,1.04703,120000,3680000
2022-12-01 13:29:35.025000,1.04708,1.04704,120000,3600000
2022-12-01 13:29:35.127000,1.04708,1.04703,120000,3600000
2022-12-01 13:29:35.229000,1.04708,1.04702,3680000,3600000
2022-12-01 13:29:35.900000,1.04708,1.04703,3680000,3600000
2022-12-01 13:29:36.014000,1.04709,1.04703,3680000,3600000
2022-12-01 13:29:36.231000,1.04708,1.04703,120000,3600000
2022-12-01 13:29:36.909000,1.04709,1.04703,3680000,3600000
2022-12-01 13:29:37.099000,1.04708,1.04703,120000,3600000
2022-12-01 13:29:37.209000,1.04708,1.04702,120000,3600000
2022-12-01 13:29:37.311000,1.04708,1.04703,120000,3600000
2022-12-01 13:29:39.029000,1.04705,1.04703,120000,3600000
2022-12-01 13:29:39.131000,1.04702,1.047,120000,4660000
2022-12-01 13:29:39.182000,1.047,1.04698,980000,4500000
2022-12-01 13:29:39.234000,1.047,1.04696,900000,8260000
2022-12-01 13:29:39.336000,1.047,1.04697,980000,4580000
2022-12-01 13:29:39.617000,1.04699,1.04697,120000,900000
2022-12-01 13:29:39.770000,1.04695,1.0469,3680000,5400000
2022-12-01 13:29:39.872000,1.04693,1.0469,120000,4500000
2022-12-01 13:29:39.974000,1.04693,1.04687,120000,3600000
2022-12-01 13:29:40.127000,1.04692,1.04687,120000,3600000
2022-12-01 13:29:40.330000,1.04693,1.04687,3680000,3600000
2022-12-01 13:29:41.606000,1.04694,1.04688,3600000,3680000
2022-12-01 13:29:42.196000,1.04693,1.04687,3680000,3680000
2022-12-01 13:29:42.759000,1.04693,1.04688,120000,3600000
2022-12-01 13:29:42.861000,1.04692,1.04687,120000,3600000
2022-12-01 13:29:42.963000,1.04691,1.04687,120000,3600000
2022-12-01 13:29:43.065000,1.04687,1.04686,3680000,900000
2022-12-01 13:29:43.116000,1.04688,1.04684,3600000,8200000
2022-12-01 13:29:43.218000,1.04688,1.04682,3600000,4580000
2022-12-01 13:29:43.320000,1.04689,1.04683,3680000,3600000
2022-12-01 13:29:43.574000,1.04692,1.04686,900000,3680000
2022-12-01 13:29:43.676000,1.04693,1.04687,120000,3600000
2022-12-01 13:29:43.828000,1.04693,1.04688,120000,3600000
2022-12-01 13:29:44.011000,1.04694,1.04688,4580000,3600000
2022-12-01 13:29:44.113000,1.04694,1.04689,980000,3600000
2022-12-01 13:29:44.321000,1.04697,1.04691,6430000,120000
2022-12-01 13:29:44.426000,1.04696,1.04693,120000,3600000
2022-12-01 13:29:44.570000,1.04699,1.04696,120000,900000
2022-12-01 13:29:44.723000,1.047,1.04696,3680000,900000
2022-12-01 13:29:44.978000,1.04698,1.04696,140000,900000
2022-12-01 13:29:45.080000,1.04699,1.04696,120000,900000
2022-12-01 13:29:45.182000,1.04702,1.04696,3680000,900000
2022-12-01 13:29:45.350000,1.04703,1.04697,4600000,900000
2022-12-01 13:29:45.612000,1.04703,1.04696,120000,900000
2022-12-01 13:29:45.714000,1.04704,1.04696,120000,900000
2022-12-01 13:29:47.131000,1.04706,1.04698,120000,120000
2022-12-01 13:29:47.233000,1.04707,1.047,4500000,3680000
2022-12-01 13:29:47.385000,1.04708,1.047,120000,120000
2022-12-01 13:29:47.487000,1.04707,1.04699,120000,120000
2022-12-01 13:29:47.723000,1.04706,1.04698,120000,3680000
2022-12-01 13:29:48.080000,1.04705,1.04697,120000,120000
2022-12-01 13:29:48.132000,1.04707,1.04698,120000,120000
2022-12-01 13:29:48.234000,1.04708,1.04699,4600000,120000
2022-12-01 13:29:48.346000,1.04707,1.04698,120000,120000
2022-12-01 13:29:49.093000,1.04708,1.04699,120000,120000
2022-12-01 13:29:49.790000,1.04708,1.047,120000,3600000
2022-12-01 13:29:49.892000,1.04708,1.04699,120000,3680000
2022-12-01 13:29:50.095000,1.04711,1.047,3680000,120000
2022-12-01 13:29:50.147000,1.04711,1.04703,120000,3600000
2022-12-01 13:29:50.198000,1.04711,1.047,120000,3680000
2022-12-01 13:29:50.249000,1.04711,1.04702,120000,3600000
2022-12-01 13:29:50.789000,1.0471,1.04703,120000,3600000
2022-12-01 13:29:51.300000,1.0471,1.04701,120000,120000
2022-12-01 13:29:51.352000,1.0471,1.04703,120000,3600000
2022-12-01 13:29:51.487000,1.0471,1.04702,120000,3600000
2022-12-01 13:29:51.639000,1.0471,1.04701,120000,3680000
2022-12-01 13:29:51.741000,1.0471,1.04702,120000,3600000
2022-12-01 13:29:51.945000,1.04711,1.04702,120000,3600000
2022-12-01 13:29:52.046000,1.04709,1.04701,120000,3600000
2022-12-01 13:29:52.148000,1.04708,1.047,120000,8100000
2022-12-01 13:29:52.250000,1.04711,1.04703,120000,3600000
2022-12-01 13:29:52.707000,1.0471,1.04703,120000,3600000
2022-12-01 13:29:52.890000,1.04707,1.04703,120000,3600000
2022-12-01 13:29:52.992000,1.04707,1.04702,120000,3600000
2022-12-01 13:29:53.095000,1.04706,1.04702,120000,3600000
2022-12-01 13:29:53.197000,1.04706,1.04699,120000,3600000
2022-12-01 13:29:53.502000,1.04706,1.04698,120000,3600000
2022-12-01 13:29:53.655000,1.04705,1.04698,120000,3600000
2022-12-01 13:29:53.756000,1.04705,1.04697,120000,3600000
2022-12-01 13:29:54.558000,1.04705,1.04696,120000,3680000
2022-12-01 13:29:54.813000,1.04705,1.04698,3680000,3600000
2022-12-01 13:29:54.965000,1.04703,1.04698,120000,3600000
2022-12-01 13:29:55.067000,1.04702,1.04697,120000,3600000
2022-12-01 13:29:55.169000,1.04702,1.04696,120000,3600000
2022-12-01 13:29:55.271000,1.047,1.04697,120000,3600000
2022-12-01 13:29:55.417000,1.04701,1.04695,120000,3600000
2022-12-01 13:29:55.519000,1.04701,1.04693,120000,3600000
2022-12-01 13:29:56.016000,1.04704,1.04695,5400000,120000
2022-12-01 13:29:56.169000,1.04704,1.04696,4500000,120000
2022-12-01 13:29:56.220000,1.04706,1.04696,120000,120000
2022-12-01 13:29:56.321000,1.04707,1.04695,4500000,3600000
2022-12-01 13:29:56.452000,1.04707,1.04696,8100000,3600000
2022-12-01 13:29:56.953000,1.04707,1.04697,3600000,3600000
2022-12-01 13:29:57.090000,1.04708,1.04696,8100000,3600000
2022-12-01 13:29:57.235000,1.04708,1.04697,4500000,3600000
2022-12-01 13:29:57.336000,1.04707,1.04694,4500000,4500000
2022-12-01 13:29:57.605000,1.04708,1.04694,4500000,9000000
2022-12-01 13:29:57.884000,1.04707,1.04696,5400000,3600000
2022-12-01 13:29:57.986000,1.04709,1.04695,10800000,4500000
2022-12-01 13:29:58.088000,1.04709,1.04698,10800000,3600000
2022-12-01 13:29:58.240000,1.04708,1.04698,4500000,3600000
2022-12-01 13:29:59.002000,1.04709,1.04698,10800000,3600000
2022-12-01 13:29:59.205000,1.04709,1.047,4500000,5400000
2022-12-01 13:29:59.257000,1.04712,1.047,4500000,1800000
2022-12-01 13:29:59.358000,1.04712,1.04699,4500000,3600000
2022-12-01 13:29:59.536000,1.04713,1.047,4500000,3600000
2022-12-01 13:29:59.638000,1.04713,1.04699,4500000,4500000
2022-12-01 13:29:59.740000,1.04709,1.04695,4500000,8100000
2022-12-01 13:29:59.905000,1.04714,1.04693,7200000,4500000
2022-12-01 13:30:00.078000,1.04714,1.04695,7200000,900000
2022-12-01 13:30:00.179000,1.0471,1.04698,4500000,4500000
2022-12-01 13:30:00.383000,1.04711,1.04698,4500000,900000
2022-12-01 13:30:00.434000,1.04714,1.047,9900000,4500000
2022-12-01 13:30:00.485000,1.04713,1.04702,3600000,3600000
2022-12-01 13:30:00.901000,1.04713,1.04704,1800000,3600000
2022-12-01 13:30:01.013000,1.04714,1.04702,9900000,8260000
2022-12-01 13:30:01.114000,1.04714,1.04701,9900000,3600000
2022-12-01 13:30:01.216000,1.04713,1.04701,4500000,3600000
2022-12-01 13:30:01.617000,1.04712,1.04703,4500000,3600000
2022-12-01 13:30:02.020000,1.04714,1.04702,8100000,3600000
2022-12-01 13:30:02.274000,1.04713,1.04701,4500000,3600000
2022-12-01 13:30:02.543000,1.04713,1.04702,4500000,3600000
2022-12-01 13:30:03.791000,1.04712,1.047,8100000,900000
2022-12-01 13:30:03.893000,1.04712,1.04698,4500000,4500000
2022-12-01 13:30:03.995000,1.0471,1.04698,4500000,4500000
2022-12-01 13:30:04.097000,1.0471,1.04701,4500000,3600000
2022-12-01 13:30:04.300000,1.04714,1.04701,11700000,3600000
2022-12-01 13:30:04.415000,1.04709,1.04701,5400000,3600000
2022-12-01 13:30:04.466000,1.04699,1.04695,1800000,3760000
2022-12-01 13:30:04.517000,1.04699,1.0469,1800000,8260000
2022-12-01 13:30:04.723000,1.04699,1.04687,7200000,3600000
2022-12-01 13:30:04.838000,1.04699,1.04688,7200000,3600000
2022-12-01 13:30:05.186000,1.04699,1.04689,7200000,3600000
2022-12-01 13:30:05.390000,1.04701,1.04689,8100000,3600000
2022-12-01 13:30:05.491000,1.04701,1.04688,4500000,3600000
2022-12-01 13:30:05.543000,1.04701,1.04693,4500000,3600000
2022-12-01 13:30:05.594000,1.047,1.04688,3600000,3600000
2022-12-01 13:30:05.696000,1.04698,1.04687,3600000,4500000
2022-12-01 13:30:05.798000,1.04701,1.04688,5400000,3600000
2022-12-01 13:30:05.849000,1.04695,1.04686,3600000,4500000
2022-12-01 13:30:05.901000,1.047,1.04686,4960000,4500000
2022-12-01 13:30:05.952000,1.04629,1.04612,900000,3600000
2022-12-01 13:30:06.054000,1.04605,1.0459,900000,1340000
2022-12-01 13:30:06.105000,1.04614,1.04608,1800000,4500000
2022-12-01 13:30:06.207000,1.04622,1.04609,950000,1800000
2022-12-01 13:30:06.259000,1.04622,1.04613,950000,900000
2022-12-01 13:30:06.310000,1.04629,1.04613,900000,900000
2022-12-01 13:30:06.361000,1.04624,1.04613,900000,900000
2022-12-01 13:30:06.463000,1.04623,1.04613,900000,900000
2022-12-01 13:30:06.514000,1.04634,1.04613,900000,900000
2022-12-01 13:30:06.565000,1.04624,1.04613,900000,3600000
2022-12-01 13:30:06.667000,1.0462,1.04612,900000,3600000
2022-12-01 13:30:06.718000,1.04611,1.04607,900000,1850000
2022-12-01 13:30:06.820000,1.0461,1.04607,900000,900000
2022-12-01 13:30:06.922000,1.04615,1.04612,900000,3600000
2022-12-01 13:30:07.024000,1.04617,1.04612,4500000,3600000
2022-12-01 13:30:07.076000,1.04622,1.04613,4500000,3600000
2022-12-01 13:30:07.229000,1.04618,1.04613,1800000,3600000
2022-12-01 13:30:07.330000,1.04616,1.04612,120000,3600000
2022-12-01 13:30:07.382000,1.04619,1.04611,1880000,3600000
2022-12-01 13:30:07.433000,1.04621,1.04614,4500000,3600000
2022-12-01 13:30:07.535000,1.0462,1.04613,900000,3600000
2022-12-01 13:30:07.637000,1.04626,1.04617,440000,120000
2022-12-01 13:30:07.688000,1.04625,1.04615,120000,4500000
2022-12-01 13:30:07.740000,1.04623,1.04615,120000,3600000
2022-12-01 13:30:07.791000,1.04623,1.04613,120000,4500000
2022-12-01 13:30:07.842000,1.04617,1.04613,120000,3600000
2022-12-01 13:30:07.944000,1.04614,1.04611,120000,3600000
2022-12-01 13:30:08.249000,1.04619,1.04611,980000,3600000
2022-12-01 13:30:08.300000,1.04618,1.04614,900000,3600000
2022-12-01 13:30:08.351000,1.04624,1.04613,440000,4500000
2022-12-01 13:30:08.453000,1.04624,1.04616,120000,3600000
2022-12-01 13:30:08.555000,1.0463,1.04615,980000,120000
2022-12-01 13:30:08.607000,1.0463,1.04618,900000,120000
2022-12-01 13:30:08.708000,1.04631,1.04618,120000,4600000
2022-12-01 13:30:08.811000,1.04632,1.04624,4500000,120000
2022-12-01 13:30:08.862000,1.04636,1.04634,440000,120000
2022-12-01 13:30:08.964000,1.04638,1.04636,120000,900000
2022-12-01 13:30:09.067000,1.04636,1.04628,120000,3600000
2022-12-01 13:30:09.118000,1.04632,1.04627,120000,3600000
2022-12-01 13:30:09.221000,1.04631,1.04627,120000,3600000
2022-12-01 13:30:09.323000,1.04635,1.04626,5500000,3600000
2022-12-01 13:30:09.425000,1.04636,1.04626,120000,3600000
2022-12-01 13:30:09.476000,1.04634,1.04625,120000,9000000
2022-12-01 13:30:09.578000,1.04632,1.04626,120000,3600000
2022-12-01 13:30:09.731000,1.04634,1.04626,4500000,3680000
2022-12-01 13:30:09.782000,1.04637,1.04629,950000,3680000
2022-12-01 13:30:09.834000,1.04642,1.04639,4500000,3600000
2022-12-01 13:30:09.936000,1.0465,1.04641,120000,3600000
2022-12-01 13:30:10.038000,1.04652,1.04645,4500000,4500000
2022-12-01 13:30:10.140000,1.04656,1.04646,540000,4500000
2022-12-01 13:30:10.242000,1.04651,1.04647,120000,4500000
2022-12-01 13:30:10.344000,1.04648,1.04642,120000,3600000
2022-12-01 13:30:10.395000,1.04648,1.0464,120000,3600000
2022-12-01 13:30:10.497000,1.04647,1.0464,120000,3600000
2022-12-01 13:30:10.811000,1.04644,1.0464,2700000,3600000
2022-12-01 13:30:10.863000,1.04639,1.04635,120000,4500000
2022-12-01 13:30:10.914000,1.04639,1.04628,4500000,900000
2022-12-01 13:30:10.965000,1.04639,1.04632,4500000,3600000
2022-12-01 13:30:11.017000,1.04644,1.04636,900000,8100000
2022-12-01 13:30:11.068000,1.04647,1.04636,120000,8100000
2022-12-01 13:30:11.170000,1.04648,1.04636,120000,8100000
2022-12-01 13:30:11.322000,1.04645,1.04637,120000,8100000
2022-12-01 13:30:11.526000,1.04646,1.04639,120000,3600000
2022-12-01 13:30:11.977000,1.04648,1.0464,1880000,3600000
2022-12-01 13:30:12.079000,1.04652,1.04649,900000,3600000
2022-12-01 13:30:12.181000,1.04664,1.04651,4600000,3600000
2022-12-01 13:30:12.283000,1.04664,1.04652,4500000,3600000
2022-12-01 13:30:12.385000,1.04656,1.04653,120000,4500000
2022-12-01 13:30:12.436000,1.04655,1.0465,120000,900000
2022-12-01 13:30:12.487000,1.04656,1.04644,120000,4500000
2022-12-01 13:30:12.640000,1.04658,1.04647,4500000,3600000
2022-12-01 13:30:12.691000,1.0466,1.04647,4500000,3600000
2022-12-01 13:30:12.742000,1.04664,1.04659,900000,4500000
2022-12-01 13:30:12.794000,1.04684,1.04679,1800000,120000
2022-12-01 13:30:12.845000,1.0469,1.04686,4500000,3600000
2022-12-01 13:30:12.948000,1.04695,1.04687,900000,8100000
2022-12-01 13:30:12.999000,1.04701,1.04693,4500000,980000
2022-12-01 13:30:13.101000,1.04709,1.04698,4500000,4040000
2022-12-01 13:30:13.254000,1.04709,1.04697,5500000,900000
2022-12-01 13:30:13.305000,1.04708,1.04695,120000,4500000
2022-12-01 13:30:13.357000,1.04705,1.04691,4500000,4600000
2022-12-01 13:30:13.721000,1.04703,1.04691,120000,4500000
2022-12-01 13:30:13.823000,1.04688,1.04682,900000,3600000
2022-12-01 13:30:13.926000,1.04684,1.04679,980000,4500000
2022-12-01 13:30:13.977000,1.04681,1.0467,3680000,1800000
2022-12-01 13:30:14.028000,1.04674,1.04668,900000,4500000
2022-12-01 13:30:14.232000,1.04672,1.04664,4500000,120000
2022-12-01 13:30:14.333000,1.04673,1.04662,4500000,440000
2022-12-01 13:30:14.385000,1.04673,1.04671,4500000,440000
2022-12-01 13:30:14.436000,1.0468,1.04671,4500000,440000
2022-12-01 13:30:14.487000,1.0468,1.04673,4500000,440000
2022-12-01 13:30:14.691000,1.04686,1.04674,4600000,5040000
2022-12-01 13:30:14.792000,1.04686,1.04673,120000,4500000
2022-12-01 13:30:14.945000,1.04685,1.04672,9000000,120000
2022-12-01 13:30:14.996000,1.04681,1.04671,120000,8100000
2022-12-01 13:30:15.099000,1.04671,1.04666,3600000,900000
2022-12-01 13:30:15.150000,1.04655,1.04651,120000,4500000
2022-12-01 13:30:15.202000,1.04654,1.04647,4500000,120000
2022-12-01 13:30:15.405000,1.04655,1.04648,4500000,120000
2022-12-01 13:30:15.456000,1.04657,1.04648,120000,120000
2022-12-01 13:30:15.559000,1.04659,1.04654,900000,120000
2022-12-01 13:30:15.610000,1.04661,1.04654,4500000,120000
2022-12-01 13:30:15.712000,1.04665,1.04654,8100000,120000
2022-12-01 13:30:15.763000,1.04665,1.04657,8100000,120000
2022-12-01 13:30:15.866000,1.04669,1.04661,120000,900000
2022-12-01 13:30:15.967000,1.0467,1.04661,120000,3680000
2022-12-01 13:30:16.120000,1.04666,1.04662,120000,3600000
2022-12-01 13:30:16.222000,1.04665,1.0466,120000,4500000
2022-12-01 13:30:16.375000,1.04666,1.04657,120000,120000
2022-12-01 13:30:16.528000,1.04667,1.04658,120000,120000
2022-12-01 13:30:16.630000,1.04665,1.04658,120000,120000
2022-12-01 13:30:16.783000,1.04668,1.04664,4500000,440000
2022-12-01 13:30:16.834000,1.04679,1.04672,3600000,120000
2022-12-01 13:30:16.886000,1.04676,1.04671,4500000,4040000
2022-12-01 13:30:16.937000,1.04686,1.04682,4500000,440000
2022-12-01 13:30:17.039000,1.04691,1.04686,440000,3680000
2022-12-01 13:30:17.141000,1.04694,1.04687,4500000,120000
2022-12-01 13:30:17.298000,1.04698,1.04687,120000,540000
2022-12-01 13:30:17.511000,1.04695,1.04686,120000,8200000
2022-12-01 13:30:17.715000,1.04697,1.04686,4600000,120000
2022-12-01 13:30:17.817000,1.04691,1.04685,120000,900000
2022-12-01 13:30:17.919000,1.04682,1.04678,120000,900000
2022-12-01 13:30:18.021000,1.04684,1.04677,900000,440000
2022-12-01 13:30:18.072000,1.04706,1.04696,3600000,120000
2022-12-01 13:30:18.174000,1.04707,1.04696,3600000,440000
2022-12-01 13:30:18.276000,1.04707,1.04695,3600000,5940000
2022-12-01 13:30:18.378000,1.04707,1.04696,3600000,540000
2022-12-01 13:30:18.531000,1.04705,1.04696,3600000,120000
2022-12-01 13:30:18.632000,1.04706,1.04696,3600000,120000
2022-12-01 13:30:18.734000,1.04698,1.04695,120000,900000
2022-12-01 13:30:18.786000,1.04698,1.04689,120000,5500000
2022-12-01 13:30:18.837000,1.047,1.04691,120000,120000
2022-12-01 13:30:18.888000,1.04703,1.04693,4600000,120000
2022-12-01 13:30:18.990000,1.047,1.04691,120000,3600000
2022-12-01 13:30:19.092000,1.04698,1.04689,3600000,120000
2022-12-01 13:30:19.194000,1.04698,1.04689,4500000,4500000
2022-12-01 13:30:19.296000,1.04696,1.04685,4500000,440000
2022-12-01 13:30:19.522000,1.04697,1.04687,4500000,120000
2022-12-01 13:30:19.675000,1.04696,1.04687,4500000,120000
2022-12-01 13:30:19.828000,1.04696,1.04686,4500000,120000
2022-12-01 13:30:20.448000,1.04699,1.04695,5400000,540000
2022-12-01 13:30:20.550000,1.047,1.04697,4500000,120000
2022-12-01 13:30:20.703000,1.04705,1.04697,120000,120000
2022-12-01 13:30:21.047000,1.04705,1.047,4500000,4040000
2022-12-01 13:30:21.099000,1.04711,1.04705,3680000,3600000
2022-12-01 13:30:21.200000,1.04711,1.04704,120000,230000
2022-12-01 13:30:21.302000,1.0471,1.04701,120000,120000
2022-12-01 13:30:21.455000,1.04706,1.047,120000,900000
2022-12-01 13:30:21.506000,1.04706,1.04695,120000,4600000
2022-12-01 13:30:21.658000,1.04708,1.04695,3680000,4600000
2022-12-01 13:30:21.710000,1.04704,1.04694,4500000,120000
2022-12-01 13:30:21.831000,1.04703,1.04698,4500000,120000
2022-12-01 13:30:21.933000,1.04707,1.04697,4500000,120000
2022-12-01 13:30:22.651000,1.04706,1.04697,120000,120000
2022-12-01 13:30:22.753000,1.04703,1.04694,540000,4600000
2022-12-01 13:30:22.855000,1.04702,1.04694,120000,4500000
2022-12-01 13:30:22.957000,1.04702,1.04693,120000,120000
2022-12-01 13:30:23.059000,1.04699,1.0469,120000,980000
2022-12-01 13:30:23.262000,1.04696,1.0469,120000,900000
2022-12-01 13:30:23.314000,1.04698,1.0469,440000,900000
2022-12-01 13:30:23.365000,1.04729,1.04713,4500000,440000
2022-12-01 13:30:23.416000,1.04751,1.04744,3600000,3600000
2022-12-01 13:30:23.467000,1.04754,1.04752,4520000,900000
2022-12-01 13:30:23.518000,1.04756,1.04747,4520000,950000
2022-12-01 13:30:23.569000,1.04777,1.0477,4500000,900000
2022-12-01 13:30:23.671000,1.04777,1.04774,9020000,440000
2022-12-01 13:30:23.723000,1.04786,1.04779,6300000,120000
2022-12-01 13:30:23.825000,1.04786,1.0478,8100000,900000
2022-12-01 13:30:23.876000,1.04782,1.04775,120000,900000
2022-12-01 13:30:23.927000,1.04786,1.04779,4500000,120000
2022-12-01 13:30:24.029000,1.04786,1.0478,4500000,120000
2022-12-01 13:30:24.081000,1.04786,1.04778,4500000,3860000
2022-12-01 13:30:24.214000,1.04788,1.04778,120000,1980000
2022-12-01 13:30:24.369000,1.04786,1.04778,120000,1980000
2022-12-01 13:30:24.471000,1.04775,1.04771,120000,4500000
2022-12-01 13:30:24.523000,1.04769,1.04767,120000,440000
2022-12-01 13:30:24.574000,1.04769,1.04762,980000,3760000
2022-12-01 13:30:24.676000,1.04765,1.04761,120000,4500000
2022-12-01 13:30:24.727000,1.04769,1.0476,3600000,4500000
2022-12-01 13:30:24.778000,1.04769,1.04758,4500000,3680000
2022-12-01 13:30:24.880000,1.04768,1.04755,3680000,4500000
2022-12-01 13:30:24.982000,1.04769,1.04759,8100000,540000
2022-12-01 13:30:25.084000,1.04769,1.0476,4500000,900000
2022-12-01 13:30:25.247000,1.0477,1.0476,120000,900000
2022-12-01 13:30:25.349000,1.04771,1.0476,120000,980000
2022-12-01 13:30:25.452000,1.04773,1.04765,9020000,900000
2022-12-01 13:30:25.553000,1.04776,1.0477,9020000,900000
2022-12-01 13:30:25.656000,1.04781,1.04775,4520000,900000
2022-12-01 13:30:25.757000,1.04784,1.04775,120000,900000
2022-12-01 13:30:25.988000,1.04777,1.04774,120000,900000
2022-12-01 13:30:26.090000,1.04776,1.04771,120000,4500000
2022-12-01 13:30:26.141000,1.04769,1.04765,120000,900000
2022-12-01 13:30:26.193000,1.04769,1.04763,4580000,4500000
2022-12-01 13:30:26.345000,1.04769,1.04764,980000,4500000
2022-12-01 13:30:26.396000,1.04768,1.04761,120000,980000
2022-12-01 13:30:26.559000,1.0477,1.04761,120000,120000
2022-12-01 13:30:27.060000,1.04768,1.04761,120000,980000
2022-12-01 13:30:27.111000,1.04763,1.04757,440000,9950000
2022-12-01 13:30:27.213000,1.04762,1.04757,3600000,4500000
2022-12-01 13:30:27.315000,1.04762,1.04752,120000,120000
2022-12-01 13:30:27.467000,1.04757,1.0475,120000,4040000
2022-12-01 13:30:27.569000,1.04758,1.04748,540000,4800000
2022-12-01 13:30:27.671000,1.04757,1.04747,120000,120000
2022-12-01 13:30:27.773000,1.04758,1.04748,4520000,120000
2022-12-01 13:30:27.874000,1.04759,1.04755,8120000,900000
2022-12-01 13:30:27.926000,1.04764,1.04761,5450000,120000
2022-12-01 13:30:28.028000,1.04767,1.04764,4520000,540000
2022-12-01 13:30:28.079000,1.0477,1.04765,4500000,980000
2022-12-01 13:30:28.181000,1.04774,1.04766,3600000,120000
2022-12-01 13:30:28.384000,1.0477,1.04765,120000,4500000
2022-12-01 13:30:28.435000,1.0477,1.0476,120000,4500000
2022-12-01 13:30:28.537000,1.04769,1.0476,3600000,4600000
2022-12-01 13:30:28.588000,1.04772,1.04761,3600000,120000
2022-12-01 13:30:28.690000,1.04773,1.04762,120000,3600000
2022-12-01 13:30:28.792000,1.0477,1.04761,120000,120000
2022-12-01 13:30:28.944000,1.0477,1.0476,120000,4500000
2022-12-01 13:30:29.046000,1.04771,1.04763,120000,1800000
2022-12-01 13:30:29.097000,1.04772,1.04761,120000,120000
2022-12-01 13:30:29.199000,1.04771,1.04761,120000,3600000
2022-12-01 13:30:29.301000,1.04771,1.0476,120000,4600000
2022-12-01 13:30:29.514000,1.04773,1.04762,3680000,120000
2022-12-01 13:30:29.616000,1.04774,1.04763,4600000,4580000
2022-12-01 13:30:29.718000,1.04774,1.04764,120000,4500000
2022-12-01 13:30:29.952000,1.04777,1.04767,8120000,120000
2022-12-01 13:30:30.054000,1.04783,1.04779,2290000,540000
2022-12-01 13:30:30.156000,1.04783,1.04779,4520000,3190000
2022-12-01 13:30:30.258000,1.04787,1.04781,4500000,120000
2022-12-01 13:30:30.309000,1.04791,1.04784,4610000,440000
2022-12-01 13:30:30.462000,1.04792,1.04785,4500000,3600000
2022-12-01 13:30:30.563000,1.04793,1.04785,5400000,3600000
2022-12-01 13:30:30.716000,1.04792,1.04785,4520000,120000
2022-12-01 13:30:30.993000,1.04793,1.04785,5400000,3680000
2022-12-01 13:30:31.044000,1.04793,1.04789,5400000,2240000
2022-12-01 13:30:31.147000,1.04795,1.0479,4500000,120000
2022-12-01 13:30:31.249000,1.048,1.04792,4520000,120000
2022-12-01 13:30:31.402000,1.048,1.04789,3600000,540000
2022-12-01 13:30:31.453000,1.04801,1.04791,8210000,120000
2022-12-01 13:30:31.555000,1.048,1.0479,3680000,120000
2022-12-01 13:30:31.657000,1.04794,1.04789,3600000,120000
2022-12-01 13:30:31.708000,1.04801,1.0479,8200000,120000
2022-12-01 13:30:31.810000,1.04797,1.04789,440000,5530000
2022-12-01 13:30:31.912000,1.04789,1.04782,3600000,3760000
2022-12-01 13:30:32.015000,1.04784,1.04781,980000,3760000
2022-12-01 13:30:32.066000,1.04784,1.04779,900000,4210000
2022-12-01 13:30:32.117000,1.04788,1.04779,4140000,3760000
2022-12-01 13:30:32.219000,1.04788,1.04784,4500000,900000
2022-12-01 13:30:32.271000,1.04798,1.04794,4040000,440000
2022-12-01 13:30:32.373000,1.04802,1.04795,5400000,440000
2022-12-01 13:30:33.220000,1.04801,1.048,6350000,120000
2022-12-01 13:30:33.271000,1.04804,1.04803,9020000,3600000
2022-12-01 13:30:33.323000,1.04812,1.04811,4500000,3600000
2022-12-01 13:30:33.425000,1.04806,1.04805,120000,3600000
2022-12-01 13:30:33.527000,1.04806,1.04805,120000,3760000
2022-12-01 13:30:33.578000,1.04799,1.04792,120000,3600000
2022-12-01 13:30:33.629000,1.04799,1.04796,120000,3760000
2022-12-01 13:30:33.680000,1.04802,1.04797,120000,4660000
2022-12-01 13:30:33.732000,1.048,1.04793,120000,1340000
2022-12-01 13:30:33.834000,1.04802,1.04792,4610000,900000
2022-12-01 13:30:33.935000,1.04802,1.04793,4500000,2240000
2022-12-01 13:30:34.088000,1.04804,1.04793,120000,5840000
2022-12-01 13:30:34.139000,1.04802,1.04793,120000,5840000
2022-12-01 13:30:34.241000,1.048,1.04792,120000,4500000
2022-12-01 13:30:34.343000,1.048,1.0479,120000,3600000
2022-12-01 13:30:34.496000,1.04799,1.0479,120000,4040000
2022-12-01 13:30:34.598000,1.04795,1.04788,120000,1340000
2022-12-01 13:30:34.700000,1.04794,1.04785,120000,4500000
2022-12-01 13:30:34.852000,1.04795,1.04784,120000,4140000
2022-12-01 13:30:34.954000,1.04795,1.04786,120000,3600000
2022-12-01 13:30:35.056000,1.04795,1.04785,120000,3600000
2022-12-01 13:30:35.271000,1.04792,1.04785,120000,3600000
2022-12-01 13:30:35.373000,1.04791,1.04781,120000,3600000
2022-12-01 13:30:35.475000,1.04791,1.0478,120000,4500000
2022-12-01 13:30:35.577000,1.04793,1.04784,4140000,440000
2022-12-01 13:30:35.679000,1.04793,1.04785,5060000,3600000
2022-12-01 13:30:35.781000,1.04794,1.04786,4500000,120000
2022-12-01 13:30:35.883000,1.04795,1.04787,4500000,120000
2022-12-01 13:30:36.036000,1.04796,1.04794,4500000,440000
2022-12-01 13:30:36.087000,1.04804,1.04795,8100000,3680000
2022-12-01 13:30:36.139000,1.04803,1.04801,4500000,900000
2022-12-01 13:30:36.190000,1.04812,1.04805,4500000,3600000
2022-12-01 13:30:36.241000,1.04809,1.04804,440000,3600000
2022-12-01 13:30:36.344000,1.04812,1.04802,8200000,120000
2022-12-01 13:30:36.446000,1.04814,1.04804,120000,120000
2022-12-01 13:30:36.547000,1.04815,1.04805,4600000,120000
2022-12-01 13:30:36.650000,1.04816,1.04813,4500000,3600000
2022-12-01 13:30:36.711000,1.04819,1.04814,3600000,440000
2022-12-01 13:30:36.764000,1.04819,1.04812,3600000,1340000
2022-12-01 13:30:36.866000,1.04818,1.04811,120000,7360000
2022-12-01 13:30:37.154000,1.0482,1.04816,4520000,120000
2022-12-01 13:30:37.205000,1.04841,1.0483,900000,120000
2022-12-01 13:30:37.257000,1.04834,1.04832,4500000,440000
2022-12-01 13:30:37.308000,1.04839,1.04832,120000,440000
2022-12-01 13:30:37.409000,1.04839,1.0483,120000,3600000
2022-12-01 13:30:37.562000,1.04838,1.0483,120000,4500000
2022-12-01 13:30:37.664000,1.04836,1.04829,120000,3190000
2022-12-01 13:30:37.766000,1.04835,1.04828,120000,8100000
2022-12-01 13:30:37.868000,1.04834,1.04824,120000,8560000
2022-12-01 13:30:37.919000,1.0483,1.04824,120000,4500000
2022-12-01 13:30:38.021000,1.04829,1.04824,120000,4500000
2022-12-01 13:30:38.072000,1.04828,1.04823,120000,3600000
2022-12-01 13:30:38.123000,1.04825,1.04821,120000,4680000
2022-12-01 13:30:38.225000,1.04825,1.04822,120000,3600000
2022-12-01 13:30:38.339000,1.04826,1.04821,120000,1080000
2022-12-01 13:30:38.391000,1.04828,1.04821,120000,1080000
2022-12-01 13:30:38.493000,1.04824,1.04821,120000,4680000
2022-12-01 13:30:38.645000,1.04824,1.04821,120000,1080000
2022-12-01 13:30:38.798000,1.04824,1.04821,120000,1080000
2022-12-01 13:30:38.900000,1.04818,1.04814,3600000,9160000
2022-12-01 13:30:39.001000,1.04816,1.04811,120000,3760000
2022-12-01 13:30:39.052000,1.04814,1.04811,120000,3760000
2022-12-01 13:30:39.154000,1.04814,1.04805,120000,4500000
2022-12-01 13:30:39.307000,1.04813,1.04805,120000,3600000
2022-12-01 13:30:39.409000,1.04813,1.04803,120000,4940000
2022-12-01 13:30:39.511000,1.04812,1.04804,120000,3600000
2022-12-01 13:30:39.562000,1.04814,1.04804,3680000,900000
2022-12-01 13:30:39.665000,1.04835,1.04833,120000,900000
2022-12-01 13:30:39.767000,1.04835,1.04828,4500000,3600000
2022-12-01 13:30:39.818000,1.04835,1.04831,4500000,3600000
2022-12-01 13:30:39.972000,1.04829,1.04826,120000,4210000
2022-12-01 13:30:40.124000,1.0483,1.04826,120000,4210000
2022-12-01 13:30:40.176000,1.04829,1.04822,120000,4500000
2022-12-01 13:30:40.277000,1.04829,1.04821,120000,3600000
2022-12-01 13:30:40.379000,1.04829,1.0482,120000,4500000
2022-12-01 13:30:40.481000,1.04826,1.04821,120000,3600000
2022-12-01 13:30:40.583000,1.04826,1.04818,120000,4500000
2022-12-01 13:30:40.736000,1.04826,1.04815,120000,8710000
2022-12-01 13:30:40.787000,1.04827,1.04818,120000,3600000
2022-12-01 13:30:40.889000,1.04827,1.04819,120000,3600000
2022-12-01 13:30:40.991000,1.04827,1.04816,120000,3600000
2022-12-01 13:30:41.092000,1.04826,1.04817,120000,3600000
2022-12-01 13:30:41.194000,1.04825,1.04816,5940000,3600000
2022-12-01 13:30:41.296000,1.04825,1.04815,3600000,5040000
2022-12-01 13:30:41.398000,1.04827,1.04825,4500000,900000
2022-12-01 13:30:41.450000,1.0483,1.04825,440000,4500000
2022-12-01 13:30:41.501000,1.04835,1.04826,120000,3600000
2022-12-01 13:30:41.552000,1.0483,1.04825,3600000,900000
2022-12-01 13:30:41.604000,1.04836,1.04827,5500000,5400000
2022-12-01 13:30:41.705000,1.04837,1.04827,3680000,3600000
2022-12-01 13:30:41.936000,1.04836,1.04827,120000,3600000
2022-12-01 13:30:42.038000,1.04838,1.04831,900000,3600000
2022-12-01 13:30:42.140000,1.04837,1.04832,120000,900000
2022-12-01 13:30:42.191000,1.04837,1.04829,120000,3760000
2022-12-01 13:30:42.242000,1.04837,1.04827,3680000,3600000
2022-12-01 13:30:42.531000,1.04836,1.04827,120000,3600000
2022-12-01 13:30:42.677000,1.04836,1.04826,120000,3600000
2022-12-01 13:30:42.789000,1.04834,1.04828,120000,3600000
2022-12-01 13:30:42.891000,1.04834,1.04826,120000,3600000
2022-12-01 13:30:42.993000,1.04834,1.04827,120000,3600000
2022-12-01 13:30:43.196000,1.04834,1.04826,120000,3600000
2022-12-01 13:30:43.298000,1.04835,1.04825,120000,4500000
2022-12-01 13:30:43.451000,1.04837,1.04835,5400000,440000
2022-12-01 13:30:43.502000,1.04847,1.04844,4500000,440000
2022-12-01 13:30:43.554000,1.0484,1.04836,4520000,900000
2022-12-01 13:30:43.605000,1.04846,1.04841,4500000,3760000
2022-12-01 13:30:43.707000,1.04846,1.04839,4500000,7360000
2022-12-01 13:30:43.758000,1.04843,1.04839,900000,3760000
2022-12-01 13:30:43.810000,1.04849,1.04841,4600000,3600000
2022-12-01 13:30:43.912000,1.04849,1.0484,4500000,3600000
2022-12-01 13:30:43.963000,1.04849,1.04842,4500000,3600000
2022-12-01 13:30:44.065000,1.0485,1.04841,120000,3600000
2022-12-01 13:30:44.167000,1.04845,1.0484,3600000,900000
2022-12-01 13:30:44.218000,1.04845,1.04838,120000,8260000
2022-12-01 13:30:44.320000,1.04847,1.04839,9100000,3600000
2022-12-01 13:30:44.422000,1.04847,1.04838,4600000,3600000
2022-12-01 13:30:44.575000,1.04848,1.04841,2240000,3600000
2022-12-01 13:30:44.677000,1.04849,1.04846,4500000,4500000
2022-12-01 13:30:44.728000,1.04853,1.04845,8210000,900000
2022-12-01 13:30:45.188000,1.04851,1.04845,120000,3600000
2022-12-01 13:30:45.290000,1.0485,1.04844,120000,900000
2022-12-01 13:30:45.392000,1.04843,1.0484,120000,1800000
2022-12-01 13:30:45.444000,1.04844,1.04836,3600000,3680000
2022-12-01 13:30:45.546000,1.04845,1.04835,980000,4940000
2022-12-01 13:30:45.648000,1.04841,1.04836,120000,3600000
2022-12-01 13:30:45.750000,1.04836,1.04834,120000,8260000
2022-12-01 13:30:45.853000,1.04837,1.04835,900000,540000
2022-12-01 13:30:45.955000,1.04844,1.04837,120000,3600000
2022-12-01 13:30:46.057000,1.04843,1.04836,120000,3600000
2022-12-01 13:30:46.159000,1.04844,1.04837,120000,3600000
2022-12-01 13:30:46.210000,1.0484,1.04836,120000,4500000
2022-12-01 13:30:46.261000,1.0484,1.04832,120000,7580000
2022-12-01 13:30:46.414000,1.04839,1.04832,120000,3600000
2022-12-01 13:30:46.516000,1.0484,1.04833,120000,3600000
2022-12-01 13:30:46.568000,1.0484,1.04831,120000,5400000
2022-12-01 13:30:46.669000,1.04838,1.04832,120000,3600000
2022-12-01 13:30:46.772000,1.04838,1.04831,3680000,3600000
2022-12-01 13:30:46.874000,1.04837,1.04831,3600000,3830000
2022-12-01 13:30:46.976000,1.04838,1.04831,540000,3600000
2022-12-01 13:30:47.131000,1.04835,1.0483,120000,3600000
2022-12-01 13:30:47.233000,1.04835,1.04827,120000,8100000
2022-12-01 13:30:47.386000,1.04834,1.04827,120000,3600000
2022-12-01 13:30:47.437000,1.04833,1.04826,120000,5840000
2022-12-01 13:30:47.539000,1.04828,1.04825,120000,900000
2022-12-01 13:30:47.641000,1.04824,1.04822,120000,4210000
2022-12-01 13:30:47.693000,1.04824,1.04815,120000,9230000
2022-12-01 13:30:47.744000,1.0482,1.04819,120000,9230000
2022-12-01 13:30:47.846000,1.0482,1.04819,120000,4500000
2022-12-01 13:30:47.949000,1.0482,1.04819,120000,4500000
2022-12-01 13:30:48.051000,1.0482,1.04819,120000,900000
2022-12-01 13:30:48.153000,1.04819,1.04818,120000,3600000
2022-12-01 13:30:48.254000,1.0482,1.04819,120000,6070000
2022-12-01 13:30:48.458000,1.04819,1.0481,120000,4940000
2022-12-01 13:30:48.509000,1.04814,1.0481,900000,4500000
2022-12-01 13:30:48.611000,1.0481,1.04803,120000,1800000
2022-12-01 13:30:48.662000,1.0481,1.04805,120000,3600000
2022-12-01 13:30:48.713000,1.0481,1.04802,120000,900000
2022-12-01 13:30:48.816000,1.04807,1.04806,120000,6070000
2022-12-01 13:30:48.918000,1.04806,1.04805,3680000,4940000
2022-12-01 13:30:48.972000,1.04802,1.04801,120000,4500000
2022-12-01 13:30:49.024000,1.04808,1.04807,1340000,2700000
2022-12-01 13:30:49.126000,1.04809,1.04806,5170000,900000
2022-12-01 13:30:49.177000,1.04809,1.04804,4960000,3760000
2022-12-01 13:30:49.230000,1.04805,1.04801,230000,3600000
2022-12-01 13:30:49.281000,1.04799,1.04797,120000,3760000
2022-12-01 13:30:49.333000,1.048,1.04794,120000,900000
2022-12-01 13:30:49.384000,1.04797,1.04793,120000,230000
2022-12-01 13:30:49.486000,1.04795,1.04791,120000,4500000
2022-12-01 13:30:49.588000,1.04797,1.04792,900000,3600000
2022-12-01 13:30:49.690000,1.04799,1.04793,4500000,3600000
2022-12-01 13:30:49.792000,1.04799,1.04794,4500000,980000
2022-12-01 13:30:49.844000,1.04804,1.04797,3830000,3600000
2022-12-01 13:30:49.946000,1.04805,1.04799,4500000,3600000
2022-12-01 13:30:50.048000,1.04811,1.04801,4520000,3600000
2022-12-01 13:30:50.151000,1.04812,1.04804,120000,3600000
2022-12-01 13:30:50.355000,1.0481,1.04802,120000,3600000
2022-12-01 13:30:50.457000,1.04809,1.04801,120000,4500000
2022-12-01 13:30:50.559000,1.04812,1.04801,10000000,3680000
2022-12-01 13:30:50.610000,1.04808,1.048,4810000,900000
2022-12-01 13:30:50.661000,1.04808,1.04798,5270000,4500000
2022-12-01 13:30:50.763000,1.04807,1.04797,3600000,120000
2022-12-01 13:30:51.082000,1.04805,1.04797,230000,120000
2022-12-01 13:30:51.134000,1.04805,1.04799,3600000,540000
2022-12-01 13:30:51.185000,1.04808,1.04798,8640000,440000
2022-12-01 13:30:51.236000,1.04806,1.04798,3600000,440000
2022-12-01 13:30:51.338000,1.04807,1.04797,3600000,120000
2022-12-01 13:30:51.643000,1.04807,1.04796,4140000,120000
2022-12-01 13:30:51.745000,1.04807,1.04797,4040000,120000
2022-12-01 13:30:51.848000,1.04821,1.04803,3600000,3600000
2022-12-01 13:30:51.950000,1.04831,1.04825,3600000,120000
2022-12-01 13:30:52.052000,1.04832,1.04825,4500000,1880000
2022-12-01 13:30:52.205000,1.04832,1.04824,3600000,1800000
2022-12-01 13:30:52.307000,1.04827,1.04822,3600000,4500000
2022-12-01 13:30:52.409000,1.04826,1.04821,3600000,4500000
2022-12-01 13:30:52.460000,1.04819,1.04815,4040000,900000
2022-12-01 13:30:52.511000,1.04821,1.04814,440000,4500000
2022-12-01 13:30:52.613000,1.04822,1.04814,120000,4500000
2022-12-01 13:30:52.715000,1.04821,1.04812,3600000,120000
2022-12-01 13:30:52.817000,1.04819,1.04811,120000,3600000
2022-12-01 13:30:52.919000,1.04815,1.0481,900000,3600000
2022-12-01 13:30:53.021000,1.04816,1.04809,3600000,440000
2022-12-01 13:30:53.072000,1.04817,1.04807,120000,120000
2022-12-01 13:30:53.174000,1.04815,1.04808,3600000,120000
2022-12-01 13:30:53.225000,1.0481,1.04805,3600000,900000
2022-12-01 13:30:53.277000,1.04811,1.04803,4580000,8260000
2022-12-01 13:30:53.379000,1.04807,1.04803,3600000,4500000
2022-12-01 13:30:53.430000,1.04805,1.04798,3600000,3850000
2022-12-01 13:30:53.481000,1.04807,1.048,3600000,120000
2022-12-01 13:30:53.583000,1.04808,1.04801,8100000,120000
2022-12-01 13:30:53.684000,1.04808,1.048,4040000,980000
2022-12-01 13:30:53.888000,1.04808,1.04801,540000,3600000
2022-12-01 13:30:53.990000,1.04804,1.04796,4500000,3600000
2022-12-01 13:30:54.041000,1.04801,1.04796,120000,3600000
2022-12-01 13:30:54.143000,1.048,1.04792,3600000,230000
2022-12-01 13:30:54.245000,1.04801,1.04797,5400000,120000
2022-12-01 13:30:54.348000,1.04801,1.04798,4500000,3680000
2022-12-01 13:30:54.399000,1.04806,1.04798,440000,120000
2022-12-01 13:30:54.466000,1.04808,1.04798,9540000,120000
2022-12-01 13:30:54.568000,1.04803,1.04796,440000,3600000
2022-12-01 13:30:54.619000,1.04803,1.04794,4040000,3760000
2022-12-01 13:30:54.721000,1.04797,1.04792,3600000,4500000
2022-12-01 13:30:54.823000,1.04795,1.04792,120000,4500000
2022-12-01 13:30:54.874000,1.04793,1.04788,4040000,900000
2022-12-01 13:30:54.926000,1.04793,1.04785,440000,3680000
2022-12-01 13:30:55.028000,1.04793,1.04784,440000,4600000
2022-12-01 13:30:55.130000,1.04791,1.04782,3680000,120000
2022-12-01 13:30:55.232000,1.0479,1.04782,3600000,3680000
2022-12-01 13:30:55.334000,1.04791,1.04782,4580000,120000
2022-12-01 13:30:55.436000,1.04791,1.04781,4140000,120000
2022-12-01 13:30:55.538000,1.04788,1.0478,3600000,3680000
2022-12-01 13:30:55.589000,1.04787,1.04778,4940000,4500000
2022-12-01 13:30:55.691000,1.04785,1.04777,3600000,3680000
2022-12-01 13:30:55.793000,1.04787,1.04777,540000,120000
2022-12-01 13:30:55.895000,1.04786,1.0478,3600000,120000
2022-12-01 13:30:55.997000,1.04787,1.04783,4500000,120000
2022-12-01 13:30:56.150000,1.04791,1.04782,4580000,120000
2022-12-01 13:30:56.252000,1.04788,1.0478,3600000,4600000
2022-12-01 13:30:56.354000,1.04785,1.04778,3600000,120000
2022-12-01 13:30:56.766000,1.04784,1.0478,3600000,120000
2022-12-01 13:30:56.817000,1.04787,1.04785,4500000,120000
2022-12-01 13:30:56.869000,1.04789,1.04787,4520000,120000
2022-12-01 13:30:56.920000,1.04795,1.04787,8100000,120000
2022-12-01 13:30:57.022000,1.04795,1.04788,4500000,3600000
2022-12-01 13:30:57.140000,1.04796,1.04793,4520000,3600000
2022-12-01 13:30:57.191000,1.04796,1.04789,4520000,3600000
2022-12-01 13:30:57.293000,1.04796,1.04788,3600000,3680000
2022-12-01 13:30:57.497000,1.04794,1.04785,440000,5710000
2022-12-01 13:30:57.599000,1.04793,1.04785,4040000,8100000
2022-12-01 13:30:57.701000,1.04791,1.04783,4040000,900000
2022-12-01 13:30:57.803000,1.04785,1.04782,3600000,4500000
2022-12-01 13:30:57.855000,1.04785,1.04779,4940000,540000
2022-12-01 13:30:57.906000,1.04784,1.04776,3600000,3680000
2022-12-01 13:30:58.058000,1.04783,1.04775,440000,120000
2022-12-01 13:30:58.161000,1.04778,1.04772,3600000,4500000
2022-12-01 13:30:58.263000,1.04775,1.04772,540000,4500000
2022-12-01 13:30:58.315000,1.0477,1.04768,900000,2240000
2022-12-01 13:30:58.366000,1.04761,1.04756,4500000,4730000
2022-12-01 13:30:58.417000,1.04762,1.0476,4580000,3760000
2022-12-01 13:30:58.469000,1.0476,1.04757,440000,440000
2022-12-01 13:30:58.520000,1.04761,1.04753,8100000,3680000
2022-12-01 13:30:58.673000,1.04758,1.04751,3600000,3680000
2022-12-01 13:30:58.724000,1.0476,1.04752,3600000,3600000
2022-12-01 13:30:58.877000,1.04759,1.04752,3600000,3600000
2022-12-01 13:30:58.979000,1.0476,1.04753,1800000,3680000
2022-12-01 13:30:59.030000,1.04762,1.04754,4500000,3600000
2022-12-01 13:30:59.132000,1.04762,1.04759,3600000,120000
2022-12-01 13:30:59.184000,1.04764,1.0476,2240000,3600000
2022-12-01 13:30:59.235000,1.04768,1.04765,4500000,120000
2022-12-01 13:30:59.287000,1.04771,1.04769,4520000,120000
2022-12-01 13:30:59.389000,1.04773,1.04767,3600000,4580000
2022-12-01 13:30:59.541000,1.0477,1.04765,4500000,4500000
2022-12-01 13:30:59.593000,1.0477,1.04762,4500000,3680000
2022-12-01 13:30:59.695000,1.0477,1.04763,4520000,3600000
2022-12-01 13:30:59.797000,1.04771,1.04763,3680000,3600000
2022-12-01 13:30:59.848000,1.04773,1.04769,9020000,120000
2022-12-01 13:30:59.950000,1.04772,1.0477,4520000,120000
2022-12-01 13:31:00.053000,1.04774,1.04771,4500000,120000
2022-12-01 13:31:00.104000,1.04778,1.04771,440000,3680000
2022-12-01 13:31:00.206000,1.04778,1.04774,3600000,440000
2022-12-01 13:31:00.257000,1.04779,1.04775,8120000,440000
2022-12-01 13:31:00.359000,1.04779,1.04772,3600000,3680000
2022-12-01 13:31:00.664000,1.04776,1.04769,4500000,5400000
2022-12-01 13:31:00.766000,1.04774,1.04767,3600000,4500000
2022-12-01 13:31:00.817000,1.04776,1.04766,900000,120000
2022-12-01 13:31:00.919000,1.04774,1.04766,3600000,3680000
2022-12-01 13:31:01.021000,1.04775,1.04767,3600000,3600000
2022-12-01 13:31:01.377000,1.04772,1.04765,3600000,3680000
2022-12-01 13:31:01.479000,1.04771,1.04765,4520000,3680000
2022-12-01 13:31:01.581000,1.04767,1.04764,670000,4500000
2022-12-01 13:31:01.683000,1.04768,1.04763,4520000,3600000
2022-12-01 13:31:01.735000,1.0477,1.04762,5400000,4580000
2022-12-01 13:31:01.837000,1.04769,1.04762,3600000,3680000
2022-12-01 13:31:02.345000,1.04769,1.04761,3600000,3600000
2022-12-01 13:31:02.688000,1.04769,1.0476,3600000,3680000
2022-12-01 13:31:02.840000,1.04766,1.04758,3600000,3600000
2022-12-01 13:31:02.942000,1.04765,1.04758,3600000,3600000
2022-12-01 13:31:03.052000,1.04758,1.04754,440000,1340000
2022-12-01 13:31:03.154000,1.04757,1.04752,3600000,440000
2022-12-01 13:31:03.256000,1.04755,1.04753,3600000,440000
2022-12-01 13:31:03.358000,1.04756,1.04749,3600000,3600000
2022-12-01 13:31:03.460000,1.04756,1.04748,4500000,3680000
2022-12-01 13:31:03.522000,1.04755,1.04752,3600000,120000
2022-12-01 13:31:03.576000,1.04758,1.04754,4520000,3680000
2022-12-01 13:31:03.627000,1.04763,1.04756,2700000,120000
2022-12-01 13:31:03.729000,1.04764,1.04756,8100000,120000
2022-12-01 13:31:03.831000,1.04762,1.04756,3600000,3680000
2022-12-01 13:31:03.983000,1.04764,1.04756,3600000,3680000
2022-12-01 13:31:04.035000,1.04763,1.04758,3600000,120000
2022-12-01 13:31:04.137000,1.04763,1.04759,3600000,1340000
2022-12-01 13:31:04.239000,1.04767,1.04765,4500000,900000
2022-12-01 13:31:04.291000,1.04767,1.04763,4500000,120000
2022-12-01 13:31:04.342000,1.0477,1.04763,3600000,120000
2022-12-01 13:31:04.911000,1.04771,1.04764,3600000,3600000
2022-12-01 13:31:05.024000,1.0477,1.04763,3600000,120000
2022-12-01 13:31:05.126000,1.04771,1.04763,4040000,120000
2022-12-01 13:31:05.228000,1.04771,1.04765,3600000,120000
2022-12-01 13:31:05.331000,1.04768,1.04764,440000,230000
2022-12-01 13:31:05.433000,1.04762,1.04759,1800000,4500000
2022-12-01 13:31:05.484000,1.04761,1.04756,950000,3680000
2022-12-01 13:31:05.586000,1.04762,1.04758,440000,3600000
2022-12-01 13:31:05.688000,1.04764,1.04759,5400000,120000
2022-12-01 13:31:05.790000,1.04765,1.04762,4500000,3600000
2022-12-01 13:31:05.892000,1.04766,1.04762,4500000,900000
2022-12-01 13:31:05.944000,1.04769,1.04766,3140000,120000
2022-12-01 13:31:06.046000,1.04773,1.04771,4520000,120000
2022-12-01 13:31:06.097000,1.04778,1.0477,10360000,3680000
2022-12-01 13:31:06.199000,1.04778,1.04771,10440000,5400000
2022-12-01 13:31:06.301000,1.04775,1.04772,4520000,5400000
2022-12-01 13:31:06.404000,1.04773,1.04768,440000,5400000
2022-12-01 13:31:06.506000,1.04774,1.04768,5840000,3600000
2022-12-01 13:31:06.608000,1.04777,1.04772,440000,3600000
2022-12-01 13:31:06.710000,1.04785,1.04781,440000,120000
2022-12-01 13:31:06.812000,1.04786,1.04782,4520000,120000
2022-12-01 13:31:06.863000,1.04788,1.04782,4500000,120000
2022-12-01 13:31:06.915000,1.04788,1.04784,4500000,4040000
2022-12-01 13:31:06.966000,1.0479,1.04785,4520000,3600000
2022-12-01 13:31:07.068000,1.0479,1.04784,3600000,440000
2022-12-01 13:31:07.272000,1.04792,1.04787,4520000,900000
2022-12-01 13:31:07.374000,1.04792,1.04789,4520000,120000
2022-12-01 13:31:07.476000,1.04797,1.04791,4520000,3680000
2022-12-01 13:31:07.527000,1.04799,1.04792,6740000,3600000
2022-12-01 13:31:07.832000,1.04797,1.04791,3600000,1800000
2022-12-01 13:31:07.934000,1.04797,1.04792,440000,3600000
2022-12-01 13:31:07.986000,1.048,1.04792,8330000,120000
2022-12-01 13:31:08.088000,1.048,1.04793,8330000,3600000
2022-12-01 13:31:08.241000,1.04801,1.04795,3600000,120000
2022-12-01 13:31:08.343000,1.04803,1.04798,9020000,3600000
2022-12-01 13:31:08.445000,1.04803,1.04797,3600000,120000
2022-12-01 13:31:08.497000,1.04805,1.04797,3600000,3680000
2022-12-01 13:31:08.599000,1.04805,1.04798,3600000,120000
2022-12-01 13:31:08.650000,1.04807,1.04797,5500000,120000
2022-12-01 13:31:08.701000,1.04804,1.04796,4940000,3600000
2022-12-01 13:31:08.803000,1.04806,1.04801,3600000,120000
2022-12-01 13:31:08.906000,1.04808,1.04805,4500000,720000
2022-12-01 13:31:08.958000,1.04812,1.04805,3600000,4400000
2022-12-01 13:31:09.110000,1.04812,1.04808,3600000,120000
2022-12-01 13:31:09.162000,1.04812,1.04805,3600000,4320000
2022-12-01 13:31:09.213000,1.0482,1.04816,4730000,1700000
2022-12-01 13:31:09.264000,1.04826,1.04818,230000,120000
2022-12-01 13:31:09.315000,1.04827,1.0482,3600000,3600000
2022-12-01 13:31:09.418000,1.04827,1.04821,3600000,900000
2022-12-01 13:31:09.520000,1.04828,1.04824,2340000,3600000
2022-12-01 13:31:09.571000,1.04826,1.0482,3600000,4500000
2022-12-01 13:31:09.724000,1.04826,1.04818,3600000,3600000
2022-12-01 13:31:09.978000,1.04823,1.04817,3600000,3600000
2022-12-01 13:31:10.029000,1.04823,1.04814,4040000,8200000
2022-12-01 13:31:10.081000,1.04822,1.04819,440000,3680000
2022-12-01 13:31:10.132000,1.04826,1.04819,3600000,3600000
2022-12-01 13:31:10.234000,1.04823,1.04817,900000,120000
2022-12-01 13:31:10.336000,1.0482,1.04814,3600000,4500000
2022-12-01 13:31:10.438000,1.04824,1.04817,6300000,3680000
2022-12-01 13:31:10.490000,1.04824,1.04819,2700000,120000
2022-12-01 13:31:10.541000,1.04825,1.04821,12620000,4140000
2022-12-01 13:31:10.744000,1.04828,1.04822,3600000,120000
2022-12-01 13:31:10.847000,1.04831,1.04826,9020000,540000
2022-12-01 13:31:10.898000,1.04831,1.04824,12620000,4220000
2022-12-01 13:31:10.949000,1.04831,1.04827,4500000,120000
2022-12-01 13:31:11.001000,1.04834,1.04827,5400000,3600000
2022-12-01 13:31:11.053000,1.04834,1.0483,1800000,120000
2022-12-01 13:31:11.104000,1.04835,1.04828,4500000,3680000
2022-12-01 13:31:11.257000,1.04836,1.04829,3600000,3600000
2022-12-01 13:31:11.359000,1.04837,1.04829,4500000,3600000
2022-12-01 13:31:11.461000,1.04837,1.0483,4500000,3600000
2022-12-01 13:31:11.563000,1.04833,1.04828,900000,3600000
2022-12-01 13:31:11.666000,1.04832,1.04826,3600000,900000
2022-12-01 13:31:11.767000,1.04832,1.04825,3600000,4140000
2022-12-01 13:31:11.870000,1.04831,1.04824,3600000,540000
2022-12-01 13:31:12.328000,1.04832,1.04824,4500000,120000
2022-12-01 13:31:12.683000,1.04831,1.04824,900000,4140000
2022-12-01 13:31:12.836000,1.04829,1.04824,900000,5040000
2022-12-01 13:31:13.141000,1.04833,1.0483,7220000,120000
2022-12-01 13:31:13.244000,1.04831,1.04826,230000,120000
2022-12-01 13:31:13.295000,1.04831,1.04824,670000,3760000
2022-12-01 13:31:13.397000,1.04831,1.04823,4270000,3680000
2022-12-01 13:31:13.499000,1.0483,1.04823,3600000,3680000
2022-12-01 13:31:13.550000,1.0483,1.04825,3600000,120000
2022-12-01 13:31:13.602000,1.04832,1.04825,4740000,3680000
2022-12-01 13:31:13.704000,1.04831,1.04824,3600000,120000
2022-12-01 13:31:13.806000,1.0483,1.04823,3600000,3680000
2022-12-01 13:31:13.908000,1.04831,1.04823,3600000,3680000
2022-12-01 13:31:13.959000,1.04829,1.04823,540000,3600000
2022-12-01 13:31:14.061000,1.04827,1.04821,3600000,120000
2022-12-01 13:31:14.163000,1.04824,1.04817,900000,7250000
2022-12-01 13:31:14.266000,1.04824,1.04818,900000,3600000
2022-12-01 13:31:14.368000,1.04824,1.04817,900000,3680000
2022-12-01 13:31:14.521000,1.04821,1.04815,900000,3680000
2022-12-01 13:31:14.623000,1.04819,1.04812,900000,8100000
2022-12-01 13:31:14.725000,1.04819,1.04813,900000,3600000
2022-12-01 13:31:14.827000,1.04819,1.04812,900000,3680000
2022-12-01 13:31:14.929000,1.04817,1.04812,900000,3600000
2022-12-01 13:31:15.031000,1.04822,1.04815,3600000,3680000
2022-12-01 13:31:15.235000,1.04823,1.04815,9900000,120000
2022-12-01 13:31:15.337000,1.0482,1.04814,900000,3600000
2022-12-01 13:31:15.388000,1.0482,1.04812,900000,3680000
2022-12-01 13:31:15.490000,1.04819,1.04814,900000,3600000
2022-12-01 13:31:15.592000,1.04821,1.04814,980000,3680000
2022-12-01 13:31:15.694000,1.0482,1.04813,3600000,3680000
2022-12-01 13:31:15.796000,1.04822,1.04813,1440000,3680000
2022-12-01 13:31:15.847000,1.04823,1.04816,5170000,120000
2022-12-01 13:31:15.949000,1.04824,1.04817,4500000,3680000
2022-12-01 13:31:16.051000,1.04826,1.04818,9470000,3600000
2022-12-01 13:31:16.102000,1.04824,1.04818,900000,3600000
2022-12-01 13:31:16.154000,1.04823,1.04816,3600000,3680000
2022-12-01 13:31:16.408000,1.04821,1.04815,900000,3600000
2022-12-01 13:31:16.459000,1.04821,1.04813,5840000,3600000
2022-12-01 13:31:16.510000,1.04819,1.04812,900000,3600000
2022-12-01 13:31:16.926000,1.0482,1.04813,3600000,3680000
2022-12-01 13:31:17.333000,1.0482,1.04814,4940000,3600000
2022-12-01 13:31:17.435000,1.04821,1.04812,4940000,3680000
2022-12-01 13:31:17.624000,1.0482,1.04812,900000,3680000
2022-12-01 13:31:17.727000,1.04812,1.04809,900000,900000
2022-12-01 13:31:17.778000,1.04812,1.04807,4500000,4500000
2022-12-01 13:31:17.880000,1.04811,1.04807,3600000,4500000
2022-12-01 13:31:17.931000,1.04811,1.04804,3600000,3600000
2022-12-01 13:31:18.033000,1.04812,1.04803,900000,4140000
2022-12-01 13:31:18.135000,1.0481,1.04804,440000,3600000
2022-12-01 13:31:18.294000,1.0481,1.04803,440000,3600000
2022-12-01 13:31:18.396000,1.04811,1.04805,900000,3600000
2022-12-01 13:31:18.448000,1.04811,1.04803,4940000,3600000
2022-12-01 13:31:18.549000,1.0481,1.04802,900000,120000
2022-12-01 13:31:18.729000,1.0481,1.04803,900000,3600000
2022-12-01 13:31:18.832000,1.04811,1.04804,4940000,3600000
2022-12-01 13:31:18.933000,1.04809,1.04804,4500000,3600000
2022-12-01 13:31:19.035000,1.04803,1.048,900000,8260000
2022-12-01 13:31:19.188000,1.04807,1.04803,6320000,3680000
2022-12-01 13:31:19.290000,1.04809,1.04803,4500000,3600000
2022-12-01 13:31:19.342000,1.04802,1.04799,900000,11460000
2022-12-01 13:31:19.393000,1.04801,1.04795,900000,9460000
2022-12-01 13:31:19.495000,1.04801,1.04794,900000,3600000
2022-12-01 13:31:19.547000,1.04803,1.04794,1800000,3600000
2022-12-01 13:31:19.598000,1.04803,1.04796,5400000,3600000
2022-12-01 13:31:19.700000,1.04805,1.04798,4500000,3600000
2022-12-01 13:31:19.802000,1.04807,1.04803,4500000,3680000
2022-12-01 13:31:19.955000,1.04811,1.04803,4040000,3680000
2022-12-01 13:31:20.108000,1.04808,1.04802,4940000,3760000
2022-12-01 13:31:20.159000,1.04807,1.04801,4940000,7450000
2022-12-01 13:31:20.261000,1.04807,1.048,3600000,3680000
2022-12-01 13:31:20.363000,1.0481,1.04804,4500000,120000
2022-12-01 13:31:20.465000,1.04812,1.04805,3600000,3600000
2022-12-01 13:31:20.567000,1.04812,1.04804,3600000,3680000
2022-12-01 13:31:20.669000,1.04812,1.04805,3600000,3680000
2022-12-01 13:31:20.771000,1.04811,1.04804,900000,3600000
