time,ask,bid,ask_volume,bid_volume
2020-10-07 14:25:00.121000,1.17678,1.17674,4660000,13530000
2020-10-07 14:25:01.469000,1.17676,1.17674,750000,11840000
2020-10-07 14:25:01.571000,1.17672,1.1767,2620000,12640000
2020-10-07 14:25:01.622000,1.17671,1.17668,750000,1870000
2020-10-07 14:25:01.725000,1.17671,1.17667,6160000,14540000
2020-10-07 14:25:01.777000,1.17669,1.17667,750000,11090000
2020-10-07 14:25:01.879000,1.17669,1.17666,5410000,11090000
2020-10-07 14:25:01.981000,1.17669,1.17665,5410000,11090000
2020-10-07 14:25:02.195000,1.17668,1.17665,4660000,13230000
2020-10-07 14:25:02.635000,1.17669,1.17665,750000,11910000
2020-10-07 14:25:02.736000,1.1767,1.17667,4660000,3070000
2020-10-07 14:25:02.838000,1.17671,1.1767,750000,11090000
2020-10-07 14:25:03.041000,1.17672,1.17668,750000,11840000
2020-10-07 14:25:03.142000,1.17673,1.17671,3910000,1500000
2020-10-07 14:25:03.244000,1.17674,1.17672,940000,11090000
2020-10-07 14:25:03.345000,1.17674,1.17671,940000,12590000
2020-10-07 14:25:03.498000,1.17674,1.17673,6350000,11090000
2020-10-07 14:25:03.599000,1.17674,1.17671,940000,12660000
2020-10-07 14:25:05.222000,1.17673,1.1767,750000,11840000
2020-10-07 14:25:05.425000,1.17675,1.17671,5970000,750000
2020-10-07 14:25:05.683000,1.17673,1.17671,750000,11090000
2020-10-07 14:25:05.785000,1.17673,1.17671,4850000,12590000
2020-10-07 14:25:06.013000,1.17674,1.17671,4850000,750000
2020-10-07 14:25:06.115000,1.17674,1.1767,4920000,11840000
2020-10-07 14:25:06.506000,1.17673,1.17672,4850000,11090000
2020-10-07 14:25:06.861000,1.17675,1.17671,4850000,11840000
2020-10-07 14:25:07.014000,1.17674,1.17671,190000,11090000
2020-10-07 14:25:07.320000,1.17674,1.1767,3910000,16530001
2020-10-07 14:25:08.196000,1.17674,1.17671,3910000,11090000
2020-10-07 14:25:08.298000,1.17674,1.17672,4850000,11460000
2020-10-07 14:25:08.608000,1.17675,1.17672,4850000,11090000
2020-10-07 14:25:09.160000,1.17674,1.17672,4850000,11090000
2020-10-07 14:25:09.570000,1.17675,1.17672,4850000,11090000
2020-10-07 14:25:09.918000,1.17674,1.17672,4850000,12590000
2020-10-07 14:25:09.970000,1.17677,1.17676,1500000,1200000
2020-10-07 14:25:10.071000,1.17677,1.17676,3910000,12850000
2020-10-07 14:25:10.172000,1.17679,1.17676,940000,11090000
2020-10-07 14:25:11.014000,1.17679,1.17675,4850000,12660000
2020-10-07 14:25:11.149000,1.17678,1.17675,4850000,750000
2020-10-07 14:25:11.250000,1.17677,1.17675,4850000,750000
2020-10-07 14:25:11.858000,1.17677,1.17673,750000,17350000
2020-10-07 14:25:11.959000,1.17675,1.17673,750000,11090000
2020-10-07 14:25:12.061000,1.17674,1.17673,750000,750000
2020-10-07 14:25:12.781000,1.17675,1.17673,5410000,11840000
2020-10-07 14:25:12.882000,1.17675,1.17672,3910000,11840000
2020-10-07 14:25:16.363000,1.17674,1.17672,3910000,750000
2020-10-07 14:25:16.464000,1.17675,1.17672,5410000,750000
2020-10-07 14:25:18.481000,1.17675,1.17674,3910000,1570000
2020-10-07 14:25:18.583000,1.17677,1.17673,750000,11910000
2020-10-07 14:25:18.887000,1.17676,1.17672,4660000,16040001
2020-10-07 14:25:19.390000,1.17675,1.17672,3910000,1120000
2020-10-07 14:25:19.692000,1.17673,1.17672,820000,12210000
2020-10-07 14:25:19.743000,1.17672,1.17671,1500000,11280000
2020-10-07 14:25:21.904000,1.17672,1.1767,3910000,190000
2020-10-07 14:25:22.377000,1.17673,1.1767,5410000,11280000
2020-10-07 14:25:22.633000,1.17672,1.1767,3910000,190000
2020-10-07 14:25:22.915000,1.17671,1.17669,3910000,10200000
2020-10-07 14:25:23.164000,1.17669,1.17667,750000,1500000
2020-10-07 14:25:23.266000,1.1767,1.17668,2320000,2250000
2020-10-07 14:25:23.367000,1.1767,1.17667,6240000,190000
2020-10-07 14:25:23.469000,1.17668,1.17667,3910000,370000
2020-10-07 14:25:23.571000,1.17667,1.17665,370000,370000
2020-10-07 14:25:23.672000,1.17666,1.17664,2250000,11090000
2020-10-07 14:25:23.723000,1.17666,1.17662,5410000,1200000
2020-10-07 14:25:24.198000,1.17666,1.17663,5410000,750000
2020-10-07 14:25:24.300000,1.17667,1.17665,750000,1570000
2020-10-07 14:25:24.351000,1.17669,1.17665,1500000,1950000
2020-10-07 14:25:25.322000,1.17668,1.17665,1570000,370000
2020-10-07 14:25:25.373000,1.17666,1.17664,4660000,16709999
2020-10-07 14:25:25.474000,1.17666,1.17662,5790000,100000
2020-10-07 14:25:25.576000,1.17665,1.17662,3910000,100000
2020-10-07 14:25:25.677000,1.17665,1.17663,5790000,100000
2020-10-07 14:25:25.778000,1.17665,1.17661,3910000,5700000
2020-10-07 14:25:26.239000,1.17664,1.17662,3910000,5700000
2020-10-07 14:25:26.544000,1.17664,1.17662,3910000,5700000
2020-10-07 14:25:26.834000,1.17664,1.17662,3910000,5700000
2020-10-07 14:25:27.544000,1.17664,1.17662,3910000,1570000
2020-10-07 14:25:27.645000,1.17666,1.17662,3910000,2320000
2020-10-07 14:25:27.746000,1.17665,1.17664,3910000,750000
2020-10-07 14:25:28.245000,1.17666,1.17662,3910000,1570000
2020-10-07 14:25:28.296000,1.17664,1.17661,750000,11460000
2020-10-07 14:25:28.398000,1.17663,1.1766,820000,750000
2020-10-07 14:25:28.809000,1.17663,1.17659,4740000,5810000
2020-10-07 14:25:28.910000,1.17663,1.17661,3910000,750000
2020-10-07 14:25:29.012000,1.17664,1.1766,5490000,750000
2020-10-07 14:25:29.317000,1.17662,1.17658,1500000,1950000
2020-10-07 14:25:29.519000,1.17661,1.17658,750000,11460000
2020-10-07 14:25:29.621000,1.17661,1.17657,4660000,1570000
2020-10-07 14:25:29.722000,1.1766,1.17657,3910000,1570000
2020-10-07 14:25:29.824000,1.1766,1.17659,4660000,100000
2020-10-07 14:25:29.960000,1.1766,1.17659,4660000,820000
2020-10-07 14:25:31.017000,1.1766,1.17658,750000,820000
2020-10-07 14:25:31.771000,1.17661,1.17658,4660000,820000
2020-10-07 14:25:32.297000,1.17662,1.1766,5410000,820000
2020-10-07 14:25:32.399000,1.17661,1.17658,750000,14540000
2020-10-07 14:25:32.501000,1.1766,1.17658,750000,370000
2020-10-07 14:25:32.603000,1.1766,1.17658,5410000,820000
2020-10-07 14:25:32.704000,1.17659,1.17658,3910000,820000
2020-10-07 14:25:32.856000,1.17661,1.17657,5410000,820000
2020-10-07 14:25:32.915000,1.17659,1.17657,3910000,820000
2020-10-07 14:25:33.068000,1.17659,1.17658,3910000,820000
2020-10-07 14:25:33.845000,1.17659,1.17656,3910000,2700000
2020-10-07 14:25:33.998000,1.17659,1.17658,4660000,750000
2020-10-07 14:25:34.100000,1.1766,1.17657,3910000,820000
2020-10-07 14:25:34.303000,1.1766,1.17658,3910000,750000
2020-10-07 14:25:34.405000,1.17661,1.17657,5410000,1120000
2020-10-07 14:25:34.506000,1.17659,1.17658,3910000,750000
2020-10-07 14:25:34.857000,1.17659,1.17657,3910000,3450000
2020-10-07 14:25:34.959000,1.17659,1.17656,3910000,3450000
2020-10-07 14:25:35.617000,1.1766,1.17656,3910000,3820000
2020-10-07 14:25:36.649000,1.17659,1.17656,750000,750000
2020-10-07 14:25:36.802000,1.17658,1.17656,4660000,13790000
2020-10-07 14:25:36.954000,1.17659,1.17656,3910000,100000
2020-10-07 14:25:37.106000,1.17659,1.17657,4660000,11160000
2020-10-07 14:25:37.208000,1.17659,1.17656,3910000,100000
2020-10-07 14:25:37.337000,1.1766,1.17656,4660000,100000
2020-10-07 14:25:37.742000,1.17659,1.17656,3910000,450000
2020-10-07 14:25:38.483000,1.17659,1.17657,3910000,3820000
2020-10-07 14:25:38.534000,1.17662,1.17657,6910000,14910000
2020-10-07 14:25:38.686000,1.17661,1.17657,1500000,12290000
2020-10-07 14:25:38.788000,1.17659,1.17657,3910000,14910000
2020-10-07 14:25:39.167000,1.17658,1.17656,750000,13790000
2020-10-07 14:25:39.594000,1.17658,1.17655,3910000,2700000
2020-10-07 14:25:40.817000,1.17658,1.17656,3910000,100000
2020-10-07 14:25:40.919000,1.17658,1.17657,3910000,100000
2020-10-07 14:25:41.122000,1.17659,1.17657,3910000,2320000
2020-10-07 14:25:41.174000,1.1766,1.17658,6910000,2320000
2020-10-07 14:25:41.547000,1.1766,1.17656,940000,13410000
2020-10-07 14:25:41.649000,1.17659,1.17655,3910000,6450000
2020-10-07 14:25:43.580000,1.17658,1.17655,3910000,2700000
2020-10-07 14:25:44.057000,1.17659,1.17655,3910000,2700000
2020-10-07 14:25:44.158000,1.17658,1.17656,3910000,2700000
2020-10-07 14:25:44.447000,1.17657,1.17656,5600000,370000
2020-10-07 14:25:44.498000,1.17656,1.17654,1500000,750000
2020-10-07 14:25:44.599000,1.17655,1.17652,4660000,100000
2020-10-07 14:25:44.802000,1.17654,1.17652,3910000,100000
2020-10-07 14:25:44.903000,1.17654,1.17651,3910000,1390000
2020-10-07 14:25:45.761000,1.17655,1.17651,4660000,1390000
2020-10-07 14:25:47.376000,1.17654,1.17653,3910000,1570000
2020-10-07 14:25:47.767000,1.17654,1.17652,3910000,2890000
2020-10-07 14:25:48.006000,1.17655,1.17653,4500000,100000
2020-10-07 14:25:48.130000,1.17653,1.17652,3910000,1390000
2020-10-07 14:25:48.335000,1.17653,1.17651,3910000,1390000
2020-10-07 14:25:48.488000,1.17654,1.17652,4660000,2140000
2020-10-07 14:25:49.275000,1.17653,1.17652,3910000,1390000
2020-10-07 14:25:49.485000,1.17653,1.17651,3910000,1390000
2020-10-07 14:25:49.817000,1.17653,1.17652,3910000,1390000
2020-10-07 14:25:50.543000,1.17654,1.17652,3910000,750000
2020-10-07 14:25:51.197000,1.17655,1.17652,4660000,1870000
2020-10-07 14:25:51.298000,1.17654,1.17652,3910000,1870000
2020-10-07 14:25:54.113000,1.17657,1.17655,370000,820000
2020-10-07 14:25:54.165000,1.17659,1.17656,2250000,750000
2020-10-07 14:25:54.266000,1.17658,1.17656,3910000,1500000
2020-10-07 14:25:54.997000,1.17656,1.17655,5410000,1120000
2020-10-07 14:25:55.048000,1.17658,1.17655,4950000,1870000
2020-10-07 14:25:55.305000,1.17657,1.17655,8860000,2620000
2020-10-07 14:25:56.290000,1.17658,1.17655,7010000,370000
2020-10-07 14:25:56.392000,1.17657,1.17655,750000,370000
2020-10-07 14:25:56.836000,1.17656,1.17653,3910000,13040000
2020-10-07 14:25:56.938000,1.17655,1.17653,3910000,1950000
2020-10-07 14:25:57.165000,1.17656,1.17653,3910000,13040000
2020-10-07 14:25:57.625000,1.17655,1.17653,3910000,1950000
2020-10-07 14:25:58.055000,1.17656,1.17653,3910000,1950000
2020-10-07 14:25:58.982000,1.17655,1.17653,3910000,14910000
2020-10-07 14:25:59.317000,1.17655,1.17652,10170000,11090000
2020-10-07 14:25:59.368000,1.17653,1.17651,3910000,1870000
2020-10-07 14:25:59.621000,1.17654,1.17651,3910000,1870000
2020-10-07 14:25:59.824000,1.17653,1.17652,6990000,1500000
2020-10-07 14:26:00.623000,1.17654,1.17653,5440000,820000
2020-10-07 14:26:01.190000,1.17654,1.17652,3910000,1950000
2020-10-07 14:26:01.309000,1.17654,1.17653,4660000,1950000
2020-10-07 14:26:02.019000,1.17656,1.17654,1690000,750000
2020-10-07 14:26:02.120000,1.17655,1.17653,3910000,1500000
2020-10-07 14:26:03.718000,1.17659,1.17656,100000,1500000
2020-10-07 14:26:03.820000,1.17658,1.17656,3910000,1870000
2020-10-07 14:26:03.922000,1.17657,1.17655,750000,11460000
2020-10-07 14:26:04.025000,1.17657,1.17654,10100000,1500000
2020-10-07 14:26:04.177000,1.17655,1.17654,3910000,1870000
2020-10-07 14:26:04.331000,1.17658,1.17656,370000,1500000
2020-10-07 14:26:04.433000,1.17658,1.17657,6350000,1870000
2020-10-07 14:26:04.484000,1.17657,1.17655,750000,370000
2020-10-07 14:26:04.586000,1.17656,1.17654,370000,12210000
2020-10-07 14:26:04.789000,1.17654,1.17653,820000,11090000
2020-10-07 14:26:04.840000,1.17654,1.17651,750000,13340000
2020-10-07 14:26:04.941000,1.17654,1.17652,4660000,100000
2020-10-07 14:26:05.224000,1.17654,1.17651,4660000,2320000
2020-10-07 14:26:06.003000,1.17654,1.17652,3910000,3070000
2020-10-07 14:26:06.106000,1.17657,1.17654,3260000,1500000
2020-10-07 14:26:06.209000,1.17656,1.17654,3910000,1500000
2020-10-07 14:26:06.362000,1.17657,1.17654,10170000,1500000
2020-10-07 14:26:06.515000,1.17656,1.17654,3910000,1500000
2020-10-07 14:26:06.719000,1.17654,1.17653,3910000,12960000
2020-10-07 14:26:07.037000,1.17654,1.17652,3910000,1870000
2020-10-07 14:26:07.392000,1.17655,1.17652,4290000,1870000
2020-10-07 14:26:08.890000,1.17656,1.17652,4660000,13410000
2020-10-07 14:26:09.118000,1.17654,1.17653,3910000,13410000
2020-10-07 14:26:09.939000,1.17655,1.17653,3910000,750000
2020-10-07 14:26:10.042000,1.17655,1.17651,750000,14460000
2020-10-07 14:26:10.196000,1.17654,1.17651,3910000,14460000
2020-10-07 14:26:10.462000,1.17656,1.17653,6560000,1120000
2020-10-07 14:26:10.564000,1.17655,1.17653,3910000,1870000
2020-10-07 14:26:10.767000,1.17656,1.17653,3910000,2250000
2020-10-07 14:26:10.868000,1.17655,1.17653,3910000,2250000
2020-10-07 14:26:10.970000,1.17655,1.17654,3910000,2250000
2020-10-07 14:26:11.388000,1.17659,1.17656,3750000,1120000
2020-10-07 14:26:11.591000,1.17658,1.17656,3910000,1870000
2020-10-07 14:26:11.845000,1.17656,1.17655,6160000,750000
2020-10-07 14:26:11.947000,1.17658,1.17656,4290000,750000
2020-10-07 14:26:12.048000,1.17658,1.17657,6990000,750000
2020-10-07 14:26:12.493000,1.17658,1.17656,6910000,13790000
2020-10-07 14:26:12.803000,1.17659,1.17656,6910000,750000
2020-10-07 14:26:13.025000,1.17658,1.17656,6910000,13790000
2020-10-07 14:26:13.177000,1.1766,1.17657,6350000,1500000
2020-10-07 14:26:13.595000,1.17659,1.17657,6350000,13040000
2020-10-07 14:26:13.934000,1.17659,1.17658,6350000,1500000
2020-10-07 14:26:14.063000,1.17659,1.17657,3910000,1500000
2020-10-07 14:26:14.506000,1.17659,1.17658,7100000,1500000
2020-10-07 14:26:14.724000,1.17659,1.17657,3910000,1500000
2020-10-07 14:26:15.077000,1.17659,1.17658,7100000,1500000
2020-10-07 14:26:15.178000,1.17659,1.17657,3910000,1500000
2020-10-07 14:26:15.381000,1.1766,1.17657,4010000,1500000
2020-10-07 14:26:15.749000,1.17659,1.17657,3910000,1500000
2020-10-07 14:26:16.635000,1.17658,1.17656,5410000,370000
2020-10-07 14:26:16.737000,1.17658,1.17655,3910000,2620000
2020-10-07 14:26:16.839000,1.17659,1.17656,8110000,750000
2020-10-07 14:26:17.782000,1.17657,1.17656,3910000,3070000
2020-10-07 14:26:19.871000,1.17659,1.17656,7660000,750000
2020-10-07 14:26:20.993000,1.17658,1.17656,3910000,750000
2020-10-07 14:26:22.816000,1.17659,1.17656,4660000,750000
2020-10-07 14:26:24.211000,1.17659,1.17657,3910000,2700000
2020-10-07 14:26:24.262000,1.17662,1.17658,1010000,1570000
2020-10-07 14:26:24.313000,1.1766,1.17658,1690000,11090000
2020-10-07 14:26:24.517000,1.1766,1.17657,5600000,11090000
2020-10-07 14:26:24.620000,1.17658,1.17656,3910000,2620000
2020-10-07 14:26:24.773000,1.17659,1.17656,3910000,13710000
2020-10-07 14:26:25.352000,1.1766,1.17657,5600000,11090000
2020-10-07 14:26:25.454000,1.17658,1.17656,5790000,750000
2020-10-07 14:26:25.657000,1.17659,1.17657,6050000,4120000
2020-10-07 14:26:25.809000,1.17659,1.17658,4850000,1870000
2020-10-07 14:26:26.352000,1.17659,1.17657,3910000,1870000
2020-10-07 14:26:26.644000,1.1766,1.17657,940000,1870000
2020-10-07 14:26:26.755000,1.17659,1.17657,3910000,1870000
2020-10-07 14:26:27.124000,1.1766,1.17657,4850000,1870000
2020-10-07 14:26:27.227000,1.17659,1.17657,3910000,1870000
2020-10-07 14:26:27.328000,1.1766,1.17657,4850000,1870000
2020-10-07 14:26:27.521000,1.17659,1.17657,3910000,1870000
2020-10-07 14:26:27.744000,1.1766,1.17657,940000,1870000
2020-10-07 14:26:27.875000,1.17659,1.17657,4850000,2700000
2020-10-07 14:26:28.869000,1.17658,1.17656,1500000,370000
2020-10-07 14:26:28.970000,1.17657,1.17655,3910000,2620000
2020-10-07 14:26:30.237000,1.17658,1.17655,4660000,2620000
2020-10-07 14:26:30.338000,1.17657,1.17655,4660000,16709999
2020-10-07 14:26:30.591000,1.17657,1.17656,4660000,2620000
2020-10-07 14:26:30.693000,1.17658,1.17657,4100000,750000
2020-10-07 14:26:30.795000,1.17659,1.17656,3910000,13790000
2020-10-07 14:26:30.896000,1.1766,1.17657,5600000,12590000
2020-10-07 14:26:31.496000,1.17659,1.17657,4850000,13410000
2020-10-07 14:26:31.606000,1.1766,1.17657,4850000,12960000
2020-10-07 14:26:32.025000,1.17659,1.17657,4850000,13410000
2020-10-07 14:26:32.136000,1.17659,1.17658,4850000,1870000
2020-10-07 14:26:34.088000,1.17661,1.17659,3910000,1950000
2020-10-07 14:26:34.189000,1.17663,1.1766,4850000,370000
2020-10-07 14:26:34.342000,1.17662,1.1766,4850000,13710000
2020-10-07 14:26:34.634000,1.17662,1.17659,3910000,2620000
2020-10-07 14:26:36.081000,1.17662,1.1766,3910000,750000
2020-10-07 14:26:36.183000,1.17661,1.17659,940000,11090000
2020-10-07 14:26:36.285000,1.17661,1.17658,4850000,370000
2020-10-07 14:26:36.386000,1.1766,1.17658,3910000,370000
2020-10-07 14:26:36.488000,1.1766,1.17659,7850000,370000
2020-10-07 14:26:36.754000,1.1766,1.17658,3910000,370000
2020-10-07 14:26:36.856000,1.17661,1.17658,3940000,370000
2020-10-07 14:26:37.394000,1.1766,1.17658,3910000,370000
2020-10-07 14:26:37.496000,1.1766,1.17657,3910000,12210000
2020-10-07 14:26:37.547000,1.17656,1.17654,1500000,750000
2020-10-07 14:26:37.598000,1.17654,1.17653,2320000,9190000
2020-10-07 14:26:37.700000,1.17654,1.17652,4660000,7500000
2020-10-07 14:26:37.801000,1.17653,1.17651,3910000,1690000
2020-10-07 14:26:37.903000,1.17656,1.17653,3820000,2620000
2020-10-07 14:26:40.215000,1.17656,1.17654,3910000,2700000
2020-10-07 14:26:40.266000,1.17659,1.17655,3190000,1870000
2020-10-07 14:26:40.367000,1.17658,1.17655,3910000,1870000
2020-10-07 14:26:40.632000,1.17658,1.17657,3910000,370000
2020-10-07 14:26:40.784000,1.17659,1.17657,3910000,750000
2020-10-07 14:26:41.421000,1.1766,1.17657,6350000,750000
2020-10-07 14:26:41.523000,1.17659,1.17657,3910000,750000
2020-10-07 14:26:42.496000,1.17661,1.17658,4850000,370000
2020-10-07 14:26:42.597000,1.1766,1.17658,3910000,370000
2020-10-07 14:26:42.698000,1.17661,1.17658,4850000,11460000
2020-10-07 14:26:42.850000,1.1766,1.17658,3910000,370000
2020-10-07 14:26:44.616000,1.17661,1.17658,4850000,1120000
2020-10-07 14:26:44.985000,1.17661,1.17659,4850000,750000
2020-10-07 14:26:45.153000,1.1766,1.17659,4850000,12590000
2020-10-07 14:26:47.348000,1.17661,1.1766,5600000,1120000
2020-10-07 14:26:47.450000,1.17662,1.17659,4850000,13340000
2020-10-07 14:26:47.602000,1.17661,1.17659,940000,11460000
2020-10-07 14:26:47.653000,1.1766,1.17658,4850000,16790001
2020-10-07 14:26:47.755000,1.17661,1.17657,4850000,13790000
2020-10-07 14:26:47.979000,1.17659,1.17658,3910000,13790000
2020-10-07 14:26:48.183000,1.1766,1.17658,3910000,2440000
2020-10-07 14:26:48.285000,1.17661,1.17658,940000,13900000
2020-10-07 14:26:48.878000,1.1766,1.17658,4100000,370000
2020-10-07 14:26:50.422000,1.1766,1.17657,190000,1120000
2020-10-07 14:26:50.625000,1.1766,1.17658,3910000,2250000
2020-10-07 14:26:50.676000,1.17662,1.1766,3910000,1120000
2020-10-07 14:26:50.778000,1.17662,1.17661,4660000,12960000
2020-10-07 14:26:50.880000,1.17661,1.17659,3910000,750000
2020-10-07 14:26:50.982000,1.17661,1.17658,3910000,12960000
2020-10-07 14:26:52.940000,1.1766,1.17658,6350000,12660000
2020-10-07 14:26:53.041000,1.17659,1.17658,3910000,12660000
2020-10-07 14:26:53.295000,1.17659,1.17657,3910000,1500000
2020-10-07 14:26:53.447000,1.1766,1.17657,2400000,1500000
2020-10-07 14:26:53.549000,1.17659,1.17657,3910000,1870000
2020-10-07 14:26:55.374000,1.1766,1.17657,6910000,1500000
2020-10-07 14:26:55.475000,1.17659,1.17657,3910000,1500000
2020-10-07 14:26:56.205000,1.17659,1.17658,4660000,1500000
2020-10-07 14:26:56.306000,1.1766,1.17658,3910000,750000
2020-10-07 14:26:56.408000,1.17661,1.17658,9720000,750000
2020-10-07 14:26:56.570000,1.17661,1.17659,3910000,750000
2020-10-07 14:26:56.622000,1.17662,1.17661,4660000,12960000
2020-10-07 14:26:58.262000,1.17663,1.17662,4850000,1500000
2020-10-07 14:26:58.364000,1.17664,1.17661,4850000,12590000
2020-10-07 14:26:58.916000,1.17663,1.17661,3910000,1120000
2020-10-07 14:26:59.361000,1.17664,1.17661,4850000,1500000
2020-10-07 14:26:59.549000,1.17663,1.17661,3910000,1500000
2020-10-07 14:27:00.523000,1.17664,1.17661,3910000,1500000
2020-10-07 14:27:00.781000,1.17663,1.17661,3910000,17090000
2020-10-07 14:27:01.187000,1.17663,1.1766,5600000,12210000
2020-10-07 14:27:01.290000,1.17662,1.1766,3910000,370000
2020-10-07 14:27:01.392000,1.17663,1.1766,6350000,11460000
2020-10-07 14:27:01.495000,1.17662,1.1766,3910000,370000
2020-10-07 14:27:01.851000,1.17663,1.1766,3260000,370000
2020-10-07 14:27:02.444000,1.17662,1.17659,4660000,750000
2020-10-07 14:27:02.683000,1.17663,1.1766,5970000,11090000
2020-10-07 14:27:02.785000,1.17661,1.1766,6800000,750000
2020-10-07 14:27:02.990000,1.17662,1.17659,4690000,940000
2020-10-07 14:27:03.135000,1.17661,1.1766,5600000,750000
2020-10-07 14:27:03.856000,1.17662,1.17659,1690000,750000
2020-10-07 14:27:04.272000,1.17661,1.17659,3910000,750000
2020-10-07 14:27:04.619000,1.1766,1.17658,4660000,14090000
2020-10-07 14:27:04.721000,1.17661,1.17658,4660000,1500000
2020-10-07 14:27:05.120000,1.1766,1.17658,3910000,1500000
2020-10-07 14:27:05.272000,1.1766,1.17659,4660000,1500000
2020-10-07 14:27:05.475000,1.1766,1.17658,3910000,1500000
2020-10-07 14:27:05.738000,1.17662,1.17659,750000,1870000
2020-10-07 14:27:05.840000,1.17663,1.1766,4850000,11090000
2020-10-07 14:27:06.222000,1.17662,1.17659,3910000,17090000
2020-10-07 14:27:06.567000,1.17663,1.1766,4850000,11090000
2020-10-07 14:27:06.668000,1.17661,1.1766,1010000,12210000
2020-10-07 14:27:06.770000,1.17661,1.17659,4660000,370000
2020-10-07 14:27:10.281000,1.17659,1.17658,3910000,1500000
2020-10-07 14:27:10.716000,1.17661,1.17659,1010000,370000
2020-10-07 14:27:10.936000,1.17659,1.17658,4100000,1870000
2020-10-07 14:27:10.987000,1.1766,1.17656,4850000,13710000
2020-10-07 14:27:11.088000,1.1766,1.17657,4100000,1500000
2020-10-07 14:27:11.190000,1.17659,1.17658,4100000,1500000
2020-10-07 14:27:11.336000,1.17659,1.17658,4100000,12590000
2020-10-07 14:27:11.499000,1.17659,1.17658,4100000,1870000
2020-10-07 14:27:13.027000,1.17659,1.17658,190000,11460000
2020-10-07 14:27:13.136000,1.17659,1.17656,3910000,13790000
2020-10-07 14:27:15.011000,1.1766,1.17657,4850000,11090000
2020-10-07 14:27:15.162000,1.17658,1.17657,3910000,12960000
2020-10-07 14:27:16.390000,1.17658,1.17656,7840000,11840000
2020-10-07 14:27:16.441000,1.17656,1.17654,750000,370000
2020-10-07 14:27:16.543000,1.17654,1.17653,2320000,11840000
2020-10-07 14:27:16.594000,1.17654,1.17651,3910000,3560000
2020-10-07 14:27:16.746000,1.17653,1.17651,750000,370000
2020-10-07 14:27:18.495000,1.17653,1.17652,5670000,370000
2020-10-07 14:27:18.647000,1.17655,1.17652,4100000,11460000
2020-10-07 14:27:20.578000,1.17654,1.17652,3910000,370000
2020-10-07 14:27:20.732000,1.17653,1.17651,6910000,14090000
2020-10-07 14:27:24.730000,1.17653,1.1765,4660000,13340000
2020-10-07 14:27:25.177000,1.17652,1.1765,3910000,2250000
2020-10-07 14:27:25.329000,1.17653,1.17651,5410000,750000
2020-10-07 14:27:25.757000,1.17652,1.17651,7550000,1120000
2020-10-07 14:27:25.809000,1.17648,1.17646,3750000,4390000
2020-10-07 14:27:25.911000,1.17647,1.17646,2250000,750000
2020-10-07 14:27:26.064000,1.17647,1.17645,1120000,11840000
2020-10-07 14:27:26.166000,1.17649,1.17646,750000,1690000
2020-10-07 14:27:26.268000,1.1765,1.17647,4660000,750000
2020-10-07 14:27:26.470000,1.17649,1.17647,3910000,750000
2020-10-07 14:27:26.606000,1.17649,1.17648,4660000,11840000
2020-10-07 14:27:26.658000,1.17651,1.17649,750000,1120000
2020-10-07 14:27:27.327000,1.17652,1.17649,940000,1870000
2020-10-07 14:27:27.546000,1.17651,1.17649,4850000,2620000
2020-10-07 14:27:28.231000,1.17651,1.1765,940000,1870000
2020-10-07 14:27:28.755000,1.17651,1.17649,3910000,1870000
2020-10-07 14:27:29.216000,1.17652,1.17649,4850000,12960000
2020-10-07 14:27:29.317000,1.17651,1.17649,3910000,1870000
2020-10-07 14:27:31.726000,1.17654,1.17652,4950000,1500000
2020-10-07 14:27:31.778000,1.17656,1.17654,1120000,750000
2020-10-07 14:27:31.984000,1.17658,1.17657,940000,1870000
2020-10-07 14:27:32.138000,1.17659,1.17657,4850000,2250000
2020-10-07 14:27:33.935000,1.17662,1.1766,750000,750000
2020-10-07 14:27:34.038000,1.17662,1.17661,190000,15400000
2020-10-07 14:27:34.140000,1.17663,1.17662,4660000,12590000
2020-10-07 14:27:34.242000,1.17663,1.17661,190000,13340000
2020-10-07 14:27:34.658000,1.17663,1.17662,3910000,2250000
2020-10-07 14:27:34.760000,1.17665,1.17661,5410000,2250000
2020-10-07 14:27:34.964000,1.17664,1.17661,3910000,1500000
2020-10-07 14:27:35.065000,1.17663,1.17662,5410000,1500000
2020-10-07 14:27:35.268000,1.17664,1.17661,5490000,1500000
2020-10-07 14:27:35.370000,1.17663,1.17661,3910000,1500000
2020-10-07 14:27:35.472000,1.17662,1.17659,5970000,12210000
2020-10-07 14:27:35.523000,1.1766,1.17658,1690000,370000
2020-10-07 14:27:35.997000,1.17659,1.17658,4850000,1870000
2020-10-07 14:27:37.073000,1.17659,1.17657,5600000,2620000
2020-10-07 14:27:37.175000,1.1766,1.17659,4850000,1500000
2020-10-07 14:27:37.277000,1.17661,1.1766,5410000,750000
2020-10-07 14:27:37.733000,1.17661,1.17659,3910000,750000
2020-10-07 14:27:38.029000,1.17662,1.17659,4660000,750000
2020-10-07 14:27:38.276000,1.17661,1.17659,3910000,750000
2020-10-07 14:27:38.913000,1.17661,1.1766,3910000,750000
2020-10-07 14:27:39.466000,1.17663,1.17659,6240000,11840000
2020-10-07 14:27:39.567000,1.17662,1.17661,3910000,3000000
2020-10-07 14:27:39.668000,1.17663,1.17661,4100000,13710000
2020-10-07 14:27:40.152000,1.17663,1.17661,3910000,750000
2020-10-07 14:27:40.254000,1.17663,1.17662,260000,12960000
2020-10-07 14:27:40.608000,1.17663,1.17661,3910000,1870000
2020-10-07 14:27:41.144000,1.17664,1.17661,4170000,1870000
2020-10-07 14:27:41.776000,1.17664,1.17662,4100000,750000
2020-10-07 14:27:41.878000,1.17665,1.17662,4100000,15780000
2020-10-07 14:27:41.979000,1.17665,1.17663,1010000,11090000
2020-10-07 14:27:42.081000,1.17665,1.17662,4850000,12960000
2020-10-07 14:27:42.285000,1.17664,1.17662,4850000,14460000
2020-10-07 14:27:43.119000,1.17664,1.17663,1010000,370000
2020-10-07 14:27:43.272000,1.17664,1.17662,1760000,370000
2020-10-07 14:27:43.323000,1.17661,1.17658,750000,4120000
2020-10-07 14:27:43.426000,1.17659,1.17657,750000,1120000
2020-10-07 14:27:43.529000,1.17658,1.17656,3910000,750000
2020-10-07 14:27:43.682000,1.17659,1.17656,4660000,750000
2020-10-07 14:27:43.784000,1.17658,1.17656,3910000,750000
2020-10-07 14:27:43.885000,1.17659,1.17656,4660000,750000
2020-10-07 14:27:43.987000,1.1766,1.17657,5670000,1120000
2020-10-07 14:27:44.552000,1.17659,1.17657,5670000,14090000
2020-10-07 14:27:45.796000,1.1766,1.17657,4850000,12210000
2020-10-07 14:27:45.898000,1.1766,1.17658,4100000,1870000
2020-10-07 14:27:45.999000,1.1766,1.17657,4100000,13710000
2020-10-07 14:27:46.101000,1.17659,1.17657,3910000,1870000
2020-10-07 14:27:47.139000,1.17659,1.17656,4660000,12210000
2020-10-07 14:27:47.240000,1.17658,1.17657,4660000,1120000
2020-10-07 14:27:47.595000,1.17657,1.17655,2440000,11090000
2020-10-07 14:27:47.696000,1.17656,1.17655,5600000,1120000
2020-10-07 14:27:47.798000,1.17656,1.17654,3910000,1500000
2020-10-07 14:27:47.907000,1.17657,1.17654,4100000,2250000
2020-10-07 14:27:49.618000,1.17658,1.17654,4100000,14090000
2020-10-07 14:27:50.221000,1.17657,1.17654,3910000,13710000
2020-10-07 14:27:51.554000,1.17658,1.17654,4850000,13710000
2020-10-07 14:27:51.727000,1.17658,1.17655,4100000,370000
2020-10-07 14:27:52.346000,1.17657,1.17655,3910000,370000
2020-10-07 14:27:52.447000,1.17659,1.17655,4100000,14090000
2020-10-07 14:27:52.651000,1.17659,1.17656,4100000,11090000
2020-10-07 14:27:53.209000,1.17659,1.17655,4100000,14090000
2020-10-07 14:27:53.535000,1.17659,1.17656,4100000,750000
2020-10-07 14:27:53.637000,1.17658,1.17655,370000,11840000
2020-10-07 14:27:54.344000,1.17658,1.17654,4100000,16709999
2020-10-07 14:27:56.078000,1.17658,1.17655,4100000,11090000
2020-10-07 14:27:56.317000,1.17656,1.17654,100000,11840000
2020-10-07 14:27:56.469000,1.17654,1.17653,3990000,12960000
2020-10-07 14:27:56.622000,1.17654,1.17652,6160000,750000
2020-10-07 14:27:56.724000,1.17653,1.17651,3910000,750000
2020-10-07 14:27:56.826000,1.17653,1.17652,750000,11840000
2020-10-07 14:27:57.036000,1.17655,1.17651,6910000,11840000
2020-10-07 14:27:57.658000,1.17654,1.17653,6910000,11090000
2020-10-07 14:27:59.035000,1.17655,1.17651,6910000,11840000
2020-10-07 14:27:59.457000,1.17655,1.17652,6910000,11090000
2020-10-07 14:27:59.773000,1.17653,1.17652,3910000,11090000
2020-10-07 14:27:59.875000,1.17654,1.17652,6910000,11090000
2020-10-07 14:28:00.079000,1.17654,1.17651,3910000,11460000
2020-10-07 14:28:00.232000,1.17653,1.17651,750000,11090000
2020-10-07 14:28:00.333000,1.17653,1.1765,4660000,750000
2020-10-07 14:28:00.436000,1.17649,1.17647,2250000,1310000
2020-10-07 14:28:00.487000,1.17646,1.17643,750000,6560000
2020-10-07 14:28:00.640000,1.17646,1.17641,6540000,12780000
2020-10-07 14:28:00.741000,1.17646,1.17642,6540000,11090000
2020-10-07 14:28:00.893000,1.17646,1.17641,7470000,12590000
2020-10-07 14:28:00.994000,1.17644,1.17643,3910000,11090000
2020-10-07 14:28:01.096000,1.17645,1.17641,3910000,12590000
2020-10-07 14:28:01.280000,1.17645,1.17642,3910000,11090000
2020-10-07 14:28:01.536000,1.17645,1.17643,3910000,750000
2020-10-07 14:28:01.638000,1.17646,1.17643,5790000,11840000
2020-10-07 14:28:01.741000,1.17644,1.17643,3910000,11090000
2020-10-07 14:28:01.843000,1.17644,1.17642,3910000,11840000
2020-10-07 14:28:02.098000,1.17645,1.17642,3910000,11090000
2020-10-07 14:28:02.418000,1.17644,1.17642,3910000,11840000
2020-10-07 14:28:03.078000,1.17645,1.17644,5970000,750000
2020-10-07 14:28:03.180000,1.17647,1.17643,6720000,750000
2020-10-07 14:28:03.484000,1.17646,1.17645,5970000,750000
2020-10-07 14:28:03.586000,1.17648,1.17645,5040000,750000
2020-10-07 14:28:03.688000,1.17645,1.17642,2250000,2510000
2020-10-07 14:28:03.790000,1.17645,1.17641,3910000,13530000
2020-10-07 14:28:04.195000,1.17645,1.17642,3910000,11090000
2020-10-07 14:28:04.297000,1.17646,1.17643,3910000,750000
2020-10-07 14:28:04.399000,1.17645,1.17641,3910000,12400000
2020-10-07 14:28:05.632000,1.17644,1.17641,1870000,11840000
2020-10-07 14:28:05.734000,1.17644,1.1764,5040000,12590000
2020-10-07 14:28:05.886000,1.17643,1.17642,5040000,11090000
2020-10-07 14:28:06.299000,1.17644,1.1764,5040000,12590000
2020-10-07 14:28:07.197000,1.17644,1.17641,5040000,11090000
2020-10-07 14:28:07.958000,1.17645,1.17641,4660000,11840000
2020-10-07 14:28:08.651000,1.17644,1.17641,3910000,750000
2020-10-07 14:28:09.505000,1.17645,1.17641,6350000,11840000
2020-10-07 14:28:10.756000,1.17644,1.17641,3910000,11840000
2020-10-07 14:28:11.065000,1.17642,1.17641,1500000,12590000
2020-10-07 14:28:11.168000,1.17643,1.1764,5410000,11840000
2020-10-07 14:28:14.101000,1.17644,1.17641,5040000,940000
2020-10-07 14:28:14.203000,1.17646,1.17642,8790000,11280000
2020-10-07 14:28:14.901000,1.17645,1.17642,3910000,11280000
2020-10-07 14:28:15.516000,1.17644,1.17642,3910000,12400000
2020-10-07 14:28:15.618000,1.17646,1.17641,9720000,12400000
2020-10-07 14:28:16.092000,1.17646,1.17642,10100000,11090000
2020-10-07 14:28:16.415000,1.17644,1.17643,370000,11090000
2020-10-07 14:28:16.750000,1.17644,1.17642,4290000,12400000
2020-10-07 14:28:17.066000,1.17645,1.17642,3910000,11090000
2020-10-07 14:28:17.167000,1.17646,1.17643,10100000,11090000
2020-10-07 14:28:17.268000,1.17645,1.17642,3910000,11090000
2020-10-07 14:28:17.370000,1.17645,1.17643,10100000,11090000
2020-10-07 14:28:17.936000,1.17645,1.17642,3910000,11090000
2020-10-07 14:28:18.148000,1.17645,1.17643,9720000,11090000
2020-10-07 14:28:18.379000,1.17645,1.17642,3910000,11090000
2020-10-07 14:28:20.248000,1.17644,1.17642,3910000,12780000
2020-10-07 14:28:20.796000,1.17645,1.17642,4660000,11090000
2020-10-07 14:28:21.177000,1.17645,1.17641,4660000,12030000
2020-10-07 14:28:21.830000,1.17645,1.17642,4660000,11090000
2020-10-07 14:28:21.937000,1.17645,1.17641,4660000,12030000
2020-10-07 14:28:22.627000,1.17645,1.17642,8670000,12030000
2020-10-07 14:28:22.829000,1.17645,1.17641,3910000,12030000
2020-10-07 14:28:23.283000,1.17645,1.17642,3910000,11840000
2020-10-07 14:28:23.385000,1.17646,1.17642,5600000,11840000
2020-10-07 14:28:23.767000,1.17646,1.17644,4100000,370000
2020-10-07 14:28:23.869000,1.17647,1.17644,5410000,11090000
2020-10-07 14:28:24.021000,1.17647,1.17645,6420000,11840000
2020-10-07 14:28:24.173000,1.17647,1.17644,750000,11840000
2020-10-07 14:28:26.585000,1.17646,1.17644,3910000,750000
2020-10-07 14:28:26.858000,1.17647,1.17644,4660000,750000
2020-10-07 14:28:27.865000,1.17646,1.17644,3910000,750000
2020-10-07 14:28:28.609000,1.17647,1.17644,4660000,11840000
2020-10-07 14:28:28.713000,1.17646,1.17644,5410000,12780000
2020-10-07 14:28:28.815000,1.17646,1.17643,4660000,11090000
2020-10-07 14:28:28.916000,1.17645,1.17642,3910000,11840000
2020-10-07 14:28:29.717000,1.17646,1.17643,5790000,11460000
2020-10-07 14:28:29.819000,1.17647,1.17645,3910000,750000
2020-10-07 14:28:29.920000,1.17646,1.17645,750000,12030000
2020-10-07 14:28:31.762000,1.17646,1.17644,3910000,940000
2020-10-07 14:28:31.932000,1.17647,1.17644,4660000,940000
2020-10-07 14:28:33.075000,1.17648,1.17644,6800000,1120000
2020-10-07 14:28:33.385000,1.17646,1.17643,370000,11840000
2020-10-07 14:28:33.689000,1.17646,1.17644,3910000,190000
2020-10-07 14:28:33.740000,1.17648,1.17645,3990000,750000
2020-10-07 14:28:34.261000,1.17649,1.17645,6050000,11840000
2020-10-07 14:28:34.467000,1.17647,1.17646,3910000,750000
2020-10-07 14:28:34.808000,1.17648,1.17646,3910000,750000
2020-10-07 14:28:34.971000,1.17649,1.17646,3910000,11840000
2020-10-07 14:28:35.077000,1.1765,1.17646,6420000,11090000
2020-10-07 14:28:35.233000,1.17648,1.17647,3910000,11090000
2020-10-07 14:28:36.097000,1.17648,1.17645,3910000,2810000
2020-10-07 14:28:36.222000,1.17649,1.17645,4660000,13900000
2020-10-07 14:28:37.730000,1.17647,1.17645,4760000,12960000
2020-10-07 14:28:37.781000,1.17645,1.17643,820000,750000
2020-10-07 14:28:37.882000,1.17645,1.17642,4740000,750000
2020-10-07 14:28:37.984000,1.17645,1.17641,6240000,11840000
2020-10-07 14:28:38.085000,1.17642,1.1764,750000,11840000
2020-10-07 14:28:38.187000,1.17643,1.1764,6160000,750000
2020-10-07 14:28:38.289000,1.17639,1.17638,4740000,940000
2020-10-07 14:28:38.390000,1.1764,1.17637,3910000,11280000
2020-10-07 14:28:38.542000,1.17641,1.17637,5410000,12030000
2020-10-07 14:28:38.644000,1.17641,1.17638,4660000,11090000
2020-10-07 14:28:38.897000,1.17642,1.17638,5600000,11840000
2020-10-07 14:28:40.709000,1.1764,1.17639,3910000,750000
2020-10-07 14:28:42.498000,1.17642,1.17641,1310000,750000
2020-10-07 14:28:42.599000,1.17643,1.17641,370000,11090000
2020-10-07 14:28:42.752000,1.17643,1.1764,370000,11840000
2020-10-07 14:28:42.867000,1.17643,1.17641,4660000,11840000
2020-10-07 14:28:43.287000,1.17642,1.1764,750000,11090000
2020-10-07 14:28:43.338000,1.17642,1.17638,2510000,11090000
2020-10-07 14:28:43.440000,1.17641,1.17637,3910000,12590000
2020-10-07 14:28:43.542000,1.17642,1.17637,5670000,12590000
2020-10-07 14:28:43.702000,1.17642,1.1764,3910000,750000
2020-10-07 14:28:43.754000,1.17644,1.1764,7740000,750000
2020-10-07 14:28:44.286000,1.17644,1.17641,750000,11090000
2020-10-07 14:28:44.945000,1.17644,1.1764,4660000,15960000
2020-10-07 14:28:45.505000,1.17644,1.17642,7920000,11090000
2020-10-07 14:28:45.709000,1.17644,1.1764,3910000,12210000
2020-10-07 14:28:46.945000,1.17644,1.17641,4660000,11090000
2020-10-07 14:28:47.175000,1.17643,1.17641,5040000,12210000
2020-10-07 14:28:47.277000,1.17642,1.1764,4760000,12210000
2020-10-07 14:28:47.380000,1.17641,1.17637,4660000,13150000
2020-10-07 14:28:47.533000,1.1764,1.17637,3910000,1310000
2020-10-07 14:28:47.888000,1.17638,1.17637,1120000,15210000
2020-10-07 14:28:47.990000,1.17637,1.17636,750000,12780000
2020-10-07 14:28:48.142000,1.17639,1.17636,5790000,750000
2020-10-07 14:28:48.386000,1.17638,1.17636,3910000,750000
2020-10-07 14:28:48.487000,1.17639,1.17636,4850000,750000
2020-10-07 14:28:48.801000,1.17637,1.17636,1500000,11090000
2020-10-07 14:28:48.903000,1.17638,1.17636,4290000,750000
2020-10-07 14:28:49.056000,1.17638,1.17636,4660000,750000
2020-10-07 14:28:49.157000,1.17639,1.17636,750000,11840000
2020-10-07 14:28:49.259000,1.17639,1.17637,750000,11090000
2020-10-07 14:28:50.228000,1.1764,1.17637,4660000,11090000
2020-10-07 14:28:50.331000,1.17639,1.17636,3910000,12290000
2020-10-07 14:28:51.976000,1.17639,1.17637,4660000,12590000
2020-10-07 14:28:52.470000,1.17638,1.17637,3910000,12590000
2020-10-07 14:28:52.796000,1.17639,1.17637,750000,11090000
2020-10-07 14:28:52.897000,1.17639,1.17636,4660000,12590000
2020-10-07 14:28:53.136000,1.1764,1.17637,4660000,11090000
2020-10-07 14:28:53.238000,1.17642,1.17639,3910000,4500000
2020-10-07 14:28:53.806000,1.17641,1.17639,1760000,11090000
2020-10-07 14:28:53.908000,1.17642,1.17639,5040000,11090000
2020-10-07 14:28:54.532000,1.17641,1.17639,3910000,13230000
2020-10-07 14:28:54.777000,1.17642,1.17639,3910000,11090000
2020-10-07 14:28:54.972000,1.17641,1.17638,3910000,13230000
2020-10-07 14:28:55.796000,1.17642,1.17638,5670000,11090000
2020-10-07 14:28:55.897000,1.17641,1.17638,3910000,11090000
2020-10-07 14:28:55.998000,1.1764,1.17638,3910000,13230000
2020-10-07 14:28:57.019000,1.1764,1.17638,3910000,13600000
2020-10-07 14:28:57.227000,1.1764,1.17637,3910000,11350000
2020-10-07 14:28:58.502000,1.17641,1.17638,4660000,11090000
2020-10-07 14:28:58.604000,1.17639,1.17638,3910000,11090000
2020-10-07 14:28:58.705000,1.17639,1.17637,3910000,12100000
2020-10-07 14:28:59.206000,1.17638,1.17636,750000,11090000
2020-10-07 14:28:59.308000,1.17638,1.17635,750000,12780000
2020-10-07 14:29:00.146000,1.17639,1.17638,7290000,260000
2020-10-07 14:29:00.248000,1.17641,1.17638,4660000,11090000
2020-10-07 14:29:00.791000,1.1764,1.17637,3910000,11540000
2020-10-07 14:29:00.894000,1.17641,1.17638,4850000,11090000
2020-10-07 14:29:01.024000,1.1764,1.17637,3910000,11540000
2020-10-07 14:29:01.227000,1.17642,1.17639,3910000,3260000
2020-10-07 14:29:01.329000,1.17642,1.17641,750000,11090000
2020-10-07 14:29:01.431000,1.17643,1.17639,4920000,11840000
2020-10-07 14:29:01.584000,1.17642,1.17639,3910000,11840000
2020-10-07 14:29:01.687000,1.17642,1.1764,4920000,11840000
2020-10-07 14:29:01.866000,1.17642,1.17639,3910000,11840000
2020-10-07 14:29:02.442000,1.17642,1.1764,4920000,11840000
2020-10-07 14:29:02.870000,1.17642,1.17639,3910000,750000
2020-10-07 14:29:03.310000,1.17643,1.17639,4920000,750000
2020-10-07 14:29:03.478000,1.17642,1.17639,3910000,750000
2020-10-07 14:29:04.886000,1.17643,1.17641,750000,820000
2020-10-07 14:29:04.987000,1.17644,1.17642,5220000,11910000
2020-10-07 14:29:05.089000,1.17645,1.17642,4850000,11090000
2020-10-07 14:29:05.398000,1.17643,1.17642,3910000,11840000
2020-10-07 14:29:05.499000,1.17645,1.17642,4850000,11090000
2020-10-07 14:29:05.805000,1.17644,1.17642,4850000,13040000
2020-10-07 14:29:05.957000,1.17645,1.17642,190000,11460000
2020-10-07 14:29:08.149000,1.17645,1.17641,4100000,12960000
2020-10-07 14:29:08.353000,1.17643,1.17642,750000,11840000
2020-10-07 14:29:08.505000,1.17643,1.17641,750000,11840000
2020-10-07 14:29:08.862000,1.17642,1.17641,4660000,12030000
2020-10-07 14:29:09.135000,1.17644,1.1764,4660000,12030000
2020-10-07 14:29:09.238000,1.17645,1.17641,5410000,12480000
2020-10-07 14:29:09.441000,1.17645,1.17642,1500000,11090000
2020-10-07 14:29:09.776000,1.17645,1.17644,5600000,11090000
2020-10-07 14:29:09.878000,1.17646,1.17642,5600000,11840000
2020-10-07 14:29:10.204000,1.17645,1.17642,3910000,11840000
2020-10-07 14:29:10.306000,1.17645,1.17643,3910000,2510000
2020-10-07 14:29:10.358000,1.17646,1.17644,4660000,2140000
2020-10-07 14:29:10.614000,1.17647,1.17646,750000,11090000
2020-10-07 14:29:10.766000,1.17647,1.17644,750000,12120000
2020-10-07 14:29:10.980000,1.17647,1.17646,4660000,12290000
2020-10-07 14:29:11.082000,1.17648,1.17646,750000,11090000
2020-10-07 14:29:11.611000,1.17648,1.17647,750000,12590000
2020-10-07 14:29:11.662000,1.1765,1.17648,3910000,2060000
2020-10-07 14:29:11.713000,1.17652,1.17649,3910000,11840000
2020-10-07 14:29:11.865000,1.17652,1.1765,6420000,11840000
2020-10-07 14:29:12.068000,1.17653,1.1765,5600000,11090000
2020-10-07 14:29:12.169000,1.17652,1.17649,3910000,11090000
2020-10-07 14:29:12.371000,1.17652,1.1765,6350000,11090000
2020-10-07 14:29:12.636000,1.17651,1.1765,3910000,11090000
2020-10-07 14:29:12.738000,1.17653,1.17649,6350000,11090000
2020-10-07 14:29:12.839000,1.17652,1.17648,750000,17650000
2020-10-07 14:29:13.126000,1.17652,1.17649,750000,11090000
2020-10-07 14:29:13.967000,1.17655,1.17653,640000,1500000
2020-10-07 14:29:14.069000,1.17656,1.17654,750000,11090000
2020-10-07 14:29:14.171000,1.17657,1.17654,4850000,11840000
2020-10-07 14:29:14.272000,1.17656,1.17654,750000,11090000
2020-10-07 14:29:14.323000,1.17656,1.17652,4660000,13230000
2020-10-07 14:29:14.750000,1.17656,1.17654,4850000,1500000
2020-10-07 14:29:14.851000,1.17656,1.17655,940000,11090000
2020-10-07 14:29:15.003000,1.17658,1.17654,4660000,13050000
2020-10-07 14:29:15.104000,1.17658,1.17655,750000,11840000
2020-10-07 14:29:15.410000,1.17658,1.17656,6350000,11840000
2020-10-07 14:29:15.514000,1.17657,1.17655,1500000,11090000
2020-10-07 14:29:15.616000,1.17656,1.17653,3910000,11090000
2020-10-07 14:29:16.021000,1.17656,1.17654,3910000,18120001
2020-10-07 14:29:16.073000,1.17658,1.17655,750000,11840000
2020-10-07 14:29:16.174000,1.17658,1.17656,750000,11090000
2020-10-07 14:29:16.276000,1.17658,1.17657,5490000,11090000
2020-10-07 14:29:16.428000,1.17656,1.17654,1870000,4870000
2020-10-07 14:29:16.530000,1.17655,1.17654,3910000,11090000
2020-10-07 14:29:17.160000,1.17656,1.17652,3910000,11840000
2020-10-07 14:29:17.597000,1.17655,1.17652,3910000,11090000
2020-10-07 14:29:18.037000,1.17655,1.17653,5410000,11090000
2020-10-07 14:29:18.139000,1.17655,1.17653,5410000,11090000
2020-10-07 14:29:18.596000,1.17656,1.17653,5410000,11090000
2020-10-07 14:29:18.802000,1.17653,1.1765,2510000,370000
2020-10-07 14:29:18.904000,1.17651,1.17648,5600000,11090000
2020-10-07 14:29:19.107000,1.1765,1.17647,3910000,11840000
2020-10-07 14:29:20.371000,1.17649,1.17647,3910000,16230000
2020-10-07 14:29:20.590000,1.17647,1.17646,750000,15480000
2020-10-07 14:29:20.746000,1.17648,1.17645,4660000,940000
2020-10-07 14:29:21.492000,1.17647,1.17644,3910000,11840000
2020-10-07 14:29:21.766000,1.17648,1.17644,5600000,11840000
2020-10-07 14:29:22.023000,1.17648,1.17645,4660000,750000
2020-10-07 14:29:22.595000,1.17648,1.17646,750000,11090000
2020-10-07 14:29:22.747000,1.17648,1.17645,750000,12590000
2020-10-07 14:29:22.848000,1.17648,1.17646,750000,11090000
2020-10-07 14:29:22.950000,1.17651,1.17647,5490000,12590000
2020-10-07 14:29:23.617000,1.17653,1.1765,2700000,2620000
2020-10-07 14:29:23.720000,1.17653,1.17652,190000,11090000
2020-10-07 14:29:24.024000,1.17654,1.17652,190000,11160000
2020-10-07 14:29:24.398000,1.17653,1.17651,1500000,11090000
2020-10-07 14:29:24.449000,1.17652,1.17649,1870000,750000
2020-10-07 14:29:24.550000,1.1765,1.17649,3910000,11840000
2020-10-07 14:29:24.958000,1.1765,1.17648,4660000,11280000
2020-10-07 14:29:25.160000,1.1765,1.17647,3910000,11280000
2020-10-07 14:29:25.463000,1.1765,1.17648,4660000,11280000
2020-10-07 14:29:26.132000,1.1765,1.17647,3910000,190000
2020-10-07 14:29:26.471000,1.17651,1.17647,5410000,190000
2020-10-07 14:29:26.673000,1.1765,1.17647,3910000,190000
2020-10-07 14:29:26.774000,1.17651,1.17647,5410000,190000
2020-10-07 14:29:27.569000,1.17651,1.17648,5410000,11090000
2020-10-07 14:29:27.670000,1.17651,1.17647,5410000,13150000
2020-10-07 14:29:27.772000,1.17649,1.17648,750000,11090000
2020-10-07 14:29:27.873000,1.1765,1.17648,5790000,11090000
2020-10-07 14:29:27.975000,1.17649,1.17648,3910000,1120000
2020-10-07 14:29:28.076000,1.1765,1.17649,1120000,11090000
2020-10-07 14:29:28.228000,1.17651,1.17647,5040000,15210000
2020-10-07 14:29:28.760000,1.1765,1.17649,4660000,11090000
2020-10-07 14:29:28.862000,1.17649,1.17648,750000,11460000
2020-10-07 14:29:28.963000,1.17649,1.17647,750000,11090000
2020-10-07 14:29:29.014000,1.17648,1.17645,750000,16530001
2020-10-07 14:29:29.167000,1.17647,1.17645,750000,11090000
2020-10-07 14:29:29.269000,1.17648,1.17645,5600000,11090000
2020-10-07 14:29:29.400000,1.17648,1.17644,5600000,13340000
2020-10-07 14:29:29.552000,1.17649,1.17646,2440000,11090000
2020-10-07 14:29:29.653000,1.1765,1.17646,5600000,12210000
2020-10-07 14:29:29.755000,1.1765,1.17647,1690000,11090000
2020-10-07 14:29:29.906000,1.17649,1.17647,1690000,12210000
2020-10-07 14:29:30.210000,1.17649,1.17648,1690000,11090000
2020-10-07 14:29:30.621000,1.17648,1.17645,1500000,1120000
2020-10-07 14:29:30.722000,1.17648,1.17646,1500000,11090000
2020-10-07 14:29:30.824000,1.17648,1.17645,5410000,11840000
2020-10-07 14:29:31.531000,1.17648,1.17646,940000,11840000
2020-10-07 14:29:31.639000,1.17649,1.17646,940000,11090000
2020-10-07 14:29:31.944000,1.17647,1.17646,1690000,11090000
2020-10-07 14:29:31.995000,1.17646,1.17645,5600000,370000
2020-10-07 14:29:32.046000,1.17645,1.17643,750000,11090000
2020-10-07 14:29:32.147000,1.17645,1.17643,3910000,13530000
2020-10-07 14:29:32.249000,1.17646,1.17643,3910000,11460000
2020-10-07 14:29:32.350000,1.17647,1.17643,5970000,11460000
2020-10-07 14:29:32.452000,1.17646,1.17643,3910000,11460000
2020-10-07 14:29:32.603000,1.17646,1.17644,3910000,7990000
2020-10-07 14:29:32.655000,1.1765,1.17646,4100000,12590000
2020-10-07 14:29:32.973000,1.17649,1.17648,940000,11090000
2020-10-07 14:29:33.113000,1.1765,1.17646,940000,13710000
2020-10-07 14:29:34.350000,1.17648,1.17646,5810000,12210000
2020-10-07 14:29:34.451000,1.17647,1.17646,5410000,11090000
2020-10-07 14:29:34.553000,1.17647,1.17645,5410000,12590000
2020-10-07 14:29:34.701000,1.17647,1.17644,3910000,1500000
2020-10-07 14:29:34.931000,1.17648,1.17644,5410000,12590000
2020-10-07 14:29:35.560000,1.17648,1.17646,3910000,750000
2020-10-07 14:29:35.662000,1.1765,1.17646,5600000,11840000
2020-10-07 14:29:36.154000,1.17648,1.17646,1500000,11090000
2020-10-07 14:29:36.256000,1.17648,1.17644,5600000,12210000
2020-10-07 14:29:36.717000,1.17648,1.17645,3910000,1500000
2020-10-07 14:29:36.819000,1.17649,1.17646,1500000,11090000
2020-10-07 14:29:36.991000,1.17649,1.17647,750000,11090000
2020-10-07 14:29:37.093000,1.17647,1.17644,4310000,750000
2020-10-07 14:29:37.195000,1.17646,1.17643,3910000,11090000
2020-10-07 14:29:37.297000,1.17645,1.17643,4100000,13710000
2020-10-07 14:29:37.399000,1.17645,1.17642,940000,12210000
2020-10-07 14:29:37.775000,1.17646,1.17643,940000,11090000
2020-10-07 14:29:37.888000,1.17646,1.17644,940000,11090000
2020-10-07 14:29:37.990000,1.17645,1.17644,4850000,11090000
2020-10-07 14:29:38.350000,1.17645,1.17643,7850000,11460000
2020-10-07 14:29:38.451000,1.17645,1.17641,4850000,12960000
2020-10-07 14:29:40.079000,1.17644,1.17641,5410000,370000
2020-10-07 14:29:40.130000,1.17642,1.1764,750000,370000
2020-10-07 14:29:40.232000,1.17641,1.1764,3910000,11840000
2020-10-07 14:29:40.333000,1.17641,1.17639,4660000,13150000
2020-10-07 14:29:40.525000,1.17642,1.17639,4660000,11090000
2020-10-07 14:29:40.629000,1.17642,1.17638,4660000,13150000
2020-10-07 14:29:40.740000,1.17641,1.17638,3910000,2060000
2020-10-07 14:29:40.992000,1.17641,1.1764,3910000,750000
2020-10-07 14:29:41.095000,1.17645,1.17642,4660000,750000
2020-10-07 14:29:41.197000,1.17645,1.17643,4660000,190000
2020-10-07 14:29:41.250000,1.17646,1.17645,100000,1690000
2020-10-07 14:29:41.352000,1.17648,1.17644,4660000,12780000
2020-10-07 14:29:41.506000,1.17647,1.17646,750000,11090000
2020-10-07 14:29:41.668000,1.17648,1.17644,4660000,12780000
2020-10-07 14:29:41.978000,1.17648,1.17645,4660000,11090000
2020-10-07 14:29:44.352000,1.17649,1.17645,6910000,190000
2020-10-07 14:29:44.454000,1.17648,1.17647,750000,11090000
2020-10-07 14:29:44.820000,1.17649,1.17647,6160000,11090000
2020-10-07 14:29:44.921000,1.17649,1.17646,6540000,15400000
2020-10-07 14:29:45.102000,1.1765,1.17646,6540000,11090000
2020-10-07 14:29:45.455000,1.17648,1.17647,750000,11840000
2020-10-07 14:29:45.718000,1.17649,1.17645,750000,16900000
2020-10-07 14:29:45.819000,1.1765,1.17646,6160000,11090000
2020-10-07 14:29:45.967000,1.17649,1.17646,6160000,18400000
2020-10-07 14:29:46.719000,1.1765,1.17646,9160000,750000
2020-10-07 14:29:47.566000,1.1765,1.17647,1500000,11090000
2020-10-07 14:29:48.450000,1.1765,1.17646,6540000,12030000
2020-10-07 14:29:48.576000,1.17649,1.17646,750000,12780000
2020-10-07 14:29:48.880000,1.17649,1.17647,750000,11090000
2020-10-07 14:29:49.013000,1.1765,1.17647,5410000,11090000
2020-10-07 14:29:49.114000,1.17649,1.17647,5410000,12780000
2020-10-07 14:29:49.216000,1.1765,1.17647,5410000,11090000
2020-10-07 14:29:49.676000,1.17649,1.17647,5410000,12780000
2020-10-07 14:29:50.051000,1.17648,1.17647,750000,12780000
2020-10-07 14:29:50.152000,1.1765,1.17646,5410000,13150000
2020-10-07 14:29:50.253000,1.17649,1.17648,1500000,190000
2020-10-07 14:29:50.355000,1.1765,1.17646,750000,13150000
2020-10-07 14:29:50.456000,1.1765,1.17647,750000,190000
2020-10-07 14:29:50.557000,1.17649,1.17647,4660000,13150000
2020-10-07 14:29:51.380000,1.17648,1.17646,1500000,11090000
2020-10-07 14:29:51.482000,1.17647,1.17646,750000,750000
2020-10-07 14:29:51.902000,1.17648,1.17647,3910000,940000
2020-10-07 14:29:52.003000,1.1765,1.17647,1870000,11090000
2020-10-07 14:29:52.129000,1.1765,1.17646,1870000,12400000
2020-10-07 14:29:52.231000,1.1765,1.17647,3910000,940000
2020-10-07 14:29:52.332000,1.1765,1.17649,750000,11460000
2020-10-07 14:29:53.834000,1.1765,1.17647,4660000,750000
2020-10-07 14:29:53.936000,1.17648,1.17646,750000,11840000
2020-10-07 14:29:54.038000,1.17648,1.17645,750000,13150000
2020-10-07 14:29:54.140000,1.17647,1.17645,1500000,11460000
2020-10-07 14:29:54.241000,1.17647,1.17644,5790000,12030000
2020-10-07 14:29:54.495000,1.17646,1.17644,6530000,2810000
2020-10-07 14:29:55.066000,1.17646,1.17643,6160000,190000
2020-10-07 14:29:55.219000,1.17644,1.17643,3910000,13530000
2020-10-07 14:29:55.320000,1.17646,1.17643,1120000,190000
2020-10-07 14:29:55.473000,1.17643,1.17641,750000,15400000
2020-10-07 14:29:55.524000,1.17645,1.17641,5410000,12780000
2020-10-07 14:29:55.727000,1.17644,1.17643,1500000,11090000
2020-10-07 14:29:55.929000,1.17646,1.17642,4660000,13900000
2020-10-07 14:29:56.385000,1.17643,1.17641,750000,14650000
2020-10-07 14:29:57.475000,1.17642,1.1764,3910000,370000
2020-10-07 14:29:57.577000,1.17643,1.1764,1120000,11280000
2020-10-07 14:29:57.932000,1.17643,1.17641,750000,11840000
2020-10-07 14:29:59.161000,1.17643,1.1764,750000,16150000
2020-10-07 14:29:59.363000,1.17641,1.1764,3910000,14650000
2020-10-07 14:29:59.465000,1.17642,1.17641,6160000,190000
2020-10-07 14:29:59.567000,1.17643,1.1764,4660000,190000
2020-10-07 14:29:59.669000,1.17641,1.17639,3000000,17650000
2020-10-07 14:29:59.771000,1.1764,1.17638,4850000,1690000
2020-10-07 14:29:59.873000,1.17641,1.17639,8220000,750000
2020-10-07 14:30:00.025000,1.1764,1.17639,3910000,750000
2020-10-07 14:30:00.229000,1.17642,1.17641,5790000,11280000
2020-10-07 14:30:01.432000,1.17643,1.17641,750000,11090000
2020-10-07 14:30:01.584000,1.17643,1.1764,750000,13900000
2020-10-07 14:30:01.704000,1.17643,1.17641,750000,11090000
2020-10-07 14:30:01.884000,1.17642,1.17641,750000,13900000
2020-10-07 14:30:02.227000,1.17643,1.17642,1500000,11090000
2020-10-07 14:30:02.578000,1.17643,1.1764,750000,16900000
2020-10-07 14:30:03.958000,1.17641,1.1764,750000,11090000
2020-10-07 14:30:04.060000,1.17642,1.17638,6160000,16150000
2020-10-07 14:30:04.263000,1.1764,1.17639,4660000,12960000
2020-10-07 14:30:04.366000,1.17639,1.17637,750000,12590000
2020-10-07 14:30:04.520000,1.17639,1.17638,5410000,11090000
2020-10-07 14:30:04.571000,1.17638,1.17636,750000,11280000
2020-10-07 14:30:04.776000,1.17636,1.17634,3910000,2250000
2020-10-07 14:30:04.877000,1.17637,1.17633,5410000,12030000
2020-10-07 14:30:04.979000,1.17636,1.17633,3910000,940000
2020-10-07 14:30:05.131000,1.17637,1.17633,5790000,190000
2020-10-07 14:30:05.233000,1.17633,1.17631,750000,11090000
2020-10-07 14:30:05.334000,1.17633,1.1763,750000,11840000
2020-10-07 14:30:06.322000,1.17633,1.17629,4850000,15960000
2020-10-07 14:30:06.890000,1.17632,1.17629,3910000,13710000
2020-10-07 14:30:07.325000,1.17633,1.17629,4850000,13710000
2020-10-07 14:30:07.427000,1.17635,1.17631,7740000,11280000
2020-10-07 14:30:07.731000,1.17635,1.17632,4660000,11090000
2020-10-07 14:30:07.984000,1.17635,1.17633,9350000,11840000
2020-10-07 14:30:08.369000,1.17635,1.17632,3910000,750000
2020-10-07 14:30:08.596000,1.17636,1.17632,5970000,11840000
2020-10-07 14:30:08.698000,1.17637,1.17634,5790000,1120000
2020-10-07 14:30:08.799000,1.17637,1.17636,5410000,750000
2020-10-07 14:30:08.901000,1.17638,1.17635,5410000,750000
2020-10-07 14:30:12.012000,1.17637,1.17635,4660000,13150000
2020-10-07 14:30:12.672000,1.17637,1.17636,750000,11090000
2020-10-07 14:30:12.961000,1.17638,1.17634,750000,13150000
2020-10-07 14:30:13.383000,1.17638,1.17635,750000,11090000
2020-10-07 14:30:13.765000,1.17637,1.17635,750000,13150000
2020-10-07 14:30:15.186000,1.17638,1.17635,750000,11090000
2020-10-07 14:30:16.887000,1.17638,1.17637,3910000,3750000
2020-10-07 14:30:17.039000,1.1764,1.17638,190000,11090000
2020-10-07 14:30:17.300000,1.1764,1.17636,4100000,17840000
2020-10-07 14:30:17.452000,1.1764,1.17638,190000,11090000
2020-10-07 14:30:17.655000,1.17639,1.17638,4100000,11090000
2020-10-07 14:30:17.756000,1.17639,1.17637,750000,11090000
2020-10-07 14:30:17.908000,1.17637,1.17636,750000,13710000
2020-10-07 14:30:18.111000,1.17637,1.17636,750000,12030000
2020-10-07 14:30:18.212000,1.17638,1.17635,4660000,750000
2020-10-07 14:30:18.376000,1.17637,1.17635,1500000,11090000
2020-10-07 14:30:18.427000,1.17635,1.17634,3910000,12780000
2020-10-07 14:30:19.096000,1.17635,1.17633,3910000,190000
2020-10-07 14:30:19.408000,1.17636,1.17633,5040000,190000
2020-10-07 14:30:19.459000,1.17634,1.17632,2250000,16150000
2020-10-07 14:30:19.611000,1.17634,1.17632,3910000,4690000
2020-10-07 14:30:19.662000,1.17636,1.17631,5970000,15780000
2020-10-07 14:30:19.764000,1.17636,1.17632,6540000,11280000
2020-10-07 14:30:20.092000,1.17634,1.17633,3910000,11280000
2020-10-07 14:30:20.297000,1.17635,1.17633,5790000,13900000
2020-10-07 14:30:20.507000,1.17636,1.17633,5790000,11090000
2020-10-07 14:30:20.828000,1.17636,1.17632,5790000,16900000
2020-10-07 14:30:20.980000,1.17636,1.17633,5790000,11090000
2020-10-07 14:30:21.089000,1.17636,1.17632,5790000,13900000
2020-10-07 14:30:21.191000,1.17636,1.17633,5790000,11090000
2020-10-07 14:30:21.508000,1.17636,1.17632,5790000,13900000
2020-10-07 14:30:21.609000,1.17635,1.17634,5790000,11090000
2020-10-07 14:30:21.711000,1.17636,1.17632,5790000,13150000
2020-10-07 14:30:21.863000,1.17635,1.17634,5790000,11090000
2020-10-07 14:30:21.971000,1.17636,1.17632,5790000,13150000
2020-10-07 14:30:22.831000,1.17635,1.17634,5790000,11090000
2020-10-07 14:30:23.257000,1.17636,1.17634,5410000,11280000
2020-10-07 14:30:23.719000,1.17636,1.17633,3910000,11280000
2020-10-07 14:30:25.367000,1.17637,1.17634,7660000,11090000
2020-10-07 14:30:25.469000,1.17635,1.17634,1500000,11280000
2020-10-07 14:30:25.571000,1.17636,1.17633,4660000,11090000
2020-10-07 14:30:25.673000,1.17636,1.17632,3910000,13150000
2020-10-07 14:30:25.977000,1.17636,1.17634,10290000,3190000
2020-10-07 14:30:26.080000,1.17637,1.17635,4660000,2810000
2020-10-07 14:30:26.131000,1.17638,1.17637,100000,1500000
2020-10-07 14:30:27.299000,1.17638,1.17636,750000,11840000
2020-10-07 14:30:27.350000,1.17637,1.17634,6160000,13900000
2020-10-07 14:30:27.452000,1.17636,1.17634,3910000,1870000
2020-10-07 14:30:27.655000,1.17635,1.17634,4660000,13530000
2020-10-07 14:30:27.820000,1.17635,1.17633,4660000,18400000
2020-10-07 14:30:27.994000,1.17635,1.17634,4660000,2440000
2020-10-07 14:30:28.290000,1.17635,1.17633,4660000,18480000
2020-10-07 14:30:28.698000,1.17636,1.17633,4660000,13530000
2020-10-07 14:30:29.535000,1.17637,1.17635,750000,1870000
2020-10-07 14:30:29.586000,1.17638,1.17637,4740000,1120000
2020-10-07 14:30:29.740000,1.17638,1.17636,750000,15780000
2020-10-07 14:30:30.099000,1.17636,1.17634,750000,1120000
2020-10-07 14:30:30.201000,1.17636,1.17635,7660000,12210000
2020-10-07 14:30:30.303000,1.17636,1.17634,3910000,1120000
2020-10-07 14:30:30.455000,1.17637,1.17634,750000,1870000
2020-10-07 14:30:30.659000,1.17637,1.17635,1500000,11090000
2020-10-07 14:30:32.086000,1.17637,1.17634,750000,13340000
2020-10-07 14:30:35.068000,1.17637,1.17635,750000,11090000
2020-10-07 14:30:35.170000,1.17637,1.17634,750000,17090000
2020-10-07 14:30:35.273000,1.17637,1.17636,6160000,11090000
2020-10-07 14:30:38.968000,1.17637,1.17634,4660000,13710000
2020-10-07 14:30:39.130000,1.17637,1.17635,750000,11090000
2020-10-07 14:30:39.501000,1.17637,1.17634,4660000,12210000
2020-10-07 14:30:39.734000,1.17637,1.17635,4660000,1690000
2020-10-07 14:30:39.785000,1.17639,1.17637,1120000,750000
2020-10-07 14:30:39.887000,1.17639,1.17636,3910000,11840000
2020-10-07 14:30:40.039000,1.1764,1.17636,5040000,11840000
2020-10-07 14:30:40.602000,1.17639,1.17638,1120000,750000
2020-10-07 14:30:41.047000,1.1764,1.17638,3910000,3190000
2020-10-07 14:30:41.098000,1.17643,1.17638,7290000,16150000
2020-10-07 14:30:41.200000,1.17642,1.17639,3910000,11090000
2020-10-07 14:30:41.302000,1.17642,1.1764,7290000,11090000
2020-10-07 14:30:41.977000,1.17643,1.17638,10290000,15400000
2020-10-07 14:30:42.080000,1.17641,1.17639,3910000,15400000
2020-10-07 14:30:42.133000,1.17638,1.17636,750000,100000
2020-10-07 14:30:42.288000,1.17637,1.17635,750000,370000
2020-10-07 14:30:46.847000,1.17638,1.17637,3910000,11090000
2020-10-07 14:30:47.774000,1.17637,1.17635,750000,16900000
2020-10-07 14:30:47.826000,1.17639,1.17638,4660000,190000
2020-10-07 14:30:48.663000,1.1764,1.17638,3910000,940000
2020-10-07 14:30:48.766000,1.17642,1.17639,4660000,12400000
2020-10-07 14:30:49.324000,1.17644,1.17641,3990000,2810000
2020-10-07 14:30:49.527000,1.17645,1.17641,4660000,13900000
2020-10-07 14:30:49.782000,1.17643,1.17642,3910000,750000
2020-10-07 14:30:49.985000,1.17644,1.17642,7660000,5440000
2020-10-07 14:30:50.036000,1.17645,1.17644,1690000,1500000
2020-10-07 14:30:50.139000,1.17646,1.17644,4660000,3560000
2020-10-07 14:30:50.190000,1.17648,1.17644,6990000,13900000
2020-10-07 14:30:50.293000,1.17647,1.17646,4920000,1500000
2020-10-07 14:30:50.396000,1.17649,1.17647,1500000,11460000
2020-10-07 14:30:50.498000,1.17648,1.17647,3070000,12210000
2020-10-07 14:30:50.600000,1.17647,1.17646,5410000,11840000
2020-10-07 14:30:52.149000,1.17649,1.17646,3910000,3260000
2020-10-07 14:30:52.252000,1.17651,1.1765,13850000,11090000
2020-10-07 14:30:52.405000,1.17651,1.17649,5410000,12850000
2020-10-07 14:30:52.608000,1.1765,1.17649,3910000,14840000
2020-10-07 14:30:52.660000,1.17654,1.1765,560000,2320000
2020-10-07 14:30:52.762000,1.17653,1.17652,190000,750000
2020-10-07 14:30:53.122000,1.17654,1.17652,190000,11090000
2020-10-07 14:30:53.275000,1.17654,1.17653,190000,13040000
2020-10-07 14:30:53.478000,1.17655,1.17653,190000,11090000
2020-10-07 14:30:53.580000,1.17654,1.17653,4100000,13790000
2020-10-07 14:30:53.682000,1.17655,1.17654,3910000,14160000
2020-10-07 14:30:53.785000,1.17659,1.17655,1120000,1870000
2020-10-07 14:30:53.887000,1.17659,1.17656,5040000,11090000
2020-10-07 14:30:54.040000,1.17658,1.17655,4290000,11090000
2020-10-07 14:30:54.441000,1.17657,1.17655,750000,11090000
2020-10-07 14:30:54.493000,1.17656,1.17654,5040000,15660000
2020-10-07 14:30:54.544000,1.17655,1.17654,190000,12660000
2020-10-07 14:30:54.904000,1.17656,1.17654,190000,14540000
2020-10-07 14:30:54.956000,1.17658,1.17655,4290000,3000000
2020-10-07 14:30:55.061000,1.17659,1.17656,4290000,11090000
2020-10-07 14:30:55.164000,1.17657,1.17656,750000,14460000
2020-10-07 14:30:55.267000,1.17658,1.17655,3910000,14460000
2020-10-07 14:30:55.369000,1.17658,1.17657,5970000,11090000
2020-10-07 14:30:55.477000,1.17657,1.17656,3910000,14460000
2020-10-07 14:30:56.178000,1.17657,1.17655,5110000,750000
2020-10-07 14:30:56.280000,1.17655,1.17654,750000,12780000
2020-10-07 14:30:56.381000,1.17655,1.17654,3910000,12780000
2020-10-07 14:30:56.533000,1.17655,1.17653,3910000,18930000
2020-10-07 14:30:57.250000,1.17654,1.17653,3910000,12400000
2020-10-07 14:30:57.352000,1.17655,1.17653,3910000,940000
2020-10-07 14:30:57.403000,1.17657,1.17654,4360000,940000
2020-10-07 14:30:57.505000,1.17658,1.17655,100000,12400000
2020-10-07 14:30:57.607000,1.17658,1.17656,4740000,13600000
2020-10-07 14:30:57.709000,1.17659,1.17656,4740000,190000
2020-10-07 14:30:58.999000,1.1766,1.17656,6610000,12030000
2020-10-07 14:30:59.732000,1.17659,1.17656,3910000,11650000
2020-10-07 14:31:00.123000,1.1766,1.17656,5490000,11650000
2020-10-07 14:31:00.461000,1.17658,1.17657,3910000,11730000
2020-10-07 14:31:00.620000,1.17658,1.17656,1570000,11090000
2020-10-07 14:31:00.723000,1.17657,1.17655,820000,1500000
2020-10-07 14:31:00.825000,1.17656,1.17655,5490000,1120000
2020-10-07 14:31:00.927000,1.17656,1.17653,3910000,12850000
2020-10-07 14:31:01.079000,1.17655,1.17653,4730000,16900000
2020-10-07 14:31:01.232000,1.17656,1.17653,4740000,370000
2020-10-07 14:31:01.334000,1.17655,1.17653,3910000,370000
2020-10-07 14:31:01.436000,1.17655,1.17654,4660000,12780000
2020-10-07 14:31:01.538000,1.17658,1.17654,4740000,12030000
2020-10-07 14:31:01.640000,1.17656,1.17654,3910000,370000
2020-10-07 14:31:01.741000,1.17655,1.17653,3910000,15550000
2020-10-07 14:31:02.240000,1.17654,1.17653,3910000,13150000
2020-10-07 14:31:02.442000,1.17656,1.17652,5410000,13300000
2020-10-07 14:31:02.869000,1.17655,1.17652,3910000,13300000
2020-10-07 14:31:02.970000,1.17655,1.17653,3910000,190000
2020-10-07 14:31:03.167000,1.17654,1.17652,820000,11840000
2020-10-07 14:31:03.269000,1.17651,1.1765,2250000,13150000
2020-10-07 14:31:03.373000,1.17652,1.17649,5620000,190000
2020-10-07 14:31:03.834000,1.17651,1.17649,3910000,190000
2020-10-07 14:31:03.988000,1.17651,1.1765,3000000,190000
2020-10-07 14:31:04.308000,1.1765,1.17648,3910000,1120000
2020-10-07 14:31:04.860000,1.17646,1.17645,1500000,820000
2020-10-07 14:31:04.962000,1.17647,1.17643,1570000,2810000
2020-10-07 14:31:05.013000,1.17645,1.17643,3910000,2810000
2020-10-07 14:31:05.115000,1.17646,1.17643,3910000,1870000
2020-10-07 14:31:05.217000,1.17645,1.17643,3910000,1870000
2020-10-07 14:31:05.268000,1.17647,1.17643,7170000,1870000
2020-10-07 14:31:05.421000,1.17646,1.17643,3910000,1870000
2020-10-07 14:31:05.597000,1.17645,1.17643,3910000,17430000
2020-10-07 14:31:06.056000,1.17645,1.17644,3910000,1870000
2020-10-07 14:31:06.158000,1.17641,1.1764,750000,370000
2020-10-07 14:31:06.261000,1.17643,1.17642,4470000,1200000
2020-10-07 14:31:06.363000,1.17648,1.17644,6910000,13340000
2020-10-07 14:31:06.466000,1.17647,1.17644,2060000,11090000
2020-10-07 14:31:06.569000,1.17646,1.17643,3910000,1120000
2020-10-07 14:31:06.727000,1.17646,1.17644,3910000,750000
2020-10-07 14:31:06.828000,1.17646,1.17645,750000,12960000
2020-10-07 14:31:07.250000,1.17646,1.17644,8040000,13150000
2020-10-07 14:31:07.357000,1.17646,1.17643,3910000,13150000
2020-10-07 14:31:07.510000,1.17645,1.17643,4850000,14540000
2020-10-07 14:31:07.611000,1.17646,1.17643,5600000,1500000
2020-10-07 14:31:07.719000,1.17645,1.17643,3910000,1500000
2020-10-07 14:31:07.902000,1.17644,1.17643,3910000,2620000
2020-10-07 14:31:08.337000,1.17644,1.17642,5490000,750000
2020-10-07 14:31:08.439000,1.17643,1.17641,750000,11090000
2020-10-07 14:31:08.541000,1.17642,1.1764,3910000,1500000
2020-10-07 14:31:08.896000,1.17643,1.1764,4660000,1500000
2020-10-07 14:31:08.998000,1.1764,1.17638,1790000,1950000
2020-10-07 14:31:09.101000,1.1764,1.17638,4850000,12590000
2020-10-07 14:31:09.205000,1.17639,1.17637,4660000,750000
2020-10-07 14:31:09.309000,1.17636,1.17635,2250000,2060000
2020-10-07 14:31:09.412000,1.17636,1.17634,3910000,1870000
2020-10-07 14:31:09.566000,1.17637,1.17634,6540000,750000
2020-10-07 14:31:09.995000,1.17636,1.17634,3910000,750000
2020-10-07 14:31:10.776000,1.17637,1.17634,4760000,750000
2020-10-07 14:31:11.074000,1.17636,1.17634,8670000,12960000
2020-10-07 14:31:11.379000,1.17639,1.17636,100000,560000
2020-10-07 14:31:11.480000,1.1764,1.17637,5490000,750000
2020-10-07 14:31:13.431000,1.1764,1.17639,4660000,11090000
2020-10-07 14:31:14.207000,1.17641,1.17639,3910000,1120000
2020-10-07 14:31:14.360000,1.17643,1.17639,7550000,13710000
2020-10-07 14:31:14.761000,1.17643,1.1764,3260000,11090000
2020-10-07 14:31:14.863000,1.17642,1.1764,3260000,13710000
2020-10-07 14:31:15.477000,1.17643,1.17641,750000,3370000
2020-10-07 14:31:15.580000,1.17644,1.17642,190000,1870000
2020-10-07 14:31:15.987000,1.17646,1.17643,3910000,11460000
2020-10-07 14:31:16.089000,1.17645,1.17643,4850000,13790000
2020-10-07 14:31:16.717000,1.17649,1.17646,1870000,1570000
2020-10-07 14:31:16.819000,1.17648,1.17647,4100000,6070000
2020-10-07 14:31:16.922000,1.1765,1.17647,3990000,12590000
2020-10-07 14:31:17.907000,1.17651,1.17647,5490000,12590000
2020-10-07 14:31:18.881000,1.17649,1.17647,750000,1500000
2020-10-07 14:31:18.933000,1.17647,1.17645,1120000,100000
2020-10-07 14:31:19.036000,1.17648,1.17646,4660000,750000
2020-10-07 14:31:19.138000,1.17647,1.17646,4920000,11090000
2020-10-07 14:31:19.494000,1.17647,1.17644,3910000,14650000
2020-10-07 14:31:19.648000,1.17646,1.17643,3910000,12960000
2020-10-07 14:31:19.952000,1.17645,1.17643,3910000,1870000
2020-10-07 14:31:20.712000,1.17646,1.17643,4660000,1870000
2020-10-07 14:31:20.915000,1.17645,1.17643,3910000,1870000
2020-10-07 14:31:21.049000,1.17647,1.17644,1570000,12030000
2020-10-07 14:31:21.101000,1.1765,1.17647,1870000,2620000
2020-10-07 14:31:21.203000,1.1765,1.17648,3910000,2620000
2020-10-07 14:31:21.313000,1.1765,1.17649,4660000,12960000
2020-10-07 14:31:21.415000,1.1765,1.17648,3910000,1870000
2020-10-07 14:31:21.516000,1.1765,1.17649,4660000,12960000
2020-10-07 14:31:21.728000,1.1765,1.17648,3910000,1870000
2020-10-07 14:31:22.169000,1.17652,1.17649,5490000,11460000
2020-10-07 14:31:22.271000,1.17651,1.17648,4660000,12960000
2020-10-07 14:31:22.686000,1.1765,1.17648,3910000,1120000
2020-10-07 14:31:22.788000,1.17649,1.17647,100000,11460000
2020-10-07 14:31:22.890000,1.1765,1.17647,3910000,11460000
2020-10-07 14:31:23.042000,1.17649,1.17647,3910000,370000
2020-10-07 14:31:23.144000,1.1765,1.17647,3910000,11460000
2020-10-07 14:31:23.354000,1.1765,1.17648,5410000,11460000
2020-10-07 14:31:23.508000,1.17651,1.17648,5410000,1120000
2020-10-07 14:31:23.611000,1.1765,1.17648,3910000,1120000
2020-10-07 14:31:23.909000,1.17651,1.17648,820000,2250000
2020-10-07 14:31:24.113000,1.17652,1.17649,4740000,750000
2020-10-07 14:31:24.216000,1.17653,1.17652,5490000,750000
2020-10-07 14:31:24.317000,1.17654,1.17652,3910000,1500000
2020-10-07 14:31:24.419000,1.17655,1.17652,4850000,1500000
2020-10-07 14:31:24.522000,1.17653,1.17652,100000,12960000
2020-10-07 14:31:24.828000,1.17653,1.17652,3990000,12960000
2020-10-07 14:31:24.930000,1.17654,1.17652,6260000,14650000
2020-10-07 14:31:25.446000,1.17655,1.17652,6160000,1870000
2020-10-07 14:31:25.599000,1.17654,1.17652,5410000,12960000
2020-10-07 14:31:25.776000,1.17654,1.17651,3910000,12960000
2020-10-07 14:31:26.926000,1.17653,1.17651,3910000,18400000
2020-10-07 14:31:27.381000,1.17655,1.17651,5490000,12960000
2020-10-07 14:31:27.917000,1.17655,1.17653,3910000,1500000
2020-10-07 14:31:28.272000,1.17656,1.17653,3910000,1500000
2020-10-07 14:31:28.527000,1.17658,1.17655,2060000,1120000
2020-10-07 14:31:29.106000,1.17659,1.17655,1760000,13710000
2020-10-07 14:31:29.209000,1.17658,1.17655,3910000,2620000
2020-10-07 14:31:30.379000,1.17657,1.17655,7100000,15660000
2020-10-07 14:31:30.532000,1.17655,1.17653,4100000,14730000
2020-10-07 14:31:30.634000,1.17654,1.17653,3910000,14730000
2020-10-07 14:31:30.953000,1.17655,1.17654,4100000,11090000
2020-10-07 14:31:31.056000,1.17655,1.17653,4850000,12210000
2020-10-07 14:31:31.159000,1.17655,1.17652,3910000,12210000
2020-10-07 14:31:31.415000,1.17654,1.17651,3910000,11460000
2020-10-07 14:31:31.620000,1.17655,1.17651,5410000,12960000
2020-10-07 14:31:31.721000,1.17654,1.17651,3910000,12960000
2020-10-07 14:31:31.834000,1.17655,1.17651,5410000,12960000
2020-10-07 14:31:32.429000,1.17652,1.17651,2250000,12290000
2020-10-07 14:31:32.480000,1.17652,1.17649,3910000,1870000
2020-10-07 14:31:32.582000,1.17651,1.17649,3910000,750000
2020-10-07 14:31:32.684000,1.17651,1.17648,3910000,12030000
2020-10-07 14:31:32.937000,1.17651,1.17649,4660000,12030000
2020-10-07 14:31:33.171000,1.17651,1.17648,3910000,12030000
2020-10-07 14:31:33.327000,1.17653,1.1765,750000,1690000
2020-10-07 14:31:33.479000,1.17654,1.1765,750000,13980000
2020-10-07 14:31:33.733000,1.17654,1.17651,3910000,1870000
2020-10-07 14:31:33.834000,1.17655,1.17651,5600000,12960000
2020-10-07 14:31:34.008000,1.17655,1.17652,4850000,750000
2020-10-07 14:31:34.312000,1.17655,1.17653,3910000,750000
2020-10-07 14:31:34.414000,1.17655,1.17654,4660000,12960000
2020-10-07 14:31:35.143000,1.17655,1.17653,4660000,19980000
2020-10-07 14:31:35.380000,1.17656,1.17653,4660000,12960000
2020-10-07 14:31:35.588000,1.17657,1.17654,3910000,11160000
2020-10-07 14:31:35.690000,1.17657,1.17655,5410000,11160000
2020-10-07 14:31:36.217000,1.17656,1.17655,1500000,11090000
2020-10-07 14:31:36.319000,1.17656,1.17653,3910000,13230000
2020-10-07 14:31:37.823000,1.17657,1.17654,1500000,11090000
2020-10-07 14:31:37.925000,1.17655,1.17654,3910000,16900000
2020-10-07 14:31:38.787000,1.17658,1.17657,4120000,750000
2020-10-07 14:31:38.889000,1.1766,1.17656,6350000,11460000
2020-10-07 14:31:39.093000,1.17658,1.17657,3910000,12400000
2020-10-07 14:31:40.085000,1.17658,1.17656,3910000,1310000
2020-10-07 14:31:40.288000,1.17659,1.17656,3910000,12400000
2020-10-07 14:31:40.626000,1.1766,1.17656,6160000,12400000
2020-10-07 14:31:40.779000,1.17658,1.17657,750000,12210000
2020-10-07 14:31:40.981000,1.17659,1.17655,4660000,16150000
2020-10-07 14:31:41.194000,1.17658,1.17655,3910000,13150000
2020-10-07 14:31:41.396000,1.17659,1.17656,4660000,11090000
2020-10-07 14:31:41.497000,1.17658,1.17655,3910000,12400000
2020-10-07 14:31:43.134000,1.17659,1.17657,3910000,750000
2020-10-07 14:31:43.236000,1.17659,1.17658,3910000,14050000
2020-10-07 14:31:43.339000,1.1766,1.17658,5410000,13300000
2020-10-07 14:31:43.644000,1.1766,1.17659,4660000,11090000
2020-10-07 14:31:44.771000,1.1766,1.17658,3910000,190000
2020-10-07 14:31:44.873000,1.1766,1.17657,3990000,12960000
2020-10-07 14:31:45.381000,1.17659,1.17657,5410000,13900000
2020-10-07 14:31:45.483000,1.17658,1.17656,750000,11460000
2020-10-07 14:31:45.585000,1.17658,1.17655,750000,12960000
2020-10-07 14:31:46.724000,1.17656,1.17655,2620000,11460000
2020-10-07 14:31:46.775000,1.17655,1.17654,820000,13150000
2020-10-07 14:31:48.106000,1.17658,1.17657,4120000,1090000
2020-10-07 14:31:48.157000,1.17661,1.17659,750000,750000
2020-10-07 14:31:48.311000,1.17662,1.1766,370000,1120000
2020-10-07 14:31:48.412000,1.17663,1.1766,750000,1310000
2020-10-07 14:31:50.048000,1.17662,1.1766,3910000,1310000
2020-10-07 14:31:50.201000,1.17661,1.17659,1690000,13040000
2020-10-07 14:31:50.304000,1.17658,1.17657,6420000,13410000
2020-10-07 14:31:50.406000,1.17657,1.17654,750000,12030000
2020-10-07 14:31:50.558000,1.17655,1.17653,750000,370000
2020-10-07 14:31:50.711000,1.17655,1.17652,750000,15210000
2020-10-07 14:31:51.326000,1.17654,1.17652,6940000,11090000
2020-10-07 14:31:51.377000,1.17652,1.1765,750000,11840000
2020-10-07 14:31:51.479000,1.17654,1.17653,5790000,11090000
2020-10-07 14:31:51.683000,1.17655,1.17652,8220000,11090000
2020-10-07 14:31:51.784000,1.17654,1.17651,1500000,11090000
2020-10-07 14:31:52.516000,1.17653,1.17651,4550000,11840000
2020-10-07 14:31:53.598000,1.17654,1.17651,3910000,11090000
2020-10-07 14:31:53.700000,1.17655,1.17651,5670000,11090000
2020-10-07 14:31:54.047000,1.17655,1.1765,5670000,15100000
2020-10-07 14:31:54.150000,1.17655,1.17651,5670000,11090000
2020-10-07 14:31:54.253000,1.17655,1.1765,5670000,15100000
2020-10-07 14:31:55.037000,1.17655,1.17653,3910000,750000
2020-10-07 14:31:55.141000,1.17658,1.17656,2060000,1570000
2020-10-07 14:31:55.243000,1.17659,1.17657,750000,11090000
2020-10-07 14:31:55.345000,1.17659,1.17655,4660000,16900000
2020-10-07 14:31:55.446000,1.17659,1.17656,820000,11090000
2020-10-07 14:31:55.638000,1.17659,1.17655,820000,16900000
2020-10-07 14:31:55.742000,1.17659,1.17656,750000,11090000
2020-10-07 14:31:55.945000,1.17659,1.17657,5300000,11090000
2020-10-07 14:31:56.363000,1.17659,1.17656,1390000,16980000
2020-10-07 14:31:56.464000,1.17659,1.17655,750000,16230000
2020-10-07 14:31:56.566000,1.1766,1.17656,4920000,11090000
2020-10-07 14:31:57.547000,1.17661,1.17658,3910000,820000
2020-10-07 14:31:57.649000,1.17661,1.17659,3910000,190000
2020-10-07 14:31:57.750000,1.17661,1.1766,5410000,190000
2020-10-07 14:31:58.055000,1.17662,1.1766,3910000,1200000
2020-10-07 14:31:58.106000,1.17664,1.17661,190000,1570000
2020-10-07 14:31:58.259000,1.17666,1.17665,3910000,190000
2020-10-07 14:31:58.310000,1.17665,1.17663,4660000,2890000
2020-10-07 14:31:58.412000,1.17665,1.17664,750000,11090000
2020-10-07 14:31:58.514000,1.17665,1.17663,4660000,11280000
2020-10-07 14:31:58.617000,1.17666,1.17663,4660000,11090000
2020-10-07 14:31:58.719000,1.17665,1.17662,3910000,190000
2020-10-07 14:31:58.822000,1.17666,1.17662,5600000,11090000
2020-10-07 14:31:58.924000,1.17665,1.17661,3910000,13980000
2020-10-07 14:31:59.240000,1.17663,1.17662,750000,11840000
2020-10-07 14:31:59.708000,1.17665,1.17661,6720000,11160000
2020-10-07 14:32:00.539000,1.17664,1.1766,4660000,12780000
2020-10-07 14:32:00.641000,1.17665,1.17661,5600000,100000
2020-10-07 14:32:00.957000,1.17665,1.1766,6420000,12850000
2020-10-07 14:32:01.059000,1.17664,1.17662,2510000,11090000
2020-10-07 14:32:01.217000,1.17664,1.17661,100000,11090000
2020-10-07 14:32:01.320000,1.17664,1.1766,100000,12030000
2020-10-07 14:32:01.422000,1.17664,1.17661,100000,11090000
2020-10-07 14:32:01.735000,1.17664,1.1766,100000,12030000
2020-10-07 14:32:02.394000,1.17665,1.1766,6050000,12100000
2020-10-07 14:32:02.717000,1.17665,1.17661,4920000,11090000
2020-10-07 14:32:03.434000,1.17665,1.1766,7550000,12100000
2020-10-07 14:32:03.656000,1.17665,1.17661,7550000,11090000
2020-10-07 14:32:03.844000,1.17664,1.17661,750000,11090000
2020-10-07 14:32:04.206000,1.17663,1.17661,750000,12100000
2020-10-07 14:32:04.307000,1.17664,1.17661,750000,11090000
2020-10-07 14:32:04.409000,1.17664,1.1766,750000,12100000
2020-10-07 14:32:05.658000,1.17662,1.1766,1500000,11090000
2020-10-07 14:32:05.760000,1.17662,1.17659,1870000,11280000
2020-10-07 14:32:06.128000,1.17663,1.17659,5490000,11280000
2020-10-07 14:32:06.897000,1.17662,1.17661,750000,190000
2020-10-07 14:32:07.356000,1.17663,1.17661,750000,100000
2020-10-07 14:32:07.459000,1.17665,1.17662,5970000,750000
2020-10-07 14:32:07.615000,1.17668,1.17666,1870000,750000
2020-10-07 14:32:07.769000,1.17669,1.17666,5040000,750000
2020-10-07 14:32:07.873000,1.1767,1.17668,5040000,750000
2020-10-07 14:32:08.078000,1.17671,1.17668,5790000,940000
2020-10-07 14:32:08.182000,1.17673,1.17671,5790000,750000
2020-10-07 14:32:08.233000,1.17673,1.17669,100000,13340000
2020-10-07 14:32:08.336000,1.17673,1.1767,100000,11840000
2020-10-07 14:32:08.438000,1.17673,1.17671,100000,11840000
2020-10-07 14:32:08.540000,1.17672,1.1767,4950000,11090000
2020-10-07 14:32:08.642000,1.1767,1.17669,820000,1120000
2020-10-07 14:32:08.745000,1.17671,1.17669,750000,11840000
2020-10-07 14:32:09.252000,1.17671,1.17668,6610000,11090000
2020-10-07 14:32:09.353000,1.17669,1.17668,3910000,11840000
2020-10-07 14:32:09.506000,1.1767,1.17668,3910000,750000
2020-10-07 14:32:09.607000,1.17671,1.17668,4740000,750000
2020-10-07 14:32:10.166000,1.17671,1.17669,4660000,940000
2020-10-07 14:32:10.269000,1.17672,1.1767,3910000,190000
2020-10-07 14:32:10.371000,1.17673,1.17672,1500000,750000
2020-10-07 14:32:10.726000,1.17673,1.1767,750000,12030000
2020-10-07 14:32:11.808000,1.17672,1.1767,6350000,11840000
2020-10-07 14:32:12.014000,1.17672,1.17669,3910000,750000
2020-10-07 14:32:12.790000,1.17672,1.17668,5220000,11840000
2020-10-07 14:32:12.942000,1.17672,1.17669,3910000,940000
2020-10-07 14:32:13.044000,1.17672,1.17671,7360000,750000
2020-10-07 14:32:13.146000,1.17672,1.17671,5860000,750000
2020-10-07 14:32:13.248000,1.17673,1.17671,5790000,750000
2020-10-07 14:32:13.401000,1.17673,1.17672,6540000,750000
2020-10-07 14:32:15.004000,1.17673,1.17671,750000,750000
2020-10-07 14:32:15.615000,1.17675,1.17673,10850000,750000
2020-10-07 14:32:15.718000,1.17675,1.17672,940000,11090000
2020-10-07 14:32:15.871000,1.17675,1.17673,940000,750000
2020-10-07 14:32:15.973000,1.17674,1.17673,940000,12210000
2020-10-07 14:32:16.127000,1.17677,1.17675,5790000,750000
2020-10-07 14:32:16.230000,1.17678,1.17675,3260000,11090000
2020-10-07 14:32:16.332000,1.17676,1.17674,940000,13410000
2020-10-07 14:32:16.383000,1.17677,1.17676,5600000,1500000
2020-10-07 14:32:16.535000,1.17678,1.17677,4920000,11840000
2020-10-07 14:32:16.689000,1.17677,1.17675,1310000,750000
2020-10-07 14:32:16.740000,1.17677,1.17673,1310000,13710000
2020-10-07 14:32:16.842000,1.17676,1.17673,940000,13710000
2020-10-07 14:32:16.944000,1.17676,1.17675,7470000,11090000
2020-10-07 14:32:16.995000,1.17675,1.17673,190000,11460000
2020-10-07 14:32:17.097000,1.17675,1.17672,190000,1120000
2020-10-07 14:32:19.981000,1.17674,1.17672,750000,370000
2020-10-07 14:32:20.084000,1.17673,1.17671,750000,11460000
2020-10-07 14:32:20.238000,1.17673,1.17672,3910000,11460000
2020-10-07 14:32:20.341000,1.17674,1.17672,5600000,11460000
2020-10-07 14:32:20.444000,1.17675,1.17672,5600000,11090000
2020-10-07 14:32:21.962000,1.17673,1.17671,750000,12960000
2020-10-07 14:32:22.414000,1.17673,1.17672,9260000,11090000
2020-10-07 14:32:22.465000,1.17672,1.1767,750000,11090000
2020-10-07 14:32:22.568000,1.17673,1.1767,750000,12210000
2020-10-07 14:32:22.669000,1.17673,1.17671,750000,11090000
2020-10-07 14:32:22.780000,1.17672,1.17671,750000,12210000
2020-10-07 14:32:25.174000,1.17673,1.17671,750000,11090000
2020-10-07 14:32:25.447000,1.17674,1.1767,5600000,16709999
2020-10-07 14:32:25.549000,1.17675,1.17672,4850000,11090000
2020-10-07 14:32:26.228000,1.17675,1.17671,940000,16709999
2020-10-07 14:32:26.875000,1.17674,1.17673,940000,11090000
2020-10-07 14:32:27.841000,1.17674,1.17672,940000,17459999
2020-10-07 14:32:27.943000,1.17673,1.17671,1500000,17280001
2020-10-07 14:32:29.137000,1.17674,1.17671,750000,11840000
2020-10-07 14:32:29.239000,1.17674,1.17673,940000,13710000
2020-10-07 14:32:29.341000,1.17675,1.17673,940000,11090000
2020-10-07 14:32:29.793000,1.17675,1.17672,940000,17459999
2020-10-07 14:32:29.952000,1.17676,1.17672,190000,17459999
2020-10-07 14:32:30.072000,1.17675,1.17674,4100000,11090000
2020-10-07 14:32:30.174000,1.17675,1.17673,4100000,17459999
2020-10-07 14:32:30.536000,1.17674,1.17673,3910000,17459999
2020-10-07 14:32:30.644000,1.17676,1.17672,4850000,17459999
2020-10-07 14:32:30.759000,1.17674,1.17673,3910000,17459999
2020-10-07 14:32:31.487000,1.17675,1.17674,4100000,370000
2020-10-07 14:32:32.722000,1.17676,1.17673,4850000,1870000
2020-10-07 14:32:34.275000,1.17676,1.17674,940000,11090000
2020-10-07 14:32:34.580000,1.17676,1.17673,5600000,12960000
2020-10-07 14:32:36.521000,1.17678,1.17676,560000,750000
2020-10-07 14:32:37.182000,1.1768,1.17677,5600000,11840000
2020-10-07 14:32:37.285000,1.17682,1.17679,4100000,14460000
2020-10-07 14:32:37.387000,1.17682,1.17681,3190000,11090000
2020-10-07 14:32:37.490000,1.17681,1.1768,4850000,15210000
2020-10-07 14:32:37.593000,1.17681,1.17679,750000,750000
2020-10-07 14:32:37.696000,1.1768,1.17679,1690000,11460000
2020-10-07 14:32:39.953000,1.1768,1.17677,750000,12960000
2020-10-07 14:32:41.207000,1.17681,1.17678,3910000,2700000
2020-10-07 14:32:41.309000,1.17682,1.17681,3940000,750000
2020-10-07 14:32:41.663000,1.17683,1.1768,6160000,750000
2020-10-07 14:32:43.599000,1.17682,1.1768,1870000,11090000
2020-10-07 14:32:43.650000,1.17681,1.17678,750000,11840000
2020-10-07 14:32:43.803000,1.17681,1.17677,5600000,11460000
2020-10-07 14:32:43.955000,1.17679,1.17678,750000,11090000
2020-10-07 14:32:44.214000,1.17681,1.17677,5600000,11090000
2020-10-07 14:32:45.609000,1.17679,1.17677,750000,11090000
2020-10-07 14:32:45.661000,1.17676,1.17675,3820000,1200000
2020-10-07 14:32:45.712000,1.17675,1.17674,750000,1200000
2020-10-07 14:32:45.814000,1.17676,1.17674,750000,11090000
2020-10-07 14:32:45.915000,1.17675,1.17674,750000,12290000
2020-10-07 14:32:48.727000,1.17675,1.17672,370000,15590000
2020-10-07 14:32:48.829000,1.17675,1.17673,4850000,12210000
2020-10-07 14:32:48.931000,1.17675,1.17674,940000,11090000
2020-10-07 14:32:49.999000,1.17676,1.17672,940000,12210000
2020-10-07 14:32:50.164000,1.17675,1.17674,940000,11090000
2020-10-07 14:32:50.330000,1.17676,1.17672,940000,12210000
2020-10-07 14:32:50.383000,1.17676,1.17675,4100000,1500000
2020-10-07 14:32:50.485000,1.17678,1.17674,6160000,5890000
2020-10-07 14:32:50.588000,1.17678,1.17675,6720000,11090000
2020-10-07 14:32:50.715000,1.17677,1.17675,9050000,11090000
2020-10-07 14:32:51.036000,1.17676,1.17674,2250000,11090000
2020-10-07 14:32:51.140000,1.17675,1.17673,190000,11090000
2020-10-07 14:32:51.243000,1.17675,1.17672,4100000,1870000
2020-10-07 14:32:51.345000,1.17674,1.17672,3910000,1870000
2020-10-07 14:32:51.472000,1.17675,1.17672,190000,1870000
2020-10-07 14:32:52.242000,1.17675,1.17671,190000,15960000
2020-10-07 14:32:53.639000,1.17676,1.17671,4850000,16299999
2020-10-07 14:32:53.740000,1.17676,1.17672,940000,12290000
2020-10-07 14:32:53.842000,1.17675,1.17674,190000,11090000
2020-10-07 14:32:54.274000,1.17676,1.17672,4850000,11910000
2020-10-07 14:32:57.802000,1.17676,1.17673,940000,11090000
2020-10-07 14:32:57.903000,1.17677,1.17673,5600000,11090000
2020-10-07 14:32:58.005000,1.17677,1.17674,4100000,11090000
2020-10-07 14:32:58.107000,1.17677,1.17675,3910000,820000
2020-10-07 14:32:58.158000,1.17679,1.17675,750000,11910000
2020-10-07 14:32:58.259000,1.17679,1.17676,750000,11090000
2020-10-07 14:32:58.564000,1.1768,1.17676,6050000,11090000
2020-10-07 14:32:59.033000,1.17679,1.17676,820000,11090000
2020-10-07 14:32:59.134000,1.17679,1.17675,4740000,11090000
2020-10-07 14:32:59.438000,1.17678,1.17677,750000,11090000
2020-10-07 14:32:59.747000,1.17679,1.17675,4660000,11910000
2020-10-07 14:32:59.992000,1.17679,1.17676,750000,11090000
2020-10-07 14:33:00.180000,1.17679,1.17677,4920000,11090000
2020-10-07 14:33:00.494000,1.1768,1.17677,5670000,11090000
2020-10-07 14:33:01.758000,1.1768,1.17676,5790000,12100000
2020-10-07 14:33:02.164000,1.17678,1.17677,3910000,12100000
2020-10-07 14:33:02.325000,1.1768,1.17676,5410000,1010000
2020-10-07 14:33:03.319000,1.17679,1.17676,3910000,1010000
2020-10-07 14:33:03.421000,1.1768,1.17676,7290000,1010000
2020-10-07 14:33:04.887000,1.17678,1.17677,370000,750000
2020-10-07 14:33:04.988000,1.1768,1.17676,6420000,11840000
2020-10-07 14:33:05.040000,1.17676,1.17674,750000,820000
2020-10-07 14:33:05.142000,1.17674,1.17673,3910000,12780000
2020-10-07 14:33:05.244000,1.17676,1.17673,1500000,190000
2020-10-07 14:33:05.847000,1.17676,1.17675,3910000,1010000
2020-10-07 14:33:05.949000,1.17678,1.17674,7920000,11090000
2020-10-07 14:33:06.558000,1.17677,1.17675,7170000,11090000
2020-10-07 14:33:06.661000,1.17675,1.17673,4660000,15100000
2020-10-07 14:33:07.017000,1.17676,1.17673,750000,190000
2020-10-07 14:33:07.271000,1.17677,1.17675,3910000,750000
2020-10-07 14:33:07.373000,1.17678,1.17675,5670000,11090000
2020-10-07 14:33:07.474000,1.17678,1.17674,5670000,11090000
2020-10-07 14:33:09.152000,1.17678,1.17675,4660000,11840000
2020-10-07 14:33:09.254000,1.17679,1.17675,7660000,11910000
2020-10-07 14:33:10.378000,1.1768,1.17676,10920000,11090000
2020-10-07 14:33:10.480000,1.17679,1.17676,750000,11090000
2020-10-07 14:33:10.632000,1.17679,1.17675,750000,11910000
2020-10-07 14:33:10.824000,1.17678,1.17677,750000,11090000
2020-10-07 14:33:12.952000,1.17679,1.17677,370000,11090000
2020-10-07 14:33:13.054000,1.17679,1.17678,7550000,11090000
2020-10-07 14:33:13.359000,1.1768,1.17676,7550000,11840000
2020-10-07 14:33:14.476000,1.17679,1.17676,3910000,11840000
2020-10-07 14:33:14.577000,1.17679,1.17677,8300000,11840000
2020-10-07 14:33:14.679000,1.17679,1.17676,4660000,11840000
2020-10-07 14:33:19.714000,1.17676,1.17674,1500000,820000
2020-10-07 14:33:19.766000,1.17674,1.17673,750000,260000
2020-10-07 14:33:19.868000,1.17675,1.17671,5220000,21660000
2020-10-07 14:33:20.122000,1.17674,1.17671,3910000,11840000
2020-10-07 14:33:20.325000,1.17673,1.17671,2250000,750000
2020-10-07 14:33:20.680000,1.17674,1.17671,4290000,1760000
2020-10-07 14:33:20.794000,1.17674,1.17672,370000,11090000
2020-10-07 14:33:21.907000,1.17674,1.17671,370000,12850000
2020-10-07 14:33:22.868000,1.17674,1.17672,370000,11090000
2020-10-07 14:33:23.409000,1.17673,1.17672,370000,12850000
2020-10-07 14:33:23.834000,1.17673,1.17672,1120000,11840000
2020-10-07 14:33:23.885000,1.17673,1.1767,2250000,1120000
2020-10-07 14:33:24.544000,1.17673,1.17671,5790000,12030000
2020-10-07 14:33:24.877000,1.17673,1.1767,1870000,12030000
2020-10-07 14:33:25.323000,1.17674,1.17671,5040000,820000
2020-10-07 14:33:25.424000,1.17674,1.17672,750000,11090000
2020-10-07 14:33:25.526000,1.17674,1.17673,370000,11090000
2020-10-07 14:33:26.453000,1.17675,1.17673,370000,11090000
2020-10-07 14:33:26.657000,1.17675,1.17672,370000,11160000
2020-10-07 14:33:26.788000,1.17675,1.17673,6720000,11090000
2020-10-07 14:33:27.458000,1.17675,1.17672,370000,11160000
2020-10-07 14:33:29.226000,1.17673,1.17672,3910000,11840000
2020-10-07 14:33:29.378000,1.17675,1.17671,6610000,750000
2020-10-07 14:33:30.215000,1.17675,1.17672,5040000,11090000
2020-10-07 14:33:34.387000,1.17676,1.17672,7660000,11090000
2020-10-07 14:33:34.657000,1.17674,1.17672,4290000,11840000
2020-10-07 14:33:37.865000,1.17675,1.17672,750000,11090000
2020-10-07 14:33:39.493000,1.17674,1.17671,750000,11090000
2020-10-07 14:33:39.595000,1.17672,1.17669,3910000,14730000
2020-10-07 14:33:39.698000,1.17673,1.1767,5410000,12590000
2020-10-07 14:33:41.638000,1.17674,1.1767,4290000,12780000
2020-10-07 14:33:41.877000,1.17674,1.17671,3910000,11090000
2020-10-07 14:33:42.736000,1.17675,1.17671,8970000,11090000
2020-10-07 14:33:45.034000,1.17673,1.17671,750000,11090000
2020-10-07 14:33:45.137000,1.17674,1.1767,5600000,11840000
2020-10-07 14:33:45.239000,1.17673,1.1767,3910000,11840000
2020-10-07 14:33:45.784000,1.17675,1.1767,11220000,12780000
2020-10-07 14:33:45.887000,1.17673,1.17671,3910000,12780000
2020-10-07 14:33:46.707000,1.17675,1.17671,5600000,11910000
2020-10-07 14:33:46.821000,1.17675,1.17672,750000,11090000
2020-10-07 14:33:47.677000,1.17675,1.17671,4660000,11990000
2020-10-07 14:33:48.633000,1.17675,1.17672,4660000,11090000
2020-10-07 14:33:49.072000,1.17675,1.17671,4660000,11990000
2020-10-07 14:33:50.944000,1.17675,1.17672,4660000,11090000
2020-10-07 14:33:51.095000,1.17675,1.17671,750000,11910000
2020-10-07 14:33:51.197000,1.17675,1.17672,750000,11090000
2020-10-07 14:33:51.420000,1.17674,1.17672,5410000,11910000
2020-10-07 14:33:51.746000,1.17673,1.17671,750000,11090000
2020-10-07 14:33:51.848000,1.17673,1.1767,4660000,11840000
2020-10-07 14:33:52.702000,1.17672,1.1767,3370000,11090000
2020-10-07 14:33:52.753000,1.17671,1.17668,1120000,2810000
2020-10-07 14:33:52.855000,1.1767,1.17668,750000,11090000
2020-10-07 14:33:52.957000,1.1767,1.17667,750000,11280000
2020-10-07 14:33:53.378000,1.1767,1.17666,4660000,13230000
2020-10-07 14:33:54.127000,1.17668,1.17667,750000,12400000
2020-10-07 14:33:54.229000,1.17669,1.17667,4660000,13040000
2020-10-07 14:33:54.331000,1.1767,1.17668,5410000,11840000
2020-10-07 14:33:54.432000,1.17671,1.1767,3910000,1760000
2020-10-07 14:33:54.484000,1.17673,1.17669,3910000,13230000
2020-10-07 14:33:54.586000,1.17674,1.1767,7170000,11090000
2020-10-07 14:33:54.840000,1.17672,1.1767,3910000,13230000
2020-10-07 14:33:55.047000,1.17674,1.17669,6420000,13230000
2020-10-07 14:33:55.256000,1.17673,1.17671,6420000,11090000
2020-10-07 14:33:55.831000,1.17672,1.1767,3910000,13230000
2020-10-07 14:33:55.946000,1.17673,1.1767,3910000,11090000
2020-10-07 14:33:56.371000,1.17674,1.1767,6420000,11840000
2020-10-07 14:33:57.354000,1.17674,1.17671,4920000,11090000
2020-10-07 14:33:57.960000,1.17673,1.17671,4100000,12660000
2020-10-07 14:33:58.208000,1.17674,1.17671,190000,11090000
2020-10-07 14:33:58.518000,1.17674,1.1767,5300000,12590000
2020-10-07 14:33:58.848000,1.17674,1.17671,4170000,11090000
2020-10-07 14:33:59.849000,1.17674,1.1767,5970000,11090000
2020-10-07 14:33:59.951000,1.17673,1.17672,4100000,750000
2020-10-07 14:34:00.156000,1.17674,1.17672,190000,11090000
2020-10-07 14:34:01.389000,1.17674,1.17671,190000,14160000
2020-10-07 14:34:01.748000,1.17674,1.17672,190000,11090000
2020-10-07 14:34:01.936000,1.17674,1.17671,190000,13040000
2020-10-07 14:34:02.111000,1.17675,1.17671,5600000,12210000
2020-10-07 14:34:02.213000,1.17674,1.17671,3910000,11840000
2020-10-07 14:34:02.938000,1.17674,1.17672,4920000,11840000
2020-10-07 14:34:03.048000,1.17673,1.17671,3070000,11090000
2020-10-07 14:34:03.151000,1.17671,1.1767,7920000,13340000
2020-10-07 14:34:03.253000,1.17671,1.17667,4660000,12480000
2020-10-07 14:34:03.355000,1.1767,1.17667,750000,11650000
2020-10-07 14:34:03.559000,1.17669,1.17667,4660000,12850000
2020-10-07 14:34:03.866000,1.1767,1.17667,4660000,190000
2020-10-07 14:34:04.334000,1.1767,1.17669,3910000,940000
2020-10-07 14:34:04.437000,1.17671,1.17667,3910000,17350000
2020-10-07 14:34:04.539000,1.17669,1.17668,3910000,12100000
2020-10-07 14:34:04.668000,1.1767,1.17668,4660000,12100000
2020-10-07 14:34:04.770000,1.1767,1.17667,3910000,12100000
2020-10-07 14:34:04.871000,1.1767,1.17668,4660000,12100000
2020-10-07 14:34:05.087000,1.1767,1.17667,3910000,12100000
2020-10-07 14:34:06.047000,1.17671,1.17667,4660000,12100000
2020-10-07 14:34:06.419000,1.17669,1.17668,2140000,11090000
2020-10-07 14:34:06.520000,1.17669,1.17667,6050000,11090000
2020-10-07 14:34:06.725000,1.1767,1.17665,6050000,14350000
2020-10-07 14:34:06.899000,1.1767,1.17666,6050000,11090000
2020-10-07 14:34:07.097000,1.1767,1.17665,6050000,14350000
2020-10-07 14:34:07.408000,1.17668,1.17667,3910000,11090000
2020-10-07 14:34:07.594000,1.17668,1.17666,1570000,11090000
2020-10-07 14:34:07.645000,1.17667,1.17664,3910000,14280000
2020-10-07 14:34:07.747000,1.17665,1.17664,750000,16980000
2020-10-07 14:34:07.900000,1.17667,1.17665,3910000,3450000
2020-10-07 14:34:08.002000,1.17668,1.17667,190000,11090000
2020-10-07 14:34:08.444000,1.17669,1.17667,190000,11090000
2020-10-07 14:34:08.545000,1.17668,1.17667,4100000,11090000
2020-10-07 14:34:10.281000,1.1767,1.17666,6050000,11090000
2020-10-07 14:34:10.384000,1.1767,1.17667,1010000,11090000
2020-10-07 14:34:11.295000,1.1767,1.17666,4920000,11840000
2020-10-07 14:34:12.305000,1.17667,1.17666,820000,11090000
2020-10-07 14:34:12.406000,1.17667,1.17666,820000,11090000
2020-10-07 14:34:12.825000,1.17668,1.17666,7920000,11090000
2020-10-07 14:34:16.380000,1.17667,1.17664,1500000,11840000
2020-10-07 14:34:16.685000,1.17666,1.17664,3910000,940000
2020-10-07 14:34:16.787000,1.17667,1.17664,5490000,750000
2020-10-07 14:34:17.586000,1.17662,1.1766,750000,1500000
2020-10-07 14:34:17.637000,1.17664,1.17661,940000,820000
2020-10-07 14:34:17.740000,1.17664,1.17662,3910000,1120000
2020-10-07 14:34:17.994000,1.17663,1.17661,750000,750000
2020-10-07 14:34:19.286000,1.17662,1.17661,5670000,11840000
2020-10-07 14:34:19.388000,1.17661,1.1766,3910000,12030000
2020-10-07 14:34:19.869000,1.17663,1.17661,4660000,750000
2020-10-07 14:34:23.409000,1.17663,1.1766,4660000,11840000
2020-10-07 14:34:23.511000,1.17663,1.17661,3910000,750000
2020-10-07 14:34:23.613000,1.17663,1.17662,7170000,12590000
2020-10-07 14:34:28.219000,1.17664,1.17662,6720000,12960000
2020-10-07 14:34:28.813000,1.17664,1.17661,190000,11840000
2020-10-07 14:34:31.756000,1.17664,1.17662,190000,11090000
2020-10-07 14:34:31.858000,1.17664,1.17663,3910000,11840000
2020-10-07 14:34:32.111000,1.17666,1.17662,5600000,11840000
2020-10-07 14:34:32.272000,1.17666,1.17663,5600000,11090000
2020-10-07 14:34:32.373000,1.17666,1.17662,5600000,11840000
2020-10-07 14:34:32.675000,1.17665,1.17664,5600000,11090000
2020-10-07 14:34:33.786000,1.17664,1.17663,750000,11090000
2020-10-07 14:34:33.887000,1.17665,1.17662,4660000,11090000
2020-10-07 14:34:33.989000,1.17663,1.17662,3910000,13150000
2020-10-07 14:34:34.090000,1.17664,1.17662,4660000,13150000
2020-10-07 14:34:34.192000,1.17664,1.17663,4660000,11090000
2020-10-07 14:34:35.438000,1.17667,1.17664,3450000,3070000
2020-10-07 14:34:35.540000,1.17666,1.17663,750000,11840000
2020-10-07 14:34:35.886000,1.17667,1.17664,5410000,1500000
2020-10-07 14:34:35.988000,1.17669,1.17666,3910000,11160000
2020-10-07 14:34:36.381000,1.1767,1.17666,5600000,11160000
2020-10-07 14:34:36.491000,1.17669,1.17666,3910000,11160000
2020-10-07 14:34:36.648000,1.1767,1.17667,5600000,11090000
2020-10-07 14:34:36.975000,1.17668,1.17667,3910000,11090000
2020-10-07 14:34:37.076000,1.17669,1.17665,3990000,13150000
2020-10-07 14:34:37.492000,1.17669,1.17666,4740000,11090000
2020-10-07 14:34:37.645000,1.17668,1.17666,3990000,13150000
2020-10-07 14:34:38.047000,1.17668,1.17667,3990000,11090000
2020-10-07 14:34:38.465000,1.17666,1.17665,2330000,370000
2020-10-07 14:34:38.567000,1.17667,1.17663,6420000,11090000
2020-10-07 14:34:38.668000,1.17666,1.17662,4660000,14730000
2020-10-07 14:34:39.024000,1.17666,1.17663,4660000,11090000
2020-10-07 14:34:39.304000,1.17665,1.17663,4660000,14730000
2020-10-07 14:34:41.148000,1.17664,1.17663,3910000,12590000
2020-10-07 14:34:41.251000,1.17665,1.17663,4740000,12780000
2020-10-07 14:34:42.223000,1.17665,1.17664,4740000,1120000
2020-10-07 14:34:42.955000,1.17665,1.17663,4660000,13980000
2020-10-07 14:34:43.331000,1.17666,1.17663,4660000,11090000
2020-10-07 14:34:44.494000,1.17666,1.17664,3910000,820000
2020-10-07 14:34:44.596000,1.17666,1.17665,5410000,12290000
2020-10-07 14:34:44.698000,1.17666,1.17664,3910000,1950000
2020-10-07 14:34:44.800000,1.17668,1.17664,6160000,13040000
2020-10-07 14:34:45.328000,1.17667,1.17666,2250000,11090000
2020-10-07 14:34:45.430000,1.17669,1.17666,6990000,750000
2020-10-07 14:34:45.685000,1.17668,1.17666,3910000,750000
2020-10-07 14:34:45.839000,1.17668,1.17667,3990000,750000
2020-10-07 14:34:45.942000,1.1767,1.17666,9800000,11090000
2020-10-07 14:34:46.145000,1.17669,1.17668,4850000,11090000
2020-10-07 14:34:46.690000,1.1767,1.17668,940000,11090000
2020-10-07 14:34:46.792000,1.17672,1.1767,3910000,2250000
2020-10-07 14:34:46.895000,1.17673,1.17672,2440000,11090000
2020-10-07 14:34:46.996000,1.17673,1.1767,190000,4500000
2020-10-07 14:34:47.099000,1.17673,1.17672,190000,13710000
2020-10-07 14:34:47.321000,1.17675,1.17673,3910000,1500000
2020-10-07 14:34:47.372000,1.17676,1.17674,5600000,12960000
2020-10-07 14:34:47.474000,1.17676,1.17675,940000,11090000
2020-10-07 14:34:47.678000,1.17676,1.17674,4850000,12960000
2020-10-07 14:34:47.780000,1.17675,1.17674,3910000,12960000
2020-10-07 14:34:47.882000,1.17677,1.17674,4850000,11090000
2020-10-07 14:34:49.489000,1.17675,1.17674,1500000,11460000
2020-10-07 14:34:49.541000,1.17674,1.17673,3910000,14840000
2020-10-07 14:34:49.744000,1.17676,1.17673,4170000,11090000
2020-10-07 14:34:49.846000,1.17675,1.17672,3910000,11840000
2020-10-07 14:34:50.069000,1.17676,1.17673,4100000,11090000
2020-10-07 14:34:50.171000,1.17676,1.17672,4100000,11840000
2020-10-07 14:34:50.390000,1.17676,1.17673,4850000,11090000
2020-10-07 14:34:50.730000,1.17675,1.17673,4660000,12030000
2020-10-07 14:34:50.887000,1.17676,1.17673,3910000,11090000
2020-10-07 14:34:51.067000,1.17675,1.17673,3990000,12030000
2020-10-07 14:34:51.168000,1.17674,1.17673,3910000,12030000
2020-10-07 14:34:51.715000,1.17675,1.17674,3990000,11090000
2020-10-07 14:34:51.817000,1.17676,1.17672,3990000,12030000
2020-10-07 14:34:51.934000,1.17675,1.17672,3910000,12030000
2020-10-07 14:34:52.061000,1.17676,1.17672,4740000,12030000
2020-10-07 14:34:52.163000,1.17675,1.17672,3910000,12030000
2020-10-07 14:34:52.264000,1.17675,1.17673,4740000,12030000
2020-10-07 14:34:52.809000,1.17675,1.17672,4660000,11090000
2020-10-07 14:34:52.910000,1.17675,1.17671,4660000,11840000
2020-10-07 14:34:53.317000,1.17676,1.17671,9800000,12590000
2020-10-07 14:34:53.419000,1.17675,1.17673,5490000,11840000
2020-10-07 14:34:53.725000,1.17676,1.17673,4660000,11090000
2020-10-07 14:34:53.827000,1.17677,1.17674,3910000,1500000
2020-10-07 14:34:53.878000,1.17678,1.17675,3910000,750000
2020-10-07 14:34:53.979000,1.17679,1.17675,5670000,11840000
2020-10-07 14:34:54.411000,1.17679,1.17676,5670000,11090000
2020-10-07 14:34:55.247000,1.17678,1.17675,3910000,11840000
2020-10-07 14:34:55.809000,1.17679,1.17676,4920000,750000
2020-10-07 14:34:58.750000,1.17674,1.17673,1570000,2810000
2020-10-07 14:34:58.801000,1.17673,1.17671,750000,9940000
2020-10-07 14:34:58.853000,1.17674,1.17673,5220000,11840000
2020-10-07 14:35:00.044000,1.17675,1.17673,190000,11090000
2020-10-07 14:35:00.286000,1.17675,1.17672,4100000,11090000
2020-10-07 14:35:00.388000,1.17675,1.17671,5670000,11840000
2020-10-07 14:35:00.489000,1.17675,1.17672,4920000,11090000
2020-10-07 14:35:01.035000,1.17675,1.17671,4850000,11840000
2020-10-07 14:35:01.647000,1.17673,1.17671,7760000,11090000
2020-10-07 14:35:01.748000,1.17672,1.17671,5600000,11090000
2020-10-07 14:35:01.850000,1.17672,1.1767,1120000,11090000
2020-10-07 14:35:01.952000,1.17671,1.1767,5040000,11090000
2020-10-07 14:35:02.104000,1.17672,1.1767,3910000,1500000
2020-10-07 14:35:02.155000,1.17675,1.17671,9350000,11090000
2020-10-07 14:35:02.510000,1.17675,1.17672,4850000,11090000
2020-10-07 14:35:02.714000,1.17674,1.17672,7290000,11840000
2020-10-07 14:35:02.816000,1.17674,1.17672,11040000,11090000
2020-10-07 14:35:02.867000,1.17673,1.17671,750000,11090000
2020-10-07 14:35:02.976000,1.17673,1.1767,750000,12780000
2020-10-07 14:35:03.417000,1.17675,1.1767,5410000,17730000
2020-10-07 14:35:03.519000,1.17675,1.17672,5410000,11090000
2020-10-07 14:35:04.949000,1.17675,1.17672,7850000,11910000
2020-10-07 14:35:05.409000,1.17675,1.17672,3910000,11090000
2020-10-07 14:35:06.910000,1.17673,1.17672,4660000,11840000
2020-10-07 14:35:07.062000,1.17674,1.17671,3910000,750000
2020-10-07 14:35:07.164000,1.17675,1.17671,9910000,11840000
2020-10-07 14:35:07.265000,1.17674,1.17671,3910000,11840000
2020-10-07 14:35:07.367000,1.17675,1.17671,10660000,11840000
2020-10-07 14:35:07.468000,1.17673,1.17671,750000,11090000
2020-10-07 14:35:07.570000,1.17672,1.17671,750000,11840000
2020-10-07 14:35:07.672000,1.17672,1.17669,1870000,11090000
2020-10-07 14:35:07.824000,1.17672,1.1767,1870000,11090000
2020-10-07 14:35:07.926000,1.17672,1.17669,5790000,11090000
2020-10-07 14:35:11.835000,1.17672,1.17671,5410000,750000
2020-10-07 14:35:12.918000,1.17674,1.1767,4660000,11840000
2020-10-07 14:35:13.019000,1.17675,1.17671,8970000,11090000
2020-10-07 14:35:14.897000,1.17674,1.17671,1120000,11840000
2020-10-07 14:35:14.999000,1.17673,1.1767,3190000,11090000
2020-10-07 14:35:15.101000,1.17672,1.1767,5600000,11910000
2020-10-07 14:35:15.234000,1.17673,1.17671,1690000,11090000
2020-10-07 14:35:15.444000,1.17673,1.1767,5600000,11090000
2020-10-07 14:35:15.597000,1.17672,1.1767,750000,11090000
2020-10-07 14:35:16.011000,1.17671,1.1767,4660000,11160000
2020-10-07 14:35:16.519000,1.17673,1.1767,6910000,750000
2020-10-07 14:35:17.043000,1.17671,1.1767,750000,11540000
2020-10-07 14:35:19.722000,1.17671,1.1767,750000,12850000
2020-10-07 14:35:19.824000,1.17672,1.17669,4660000,11160000
2020-10-07 14:35:24.470000,1.17672,1.1767,750000,750000
2020-10-07 14:35:25.452000,1.17667,1.17666,2250000,1200000
2020-10-07 14:35:25.555000,1.17666,1.17665,1500000,8320000
2020-10-07 14:35:25.809000,1.17667,1.17666,5600000,820000
2020-10-07 14:35:25.911000,1.17668,1.17666,5410000,750000
2020-10-07 14:35:26.216000,1.17667,1.17665,1870000,11090000
2020-10-07 14:35:26.318000,1.17666,1.17665,6540000,11350000
2020-10-07 14:35:28.535000,1.17665,1.17664,3910000,2140000
2020-10-07 14:35:28.687000,1.17666,1.17663,3910000,1200000
2020-10-07 14:35:29.143000,1.17665,1.17663,1500000,11090000
2020-10-07 14:35:29.245000,1.17663,1.17662,3910000,11910000
2020-10-07 14:35:29.346000,1.17665,1.17661,5970000,820000
2020-10-07 14:35:29.953000,1.17665,1.17663,2060000,11090000
2020-10-07 14:35:30.087000,1.17665,1.17662,5970000,11090000
2020-10-07 14:35:30.438000,1.17665,1.17663,3910000,100000
2020-10-07 14:35:30.489000,1.17668,1.17664,7200000,820000
2020-10-07 14:35:30.541000,1.17668,1.17666,3910000,750000
2020-10-07 14:35:30.642000,1.1767,1.17667,8410000,11090000
2020-10-07 14:35:30.896000,1.1767,1.17666,5600000,11840000
2020-10-07 14:35:31.099000,1.1767,1.17667,2440000,11090000
2020-10-07 14:35:31.387000,1.1767,1.17666,6350000,11840000
2020-10-07 14:35:31.726000,1.1767,1.17667,5600000,11090000
2020-10-07 14:35:31.879000,1.1767,1.17668,1690000,11090000
2020-10-07 14:35:32.081000,1.1767,1.17667,5600000,11090000
2020-10-07 14:35:32.387000,1.1767,1.17668,1690000,11090000
2020-10-07 14:35:32.932000,1.17671,1.17669,3910000,750000
2020-10-07 14:35:32.983000,1.17673,1.1767,4310000,11090000
2020-10-07 14:35:33.290000,1.17671,1.17669,190000,11840000
2020-10-07 14:35:33.963000,1.17669,1.17668,750000,11090000
