time,ask,bid,ask_volume,bid_volume
2022-02-09 10:25:00.904000,1.14336,1.14333,1670000,900000
2022-02-09 10:25:02.008000,1.14335,1.14333,1130000,900000
2022-02-09 10:25:02.060000,1.14333,1.14331,540000,900000
2022-02-09 10:25:02.163000,1.14331,1.14328,980000,900000
2022-02-09 10:25:02.735000,1.14331,1.14329,120000,900000
2022-02-09 10:25:03.576000,1.1433,1.14327,120000,900000
2022-02-09 10:25:03.729000,1.14329,1.14327,120000,900000
2022-02-09 10:25:12.519000,1.1433,1.14327,980000,900000
2022-02-09 10:25:16.236000,1.1433,1.14326,1440000,900000
2022-02-09 10:25:16.534000,1.1433,1.14327,980000,900000
2022-02-09 10:25:21.003000,1.14332,1.14328,4320000,900000
2022-02-09 10:25:21.105000,1.14332,1.14329,540000,900000
2022-02-09 10:25:22.893000,1.14333,1.14329,1620000,900000
2022-02-09 10:25:23.884000,1.14333,1.1433,1080000,900000
2022-02-09 10:25:23.986000,1.14334,1.14333,1080000,900000
2022-02-09 10:25:24.089000,1.14336,1.14333,1160000,900000
2022-02-09 10:25:24.243000,1.14337,1.14333,1620000,900000
2022-02-09 10:25:24.650000,1.14337,1.14334,440000,900000
2022-02-09 10:25:24.753000,1.14336,1.14334,2780000,900000
2022-02-09 10:25:24.906000,1.14335,1.14334,120000,900000
2022-02-09 10:25:27.047000,1.14337,1.14334,1160000,900000
2022-02-09 10:25:27.200000,1.14338,1.14334,1620000,900000
2022-02-09 10:25:29.081000,1.14338,1.14335,900000,1800000
2022-02-09 10:25:29.184000,1.1434,1.14337,900000,900000
2022-02-09 10:25:29.287000,1.14341,1.14338,1620000,900000
2022-02-09 10:25:29.389000,1.14341,1.14337,1440000,1340000
2022-02-09 10:25:30.203000,1.14341,1.1434,1160000,900000
2022-02-09 10:25:30.306000,1.14342,1.1434,120000,900000
2022-02-09 10:25:30.408000,1.14343,1.1434,3240000,900000
2022-02-09 10:25:30.613000,1.14345,1.14343,1930000,900000
2022-02-09 10:25:30.664000,1.14347,1.14344,8050000,900000
2022-02-09 10:25:31.021000,1.14346,1.14344,540000,900000
2022-02-09 10:25:31.124000,1.14346,1.14343,540000,900000
2022-02-09 10:25:31.653000,1.14344,1.14341,1880000,900000
2022-02-09 10:25:31.756000,1.14343,1.14341,540000,900000
2022-02-09 10:25:32.263000,1.14342,1.14339,440000,900000
2022-02-09 10:25:32.767000,1.14342,1.14338,2570000,900000
2022-02-09 10:25:33.145000,1.14341,1.14338,120000,900000
2022-02-09 10:25:34.203000,1.14342,1.14339,1440000,900000
2022-02-09 10:25:35.687000,1.14342,1.14338,1440000,1340000
2022-02-09 10:25:36.725000,1.14342,1.14339,440000,900000
2022-02-09 10:25:40.802000,1.14343,1.14339,1440000,1340000
2022-02-09 10:25:47.804000,1.14342,1.14339,540000,900000
2022-02-09 10:25:48.010000,1.14339,1.14335,2570000,1800000
2022-02-09 10:25:48.113000,1.14338,1.14334,1340000,1440000
2022-02-09 10:25:48.216000,1.14335,1.14332,1340000,900000
2022-02-09 10:25:48.320000,1.14333,1.1433,1800000,7250000
2022-02-09 10:25:48.423000,1.14332,1.14329,1880000,900000
2022-02-09 10:25:48.628000,1.14331,1.14329,440000,900000
2022-02-09 10:25:48.839000,1.1433,1.14329,1340000,900000
2022-02-09 10:25:48.891000,1.14329,1.14327,900000,900000
2022-02-09 10:25:48.942000,1.14328,1.14325,1340000,900000
2022-02-09 10:25:50.074000,1.14327,1.14324,1440000,900000
2022-02-09 10:25:51.307000,1.14325,1.14322,1440000,900000
2022-02-09 10:25:51.832000,1.14324,1.14321,120000,900000
2022-02-09 10:25:51.934000,1.14325,1.14321,1440000,980000
2022-02-09 10:25:52.037000,1.14326,1.14323,1620000,900000
2022-02-09 10:25:57.360000,1.14327,1.14324,2520000,900000
2022-02-09 10:25:57.412000,1.14326,1.14322,1340000,900000
2022-02-09 10:25:57.514000,1.14324,1.1432,1880000,1340000
2022-02-09 10:25:57.617000,1.14323,1.14319,1880000,900000
2022-02-09 10:25:58.869000,1.14324,1.1432,2570000,900000
2022-02-09 10:25:58.972000,1.14324,1.14321,900000,900000
2022-02-09 10:26:01.262000,1.14324,1.14322,2060000,1340000
2022-02-09 10:26:01.953000,1.14324,1.14321,1800000,900000
2022-02-09 10:26:02.055000,1.14322,1.14321,900000,1800000
2022-02-09 10:26:03.476000,1.14324,1.14321,1340000,900000
2022-02-09 10:26:03.527000,1.14325,1.14323,2780000,440000
2022-02-09 10:26:03.630000,1.14327,1.14324,3600000,900000
2022-02-09 10:26:05.071000,1.14326,1.14324,900000,900000
2022-02-09 10:26:05.173000,1.14326,1.14323,1800000,900000
2022-02-09 10:26:07.603000,1.14327,1.14323,1670000,900000
2022-02-09 10:26:09.091000,1.14327,1.14324,2520000,900000
2022-02-09 10:26:09.194000,1.14329,1.14326,6740000,900000
2022-02-09 10:26:11.235000,1.14327,1.14325,1440000,900000
2022-02-09 10:26:12.232000,1.14327,1.14324,440000,900000
2022-02-09 10:26:12.371000,1.14328,1.14324,1440000,900000
2022-02-09 10:26:13.981000,1.14328,1.14325,980000,900000
2022-02-09 10:26:14.033000,1.1433,1.14326,900000,1880000
2022-02-09 10:26:14.084000,1.14332,1.14329,3470000,900000
2022-02-09 10:26:15.474000,1.14333,1.1433,1440000,900000
2022-02-09 10:26:15.577000,1.14331,1.14328,2030000,4280000
2022-02-09 10:26:15.680000,1.1433,1.14327,310000,900000
2022-02-09 10:26:15.834000,1.14329,1.14327,440000,900000
2022-02-09 10:26:15.936000,1.14327,1.14325,2470000,900000
2022-02-09 10:26:16.039000,1.14327,1.14324,770000,900000
2022-02-09 10:26:18.443000,1.14325,1.14323,2780000,900000
2022-02-09 10:26:18.546000,1.14325,1.14321,1440000,900000
2022-02-09 10:26:18.912000,1.14324,1.14321,440000,900000
2022-02-09 10:26:19.015000,1.14326,1.14324,1440000,900000
2022-02-09 10:26:19.168000,1.14327,1.14324,1440000,900000
2022-02-09 10:26:20.325000,1.14328,1.14325,1440000,900000
2022-02-09 10:26:20.428000,1.14329,1.14327,1080000,900000
2022-02-09 10:26:20.480000,1.14331,1.14328,2600000,900000
2022-02-09 10:26:21.044000,1.14332,1.14329,900000,900000
2022-02-09 10:26:21.146000,1.14333,1.14329,1620000,900000
2022-02-09 10:26:21.249000,1.14333,1.14331,900000,900000
2022-02-09 10:26:21.352000,1.14334,1.14331,1440000,900000
2022-02-09 10:26:21.454000,1.14333,1.1433,1440000,900000
2022-02-09 10:26:21.557000,1.14332,1.1433,440000,900000
2022-02-09 10:26:23.345000,1.14334,1.14331,1440000,900000
2022-02-09 10:26:23.498000,1.14335,1.14331,1440000,900000
2022-02-09 10:26:25.646000,1.14334,1.14331,440000,900000
2022-02-09 10:26:25.749000,1.14333,1.1433,1440000,900000
2022-02-09 10:26:27.285000,1.14334,1.1433,980000,2700000
2022-02-09 10:26:27.336000,1.14335,1.14332,2520000,900000
2022-02-09 10:26:27.439000,1.14335,1.14331,1440000,900000
2022-02-09 10:26:27.541000,1.14335,1.14332,120000,900000
2022-02-09 10:26:30.936000,1.14334,1.14332,1440000,1800000
2022-02-09 10:26:36.128000,1.14334,1.14331,2570000,900000
2022-02-09 10:26:36.231000,1.14332,1.1433,2110000,900000
2022-02-09 10:26:36.333000,1.14332,1.14329,1670000,900000
2022-02-09 10:26:36.436000,1.14333,1.14329,3470000,900000
2022-02-09 10:26:40.076000,1.14332,1.14329,440000,900000
2022-02-09 10:26:49.039000,1.14333,1.14329,1440000,1130000
2022-02-09 10:26:55.378000,1.14331,1.1433,440000,1130000
2022-02-09 10:26:55.968000,1.14334,1.14331,2600000,900000
2022-02-09 10:26:56.326000,1.14333,1.1433,1340000,900000
2022-02-09 10:26:58.326000,1.14333,1.14329,1440000,1130000
2022-02-09 10:27:00.516000,1.14332,1.14329,440000,900000
2022-02-09 10:27:06.069000,1.14333,1.1433,1440000,900000
2022-02-09 10:27:06.863000,1.14335,1.14332,1160000,900000
2022-02-09 10:27:06.966000,1.14338,1.14335,3370000,1130000
2022-02-09 10:27:07.120000,1.14339,1.14336,1440000,900000
2022-02-09 10:27:07.223000,1.14341,1.14338,440000,900000
2022-02-09 10:27:07.325000,1.14341,1.14339,440000,900000
2022-02-09 10:27:07.717000,1.14342,1.14339,440000,900000
2022-02-09 10:27:08.594000,1.14341,1.14339,1880000,900000
2022-02-09 10:27:08.645000,1.1434,1.14337,440000,900000
2022-02-09 10:27:08.748000,1.14339,1.14337,440000,900000
2022-02-09 10:27:08.851000,1.14337,1.14336,440000,900000
2022-02-09 10:27:11.160000,1.14339,1.14337,440000,900000
2022-02-09 10:27:12.406000,1.1434,1.14337,1440000,2470000
2022-02-09 10:27:12.509000,1.14342,1.1434,2830000,900000
2022-02-09 10:27:12.611000,1.14344,1.14341,2780000,900000
2022-02-09 10:27:13.117000,1.14345,1.14342,980000,900000
2022-02-09 10:27:13.220000,1.14346,1.14343,1440000,900000
2022-02-09 10:27:14.515000,1.14345,1.14343,980000,900000
2022-02-09 10:27:14.617000,1.14345,1.14342,2340000,900000
2022-02-09 10:27:14.822000,1.14344,1.14342,900000,900000
2022-02-09 10:27:16.136000,1.14345,1.14342,980000,900000
2022-02-09 10:27:16.238000,1.14346,1.14344,980000,900000
2022-02-09 10:27:16.391000,1.14347,1.14344,3240000,900000
2022-02-09 10:27:16.550000,1.14345,1.14343,3240000,900000
2022-02-09 10:27:16.754000,1.14345,1.14342,1440000,900000
2022-02-09 10:27:17.162000,1.14344,1.14342,440000,900000
2022-02-09 10:27:18.110000,1.14345,1.14342,1440000,900000
2022-02-09 10:27:19.804000,1.14346,1.14342,3240000,2700000
2022-02-09 10:27:20.754000,1.14345,1.14344,2340000,1800000
2022-02-09 10:27:20.908000,1.14346,1.14345,1440000,900000
2022-02-09 10:27:21.010000,1.14348,1.14345,2340000,900000
2022-02-09 10:27:21.113000,1.14346,1.14343,3240000,900000
2022-02-09 10:27:21.216000,1.14345,1.14343,540000,900000
2022-02-09 10:27:21.318000,1.14345,1.14342,1440000,900000
2022-02-09 10:27:21.795000,1.14344,1.14342,900000,900000
2022-02-09 10:27:21.898000,1.14342,1.14341,2240000,900000
2022-02-09 10:27:22.636000,1.14344,1.14342,900000,900000
2022-02-09 10:27:22.738000,1.14345,1.14342,1440000,900000
2022-02-09 10:27:23.190000,1.14344,1.14341,2340000,900000
2022-02-09 10:27:26.661000,1.14343,1.14341,900000,3140000
2022-02-09 10:27:26.713000,1.14347,1.14344,2780000,2030000
2022-02-09 10:27:26.815000,1.14348,1.14344,900000,3010000
2022-02-09 10:27:31.275000,1.14347,1.14346,900000,1800000
2022-02-09 10:27:39.715000,1.14349,1.14345,2110000,2700000
2022-02-09 10:27:41.074000,1.14348,1.14346,900000,4940000
2022-02-09 10:27:41.129000,1.1435,1.14347,900000,440000
2022-02-09 10:27:41.231000,1.14351,1.14349,1440000,900000
2022-02-09 10:27:41.334000,1.14353,1.14351,900000,440000
2022-02-09 10:27:41.386000,1.14355,1.14353,540000,1440000
2022-02-09 10:27:41.437000,1.14358,1.14356,4500000,120000
2022-02-09 10:27:41.489000,1.14356,1.14354,2240000,900000
2022-02-09 10:27:41.592000,1.14355,1.14353,2930000,1850000
2022-02-09 10:27:41.695000,1.14355,1.14352,120000,900000
2022-02-09 10:27:41.797000,1.14355,1.14353,120000,900000
2022-02-09 10:27:42.285000,1.14357,1.14354,3010000,900000
2022-02-09 10:27:45.969000,1.14357,1.14353,310000,1880000
2022-02-09 10:27:46.071000,1.14356,1.14353,120000,900000
2022-02-09 10:27:46.868000,1.14357,1.14353,900000,2700000
2022-02-09 10:27:47.021000,1.14357,1.14354,900000,1880000
2022-02-09 10:27:47.395000,1.14358,1.14355,980000,900000
2022-02-09 10:27:51.056000,1.14356,1.14354,540000,900000
2022-02-09 10:27:51.159000,1.14356,1.14353,120000,900000
2022-02-09 10:27:51.633000,1.14356,1.14354,120000,900000
2022-02-09 10:27:51.736000,1.14357,1.14354,900000,900000
2022-02-09 10:27:51.993000,1.14358,1.14355,1210000,900000
2022-02-09 10:27:54.934000,1.14356,1.14354,1670000,900000
2022-02-09 10:27:55.036000,1.14354,1.14351,900000,4220000
2022-02-09 10:27:59.080000,1.14356,1.14354,120000,900000
2022-02-09 10:27:59.183000,1.14359,1.14356,5400000,900000
2022-02-09 10:27:59.285000,1.14358,1.14355,900000,1340000
2022-02-09 10:27:59.388000,1.14357,1.14354,3470000,900000
2022-02-09 10:27:59.490000,1.14355,1.14353,980000,540000
2022-02-09 10:27:59.542000,1.14354,1.14351,900000,2750000
2022-02-09 10:28:00.172000,1.14355,1.14352,900000,900000
2022-02-09 10:28:01.360000,1.14354,1.14351,900000,900000
2022-02-09 10:28:02.373000,1.14353,1.1435,900000,1440000
2022-02-09 10:28:02.704000,1.14352,1.14349,900000,1440000
2022-02-09 10:28:06.726000,1.14349,1.14347,900000,1880000
2022-02-09 10:28:06.829000,1.1435,1.14348,900000,900000
2022-02-09 10:28:06.931000,1.14351,1.14348,900000,900000
2022-02-09 10:28:07.772000,1.14349,1.14347,900000,440000
2022-02-09 10:28:07.874000,1.1435,1.14348,310000,900000
2022-02-09 10:28:09.351000,1.14349,1.14346,900000,980000
2022-02-09 10:28:09.835000,1.14347,1.14344,2570000,3240000
2022-02-09 10:28:09.938000,1.14343,1.14341,900000,1940000
2022-02-09 10:28:09.990000,1.14345,1.14342,900000,980000
2022-02-09 10:28:10.092000,1.14346,1.14343,980000,900000
2022-02-09 10:28:10.246000,1.14346,1.14345,980000,900000
2022-02-09 10:28:12.307000,1.14346,1.14343,980000,540000
2022-02-09 10:28:12.409000,1.14346,1.14342,980000,1440000
2022-02-09 10:28:15.226000,1.14346,1.14343,980000,900000
2022-02-09 10:28:15.329000,1.14346,1.14344,120000,900000
2022-02-09 10:28:15.534000,1.14346,1.14345,980000,900000
2022-02-09 10:28:17.481000,1.14345,1.14342,980000,2750000
2022-02-09 10:28:17.584000,1.14343,1.14341,120000,2340000
2022-02-09 10:28:17.687000,1.14343,1.1434,980000,900000
2022-02-09 10:28:19.224000,1.14342,1.1434,120000,900000
2022-02-09 10:28:19.327000,1.14341,1.14338,900000,980000
2022-02-09 10:28:19.429000,1.14342,1.14339,980000,900000
2022-02-09 10:28:20.077000,1.14342,1.1434,120000,1340000
2022-02-09 10:28:20.180000,1.14344,1.14342,900000,900000
2022-02-09 10:28:21.818000,1.14343,1.1434,980000,900000
2022-02-09 10:28:21.972000,1.14341,1.14338,1210000,3650000
2022-02-09 10:28:22.074000,1.1434,1.14338,120000,900000
2022-02-09 10:28:23.642000,1.1434,1.14337,1440000,900000
2022-02-09 10:28:23.846000,1.14341,1.14338,1880000,900000
2022-02-09 10:28:23.948000,1.14341,1.14339,120000,900000
2022-02-09 10:28:24.051000,1.14342,1.14339,980000,900000
2022-02-09 10:28:25.192000,1.14341,1.1434,120000,900000
2022-02-09 10:28:27.340000,1.14341,1.14338,900000,900000
2022-02-09 10:28:28.822000,1.1434,1.14337,900000,1340000
2022-02-09 10:28:31.384000,1.14339,1.14336,1440000,2340000
2022-02-09 10:28:31.945000,1.1434,1.14338,120000,900000
2022-02-09 10:28:32.047000,1.14341,1.14338,980000,900000
2022-02-09 10:28:32.251000,1.14342,1.14339,1880000,900000
2022-02-09 10:28:38.764000,1.1434,1.14337,1880000,1440000
2022-02-09 10:28:38.918000,1.14341,1.14338,980000,900000
2022-02-09 10:28:39.637000,1.14339,1.14336,900000,3240000
2022-02-09 10:28:42.670000,1.1434,1.14337,1880000,900000
2022-02-09 10:28:48.387000,1.14341,1.14338,1880000,1340000
2022-02-09 10:28:48.693000,1.14341,1.14339,900000,120000
2022-02-09 10:28:50.063000,1.14344,1.14342,2570000,900000
2022-02-09 10:28:53.197000,1.14346,1.14345,980000,900000
2022-02-09 10:28:53.300000,1.14348,1.14345,4500000,3470000
2022-02-09 10:28:53.352000,1.14349,1.14347,1930000,900000
2022-02-09 10:28:53.454000,1.14349,1.14348,980000,900000
2022-02-09 10:28:53.557000,1.14349,1.14347,2340000,900000
2022-02-09 10:28:53.659000,1.14348,1.14346,120000,900000
2022-02-09 10:28:54.814000,1.14345,1.14343,120000,900000
2022-02-09 10:28:54.917000,1.14345,1.14342,120000,900000
2022-02-09 10:28:56.540000,1.14345,1.14343,120000,900000
2022-02-09 10:28:57.927000,1.14346,1.14344,980000,900000
2022-02-09 10:28:58.080000,1.14346,1.14343,120000,900000
2022-02-09 10:28:58.182000,1.14345,1.14343,120000,900000
2022-02-09 10:29:01.186000,1.14346,1.14344,980000,900000
2022-02-09 10:29:01.391000,1.14346,1.14343,120000,900000
2022-02-09 10:29:01.999000,1.14346,1.14342,980000,1440000
2022-02-09 10:29:02.102000,1.14347,1.14345,120000,900000
2022-02-09 10:29:02.207000,1.14348,1.14346,900000,900000
2022-02-09 10:29:02.447000,1.14349,1.14346,7870000,900000
2022-02-09 10:29:02.773000,1.14348,1.14346,120000,900000
2022-02-09 10:29:11.060000,1.14345,1.14344,120000,900000
2022-02-09 10:29:11.163000,1.14347,1.14345,120000,900000
2022-02-09 10:29:11.274000,1.14347,1.14346,1210000,900000
2022-02-09 10:29:11.479000,1.14348,1.14346,310000,900000
2022-02-09 10:29:12.919000,1.14349,1.14347,120000,900000
2022-02-09 10:29:13.022000,1.1435,1.14347,980000,900000
2022-02-09 10:29:14.797000,1.14348,1.14346,2030000,900000
2022-02-09 10:29:14.849000,1.14346,1.14344,1340000,1880000
2022-02-09 10:29:14.952000,1.14345,1.14344,980000,1440000
2022-02-09 10:29:15.055000,1.14346,1.14342,980000,980000
2022-02-09 10:29:15.158000,1.14346,1.14343,120000,900000
2022-02-09 10:29:16.664000,1.14345,1.14343,900000,900000
2022-02-09 10:29:16.817000,1.14346,1.14343,980000,900000
2022-02-09 10:29:18.893000,1.14347,1.14344,2780000,900000
2022-02-09 10:29:19.046000,1.14348,1.14345,3910000,900000
2022-02-09 10:29:19.870000,1.14347,1.14344,980000,1340000
2022-02-09 10:29:19.972000,1.14349,1.14346,5040000,900000
2022-02-09 10:29:22.537000,1.14349,1.14347,440000,900000
2022-02-09 10:29:22.690000,1.14351,1.14348,2780000,900000
2022-02-09 10:29:24.622000,1.14349,1.14347,440000,900000
2022-02-09 10:29:24.775000,1.1435,1.14347,980000,900000
2022-02-09 10:29:24.877000,1.1435,1.14348,4810000,980000
2022-02-09 10:29:27.113000,1.14349,1.14347,440000,900000
2022-02-09 10:29:35.707000,1.14349,1.14346,3470000,900000
2022-02-09 10:29:35.810000,1.14346,1.14344,2570000,980000
2022-02-09 10:29:36.414000,1.14347,1.14344,2110000,900000
2022-02-09 10:29:36.516000,1.14348,1.14345,2930000,900000
2022-02-09 10:29:36.670000,1.14349,1.14346,4810000,900000
2022-02-09 10:29:36.772000,1.14348,1.14346,900000,900000
2022-02-09 10:29:37.087000,1.14347,1.14343,1880000,1880000
2022-02-09 10:29:37.190000,1.14346,1.14343,900000,120000
2022-02-09 10:29:37.360000,1.14346,1.14342,1880000,980000
2022-02-09 10:29:37.412000,1.14347,1.14345,2780000,900000
2022-02-09 10:29:38.422000,1.14348,1.14345,3830000,900000
2022-02-09 10:29:39.091000,1.14347,1.14343,980000,980000
2022-02-09 10:29:40.419000,1.14348,1.14345,4730000,900000
2022-02-09 10:29:40.982000,1.14349,1.14346,440000,980000
2022-02-09 10:29:41.085000,1.1435,1.14346,4810000,980000
2022-02-09 10:29:42.209000,1.14351,1.14348,2780000,900000
2022-02-09 10:29:43.412000,1.14352,1.14348,3910000,980000
2022-02-09 10:29:47.730000,1.14353,1.14351,2030000,900000
2022-02-09 10:29:47.833000,1.14354,1.1435,2570000,900000
2022-02-09 10:29:47.935000,1.14354,1.14351,980000,900000
2022-02-09 10:29:48.037000,1.14354,1.14352,540000,900000
2022-02-09 10:29:50.280000,1.14355,1.14352,5710000,900000
2022-02-09 10:29:50.382000,1.14354,1.14352,670000,900000
2022-02-09 10:29:52.647000,1.14356,1.14353,3730000,900000
2022-02-09 10:29:58.975000,1.14354,1.14352,440000,900000
2022-02-09 10:29:59.180000,1.14356,1.14353,1800000,900000
2022-02-09 10:30:00.318000,1.14357,1.14353,1130000,980000
2022-02-09 10:30:01.611000,1.14356,1.14353,1130000,900000
2022-02-09 10:30:01.713000,1.14356,1.14352,1130000,1340000
2022-02-09 10:30:03.382000,1.14355,1.14352,900000,1340000
2022-02-09 10:30:04.336000,1.14356,1.14352,1800000,1340000
2022-02-09 10:30:04.948000,1.14354,1.14351,1440000,1340000
2022-02-09 10:30:05.356000,1.14353,1.14351,120000,900000
2022-02-09 10:30:05.459000,1.14353,1.1435,980000,900000
2022-02-09 10:30:05.562000,1.14352,1.1435,120000,900000
2022-02-09 10:30:05.665000,1.14353,1.1435,980000,1340000
2022-02-09 10:30:08.742000,1.14354,1.14352,120000,1340000
2022-02-09 10:30:08.845000,1.14355,1.14353,900000,440000
2022-02-09 10:30:08.947000,1.14356,1.14353,980000,1340000
2022-02-09 10:30:09.263000,1.14355,1.14352,1210000,1340000
2022-02-09 10:30:09.602000,1.14355,1.14353,120000,900000
2022-02-09 10:30:10.193000,1.14356,1.14353,980000,1340000
2022-02-09 10:30:11.823000,1.14356,1.14354,1210000,1440000
2022-02-09 10:30:13.200000,1.14356,1.14353,230000,1440000
2022-02-09 10:30:13.577000,1.14356,1.14354,2110000,1440000
2022-02-09 10:30:14.267000,1.14356,1.14353,120000,1340000
2022-02-09 10:30:16.150000,1.14354,1.14351,2340000,1340000
2022-02-09 10:30:16.253000,1.14353,1.1435,980000,900000
2022-02-09 10:30:16.355000,1.14351,1.14349,1440000,900000
2022-02-09 10:30:16.407000,1.14349,1.14346,1440000,3200000
2022-02-09 10:30:17.109000,1.1435,1.14348,440000,900000
2022-02-09 10:30:17.212000,1.14351,1.14348,2700000,900000
2022-02-09 10:30:18.644000,1.14352,1.1435,900000,1340000
2022-02-09 10:30:18.746000,1.14353,1.1435,900000,1340000
2022-02-09 10:30:18.849000,1.14352,1.1435,440000,900000
2022-02-09 10:30:21.325000,1.14352,1.14349,3140000,900000
2022-02-09 10:30:21.427000,1.14351,1.14348,440000,900000
2022-02-09 10:30:21.530000,1.1435,1.14348,3600000,900000
2022-02-09 10:30:21.632000,1.14349,1.14348,1340000,900000
2022-02-09 10:30:24.309000,1.14349,1.14346,3140000,900000
2022-02-09 10:30:24.412000,1.14348,1.14345,3600000,900000
2022-02-09 10:30:24.565000,1.14347,1.14345,440000,900000
2022-02-09 10:30:25.765000,1.14345,1.14342,4040000,900000
2022-02-09 10:30:25.868000,1.14344,1.14342,440000,900000
2022-02-09 10:30:26.021000,1.14345,1.14342,5940000,900000
2022-02-09 10:30:26.225000,1.14344,1.14342,900000,900000
2022-02-09 10:30:26.331000,1.14344,1.14341,1800000,900000
2022-02-09 10:30:27.610000,1.14342,1.14339,900000,2240000
2022-02-09 10:30:27.713000,1.14339,1.14336,1440000,1340000
2022-02-09 10:30:27.867000,1.1434,1.14338,1880000,440000
2022-02-09 10:30:27.978000,1.14341,1.14338,980000,1340000
2022-02-09 10:30:29.913000,1.14342,1.14339,1440000,1340000
2022-02-09 10:30:30.230000,1.14341,1.14338,980000,1340000
2022-02-09 10:30:30.536000,1.14341,1.14339,980000,440000
2022-02-09 10:30:30.740000,1.14342,1.1434,540000,900000
2022-02-09 10:30:31.036000,1.14341,1.14339,120000,900000
2022-02-09 10:30:34.368000,1.14342,1.14339,1440000,1340000
2022-02-09 10:30:34.622000,1.14343,1.1434,1340000,900000
2022-02-09 10:30:35.359000,1.14341,1.1434,540000,1340000
2022-02-09 10:30:35.513000,1.14341,1.14339,120000,900000
2022-02-09 10:30:35.768000,1.1434,1.14337,1440000,4100000
2022-02-09 10:30:35.870000,1.1434,1.14338,120000,1340000
2022-02-09 10:30:36.074000,1.14342,1.14338,1340000,1340000
2022-02-09 10:30:36.914000,1.1434,1.14338,5480000,900000
2022-02-09 10:30:37.068000,1.14341,1.14339,440000,900000
2022-02-09 10:30:37.171000,1.14342,1.14339,2700000,900000
2022-02-09 10:30:38.254000,1.14344,1.14341,4500000,900000
2022-02-09 10:30:38.357000,1.14345,1.14342,900000,1340000
2022-02-09 10:30:38.459000,1.14346,1.14342,2700000,1340000
2022-02-09 10:30:38.785000,1.14346,1.14343,2700000,440000
2022-02-09 10:30:39.447000,1.14346,1.14342,2700000,1340000
2022-02-09 10:30:39.615000,1.14345,1.14342,1340000,1340000
2022-02-09 10:30:40.208000,1.14343,1.14342,440000,1340000
2022-02-09 10:30:40.362000,1.14344,1.14341,3140000,1340000
2022-02-09 10:30:40.515000,1.14343,1.14341,900000,1340000
2022-02-09 10:30:40.617000,1.14343,1.14342,2240000,1340000
2022-02-09 10:30:44.060000,1.14346,1.14343,3280000,900000
2022-02-09 10:30:44.214000,1.14347,1.14344,2240000,1340000
2022-02-09 10:30:52.894000,1.14345,1.14343,1340000,900000
2022-02-09 10:30:53.149000,1.14345,1.14344,900000,1340000
2022-02-09 10:30:53.251000,1.14347,1.14344,1340000,1340000
2022-02-09 10:30:55.590000,1.14344,1.14342,900000,2750000
2022-02-09 10:30:55.692000,1.14344,1.14341,900000,1340000
2022-02-09 10:30:55.794000,1.14345,1.14342,1340000,900000
2022-02-09 10:30:55.897000,1.14346,1.14343,900000,900000
2022-02-09 10:30:55.999000,1.14347,1.14344,2240000,900000
2022-02-09 10:30:56.152000,1.14346,1.14344,900000,900000
2022-02-09 10:30:56.615000,1.14345,1.14343,440000,900000
2022-02-09 10:30:59.401000,1.14346,1.14343,900000,900000
2022-02-09 10:30:59.503000,1.14347,1.14344,2240000,900000
2022-02-09 10:31:05.451000,1.14346,1.14343,900000,900000
2022-02-09 10:31:05.993000,1.14348,1.14345,1800000,4810000
2022-02-09 10:31:06.248000,1.14348,1.14346,900000,2030000
2022-02-09 10:31:06.351000,1.1435,1.14348,2240000,900000
2022-02-09 10:31:15.522000,1.14352,1.14349,1340000,900000
2022-02-09 10:31:18.549000,1.14353,1.1435,2240000,900000
2022-02-09 10:31:18.652000,1.1435,1.14347,4580000,900000
2022-02-09 10:31:18.754000,1.14348,1.14347,540000,900000
2022-02-09 10:31:19.099000,1.14346,1.14344,440000,2750000
2022-02-09 10:31:19.150000,1.14344,1.14341,980000,2240000
2022-02-09 10:31:19.202000,1.14342,1.14339,900000,6400000
2022-02-09 10:31:19.254000,1.14345,1.14343,1440000,900000
2022-02-09 10:31:19.357000,1.14346,1.14343,900000,1210000
2022-02-09 10:31:19.510000,1.14347,1.14344,2340000,900000
2022-02-09 10:31:19.816000,1.14344,1.14341,900000,2340000
2022-02-09 10:31:19.918000,1.14345,1.14342,980000,900000
2022-02-09 10:31:21.079000,1.14344,1.14341,980000,1130000
2022-02-09 10:31:23.195000,1.14343,1.1434,900000,2570000
2022-02-09 10:31:23.999000,1.14342,1.14339,1340000,980000
2022-02-09 10:31:24.806000,1.14342,1.1434,540000,900000
2022-02-09 10:31:25.010000,1.14343,1.1434,1440000,900000
2022-02-09 10:31:27.691000,1.14343,1.14341,900000,230000
2022-02-09 10:31:27.743000,1.14345,1.14343,980000,900000
2022-02-09 10:31:27.846000,1.14346,1.14343,900000,1210000
2022-02-09 10:31:28.152000,1.14346,1.14344,900000,230000
2022-02-09 10:31:28.380000,1.14347,1.14345,440000,900000
2022-02-09 10:31:29.918000,1.14348,1.14345,1440000,900000
2022-02-09 10:31:30.976000,1.14347,1.14345,440000,900000
2022-02-09 10:31:35.526000,1.14349,1.14346,2340000,900000
2022-02-09 10:31:35.629000,1.1435,1.14347,980000,900000
2022-02-09 10:31:35.935000,1.14351,1.14348,1440000,900000
2022-02-09 10:31:36.567000,1.14352,1.14349,1440000,900000
2022-02-09 10:31:43.647000,1.14352,1.1435,440000,900000
2022-02-09 10:31:45.074000,1.14351,1.14349,440000,900000
2022-02-09 10:31:45.936000,1.14352,1.14349,1440000,900000
2022-02-09 10:31:48.314000,1.14352,1.14351,2340000,900000
2022-02-09 10:31:49.771000,1.14352,1.1435,440000,900000
2022-02-09 10:31:53.520000,1.14355,1.14352,1340000,900000
2022-02-09 10:31:53.622000,1.14356,1.14353,1520000,900000
2022-02-09 10:31:53.725000,1.14355,1.14352,1440000,900000
2022-02-09 10:31:53.827000,1.14354,1.14351,900000,980000
2022-02-09 10:31:58.888000,1.14353,1.1435,900000,980000
2022-02-09 10:31:59.453000,1.14352,1.14349,1440000,900000
2022-02-09 10:31:59.556000,1.14351,1.14348,1340000,980000
2022-02-09 10:32:01.934000,1.14352,1.14349,1340000,900000
2022-02-09 10:32:02.036000,1.14351,1.1435,440000,900000
2022-02-09 10:32:06.301000,1.14351,1.14349,980000,230000
2022-02-09 10:32:06.353000,1.14353,1.14351,980000,900000
2022-02-09 10:32:06.404000,1.14355,1.14352,3780000,900000
2022-02-09 10:32:06.609000,1.14357,1.14354,1340000,900000
2022-02-09 10:32:09.157000,1.14357,1.14356,540000,900000
2022-02-09 10:32:12.897000,1.14357,1.14354,440000,980000
2022-02-09 10:32:13.975000,1.14358,1.14356,120000,900000
2022-02-09 10:32:14.640000,1.14357,1.14355,540000,900000
2022-02-09 10:32:16.335000,1.14358,1.14355,2340000,900000
2022-02-09 10:32:18.111000,1.14358,1.14356,540000,900000
2022-02-09 10:32:18.468000,1.14357,1.14354,980000,900000
2022-02-09 10:32:18.577000,1.14356,1.14354,440000,900000
2022-02-09 10:32:20.424000,1.14357,1.14355,900000,2240000
2022-02-09 10:32:20.476000,1.14358,1.14357,900000,3470000
2022-02-09 10:32:20.579000,1.1436,1.14357,3140000,900000
2022-02-09 10:32:20.783000,1.14359,1.14357,440000,900000
2022-02-09 10:32:22.708000,1.1436,1.14357,1340000,900000
2022-02-09 10:32:23.106000,1.14359,1.14356,900000,900000
2022-02-09 10:32:23.209000,1.14358,1.14356,1340000,900000
2022-02-09 10:32:23.515000,1.14356,1.14353,1800000,2750000
2022-02-09 10:32:23.932000,1.14357,1.14354,2240000,900000
2022-02-09 10:32:24.343000,1.14357,1.14355,900000,1130000
2022-02-09 10:32:24.394000,1.14359,1.14356,1800000,1800000
2022-02-09 10:32:25.957000,1.14358,1.14355,1340000,900000
2022-02-09 10:32:27.669000,1.14357,1.14355,440000,900000
2022-02-09 10:32:27.831000,1.14357,1.14354,1130000,900000
2022-02-09 10:32:27.934000,1.14356,1.14354,1440000,900000
2022-02-09 10:32:28.036000,1.14355,1.14353,3240000,900000
2022-02-09 10:32:28.352000,1.14355,1.14353,540000,900000
2022-02-09 10:32:28.709000,1.14354,1.14352,1440000,1800000
2022-02-09 10:32:29.503000,1.14354,1.14351,1340000,900000
2022-02-09 10:32:29.606000,1.14353,1.1435,900000,1340000
2022-02-09 10:32:29.987000,1.14355,1.14352,980000,1340000
2022-02-09 10:32:30.090000,1.14356,1.14353,980000,900000
2022-02-09 10:32:37.750000,1.14356,1.14354,2780000,900000
2022-02-09 10:32:37.908000,1.14357,1.14354,440000,900000
2022-02-09 10:32:40.853000,1.14357,1.14355,440000,900000
2022-02-09 10:32:41.463000,1.14358,1.14355,2110000,900000
2022-02-09 10:32:41.565000,1.14357,1.14355,440000,900000
2022-02-09 10:32:41.776000,1.14356,1.14354,440000,900000
2022-02-09 10:32:46.629000,1.14356,1.14353,1440000,900000
2022-02-09 10:32:51.043000,1.14357,1.14354,900000,1340000
2022-02-09 10:32:54.031000,1.14356,1.14354,900000,900000
2022-02-09 10:32:54.082000,1.14355,1.14352,440000,900000
2022-02-09 10:32:54.579000,1.14355,1.14353,440000,900000
2022-02-09 10:32:59.712000,1.14356,1.14353,540000,900000
2022-02-09 10:32:59.815000,1.14357,1.14354,540000,900000
2022-02-09 10:32:59.917000,1.14356,1.14355,540000,900000
2022-02-09 10:33:00.297000,1.14358,1.14356,1440000,900000
2022-02-09 10:33:04.891000,1.14358,1.14355,2780000,900000
2022-02-09 10:33:04.994000,1.14357,1.14355,2110000,900000
2022-02-09 10:33:05.046000,1.14356,1.14353,1340000,900000
2022-02-09 10:33:05.149000,1.14354,1.14352,440000,900000
2022-02-09 10:33:05.200000,1.14352,1.1435,440000,2750000
2022-02-09 10:33:05.303000,1.1435,1.14348,1210000,900000
2022-02-09 10:33:05.405000,1.14349,1.14346,1880000,1340000
2022-02-09 10:33:05.711000,1.14348,1.14346,900000,900000
2022-02-09 10:33:05.943000,1.14349,1.14346,2570000,900000
2022-02-09 10:33:07.065000,1.14348,1.14346,440000,900000
2022-02-09 10:33:07.167000,1.14347,1.14345,2570000,900000
2022-02-09 10:33:09.150000,1.14346,1.14344,540000,900000
2022-02-09 10:33:11.911000,1.14346,1.14343,980000,900000
2022-02-09 10:33:13.519000,1.14343,1.14342,3010000,2750000
2022-02-09 10:33:13.622000,1.14342,1.1434,440000,900000
2022-02-09 10:33:24.927000,1.1434,1.14339,3140000,900000
2022-02-09 10:33:26.835000,1.14339,1.14336,1340000,1800000
2022-02-09 10:33:27.496000,1.14338,1.14335,900000,900000
2022-02-09 10:33:31.020000,1.1434,1.14337,1440000,1340000
2022-02-09 10:33:31.123000,1.14339,1.14336,2340000,900000
2022-02-09 10:33:32.051000,1.14338,1.14336,440000,900000
2022-02-09 10:33:34.647000,1.14338,1.14335,1340000,900000
2022-02-09 10:33:40.532000,1.14338,1.14336,900000,230000
2022-02-09 10:33:40.635000,1.14339,1.14336,2240000,900000
2022-02-09 10:33:40.737000,1.14337,1.14336,440000,1800000
2022-02-09 10:33:42.212000,1.14337,1.14335,3140000,900000
2022-02-09 10:33:42.263000,1.14334,1.14331,2340000,2750000
2022-02-09 10:33:42.315000,1.14336,1.14333,4220000,900000
2022-02-09 10:33:42.468000,1.14336,1.14334,120000,900000
2022-02-09 10:33:42.571000,1.14336,1.14335,980000,900000
2022-02-09 10:33:43.638000,1.14336,1.14334,440000,980000
2022-02-09 10:33:43.740000,1.14336,1.14333,440000,980000
2022-02-09 10:33:44.579000,1.14334,1.14332,440000,900000
2022-02-09 10:33:44.836000,1.14335,1.14332,3240000,900000
2022-02-09 10:33:45.976000,1.14336,1.14333,540000,670000
2022-02-09 10:33:46.079000,1.14338,1.14335,2420000,900000
2022-02-09 10:33:49.912000,1.14336,1.14333,1440000,900000
2022-02-09 10:33:50.015000,1.14334,1.14333,1340000,980000
2022-02-09 10:33:50.117000,1.14336,1.14334,120000,900000
2022-02-09 10:33:50.219000,1.14337,1.14334,1880000,900000
2022-02-09 10:33:50.667000,1.14334,1.14331,900000,3740000
2022-02-09 10:33:50.770000,1.14335,1.14332,1800000,1800000
2022-02-09 10:33:50.974000,1.14333,1.14332,900000,4190000
2022-02-09 10:33:52.150000,1.14333,1.1433,900000,1440000
2022-02-09 10:33:52.304000,1.14332,1.1433,1340000,900000
2022-02-09 10:33:52.355000,1.1433,1.14328,1340000,1850000
2022-02-09 10:33:52.407000,1.14327,1.14326,900000,3740000
2022-02-09 10:33:55.012000,1.14327,1.14325,1670000,980000
2022-02-09 10:33:55.064000,1.14326,1.14323,900000,120000
2022-02-09 10:33:55.217000,1.14324,1.14323,900000,980000
2022-02-09 10:33:55.734000,1.14326,1.14322,980000,980000
2022-02-09 10:33:56.505000,1.14325,1.14322,440000,980000
2022-02-09 10:33:57.093000,1.14326,1.14323,900000,900000
2022-02-09 10:34:00.120000,1.14327,1.14325,440000,120000
2022-02-09 10:34:00.273000,1.14326,1.14325,900000,120000
2022-02-09 10:34:00.324000,1.14326,1.14323,900000,7020000
2022-02-09 10:34:00.779000,1.14327,1.14325,1340000,120000
2022-02-09 10:34:01.034000,1.14329,1.14327,2340000,1440000
2022-02-09 10:34:01.137000,1.1433,1.14327,440000,980000
2022-02-09 10:34:01.239000,1.14329,1.14327,1340000,120000
2022-02-09 10:34:01.923000,1.14329,1.14326,1340000,980000
2022-02-09 10:34:08.553000,1.14327,1.14325,440000,980000
2022-02-09 10:34:10.720000,1.14328,1.14325,1340000,1440000
2022-02-09 10:34:10.823000,1.1433,1.14327,440000,980000
2022-02-09 10:34:11.568000,1.1433,1.14329,1440000,900000
2022-02-09 10:34:11.844000,1.14331,1.14328,980000,900000
2022-02-09 10:34:12.913000,1.14332,1.14328,3240000,1440000
2022-02-09 10:34:13.475000,1.14334,1.14331,5530000,900000
2022-02-09 10:34:13.527000,1.14336,1.14331,7510000,1440000
2022-02-09 10:34:13.731000,1.14336,1.14332,4580000,440000
2022-02-09 10:34:17.632000,1.14336,1.14334,1340000,980000
2022-02-09 10:34:21.796000,1.14336,1.14333,900000,1210000
2022-02-09 10:34:23.581000,1.14335,1.14332,900000,120000
2022-02-09 10:34:23.734000,1.14334,1.14332,1340000,980000
2022-02-09 10:34:23.837000,1.14332,1.14331,900000,1440000
2022-02-09 10:34:23.939000,1.14332,1.14329,900000,1440000
2022-02-09 10:34:24.041000,1.14333,1.14329,900000,2340000
2022-02-09 10:34:28.017000,1.14332,1.14329,900000,980000
2022-02-09 10:34:28.120000,1.14329,1.14326,900000,980000
2022-02-09 10:34:30.909000,1.1433,1.14328,900000,1130000
2022-02-09 10:34:31.012000,1.14333,1.1433,1980000,900000
2022-02-09 10:34:32.576000,1.14331,1.14328,1570000,1800000
2022-02-09 10:34:32.693000,1.1433,1.14327,440000,900000
2022-02-09 10:34:33.972000,1.14331,1.14327,2570000,900000
2022-02-09 10:34:34.590000,1.1433,1.14327,1440000,900000
2022-02-09 10:34:34.693000,1.14331,1.14328,2570000,900000
2022-02-09 10:34:36.907000,1.14332,1.14331,3820000,4730000
2022-02-09 10:34:37.010000,1.14335,1.14332,1440000,1670000
2022-02-09 10:34:40.637000,1.14336,1.14333,900000,900000
2022-02-09 10:34:41.971000,1.14337,1.14334,900000,2570000
2022-02-09 10:34:42.073000,1.14338,1.14335,900000,980000
2022-02-09 10:34:51.130000,1.1434,1.14337,900000,3370000
2022-02-09 10:34:51.181000,1.14342,1.14338,3820000,3010000
2022-02-09 10:34:51.589000,1.14341,1.14338,1800000,980000
2022-02-09 10:34:51.641000,1.14338,1.14335,900000,5580000
2022-02-09 10:34:51.744000,1.14337,1.14334,1340000,980000
2022-02-09 10:34:51.897000,1.14336,1.14333,900000,900000
2022-02-09 10:34:54.164000,1.14336,1.14332,900000,1670000
2022-02-09 10:34:58.759000,1.14338,1.14335,3680000,1130000
2022-02-09 10:34:58.861000,1.14339,1.14336,900000,900000
2022-02-09 10:34:58.964000,1.1434,1.14337,1880000,900000
2022-02-09 10:35:00.194000,1.1434,1.14336,900000,1670000
2022-02-09 10:35:06.206000,1.1434,1.14337,900000,900000
2022-02-09 10:35:06.308000,1.14341,1.14337,900000,1880000
2022-02-09 10:35:06.411000,1.14342,1.14338,2340000,900000
2022-02-09 10:35:06.513000,1.14341,1.14337,900000,1670000
2022-02-09 10:35:07.439000,1.1434,1.14336,980000,1570000
2022-02-09 10:35:09.517000,1.14337,1.14335,900000,4370000
2022-02-09 10:35:09.619000,1.14337,1.14333,1440000,1800000
2022-02-09 10:35:17.616000,1.14336,1.14333,980000,900000
2022-02-09 10:35:18.040000,1.14336,1.14332,980000,1340000
2022-02-09 10:35:19.002000,1.14336,1.14333,900000,900000
2022-02-09 10:35:20.996000,1.14337,1.14333,900000,1670000
2022-02-09 10:35:21.099000,1.14336,1.14332,900000,2570000
2022-02-09 10:35:21.201000,1.14336,1.14333,900000,900000
2022-02-09 10:35:21.303000,1.14337,1.14333,1440000,900000
2022-02-09 10:35:27.665000,1.14336,1.14333,440000,900000
2022-02-09 10:35:27.717000,1.14334,1.1433,2700000,3780000
2022-02-09 10:35:27.819000,1.14332,1.14331,900000,1440000
2022-02-09 10:35:27.921000,1.14333,1.14329,900000,1210000
2022-02-09 10:35:35.593000,1.14333,1.14331,900000,440000
2022-02-09 10:35:36.584000,1.14332,1.14329,900000,1340000
2022-02-09 10:35:36.686000,1.1433,1.14328,900000,440000
2022-02-09 10:35:36.789000,1.14331,1.14328,900000,440000
2022-02-09 10:35:39.428000,1.14331,1.14329,900000,440000
2022-02-09 10:35:40.090000,1.14331,1.14328,900000,440000
2022-02-09 10:35:40.192000,1.1433,1.14328,900000,440000
2022-02-09 10:35:40.294000,1.1433,1.14327,900000,1340000
2022-02-09 10:35:42.421000,1.14329,1.14327,900000,440000
2022-02-09 10:35:47.110000,1.14329,1.14326,900000,2570000
2022-02-09 10:35:47.212000,1.1433,1.14328,900000,440000
2022-02-09 10:35:47.341000,1.14331,1.14328,900000,770000
2022-02-09 10:35:47.446000,1.14331,1.1433,900000,440000
2022-02-09 10:35:47.600000,1.14331,1.14328,900000,1440000
2022-02-09 10:35:47.804000,1.1433,1.14328,900000,440000
2022-02-09 10:35:51.285000,1.14332,1.14329,900000,2240000
2022-02-09 10:35:51.388000,1.14332,1.1433,900000,2240000
2022-02-09 10:35:52.972000,1.14332,1.14329,900000,2240000
2022-02-09 10:35:53.985000,1.14332,1.1433,900000,440000
2022-02-09 10:35:55.228000,1.14332,1.14329,900000,1340000
2022-02-09 10:35:55.382000,1.14332,1.1433,900000,440000
2022-02-09 10:35:55.640000,1.14335,1.14333,900000,440000
2022-02-09 10:35:55.743000,1.14336,1.14333,900000,1340000
2022-02-09 10:35:55.998000,1.14335,1.14332,900000,980000
2022-02-09 10:35:56.151000,1.14335,1.14333,900000,440000
2022-02-09 10:35:56.305000,1.14337,1.14334,900000,980000
2022-02-09 10:35:56.357000,1.14338,1.14336,900000,440000
2022-02-09 10:35:56.459000,1.1434,1.14336,3060000,1340000
2022-02-09 10:35:56.562000,1.14341,1.14338,900000,440000
2022-02-09 10:35:57.447000,1.14341,1.14339,900000,440000
2022-02-09 10:35:58.385000,1.14343,1.14339,900000,1800000
2022-02-09 10:35:58.496000,1.14342,1.14341,900000,900000
2022-02-09 10:35:59.983000,1.14343,1.14339,900000,1440000
2022-02-09 10:36:04.744000,1.14343,1.1434,900000,440000
2022-02-09 10:36:04.846000,1.14343,1.14339,900000,1800000
2022-02-09 10:36:07.028000,1.14345,1.14343,900000,2030000
2022-02-09 10:36:07.131000,1.14348,1.14346,900000,440000
2022-02-09 10:36:07.233000,1.14349,1.14348,900000,440000
2022-02-09 10:36:07.285000,1.14351,1.14349,900000,440000
2022-02-09 10:36:07.802000,1.14352,1.14349,900000,900000
2022-02-09 10:36:07.955000,1.14352,1.1435,900000,440000
2022-02-09 10:36:08.159000,1.14352,1.14349,900000,2240000
2022-02-09 10:36:08.363000,1.14353,1.14349,900000,3140000
2022-02-09 10:36:08.465000,1.14353,1.1435,900000,440000
2022-02-09 10:36:11.156000,1.14356,1.14353,900000,2570000
2022-02-09 10:36:11.208000,1.14358,1.14354,2830000,1670000
2022-02-09 10:36:11.310000,1.14358,1.14355,900000,440000
2022-02-09 10:36:11.413000,1.14358,1.14354,900000,1440000
2022-02-09 10:36:11.835000,1.14355,1.14352,900000,1440000
2022-02-09 10:36:22.947000,1.14356,1.14352,1340000,1340000
2022-02-09 10:36:23.992000,1.14359,1.14356,4180000,900000
2022-02-09 10:36:24.095000,1.1436,1.14356,1880000,1340000
2022-02-09 10:36:25.550000,1.14359,1.14355,2570000,900000
2022-02-09 10:36:25.907000,1.14359,1.14356,900000,120000
2022-02-09 10:36:26.272000,1.1436,1.14356,2700000,980000
2022-02-09 10:36:26.578000,1.14359,1.14356,900000,900000
2022-02-09 10:36:26.782000,1.14359,1.14355,4140000,1340000
2022-02-09 10:36:26.885000,1.14358,1.14355,440000,900000
2022-02-09 10:36:27.046000,1.14359,1.14355,3240000,1340000
2022-02-09 10:36:27.308000,1.14358,1.14355,900000,1340000
2022-02-09 10:36:27.461000,1.14359,1.14355,3240000,1340000
2022-02-09 10:36:28.080000,1.14358,1.14355,440000,900000
2022-02-09 10:36:29.203000,1.14359,1.14357,900000,1340000
2022-02-09 10:36:29.306000,1.1436,1.14356,2780000,1340000
2022-02-09 10:36:29.408000,1.1436,1.14358,2700000,900000
2022-02-09 10:36:29.562000,1.14361,1.14358,1340000,900000
2022-02-09 10:36:30.230000,1.14362,1.14358,1340000,1440000
2022-02-09 10:36:30.333000,1.14363,1.1436,1340000,1130000
2022-02-09 10:36:30.435000,1.14363,1.14361,440000,900000
2022-02-09 10:36:30.869000,1.14364,1.14361,1340000,900000
2022-02-09 10:36:31.637000,1.14363,1.14361,900000,900000
2022-02-09 10:36:32.210000,1.14361,1.14358,440000,1880000
2022-02-09 10:36:32.618000,1.14361,1.14359,900000,900000
2022-02-09 10:36:34.111000,1.14362,1.14359,4500000,900000
2022-02-09 10:36:34.213000,1.14361,1.14359,900000,900000
2022-02-09 10:36:34.367000,1.14362,1.14359,3600000,900000
2022-02-09 10:36:36.100000,1.14362,1.1436,900000,900000
2022-02-09 10:36:36.203000,1.14362,1.14359,2930000,900000
2022-02-09 10:36:36.254000,1.1436,1.14357,440000,900000
2022-02-09 10:36:36.735000,1.14359,1.14356,2340000,900000
2022-02-09 10:36:36.787000,1.14358,1.14354,2780000,900000
2022-02-09 10:36:36.889000,1.14358,1.14355,4580000,900000
2022-02-09 10:36:36.992000,1.14358,1.14356,1930000,900000
2022-02-09 10:36:37.095000,1.1436,1.14356,5040000,900000
2022-02-09 10:36:38.039000,1.14359,1.14356,900000,900000
2022-02-09 10:36:38.141000,1.14357,1.14354,900000,900000
2022-02-09 10:36:38.983000,1.14356,1.14354,440000,900000
2022-02-09 10:36:40.961000,1.14357,1.14354,1340000,900000
2022-02-09 10:36:41.407000,1.14357,1.14355,1340000,900000
2022-02-09 10:36:41.458000,1.14362,1.1436,900000,1800000
2022-02-09 10:36:41.561000,1.14363,1.14362,2830000,980000
2022-02-09 10:36:41.613000,1.14361,1.14359,1570000,1570000
2022-02-09 10:36:41.716000,1.14362,1.14357,2700000,9310000
2022-02-09 10:36:41.819000,1.14361,1.14358,1340000,900000
2022-02-09 10:36:41.870000,1.14359,1.14357,440000,900000
2022-02-09 10:36:41.973000,1.14359,1.14356,440000,900000
2022-02-09 10:36:42.512000,1.14357,1.14356,440000,900000
2022-02-09 10:36:42.615000,1.14357,1.14355,440000,900000
2022-02-09 10:36:42.666000,1.14356,1.14353,3140000,900000
2022-02-09 10:36:42.769000,1.14354,1.14352,440000,900000
2022-02-09 10:36:43.247000,1.14354,1.14351,440000,900000
2022-02-09 10:36:43.349000,1.14353,1.14351,440000,900000
2022-02-09 10:36:43.452000,1.14354,1.14351,3600000,900000
2022-02-09 10:36:44.138000,1.14352,1.1435,440000,900000
2022-02-09 10:36:44.357000,1.14352,1.14349,440000,900000
2022-02-09 10:36:47,1.14353,1.14351,1340000,900000
2022-02-09 10:36:48.219000,1.14354,1.14351,2030000,900000
2022-02-09 10:36:48.322000,1.14354,1.1435,4810000,900000
2022-02-09 10:36:48.424000,1.14351,1.14349,1800000,900000
2022-02-09 10:36:48.476000,1.14351,1.14347,4810000,900000
2022-02-09 10:36:48.527000,1.14348,1.14346,440000,900000
2022-02-09 10:36:53.401000,1.1435,1.14346,2470000,1340000
2022-02-09 10:36:54.402000,1.14349,1.14346,440000,1340000
2022-02-09 10:36:54.714000,1.14347,1.14345,900000,900000
2022-02-09 10:36:54.817000,1.14347,1.14344,440000,900000
2022-02-09 10:36:55.133000,1.14348,1.14345,440000,900000
2022-02-09 10:36:55.235000,1.14349,1.14346,440000,900000
2022-02-09 10:37:01.235000,1.14347,1.14346,440000,900000
2022-02-09 10:37:02.481000,1.14349,1.14346,1340000,900000
2022-02-09 10:37:09.464000,1.14349,1.14347,440000,900000
2022-02-09 10:37:09.567000,1.1435,1.14347,2700000,900000
2022-02-09 10:37:12.880000,1.14349,1.14347,440000,900000
2022-02-09 10:37:15.646000,1.14349,1.14346,440000,900000
2022-02-09 10:37:17.015000,1.14348,1.14345,2470000,900000
2022-02-09 10:37:19.171000,1.14349,1.14346,1800000,900000
2022-02-09 10:37:19.274000,1.14349,1.14347,440000,440000
2022-02-09 10:37:19.376000,1.1435,1.14347,2240000,440000
2022-02-09 10:37:20.839000,1.14349,1.14347,440000,1340000
2022-02-09 10:37:26.880000,1.1435,1.14347,2240000,900000
2022-02-09 10:37:27.674000,1.14349,1.14347,440000,900000
2022-02-09 10:37:28.629000,1.14349,1.14346,2240000,900000
2022-02-09 10:37:29.178000,1.14348,1.14346,440000,900000
2022-02-09 10:37:29.448000,1.14345,1.14343,2240000,900000
2022-02-09 10:37:29.551000,1.14344,1.14342,1440000,1440000
2022-02-09 10:37:29.653000,1.14344,1.14341,540000,900000
2022-02-09 10:37:29.756000,1.14345,1.14342,120000,900000
2022-02-09 10:37:29.858000,1.14345,1.14343,120000,900000
2022-02-09 10:37:31.481000,1.14344,1.14341,540000,900000
2022-02-09 10:37:32.009000,1.14345,1.14342,3240000,900000
2022-02-09 10:37:32.993000,1.14344,1.14341,1440000,900000
2022-02-09 10:37:33.146000,1.14343,1.14341,900000,900000
2022-02-09 10:37:33.249000,1.14344,1.14341,2340000,900000
2022-02-09 10:37:33.560000,1.14343,1.14341,900000,900000
2022-02-09 10:37:33.662000,1.14344,1.14341,2650000,900000
2022-02-09 10:37:34.414000,1.14343,1.14341,440000,900000
2022-02-09 10:37:35.235000,1.14342,1.1434,120000,900000
2022-02-09 10:37:35.337000,1.14341,1.14338,3470000,900000
2022-02-09 10:37:35.440000,1.14339,1.14337,440000,2160000
2022-02-09 10:37:35.831000,1.14338,1.14336,440000,900000
2022-02-09 10:37:35.934000,1.14337,1.14335,1340000,900000
2022-02-09 10:37:36.193000,1.14338,1.14336,440000,900000
2022-02-09 10:37:36.295000,1.14339,1.14337,440000,1260000
2022-02-09 10:37:37.197000,1.14338,1.14335,540000,900000
2022-02-09 10:37:37.300000,1.14336,1.14334,440000,900000
2022-02-09 10:37:37.352000,1.14335,1.14332,2700000,900000
2022-02-09 10:37:37.455000,1.14334,1.14332,440000,900000
2022-02-09 10:37:38.214000,1.14335,1.14332,540000,900000
2022-02-09 10:37:38.316000,1.14335,1.14334,980000,900000
2022-02-09 10:37:38.419000,1.14337,1.14335,540000,900000
2022-02-09 10:37:39.662000,1.14337,1.14334,540000,900000
2022-02-09 10:37:40.091000,1.14336,1.14333,540000,900000
2022-02-09 10:37:40.194000,1.14336,1.14334,120000,900000
2022-02-09 10:37:40.717000,1.14336,1.14333,540000,900000
2022-02-09 10:37:40.972000,1.14335,1.14333,900000,900000
2022-02-09 10:37:41.081000,1.14335,1.14334,540000,900000
2022-02-09 10:37:42.834000,1.14337,1.14334,540000,900000
2022-02-09 10:37:42.987000,1.14337,1.14335,120000,900000
2022-02-09 10:37:43.090000,1.14339,1.14337,1340000,1260000
2022-02-09 10:37:43.193000,1.1434,1.14337,2380000,2160000
2022-02-09 10:37:45.234000,1.14341,1.14337,2600000,2160000
2022-02-09 10:37:45.388000,1.14342,1.14338,3600000,900000
2022-02-09 10:37:45.491000,1.14343,1.14342,900000,230000
2022-02-09 10:37:45.594000,1.14345,1.14341,3600000,900000
2022-02-09 10:37:46.424000,1.14346,1.14342,3500000,900000
2022-02-09 10:37:46.580000,1.14345,1.14341,1340000,900000
2022-02-09 10:37:49.320000,1.14344,1.14341,900000,440000
2022-02-09 10:37:50.540000,1.14343,1.1434,900000,1440000
2022-02-09 10:37:54.199000,1.14342,1.14339,900000,440000
2022-02-09 10:37:54.302000,1.14342,1.1434,900000,440000
2022-02-09 10:37:54.404000,1.14342,1.14339,900000,1340000
2022-02-09 10:37:56.321000,1.14342,1.1434,900000,440000
2022-02-09 10:37:56.423000,1.14343,1.14339,2240000,900000
2022-02-09 10:37:57.197000,1.14342,1.14338,900000,1440000
2022-02-09 10:38:02.447000,1.14341,1.14337,1080000,1440000
2022-02-09 10:38:02.780000,1.14342,1.14338,1800000,540000
2022-02-09 10:38:02.882000,1.14343,1.1434,900000,1880000
2022-02-09 10:38:08.566000,1.14343,1.14341,900000,230000
2022-02-09 10:38:08.619000,1.14345,1.14342,900000,540000
2022-02-09 10:38:10.297000,1.14345,1.14341,900000,2110000
2022-02-09 10:38:10.400000,1.14344,1.1434,900000,2880000
2022-02-09 10:38:10.859000,1.14345,1.14341,900000,3240000
2022-02-09 10:38:10.961000,1.14345,1.14343,1340000,900000
2022-02-09 10:38:11.064000,1.14346,1.14343,900000,900000
2022-02-09 10:38:11.587000,1.14347,1.14343,1340000,900000
2022-02-09 10:38:13.355000,1.14347,1.14344,1340000,900000
2022-02-09 10:38:14.471000,1.14345,1.14341,1340000,3110000
2022-02-09 10:38:23.420000,1.14348,1.14344,2240000,900000
2022-02-09 10:38:25.245000,1.14347,1.14344,440000,900000
2022-02-09 10:38:27.758000,1.14347,1.14345,440000,900000
2022-02-09 10:38:27.911000,1.14347,1.14344,440000,900000
2022-02-09 10:38:28.013000,1.14346,1.14345,440000,1800000
2022-02-09 10:38:28.150000,1.14347,1.14344,1700000,900000
2022-02-09 10:38:28.257000,1.14347,1.14345,1700000,900000
2022-02-09 10:38:28.379000,1.14347,1.14344,1700000,900000
2022-02-09 10:38:28.481000,1.14347,1.14345,1700000,900000
2022-02-09 10:38:28.583000,1.14347,1.14344,1700000,900000
2022-02-09 10:38:28.685000,1.14347,1.14345,1700000,900000
2022-02-09 10:38:28.834000,1.14347,1.14344,1700000,900000
2022-02-09 10:38:28.944000,1.14347,1.14345,1700000,900000
2022-02-09 10:38:29.062000,1.14347,1.14344,1700000,900000
2022-02-09 10:38:32.151000,1.14347,1.14343,4040000,900000
2022-02-09 10:38:37.880000,1.14346,1.14343,440000,900000
2022-02-09 10:38:39.136000,1.14346,1.14344,440000,900000
2022-02-09 10:38:39.391000,1.14346,1.14343,1130000,900000
2022-02-09 10:38:41.800000,1.14345,1.14341,1800000,980000
2022-02-09 10:38:43.963000,1.14346,1.14343,900000,900000
2022-02-09 10:38:44.065000,1.14347,1.14345,3140000,1340000
2022-02-09 10:38:47.087000,1.14349,1.14345,2240000,900000
2022-02-09 10:38:50.878000,1.14349,1.14346,1700000,900000
2022-02-09 10:39:07.646000,1.14347,1.14343,2340000,900000
2022-02-09 10:39:07.751000,1.14346,1.14342,3010000,2340000
2022-02-09 10:39:07.803000,1.14344,1.14341,980000,900000
2022-02-09 10:39:08.058000,1.14345,1.14342,980000,900000
2022-02-09 10:39:08.645000,1.14346,1.14342,3470000,900000
2022-02-09 10:39:09.513000,1.14346,1.14343,900000,900000
2022-02-09 10:39:09.615000,1.14347,1.14344,2570000,900000
2022-02-09 10:39:12.935000,1.14346,1.14342,1440000,1340000
2022-02-09 10:39:12.986000,1.14347,1.14344,3240000,900000
2022-02-09 10:39:13.089000,1.14347,1.14345,4370000,900000
2022-02-09 10:39:13.279000,1.14348,1.14345,2110000,900000
2022-02-09 10:39:13.534000,1.14349,1.14346,2570000,440000
2022-02-09 10:39:23.680000,1.1435,1.14349,2380000,900000
2022-02-09 10:39:23.732000,1.14352,1.1435,360000,3140000
2022-02-09 10:39:23.834000,1.14353,1.1435,540000,3240000
2022-02-09 10:39:23.936000,1.14354,1.1435,2240000,3240000
2022-02-09 10:39:27.221000,1.14352,1.14351,440000,1340000
2022-02-09 10:39:27.323000,1.14353,1.1435,540000,1340000
2022-02-09 10:39:32.493000,1.14352,1.14349,900000,1340000
2022-02-09 10:39:35.575000,1.1435,1.14348,900000,440000
2022-02-09 10:39:35.678000,1.14352,1.14349,980000,440000
2022-02-09 10:39:35.781000,1.14352,1.1435,900000,440000
2022-02-09 10:39:35.883000,1.14352,1.14349,900000,900000
2022-02-09 10:39:37.177000,1.14352,1.1435,2830000,1440000
2022-02-09 10:39:37.279000,1.14353,1.1435,900000,980000
2022-02-09 10:39:38.939000,1.14354,1.14351,900000,900000
2022-02-09 10:39:39.092000,1.14356,1.14353,1260000,900000
2022-02-09 10:39:39.195000,1.14357,1.14355,5170000,900000
2022-02-09 10:39:39.297000,1.14357,1.14354,440000,900000
2022-02-09 10:39:41.931000,1.14356,1.14354,1340000,980000
2022-02-09 10:39:42.491000,1.14356,1.14353,900000,120000
2022-02-09 10:39:42.873000,1.14355,1.14352,900000,1130000
2022-02-09 10:39:43.077000,1.14356,1.14353,900000,120000
2022-02-09 10:39:44.363000,1.14354,1.14353,900000,1130000
2022-02-09 10:39:45.183000,1.14356,1.14353,900000,120000
2022-02-09 10:39:46.467000,1.14356,1.14352,900000,2110000
2022-02-09 10:39:49.348000,1.14356,1.14353,900000,540000
2022-02-09 10:39:50.485000,1.14356,1.14354,2160000,1440000
2022-02-09 10:39:50.916000,1.14356,1.14353,2340000,900000
2022-02-09 10:39:50.968000,1.14354,1.14351,900000,1210000
2022-02-09 10:39:52.124000,1.14353,1.14351,900000,1210000
2022-02-09 10:39:56.557000,1.14352,1.14349,900000,4730000
2022-02-09 10:39:56.660000,1.14351,1.14349,3140000,1850000
2022-02-09 10:39:56.712000,1.14349,1.14348,900000,1850000
2022-02-09 10:39:56.814000,1.14348,1.14346,900000,540000
2022-02-09 10:39:57.619000,1.14347,1.14346,900000,1440000
2022-02-09 10:40:00.124000,1.14347,1.14344,900000,440000
2022-02-09 10:40:00.234000,1.14347,1.14345,1440000,1850000
2022-02-09 10:40:00.286000,1.14346,1.14343,900000,230000
2022-02-09 10:40:02.390000,1.14346,1.14344,900000,440000
2022-02-09 10:40:03.332000,1.14346,1.14343,900000,540000
2022-02-09 10:40:08.404000,1.14345,1.14343,900000,3470000
2022-02-09 10:40:08.456000,1.14343,1.14341,900000,1850000
2022-02-09 10:40:08.610000,1.14344,1.14342,900000,2780000
2022-02-09 10:40:08.764000,1.14344,1.14342,900000,440000
2022-02-09 10:40:08.815000,1.14346,1.14343,900000,440000
2022-02-09 10:40:12.042000,1.14345,1.14342,900000,980000
2022-02-09 10:40:12.246000,1.14346,1.14343,1800000,440000
2022-02-09 10:40:13.318000,1.14346,1.14344,900000,120000
2022-02-09 10:40:18.131000,1.14345,1.14343,900000,440000
2022-02-09 10:40:18.233000,1.14344,1.14341,900000,1440000
2022-02-09 10:40:18.336000,1.14343,1.14341,900000,1340000
2022-02-09 10:40:18.540000,1.14342,1.1434,900000,1800000
2022-02-09 10:40:23.803000,1.1434,1.14338,900000,1850000
2022-02-09 10:40:23.906000,1.14341,1.14339,900000,440000
2022-02-09 10:40:24.008000,1.14341,1.14338,900000,120000
2022-02-09 10:40:25.801000,1.1434,1.14338,900000,440000
2022-02-09 10:40:32.834000,1.14343,1.14339,900000,540000
2022-02-09 10:40:35.012000,1.14341,1.14339,900000,540000
2022-02-09 10:40:35.510000,1.14345,1.14342,900000,440000
2022-02-09 10:40:35.664000,1.14345,1.14343,900000,440000
2022-02-09 10:40:37.087000,1.14345,1.14342,900000,1880000
2022-02-09 10:40:37.524000,1.14342,1.14339,900000,4550000
2022-02-09 10:40:37.627000,1.14338,1.14336,900000,2700000
2022-02-09 10:40:37.730000,1.14336,1.14334,2030000,900000
2022-02-09 10:40:37.782000,1.14335,1.14332,540000,900000
2022-02-09 10:40:37.884000,1.14334,1.14332,1440000,900000
2022-02-09 10:40:38.038000,1.14332,1.14329,900000,540000
2022-02-09 10:40:40.032000,1.14334,1.14333,900000,900000
2022-02-09 10:40:40.135000,1.14335,1.14333,900000,440000
2022-02-09 10:40:44.497000,1.14335,1.14332,900000,540000
2022-02-09 10:40:44.549000,1.14332,1.1433,900000,2390000
2022-02-09 10:40:44.652000,1.14333,1.1433,900000,2780000
2022-02-09 10:40:44.755000,1.14333,1.14331,900000,540000
2022-02-09 10:40:50.125000,1.14335,1.14331,2240000,2780000
2022-02-09 10:40:51.003000,1.14336,1.14333,900000,1440000
2022-02-09 10:40:51.105000,1.14337,1.14334,3280000,980000
2022-02-09 10:40:54.970000,1.14336,1.14333,900000,1440000
2022-02-09 10:40:59.482000,1.14335,1.14332,900000,440000
2022-02-09 10:40:59.584000,1.14334,1.1433,900000,5040000
2022-02-09 10:40:59.737000,1.14334,1.14331,900000,1340000
2022-02-09 10:40:59.840000,1.14336,1.14332,1440000,1440000
2022-02-09 10:41:02.469000,1.14336,1.14333,900000,900000
2022-02-09 10:41:03.654000,1.14336,1.14334,900000,440000
2022-02-09 10:41:04.184000,1.14336,1.14333,900000,980000
2022-02-09 10:41:05.940000,1.14337,1.14334,900000,440000
2022-02-09 10:41:06.043000,1.14336,1.14332,1340000,3240000
2022-02-09 10:41:06.094000,1.14334,1.14331,900000,5540000
2022-02-09 10:41:06.304000,1.14334,1.1433,2470000,2340000
2022-02-09 10:41:06.407000,1.14333,1.1433,2470000,900000
2022-02-09 10:41:06.509000,1.14333,1.14329,2470000,1880000
2022-02-09 10:41:06.612000,1.14332,1.14328,2030000,1440000
2022-02-09 10:41:06.715000,1.14331,1.14327,900000,2340000
2022-02-09 10:41:08.663000,1.14331,1.14328,900000,440000
2022-02-09 10:41:09.665000,1.14331,1.14327,1340000,2340000
2022-02-09 10:41:11.770000,1.14332,1.1433,540000,900000
2022-02-09 10:41:14.614000,1.14334,1.14332,5080000,900000
2022-02-09 10:41:14.717000,1.14335,1.14333,540000,1340000
2022-02-09 10:41:14.769000,1.14338,1.14335,8460000,900000
2022-02-09 10:41:16.099000,1.1434,1.14337,4720000,900000
2022-02-09 10:41:16.202000,1.14341,1.14339,540000,900000
2022-02-09 10:41:16.304000,1.14342,1.14339,1670000,900000
2022-02-09 10:41:20.374000,1.14343,1.14339,3010000,900000
2022-02-09 10:41:20.947000,1.14341,1.14339,900000,900000
2022-02-09 10:41:21.712000,1.14341,1.14338,440000,900000
2022-02-09 10:41:21.865000,1.14342,1.14338,3470000,900000
2022-02-09 10:41:25.235000,1.14343,1.14341,1130000,1340000
2022-02-09 10:41:25.286000,1.14345,1.14343,980000,1440000
2022-02-09 10:41:25.338000,1.14347,1.14345,4500000,3240000
2022-02-09 10:41:25.441000,1.14351,1.14349,230000,980000
2022-02-09 10:41:25.543000,1.14352,1.14349,2830000,980000
2022-02-09 10:41:25.646000,1.14353,1.14349,1340000,1440000
2022-02-09 10:41:31.868000,1.14353,1.1435,900000,440000
2022-02-09 10:41:31.920000,1.14355,1.14353,900000,900000
2022-02-09 10:41:32.074000,1.14356,1.14353,900000,1440000
2022-02-09 10:41:32.176000,1.14357,1.14353,1340000,1440000
2022-02-09 10:41:32.897000,1.14357,1.14354,900000,440000
2022-02-09 10:41:32.999000,1.14357,1.14353,900000,2570000
2022-02-09 10:41:34.176000,1.14357,1.14354,900000,120000
2022-02-09 10:41:42.510000,1.14357,1.14353,900000,1440000
2022-02-09 10:41:43.683000,1.14353,1.14352,900000,900000
2022-02-09 10:41:43.785000,1.14352,1.14348,900000,5500000
2022-02-09 10:41:47.682000,1.14352,1.14349,900000,440000
2022-02-09 10:41:51.883000,1.14352,1.14348,4370000,900000
2022-02-09 10:41:51.935000,1.14348,1.14345,900000,2340000
2022-02-09 10:41:52.139000,1.14351,1.14347,2920000,1340000
2022-02-09 10:41:52.242000,1.14349,1.14345,900000,2340000
2022-02-09 10:41:52.344000,1.14349,1.14346,900000,1340000
2022-02-09 10:41:52.447000,1.1435,1.14347,900000,1800000
2022-02-09 10:41:52.498000,1.14352,1.14348,3370000,3140000
2022-02-09 10:41:53.249000,1.14351,1.14348,1340000,900000
2022-02-09 10:41:53.352000,1.1435,1.14347,900000,1800000
2022-02-09 10:42:05.920000,1.14348,1.14345,900000,1340000
2022-02-09 10:42:08.293000,1.14347,1.14344,900000,900000
2022-02-09 10:42:08.345000,1.14346,1.14342,2340000,900000
2022-02-09 10:42:08.448000,1.14347,1.14343,3370000,900000
2022-02-09 10:42:09.791000,1.14348,1.14344,1340000,1440000
2022-02-09 10:42:09.995000,1.14347,1.14344,900000,900000
2022-02-09 10:42:10.098000,1.14346,1.14344,1440000,900000
2022-02-09 10:42:10.200000,1.14346,1.14342,900000,1880000
2022-02-09 10:42:10.405000,1.14346,1.14343,900000,440000
2022-02-09 10:42:10.507000,1.14347,1.14344,1340000,900000
2022-02-09 10:42:12.200000,1.14347,1.14343,1440000,1340000
2022-02-09 10:42:12.893000,1.14347,1.14344,900000,900000
2022-02-09 10:42:12.996000,1.14348,1.14345,900000,440000
2022-02-09 10:42:14.479000,1.14349,1.14345,1440000,1800000
2022-02-09 10:42:15.961000,1.14351,1.14347,1800000,1880000
2022-02-09 10:42:16.064000,1.14352,1.14348,2880000,900000
2022-02-09 10:42:18.339000,1.14351,1.14348,440000,900000
2022-02-09 10:42:22.647000,1.14351,1.14347,1440000,1340000
2022-02-09 10:42:24.906000,1.14352,1.14349,900000,1340000
2022-02-09 10:42:25.009000,1.14353,1.14349,900000,1440000
2022-02-09 10:42:25.112000,1.14353,1.1435,440000,900000
2022-02-09 10:42:28.946000,1.14351,1.14348,440000,1130000
2022-02-09 10:42:29.049000,1.14351,1.14349,1440000,900000
2022-02-09 10:42:29.457000,1.14351,1.14348,540000,900000
2022-02-09 10:42:29.712000,1.1435,1.14348,440000,900000
2022-02-09 10:42:30.358000,1.14352,1.14349,1340000,900000
2022-02-09 10:42:30.461000,1.14353,1.1435,1520000,900000
2022-02-09 10:42:31.165000,1.14352,1.1435,440000,900000
2022-02-09 10:42:31.271000,1.14352,1.14349,440000,900000
2022-02-09 10:42:31.681000,1.14352,1.14348,1340000,1210000
2022-02-09 10:42:33.780000,1.14353,1.14349,1880000,1570000
2022-02-09 10:42:38.476000,1.14352,1.14348,1340000,2340000
2022-02-09 10:42:40.117000,1.14353,1.14349,2340000,900000
2022-02-09 10:42:41.323000,1.14354,1.14351,540000,900000
2022-02-09 10:42:42.975000,1.14353,1.14351,440000,900000
2022-02-09 10:42:44.684000,1.14353,1.14349,1880000,900000
2022-02-09 10:42:44.939000,1.14354,1.1435,2340000,900000
2022-02-09 10:42:54.095000,1.14354,1.14352,900000,770000
2022-02-09 10:42:54.146000,1.14356,1.14353,900000,1670000
2022-02-09 10:42:54.249000,1.14357,1.14354,120000,900000
2022-02-09 10:42:56.647000,1.14358,1.14354,900000,1570000
2022-02-09 10:42:59.690000,1.14359,1.14355,1340000,900000
2022-02-09 10:43:00.069000,1.14359,1.14356,900000,440000
2022-02-09 10:43:00.171000,1.14358,1.14354,900000,2470000
2022-02-09 10:43:00.274000,1.14358,1.14355,900000,440000
2022-02-09 10:43:00.915000,1.14358,1.14356,900000,440000
2022-02-09 10:43:01.925000,1.14358,1.14354,900000,1340000
2022-02-09 10:43:05.959000,1.14355,1.14353,900000,440000
2022-02-09 10:43:06.121000,1.14356,1.14353,980000,440000
2022-02-09 10:43:06.239000,1.14357,1.14355,900000,440000
2022-02-09 10:43:06.495000,1.14358,1.14356,900000,440000
2022-02-09 10:43:06.597000,1.14359,1.14356,900000,440000
2022-02-09 10:43:11.809000,1.14358,1.14356,900000,900000
2022-02-09 10:43:12.763000,1.14359,1.14357,900000,440000
2022-02-09 10:43:12.815000,1.14362,1.1436,2420000,440000
2022-02-09 10:43:14.231000,1.1436,1.14357,980000,440000
2022-02-09 10:43:14.486000,1.14361,1.14359,980000,440000
2022-02-09 10:43:19.777000,1.14362,1.14359,900000,440000
2022-02-09 10:43:23.768000,1.14361,1.14359,900000,900000
2022-02-09 10:43:25.047000,1.14363,1.14359,2570000,900000
2022-02-09 10:43:25.665000,1.14363,1.1436,900000,900000
2022-02-09 10:43:26.256000,1.14361,1.14359,230000,900000
2022-02-09 10:43:26.308000,1.14359,1.14356,900000,2780000
2022-02-09 10:43:31.647000,1.14359,1.14355,1440000,980000
2022-02-09 10:43:43.947000,1.14355,1.14353,120000,1850000
2022-02-09 10:43:44.049000,1.14356,1.14353,1440000,1340000
2022-02-09 10:43:44.152000,1.14357,1.14355,1440000,980000
2022-02-09 10:43:44.254000,1.14358,1.14355,120000,900000
2022-02-09 10:43:44.933000,1.14359,1.14355,1340000,900000
2022-02-09 10:43:45.036000,1.14359,1.14356,1340000,900000
2022-02-09 10:43:56.012000,1.14358,1.14356,1800000,900000
2022-02-09 10:43:57.439000,1.14359,1.14356,900000,2030000
2022-02-09 10:43:57.491000,1.1436,1.14358,900000,900000
2022-02-09 10:43:57.594000,1.14362,1.14358,2340000,2470000
2022-02-09 10:43:57.951000,1.14361,1.14358,900000,1800000
2022-02-09 10:43:58.054000,1.1436,1.14356,1440000,5090000
2022-02-09 10:43:58.895000,1.14359,1.14356,120000,1800000
2022-02-09 10:43:59.451000,1.14361,1.14357,1440000,980000
2022-02-09 10:43:59.706000,1.14359,1.14356,900000,3320000
2022-02-09 10:44:03.276000,1.14357,1.14355,900000,1880000
2022-02-09 10:44:07.963000,1.1436,1.14356,1880000,540000
2022-02-09 10:44:08.415000,1.14358,1.14356,900000,540000
2022-02-09 10:44:09.939000,1.14362,1.14358,2340000,1670000
2022-02-09 10:44:10.042000,1.14361,1.14358,900000,1670000
2022-02-09 10:44:13.037000,1.14362,1.14358,980000,2110000
2022-02-09 10:44:17.091000,1.14361,1.1436,980000,900000
2022-02-09 10:44:22.638000,1.14363,1.14361,440000,900000
2022-02-09 10:44:25.253000,1.14363,1.1436,440000,900000
2022-02-09 10:44:25.914000,1.14362,1.1436,440000,900000
2022-02-09 10:44:26.067000,1.14362,1.14358,540000,2570000
2022-02-09 10:44:26.119000,1.14364,1.14361,1980000,900000
2022-02-09 10:44:26.221000,1.14364,1.14362,120000,900000
2022-02-09 10:44:26.324000,1.14367,1.14365,2920000,900000
2022-02-09 10:44:27.317000,1.14369,1.14366,5040000,900000
2022-02-09 10:44:35.477000,1.14367,1.14365,540000,900000
2022-02-09 10:44:35.580000,1.14366,1.14364,440000,900000
2022-02-09 10:44:35.835000,1.14366,1.14363,440000,980000
2022-02-09 10:44:35.937000,1.14364,1.14362,440000,900000
2022-02-09 10:44:39.120000,1.14365,1.14364,120000,2700000
2022-02-09 10:44:39.172000,1.14366,1.14365,2830000,1440000
2022-02-09 10:44:39.224000,1.1437,1.14368,3600000,900000
2022-02-09 10:44:39.327000,1.14369,1.14366,1340000,900000
2022-02-09 10:44:40.627000,1.14368,1.14365,900000,900000
2022-02-09 10:44:47.627000,1.14369,1.14367,2700000,440000
2022-02-09 10:44:47.781000,1.1437,1.14368,900000,440000
2022-02-09 10:44:47.883000,1.14371,1.14368,1930000,440000
2022-02-09 10:44:55.327000,1.1437,1.14368,900000,440000
2022-02-09 10:44:55.531000,1.14371,1.14368,900000,2340000
2022-02-09 10:44:55.634000,1.1437,1.14368,900000,440000
2022-02-09 10:44:56.283000,1.14372,1.14368,2570000,1340000
2022-02-09 10:44:56.386000,1.14371,1.14368,1440000,1340000
2022-02-09 10:44:59.118000,1.14372,1.14368,3470000,1340000
