time,ask,bid,ask_volume,bid_volume
2020-09-24 12:25:00.098000,1.16445,1.16443,5110000,15890000
2020-09-24 12:25:00.300000,1.16446,1.16443,5110000,9890000
2020-09-24 12:25:02.741000,1.16447,1.16443,6610000,12890000
2020-09-24 12:25:02.843000,1.16446,1.16443,750000,9890000
2020-09-24 12:25:02.949000,1.16447,1.16443,7060000,9890000
2020-09-24 12:25:03.400000,1.16447,1.16442,7060000,16450001
2020-09-24 12:25:05.758000,1.16445,1.16443,5110000,13080000
2020-09-24 12:25:06.042000,1.16447,1.16442,6610000,16900000
2020-09-24 12:25:06.144000,1.16447,1.16443,750000,19150000
2020-09-24 12:25:06.245000,1.16447,1.16444,750000,19230000
2020-09-24 12:25:06.421000,1.16447,1.16443,1500000,13640000
2020-09-24 12:25:06.573000,1.16445,1.16444,5110000,750000
2020-09-24 12:25:06.675000,1.16447,1.16443,7360000,750000
2020-09-24 12:25:06.878000,1.16446,1.16443,7430000,16450001
2020-09-24 12:25:10.467000,1.16446,1.16444,1200000,9890000
2020-09-24 12:25:10.785000,1.16447,1.16442,1200000,16080000
2020-09-24 12:25:11.178000,1.16447,1.16443,1200000,9890000
2020-09-24 12:25:11.869000,1.16447,1.16442,6310000,16080000
2020-09-24 12:25:12.619000,1.16446,1.16442,750000,16080000
2020-09-24 12:25:12.722000,1.16445,1.16442,5110000,750000
2020-09-24 12:25:13.333000,1.16445,1.16443,7730000,10640000
2020-09-24 12:25:13.435000,1.16446,1.16445,6230000,940000
2020-09-24 12:25:13.536000,1.16448,1.16447,1870000,9890000
2020-09-24 12:25:13.638000,1.1645,1.16446,190000,15520000
2020-09-24 12:25:13.740000,1.1645,1.16447,940000,9890000
2020-09-24 12:25:14.195000,1.1645,1.16448,190000,9890000
2020-09-24 12:25:14.440000,1.16449,1.16448,190000,10640000
2020-09-24 12:25:14.655000,1.1645,1.16448,2060000,10640000
2020-09-24 12:25:14.855000,1.1645,1.16447,190000,10640000
2020-09-24 12:25:14.957000,1.1645,1.16448,100000,370000
2020-09-24 12:25:15.058000,1.16449,1.16448,2810000,9890000
2020-09-24 12:25:15.211000,1.16451,1.16448,5860000,13150000
2020-09-24 12:25:15.312000,1.16452,1.16449,750000,9890000
2020-09-24 12:25:15.616000,1.16453,1.16449,6120000,9890000
2020-09-24 12:25:15.768000,1.16453,1.1645,8000000,12890000
2020-09-24 12:25:16.967000,1.16451,1.1645,1500000,9890000
2020-09-24 12:25:17.068000,1.16451,1.16449,1500000,10640000
2020-09-24 12:25:18.637000,1.16451,1.16448,750000,10640000
2020-09-24 12:25:19.070000,1.16449,1.16446,940000,450000
2020-09-24 12:25:19.223000,1.1645,1.16446,6800000,12890000
2020-09-24 12:25:19.324000,1.16448,1.16447,6980000,9890000
2020-09-24 12:25:19.426000,1.16448,1.16445,2060000,9890000
2020-09-24 12:25:19.527000,1.16447,1.16445,10170000,11580000
2020-09-24 12:25:19.629000,1.16449,1.16445,5860000,10080000
2020-09-24 12:25:20.679000,1.16449,1.16446,5930000,9890000
2020-09-24 12:25:21.010000,1.16449,1.16445,6680000,10080000
2020-09-24 12:25:21.141000,1.16448,1.16445,4120000,9890000
2020-09-24 12:25:22.580000,1.16449,1.16446,5110000,12890000
2020-09-24 12:25:23.255000,1.16449,1.16447,6800000,12890000
2020-09-24 12:25:23.527000,1.16449,1.16448,5110000,100000
2020-09-24 12:25:23.628000,1.16451,1.16447,7170000,9970000
2020-09-24 12:25:25.167000,1.1645,1.16447,750000,9890000
2020-09-24 12:25:25.269000,1.1645,1.16448,7170000,9890000
2020-09-24 12:25:27.104000,1.1645,1.16447,750000,9890000
2020-09-24 12:25:27.645000,1.1645,1.16446,5860000,10080000
2020-09-24 12:25:29.732000,1.1645,1.16447,5860000,3000000
2020-09-24 12:25:32.783000,1.1645,1.16446,5110000,10080000
2020-09-24 12:25:33.349000,1.1645,1.16447,11670000,10080000
2020-09-24 12:25:33.491000,1.16449,1.16447,5110000,10080000
2020-09-24 12:25:33.784000,1.16451,1.16446,11670000,10080000
2020-09-24 12:25:34.011000,1.1645,1.16446,5110000,10080000
2020-09-24 12:25:34.691000,1.16451,1.16446,7920000,10150000
2020-09-24 12:25:34.793000,1.1645,1.16448,7920000,12890000
2020-09-24 12:25:34.911000,1.1645,1.16447,750000,3000000
2020-09-24 12:25:35.116000,1.1645,1.16446,750000,10080000
2020-09-24 12:25:36.994000,1.16449,1.16448,750000,9890000
2020-09-24 12:25:37.500000,1.16449,1.16447,5860000,10150000
2020-09-24 12:25:39.175000,1.1645,1.16447,750000,3000000
2020-09-24 12:25:40.756000,1.16451,1.16449,5110000,1950000
2020-09-24 12:25:40.858000,1.16453,1.16451,750000,15890000
2020-09-24 12:25:40.944000,1.16455,1.16452,8930000,2250000
2020-09-24 12:25:40.996000,1.16457,1.16456,5750000,370000
2020-09-24 12:25:41.099000,1.16458,1.16456,940000,14840000
2020-09-24 12:25:41.352000,1.1646,1.16457,190000,820000
2020-09-24 12:25:41.555000,1.1646,1.16458,190000,9890000
2020-09-24 12:25:41.764000,1.1646,1.16457,190000,10640000
2020-09-24 12:25:44.821000,1.16459,1.16457,2250000,9890000
2020-09-24 12:25:44.922000,1.16456,1.16455,5110000,11650000
2020-09-24 12:25:45.023000,1.16458,1.16454,5860000,14650000
2020-09-24 12:25:47.359000,1.16458,1.16456,7920000,100000
2020-09-24 12:25:47.461000,1.1646,1.16456,940000,13340000
2020-09-24 12:25:47.564000,1.1646,1.16457,6980000,9970000
2020-09-24 12:25:47.768000,1.1646,1.16458,1500000,9890000
2020-09-24 12:25:48.021000,1.16461,1.16456,1500000,9970000
2020-09-24 12:25:48.251000,1.1646,1.16458,6610000,100000
2020-09-24 12:25:49.240000,1.16462,1.16458,9610000,9890000
2020-09-24 12:25:50.262000,1.16462,1.16457,750000,10720000
2020-09-24 12:25:51.361000,1.16462,1.16458,6610000,9890000
2020-09-24 12:25:51.487000,1.16459,1.16456,3190000,1200000
2020-09-24 12:25:51.589000,1.16457,1.16456,1120000,9890000
2020-09-24 12:25:51.690000,1.16458,1.16454,6230000,13830000
2020-09-24 12:25:54.198000,1.16458,1.16455,1120000,9890000
2020-09-24 12:25:54.401000,1.16456,1.16454,750000,9890000
2020-09-24 12:25:54.452000,1.16455,1.16451,3370000,3070000
2020-09-24 12:25:54.503000,1.16453,1.16452,6980000,370000
2020-09-24 12:25:54.604000,1.16455,1.16451,11300000,9890000
2020-09-24 12:25:54.756000,1.16454,1.16451,11300000,10900000
2020-09-24 12:25:54.857000,1.16453,1.16451,5110000,10900000
2020-09-24 12:25:55.196000,1.16453,1.1645,5860000,10080000
2020-09-24 12:25:55.600000,1.16453,1.16449,5860000,13150000
2020-09-24 12:25:55.702000,1.16453,1.1645,5860000,9890000
2020-09-24 12:25:56.219000,1.16454,1.16451,6980000,100000
2020-09-24 12:25:56.321000,1.16455,1.16451,5860000,17280001
2020-09-24 12:25:56.372000,1.16456,1.16453,750000,3000000
2020-09-24 12:25:56.523000,1.16456,1.16452,9610000,9890000
2020-09-24 12:25:56.625000,1.16455,1.16454,6610000,3000000
2020-09-24 12:25:57.375000,1.16456,1.16452,9610000,9890000
2020-09-24 12:26:01.612000,1.16455,1.16454,5860000,3000000
2020-09-24 12:26:01.764000,1.16456,1.16452,750000,15970000
2020-09-24 12:26:02.031000,1.16456,1.16453,750000,3000000
2020-09-24 12:26:03.537000,1.16456,1.16452,1500000,10340000
2020-09-24 12:26:03.990000,1.16456,1.16453,750000,9890000
2020-09-24 12:26:04.291000,1.16456,1.16452,750000,10720000
2020-09-24 12:26:04.611000,1.16456,1.16453,750000,9890000
2020-09-24 12:26:05.239000,1.16456,1.16452,5860000,9890000
2020-09-24 12:26:05.341000,1.16451,1.1645,750000,12400000
2020-09-24 12:26:05.443000,1.16448,1.16446,750000,9260000
2020-09-24 12:26:05.544000,1.16446,1.16444,5860000,15220000
2020-09-24 12:26:07.700000,1.16445,1.16444,5110000,1500000
2020-09-24 12:26:07.802000,1.16446,1.16444,5860000,11390000
2020-09-24 12:26:08.603000,1.16447,1.16444,9980000,12970000
2020-09-24 12:26:08.654000,1.16448,1.16445,370000,10640000
2020-09-24 12:26:08.755000,1.16448,1.16446,5860000,10720000
2020-09-24 12:26:09.110000,1.16449,1.16447,1690000,9890000
2020-09-24 12:26:09.671000,1.16449,1.16446,750000,13640000
2020-09-24 12:26:09.823000,1.16449,1.16447,750000,750000
2020-09-24 12:26:09.975000,1.16448,1.16447,750000,10640000
2020-09-24 12:26:10.126000,1.16449,1.16448,1690000,9890000
2020-09-24 12:26:13.833000,1.16451,1.16448,5860000,750000
2020-09-24 12:26:14.323000,1.1645,1.16448,750000,750000
2020-09-24 12:26:14.634000,1.16451,1.16448,750000,750000
2020-09-24 12:26:14.735000,1.1645,1.16448,750000,11580000
2020-09-24 12:26:15.402000,1.16451,1.16448,5110000,750000
2020-09-24 12:26:15.503000,1.16452,1.16448,7550000,750000
2020-09-24 12:26:16.301000,1.1645,1.16449,750000,750000
2020-09-24 12:26:22.403000,1.1645,1.16448,750000,14280000
2020-09-24 12:26:23.363000,1.16452,1.16447,7920000,15030000
2020-09-24 12:26:23.464000,1.16452,1.16448,7920000,10270000
2020-09-24 12:26:25.813000,1.16451,1.16448,7620000,15030000
2020-09-24 12:26:26.428000,1.1645,1.16448,750000,14280000
2020-09-24 12:26:26.979000,1.16451,1.16448,750000,750000
2020-09-24 12:26:32.173000,1.16451,1.16447,750000,13150000
2020-09-24 12:26:32.275000,1.16451,1.16448,750000,9890000
2020-09-24 12:26:34.483000,1.16453,1.16449,5480000,16639999
2020-09-24 12:26:34.585000,1.16453,1.1645,5480000,9890000
2020-09-24 12:26:35.314000,1.16452,1.1645,1120000,9890000
2020-09-24 12:26:35.416000,1.16452,1.16449,1120000,9890000
2020-09-24 12:26:37.904000,1.16452,1.16451,7730000,9890000
2020-09-24 12:26:38.107000,1.16452,1.16449,6230000,9890000
2020-09-24 12:26:38.575000,1.16452,1.16451,7730000,9890000
2020-09-24 12:26:39.132000,1.16451,1.1645,750000,12890000
2020-09-24 12:26:39.322000,1.16452,1.1645,750000,9890000
2020-09-24 12:26:39.608000,1.16453,1.16451,5110000,100000
2020-09-24 12:26:39.710000,1.16454,1.16452,9980000,9990000
2020-09-24 12:26:39.811000,1.16455,1.16452,9980000,100000
2020-09-24 12:26:40.203000,1.16455,1.16453,6610000,11090000
2020-09-24 12:26:44.136000,1.16456,1.16453,750000,9890000
2020-09-24 12:26:44.342000,1.16456,1.16452,750000,9890000
2020-09-24 12:26:45.549000,1.16455,1.16454,750000,9890000
2020-09-24 12:26:45.680000,1.16455,1.16453,750000,12890000
2020-09-24 12:26:46.201000,1.16457,1.16454,7360000,3820000
2020-09-24 12:26:46.304000,1.16457,1.16455,6050000,1760000
2020-09-24 12:26:46.406000,1.16459,1.16456,190000,3000000
2020-09-24 12:26:47.051000,1.16459,1.16457,190000,9890000
2020-09-24 12:26:47.258000,1.16459,1.16456,190000,12890000
2020-09-24 12:26:47.361000,1.16459,1.16457,190000,9890000
2020-09-24 12:26:47.622000,1.16458,1.16454,4870000,1760000
2020-09-24 12:26:47.724000,1.16458,1.16455,6980000,9890000
2020-09-24 12:26:47.826000,1.16458,1.16454,6980000,13080000
2020-09-24 12:26:48.060000,1.16458,1.16455,6980000,9890000
2020-09-24 12:26:48.742000,1.16456,1.16455,1950000,12890000
2020-09-24 12:26:48.793000,1.16455,1.16452,750000,10340000
2020-09-24 12:26:48.896000,1.16454,1.16451,5860000,190000
2020-09-24 12:26:48.999000,1.16451,1.1645,750000,10830000
2020-09-24 12:26:50.237000,1.16454,1.16451,1570000,260000
2020-09-24 12:26:50.344000,1.16455,1.16451,750000,10150000
2020-09-24 12:26:51.221000,1.16455,1.16452,750000,9890000
2020-09-24 12:26:51.323000,1.16455,1.16453,940000,9890000
2020-09-24 12:26:51.447000,1.16455,1.16452,100000,9890000
2020-09-24 12:26:51.829000,1.16456,1.16452,1200000,9890000
2020-09-24 12:26:51.932000,1.16455,1.16452,820000,9890000
2020-09-24 12:26:52.441000,1.16455,1.16451,750000,16530001
2020-09-24 12:26:52.711000,1.16454,1.16453,750000,9890000
2020-09-24 12:26:52.828000,1.16455,1.16451,750000,16530001
2020-09-24 12:26:53.230000,1.16454,1.16453,750000,9890000
2020-09-24 12:26:53.788000,1.16454,1.16452,750000,13150000
2020-09-24 12:26:56.157000,1.16456,1.16451,2320000,11650000
2020-09-24 12:26:58.010000,1.16456,1.16452,2320000,9890000
2020-09-24 12:26:58.217000,1.16454,1.16452,370000,11390000
2020-09-24 12:26:58.319000,1.16454,1.16451,1570000,750000
2020-09-24 12:26:58.420000,1.16452,1.16451,450000,1500000
2020-09-24 12:26:58.522000,1.16452,1.16451,450000,1500000
2020-09-24 12:26:58.878000,1.16453,1.16451,6680000,1500000
2020-09-24 12:26:59.252000,1.16452,1.16451,6070000,750000
2020-09-24 12:26:59.354000,1.16451,1.1645,1840000,750000
2020-09-24 12:27:00.039000,1.16451,1.1645,1120000,9970000
2020-09-24 12:27:01.456000,1.16452,1.16448,6230000,11020000
2020-09-24 12:27:01.867000,1.16451,1.16448,5480000,9890000
2020-09-24 12:27:02.544000,1.16451,1.16447,370000,11650000
2020-09-24 12:27:02.645000,1.1645,1.16449,820000,9890000
2020-09-24 12:27:03.784000,1.16451,1.16449,820000,10640000
2020-09-24 12:27:03.933000,1.16452,1.16449,820000,10640000
2020-09-24 12:27:17.729000,1.16453,1.16449,11260000,750000
2020-09-24 12:27:17.831000,1.16452,1.16449,750000,750000
2020-09-24 12:27:22.353000,1.16451,1.16449,1760000,750000
2020-09-24 12:27:22.456000,1.16451,1.16448,1840000,750000
2020-09-24 12:27:25.619000,1.16451,1.16447,1840000,12520000
2020-09-24 12:27:25.720000,1.16451,1.16448,1840000,9890000
2020-09-24 12:27:25.873000,1.16451,1.16447,1840000,12520000
2020-09-24 12:27:26.479000,1.1645,1.16447,750000,15520000
2020-09-24 12:27:26.660000,1.1645,1.16448,1840000,15520000
2020-09-24 12:27:33.812000,1.1645,1.16447,750000,15700000
2020-09-24 12:27:33.915000,1.16449,1.16447,1690000,9890000
2020-09-24 12:27:34.017000,1.16449,1.16446,2960000,9890000
2020-09-24 12:27:34.118000,1.16449,1.16445,9570000,11390000
2020-09-24 12:27:34.439000,1.16448,1.16445,940000,1500000
2020-09-24 12:27:40.591000,1.16448,1.16447,6800000,750000
2020-09-24 12:27:40.845000,1.16449,1.16447,190000,9890000
2020-09-24 12:27:41.641000,1.16448,1.16445,7570000,11770000
2020-09-24 12:27:41.995000,1.16449,1.16445,8000000,11770000
2020-09-24 12:27:42.097000,1.16449,1.16446,260000,11390000
2020-09-24 12:27:42.501000,1.16449,1.16447,190000,9890000
2020-09-24 12:27:42.552000,1.16451,1.16447,1390000,10640000
2020-09-24 12:27:42.654000,1.1645,1.16449,190000,1500000
2020-09-24 12:27:42.755000,1.16451,1.16449,190000,370000
2020-09-24 12:27:45.816000,1.16453,1.16449,8180000,13270000
2020-09-24 12:27:46.160000,1.16451,1.1645,5110000,13270000
2020-09-24 12:27:46.573000,1.16453,1.16449,6070000,3370000
2020-09-24 12:27:46.667000,1.16451,1.16449,190000,370000
2020-09-24 12:27:50.970000,1.16451,1.16448,190000,11770000
2020-09-24 12:27:55.441000,1.16451,1.16449,1010000,10270000
2020-09-24 12:27:56.103000,1.16451,1.16448,190000,10270000
2020-09-24 12:27:58.446000,1.16451,1.16447,190000,14020000
2020-09-24 12:27:59.285000,1.1645,1.16447,190000,14020000
2020-09-24 12:27:59.437000,1.1645,1.16446,190000,11770000
2020-09-24 12:27:59.822000,1.1645,1.16447,190000,3000000
2020-09-24 12:28:01.105000,1.16451,1.16447,6120000,12890000
2020-09-24 12:28:04.350000,1.16451,1.16446,1090000,15520000
2020-09-24 12:28:05.736000,1.16451,1.16447,1090000,9890000
2020-09-24 12:28:05.867000,1.1645,1.16447,1090000,15520000
2020-09-24 12:28:05.969000,1.1645,1.16448,1090000,9890000
2020-09-24 12:28:06.070000,1.16451,1.16446,1090000,15520000
2020-09-24 12:28:07.046000,1.16451,1.16447,1090000,3000000
2020-09-24 12:28:16.080000,1.1645,1.16449,750000,750000
2020-09-24 12:28:16.182000,1.16452,1.16448,2960000,10640000
2020-09-24 12:28:17.747000,1.16452,1.16449,7360000,750000
2020-09-24 12:28:21.694000,1.16451,1.16449,2250000,11020000
2020-09-24 12:28:25.342000,1.16452,1.16449,1500000,750000
2020-09-24 12:28:26.190000,1.16451,1.16449,750000,1500000
2020-09-24 12:28:26.292000,1.16452,1.16449,750000,750000
2020-09-24 12:28:26.850000,1.16452,1.1645,12950000,750000
2020-09-24 12:28:27.612000,1.16451,1.1645,5110000,750000
2020-09-24 12:28:28.597000,1.16451,1.16448,640000,750000
2020-09-24 12:28:30.491000,1.1645,1.16448,5630000,5620000
2020-09-24 12:28:31.473000,1.16452,1.16447,8070000,15520000
2020-09-24 12:28:31.812000,1.16449,1.16447,1500000,10640000
2020-09-24 12:28:31.915000,1.1645,1.16446,11180000,1500000
2020-09-24 12:28:32.373000,1.1645,1.16447,1570000,9890000
2020-09-24 12:28:32.597000,1.1645,1.16446,1570000,10640000
2020-09-24 12:28:32.784000,1.1645,1.16447,1570000,9890000
2020-09-24 12:28:33.403000,1.16448,1.16447,5110000,750000
2020-09-24 12:28:33.590000,1.1645,1.16446,6680000,10640000
2020-09-24 12:28:34.814000,1.16449,1.16446,5110000,9890000
2020-09-24 12:28:35.131000,1.16449,1.16447,7060000,9890000
2020-09-24 12:28:35.364000,1.16449,1.16446,5110000,9890000
2020-09-24 12:28:35.660000,1.16448,1.16446,5110000,16450001
2020-09-24 12:28:38.641000,1.16448,1.16447,370000,750000
2020-09-24 12:28:38.742000,1.16449,1.16445,370000,14950000
2020-09-24 12:28:38.844000,1.16447,1.16446,2250000,9890000
2020-09-24 12:28:38.895000,1.16446,1.16444,5960000,11020000
2020-09-24 12:28:38.946000,1.16445,1.16442,820000,1690000
2020-09-24 12:28:39.048000,1.16444,1.16442,1500000,750000
2020-09-24 12:28:39.149000,1.16443,1.16441,1500000,4500000
2020-09-24 12:28:39.251000,1.16442,1.1644,370000,3940000
2020-09-24 12:28:39.352000,1.16442,1.16439,4200000,11650000
2020-09-24 12:28:40.158000,1.16442,1.1644,4200000,9890000
2020-09-24 12:28:40.279000,1.16443,1.16438,4200000,11650000
2020-09-24 12:28:40.553000,1.16442,1.1644,4200000,9890000
2020-09-24 12:28:40.808000,1.16443,1.16438,3820000,12030000
2020-09-24 12:28:43.525000,1.16442,1.16438,370000,750000
2020-09-24 12:28:44.806000,1.16442,1.16439,8210000,750000
2020-09-24 12:28:44.959000,1.16441,1.16439,100000,940000
2020-09-24 12:28:45.060000,1.16443,1.16438,8020000,940000
2020-09-24 12:28:45.537000,1.16442,1.16438,100000,940000
2020-09-24 12:28:45.639000,1.16443,1.16438,8020000,940000
2020-09-24 12:28:47.811000,1.16442,1.16438,1570000,750000
2020-09-24 12:28:48.939000,1.16442,1.16437,6450000,1390000
2020-09-24 12:28:51.168000,1.1644,1.16438,370000,12030000
2020-09-24 12:28:52.444000,1.16442,1.16437,1950000,15030000
2020-09-24 12:28:52.546000,1.16441,1.16439,4870000,9890000
2020-09-24 12:28:56.462000,1.16442,1.16439,1500000,1500000
2020-09-24 12:28:58.813000,1.16442,1.16438,6070000,1500000
2020-09-24 12:29:00.267000,1.1644,1.16439,100000,1500000
2020-09-24 12:29:02.049000,1.1644,1.16438,100000,14950000
2020-09-24 12:29:05.236000,1.16441,1.16438,100000,10270000
2020-09-24 12:29:07.453000,1.16442,1.16438,5930000,1120000
2020-09-24 12:29:12.264000,1.16448,1.16446,9710000,3000000
2020-09-24 12:29:12.467000,1.16451,1.16448,100000,1500000
2020-09-24 12:29:12.569000,1.16452,1.1645,450000,1870000
2020-09-24 12:29:12.672000,1.16453,1.16451,1200000,3560000
2020-09-24 12:29:12.774000,1.16454,1.16451,750000,1120000
2020-09-24 12:29:12.978000,1.16455,1.16451,6380000,1120000
2020-09-24 12:29:13.582000,1.16453,1.16452,750000,1120000
2020-09-24 12:29:14.564000,1.16453,1.16451,100000,370000
2020-09-24 12:29:14.666000,1.16453,1.16449,100000,3370000
2020-09-24 12:29:16.966000,1.16451,1.16449,100000,1120000
2020-09-24 12:29:17.017000,1.16448,1.16446,6980000,15140000
2020-09-24 12:29:17.171000,1.16448,1.16445,5110000,9190000
2020-09-24 12:29:17.274000,1.1645,1.16446,1570000,4690000
2020-09-24 12:29:18.728000,1.1645,1.16447,100000,1120000
2020-09-24 12:29:19.945000,1.16449,1.16447,100000,750000
2020-09-24 12:29:19.997000,1.16449,1.16445,2320000,3370000
2020-09-24 12:29:20.149000,1.16448,1.16445,5020000,1500000
2020-09-24 12:29:21.296000,1.16448,1.16446,4570000,370000
2020-09-24 12:29:25.120000,1.16449,1.16448,100000,3190000
2020-09-24 12:29:25.221000,1.16453,1.16447,1200000,5620000
2020-09-24 12:29:26.155000,1.16451,1.16448,100000,5810000
2020-09-24 12:29:26.307000,1.16453,1.16447,4950000,5810000
2020-09-24 12:29:28.789000,1.16451,1.16447,750000,6190000
2020-09-24 12:29:28.891000,1.16448,1.16446,6610000,450000
2020-09-24 12:29:28.993000,1.16448,1.16444,3000000,1120000
2020-09-24 12:29:30.269000,1.16449,1.16444,4500000,1120000
2020-09-24 12:29:31.333000,1.16448,1.16444,370000,1870000
2020-09-24 12:29:32.982000,1.16449,1.16445,2320000,750000
2020-09-24 12:29:33.085000,1.16449,1.16444,1870000,5250000
2020-09-24 12:29:33.883000,1.16448,1.16446,1500000,750000
2020-09-24 12:29:34.061000,1.16449,1.16446,1500000,750000
2020-09-24 12:29:34.440000,1.16449,1.16445,1500000,750000
2020-09-24 12:29:34.583000,1.16449,1.16446,1500000,750000
2020-09-24 12:29:35.552000,1.16448,1.16444,1690000,12890000
2020-09-24 12:29:35.821000,1.16449,1.16444,5890000,750000
2020-09-24 12:29:37.987000,1.16451,1.16448,450000,750000
2020-09-24 12:29:38.089000,1.16452,1.16448,370000,3000000
2020-09-24 12:29:38.413000,1.16453,1.16449,5560000,3000000
2020-09-24 12:29:38.515000,1.16454,1.1645,750000,190000
2020-09-24 12:29:38.616000,1.16455,1.1645,260000,4690000
2020-09-24 12:29:39.628000,1.16454,1.16452,560000,9890000
2020-09-24 12:29:39.781000,1.16455,1.1645,560000,14580000
2020-09-24 12:29:42.135000,1.16449,1.16446,750000,8250000
2020-09-24 12:29:42.287000,1.16448,1.16443,1690000,3000000
2020-09-24 12:29:42.490000,1.16448,1.16442,2810000,1570000
2020-09-24 12:29:42.773000,1.16448,1.16443,2890000,3000000
2020-09-24 12:29:43.154000,1.16448,1.16442,2890000,3750000
2020-09-24 12:29:43.493000,1.16447,1.16442,3260000,1570000
2020-09-24 12:29:44.163000,1.16447,1.16441,640000,1120000
2020-09-24 12:29:44.314000,1.16447,1.16442,640000,3000000
2020-09-24 12:29:48.038000,1.16448,1.16442,3070000,3000000
2020-09-24 12:29:49.062000,1.16448,1.16441,1870000,750000
2020-09-24 12:29:49.781000,1.16448,1.16442,1870000,750000
2020-09-24 12:29:50.120000,1.16447,1.16442,750000,750000
2020-09-24 12:29:57.192000,1.16448,1.16442,750000,750000
2020-09-24 12:29:57.437000,1.16448,1.16443,2060000,750000
2020-09-24 12:29:57.574000,1.16447,1.16443,750000,750000
2020-09-24 12:29:58.064000,1.16447,1.16442,750000,750000
2020-09-24 12:29:58.217000,1.16446,1.16442,370000,750000
2020-09-24 12:29:58.319000,1.16443,1.1644,750000,370000
2020-09-24 12:29:58.421000,1.16444,1.1644,1500000,370000
2020-09-24 12:29:59.156000,1.1644,1.16437,750000,750000
2020-09-24 12:29:59.208000,1.16439,1.16434,750000,10270000
2020-09-24 12:30:00.220000,1.16441,1.16435,5110000,750000
2020-09-24 12:30:00.321000,1.16443,1.16436,750000,370000
2020-09-24 12:30:00.422000,1.16443,1.16437,750000,750000
2020-09-24 12:30:00.627000,1.1644,1.16438,750000,750000
2020-09-24 12:30:01.094000,1.16439,1.16435,750000,14390000
2020-09-24 12:30:01.246000,1.16441,1.16436,750000,750000
2020-09-24 12:30:02.055000,1.16439,1.16435,750000,370000
2020-09-24 12:30:02.157000,1.16439,1.16436,750000,370000
2020-09-24 12:30:02.360000,1.1644,1.16436,1500000,370000
2020-09-24 12:30:02.757000,1.16442,1.16435,750000,370000
2020-09-24 12:30:03.045000,1.16442,1.16434,1500000,750000
2020-09-24 12:30:03.146000,1.16442,1.16435,1500000,370000
2020-09-24 12:30:03.248000,1.16442,1.16434,1500000,750000
2020-09-24 12:30:03.450000,1.1644,1.16434,750000,750000
2020-09-24 12:30:04.019000,1.16441,1.16435,750000,370000
2020-09-24 12:30:04.221000,1.16441,1.16434,750000,750000
2020-09-24 12:30:05.322000,1.1644,1.16432,750000,5320000
2020-09-24 12:30:06.304000,1.16439,1.16432,100000,1120000
2020-09-24 12:30:06.456000,1.1644,1.16432,1950000,1120000
2020-09-24 12:30:06.558000,1.16439,1.16433,450000,370000
2020-09-24 12:30:06.661000,1.1644,1.16433,1950000,370000
2020-09-24 12:30:07.354000,1.16441,1.16436,1200000,370000
2020-09-24 12:30:07.456000,1.16443,1.16436,5850000,3000000
2020-09-24 12:30:08.324000,1.16441,1.16437,750000,3000000
2020-09-24 12:30:08.425000,1.16442,1.16435,5890000,370000
2020-09-24 12:30:08.757000,1.16442,1.16434,2890000,4120000
2020-09-24 12:30:10.096000,1.16439,1.16434,1310000,3000000
2020-09-24 12:30:10.198000,1.16438,1.16433,2250000,750000
2020-09-24 12:30:11.114000,1.16438,1.16432,450000,750000
2020-09-24 12:30:11.909000,1.16439,1.16432,2700000,1200000
2020-09-24 12:30:12.902000,1.16438,1.16432,100000,1120000
2020-09-24 12:30:14.914000,1.16438,1.16434,450000,750000
2020-09-24 12:30:15.117000,1.16439,1.16435,370000,750000
2020-09-24 12:30:15.219000,1.16439,1.16434,100000,4500000
2020-09-24 12:30:15.321000,1.16439,1.16433,1270000,4500000
2020-09-24 12:30:15.690000,1.16438,1.16433,1200000,1500000
2020-09-24 12:30:16.254000,1.16439,1.16433,3520000,4500000
2020-09-24 12:30:16.796000,1.16439,1.16435,750000,750000
2020-09-24 12:30:16.898000,1.16441,1.16438,1200000,750000
2020-09-24 12:30:16.999000,1.16441,1.16436,450000,13640000
2020-09-24 12:30:17.101000,1.16441,1.16435,940000,11840000
2020-09-24 12:30:18.047000,1.1644,1.16435,450000,2250000
2020-09-24 12:30:18.953000,1.16441,1.16435,2140000,3000000
2020-09-24 12:30:20.891000,1.1644,1.16434,1840000,12140000
2020-09-24 12:30:20.993000,1.1644,1.16435,100000,750000
2020-09-24 12:30:21.502000,1.16439,1.16435,370000,10640000
2020-09-24 12:30:21.756000,1.16439,1.16434,1500000,12890000
2020-09-24 12:30:22.009000,1.16439,1.16433,2210000,16080000
2020-09-24 12:30:22.663000,1.16438,1.16433,1200000,14390000
2020-09-24 12:30:22.994000,1.16437,1.16433,2020000,17200001
2020-09-24 12:30:23.095000,1.16434,1.16433,1570000,10640000
2020-09-24 12:30:23.197000,1.16433,1.1643,5320000,10640000
2020-09-24 12:30:23.299000,1.16431,1.16429,450000,750000
2020-09-24 12:30:23.552000,1.16433,1.16428,2020000,750000
2020-09-24 12:30:23.653000,1.16432,1.16428,1270000,9890000
2020-09-24 12:30:23.755000,1.16431,1.16428,1090000,750000
2020-09-24 12:30:23.806000,1.16429,1.16426,100000,10270000
2020-09-24 12:30:23.857000,1.16428,1.16425,2320000,13830000
2020-09-24 12:30:23.959000,1.16429,1.16423,7880000,6750000
2020-09-24 12:30:24.501000,1.16428,1.16423,750000,15890000
2020-09-24 12:30:24.605000,1.16428,1.16424,5110000,1500000
2020-09-24 12:30:24.707000,1.1643,1.16425,940000,750000
2020-09-24 12:30:24.808000,1.1643,1.16426,940000,750000
2020-09-24 12:30:25.113000,1.1643,1.16425,1200000,12140000
2020-09-24 12:30:25.215000,1.1643,1.16426,750000,750000
2020-09-24 12:30:26.274000,1.16431,1.16428,1460000,1500000
2020-09-24 12:30:27.161000,1.16431,1.16427,100000,6000000
2020-09-24 12:30:28.588000,1.16431,1.16426,820000,14390000
2020-09-24 12:30:29.408000,1.1643,1.16426,100000,14390000
2020-09-24 12:30:30.461000,1.1643,1.16427,100000,750000
2020-09-24 12:30:30.672000,1.1643,1.16427,1200000,11390000
2020-09-24 12:30:30.723000,1.16431,1.1643,5180000,1690000
2020-09-24 12:30:30.774000,1.16434,1.16433,370000,750000
2020-09-24 12:30:30.825000,1.16437,1.16435,7950000,1500000
2020-09-24 12:30:30.876000,1.16439,1.16436,520000,750000
2020-09-24 12:30:30.927000,1.16441,1.16439,370000,750000
2020-09-24 12:30:30.978000,1.16443,1.16439,520000,13270000
2020-09-24 12:30:31.080000,1.16444,1.16442,190000,1500000
2020-09-24 12:30:31.182000,1.16445,1.16442,260000,2620000
2020-09-24 12:30:31.334000,1.16445,1.16444,1010000,9890000
2020-09-24 12:30:31.692000,1.16443,1.16441,100000,450000
2020-09-24 12:30:31.795000,1.16444,1.16439,1270000,4570000
2020-09-24 12:30:32.048000,1.16443,1.16439,100000,14390000
2020-09-24 12:30:33.470000,1.16441,1.1644,100000,3000000
2020-09-24 12:30:33.836000,1.16441,1.16439,2810000,4500000
2020-09-24 12:30:33.887000,1.1644,1.16438,1570000,750000
2020-09-24 12:30:33.937000,1.16437,1.16435,100000,750000
2020-09-24 12:30:34.039000,1.16437,1.16434,100000,3750000
2020-09-24 12:30:34.463000,1.16437,1.16435,100000,9890000
2020-09-24 12:30:34.896000,1.16437,1.16434,100000,3750000
2020-09-24 12:30:35.049000,1.16436,1.16433,100000,3750000
2020-09-24 12:30:35.749000,1.16434,1.16433,1010000,13450000
2020-09-24 12:30:36.041000,1.16432,1.16431,940000,3000000
2020-09-24 12:30:36.143000,1.16431,1.1643,100000,750000
2020-09-24 12:30:39.742000,1.16434,1.16432,6310000,2250000
2020-09-24 12:30:39.844000,1.16436,1.16433,190000,1500000
2020-09-24 12:30:39.946000,1.16435,1.16432,100000,5440000
2020-09-24 12:30:39.997000,1.16437,1.16433,6800000,1870000
2020-09-24 12:30:40.099000,1.16438,1.16434,820000,1120000
2020-09-24 12:30:40.200000,1.16436,1.16435,100000,2060000
2020-09-24 12:30:40.251000,1.16438,1.16436,750000,750000
2020-09-24 12:30:40.302000,1.16439,1.16438,5110000,2250000
2020-09-24 12:30:40.354000,1.16441,1.16439,100000,1500000
2020-09-24 12:30:40.455000,1.16442,1.16441,8890000,1500000
2020-09-24 12:30:40.506000,1.16444,1.16442,190000,2250000
2020-09-24 12:30:40.608000,1.16445,1.16443,190000,2060000
2020-09-24 12:30:40.709000,1.16449,1.16444,5750000,3000000
2020-09-24 12:30:40.760000,1.16449,1.16446,5750000,750000
2020-09-24 12:30:40.862000,1.1645,1.16447,190000,370000
2020-09-24 12:30:40.963000,1.1645,1.16449,190000,1120000
2020-09-24 12:30:41.268000,1.16452,1.16448,260000,1120000
2020-09-24 12:30:44.127000,1.16454,1.1645,1570000,6190000
2020-09-24 12:30:44.230000,1.16456,1.16452,2140000,11020000
2020-09-24 12:30:44.332000,1.16453,1.16451,100000,1120000
2020-09-24 12:30:44.434000,1.16454,1.1645,520000,11390000
2020-09-24 12:30:44.536000,1.16452,1.1645,100000,2060000
2020-09-24 12:30:44.637000,1.16452,1.1645,150000,1120000
2020-09-24 12:30:44.913000,1.16454,1.16449,2400000,1120000
2020-09-24 12:30:45.116000,1.16452,1.1645,100000,370000
2020-09-24 12:30:45.217000,1.16451,1.16448,820000,1870000
2020-09-24 12:30:45.319000,1.16451,1.16447,150000,1120000
2020-09-24 12:30:47.094000,1.16451,1.16446,520000,2060000
2020-09-24 12:30:47.425000,1.1645,1.16448,150000,370000
2020-09-24 12:30:47.948000,1.16448,1.16446,1570000,2060000
2020-09-24 12:30:48.050000,1.16447,1.16443,2510000,1310000
2020-09-24 12:30:48.151000,1.16444,1.16443,4120000,940000
2020-09-24 12:30:48.202000,1.16443,1.16441,750000,10830000
2020-09-24 12:30:48.304000,1.16442,1.16438,150000,11950000
2020-09-24 12:30:50.067000,1.16442,1.16437,2020000,1310000
2020-09-24 12:30:53.671000,1.16438,1.16436,820000,11020000
2020-09-24 12:30:53.772000,1.16436,1.16435,820000,1870000
2020-09-24 12:30:53.874000,1.16437,1.16433,1570000,4120000
2020-09-24 12:30:58.159000,1.16438,1.16435,100000,190000
2020-09-24 12:30:58.261000,1.1644,1.16437,100000,10270000
2020-09-24 12:30:58.362000,1.16439,1.16437,100000,1870000
2020-09-24 12:30:58.413000,1.16441,1.16437,1090000,2060000
2020-09-24 12:30:58.566000,1.16438,1.16436,820000,9890000
2020-09-24 12:30:58.667000,1.16438,1.16435,750000,370000
2020-09-24 12:30:58.769000,1.16436,1.16435,820000,9890000
2020-09-24 12:30:58.820000,1.16437,1.16433,820000,1120000
2020-09-24 12:31:03.436000,1.16434,1.16431,100000,370000
2020-09-24 12:31:03.538000,1.16434,1.1643,150000,370000
2020-09-24 12:31:03.640000,1.16433,1.16429,100000,5810000
2020-09-24 12:31:04.158000,1.16432,1.16429,100000,4870000
2020-09-24 12:31:04.260000,1.16433,1.16429,1090000,4870000
2020-09-24 12:31:06.702000,1.1643,1.16428,4500000,370000
2020-09-24 12:31:06.805000,1.16427,1.16426,820000,10080000
2020-09-24 12:31:06.907000,1.16427,1.16425,900000,11200000
2020-09-24 12:31:07.729000,1.16426,1.16425,190000,1120000
2020-09-24 12:31:09.961000,1.16427,1.16423,2510000,750000
2020-09-24 12:31:10.063000,1.16427,1.16422,7700000,2250000
2020-09-24 12:31:10.164000,1.16426,1.16422,100000,1870000
2020-09-24 12:31:12.827000,1.16424,1.16423,100000,1500000
2020-09-24 12:31:12.879000,1.16423,1.16421,2610000,14580000
2020-09-24 12:31:12.981000,1.16422,1.16421,520000,4690000
2020-09-24 12:31:13.917000,1.16422,1.16419,100000,1870000
2020-09-24 12:31:15.289000,1.16423,1.16419,1270000,1870000
2020-09-24 12:31:17.939000,1.16419,1.16416,1570000,3000000
2020-09-24 12:31:18.041000,1.16417,1.16415,820000,370000
2020-09-24 12:31:18.617000,1.16417,1.16414,6010000,6000000
2020-09-24 12:31:19.252000,1.16418,1.16414,6010000,9890000
2020-09-24 12:31:19.498000,1.16418,1.16415,6010000,9890000
2020-09-24 12:31:19.721000,1.16417,1.16414,6010000,4870000
2020-09-24 12:31:19.938000,1.16418,1.16417,5930000,750000
2020-09-24 12:31:20.040000,1.16419,1.16416,820000,11020000
2020-09-24 12:31:20.142000,1.16419,1.16417,820000,370000
2020-09-24 12:31:20.244000,1.16419,1.16415,260000,14020000
2020-09-24 12:31:20.346000,1.16418,1.16415,100000,10640000
2020-09-24 12:31:20.447000,1.16418,1.16414,820000,1870000
2020-09-24 12:31:20.549000,1.16417,1.16414,900000,11840000
2020-09-24 12:31:20.751000,1.16417,1.16413,100000,10640000
2020-09-24 12:31:20.964000,1.16417,1.16414,6010000,750000
2020-09-24 12:31:21.065000,1.16416,1.16414,100000,750000
2020-09-24 12:31:21.282000,1.16418,1.16413,6010000,750000
2020-09-24 12:31:21.384000,1.16417,1.16413,5860000,750000
2020-09-24 12:31:21.536000,1.16418,1.16413,5930000,10640000
2020-09-24 12:31:22.064000,1.16417,1.16413,100000,10640000
2020-09-24 12:31:22.206000,1.16417,1.16414,9680000,10640000
2020-09-24 12:31:22.763000,1.16417,1.16413,5110000,750000
2020-09-24 12:31:26.100000,1.16415,1.16412,190000,11020000
2020-09-24 12:31:26.202000,1.16416,1.16414,100000,1120000
2020-09-24 12:31:26.253000,1.16418,1.16415,370000,750000
2020-09-24 12:31:26.304000,1.1642,1.16415,7130000,1310000
2020-09-24 12:31:26.608000,1.1642,1.16416,5110000,750000
2020-09-24 12:31:26.710000,1.16421,1.16417,750000,370000
2020-09-24 12:31:27.284000,1.16422,1.16417,5930000,370000
2020-09-24 12:31:29.245000,1.16421,1.16417,370000,370000
2020-09-24 12:31:30.024000,1.16421,1.16418,6310000,370000
2020-09-24 12:31:32.511000,1.16422,1.16421,5560000,3000000
2020-09-24 12:31:32.562000,1.16423,1.16418,6010000,5060000
2020-09-24 12:31:33.121000,1.16421,1.16419,750000,4500000
2020-09-24 12:31:33.223000,1.16419,1.16417,1870000,10270000
2020-09-24 12:31:33.325000,1.16417,1.16414,750000,9890000
2020-09-24 12:31:33.426000,1.16417,1.16412,6610000,11200000
2020-09-24 12:31:35.547000,1.16414,1.16413,940000,14020000
2020-09-24 12:31:35.599000,1.16415,1.1641,2810000,14950000
2020-09-24 12:31:35.701000,1.16413,1.16411,6050000,1120000
2020-09-24 12:31:35.803000,1.16412,1.16411,5110000,1120000
2020-09-24 12:31:36.218000,1.16415,1.1641,10250000,11280000
2020-09-24 12:31:36.700000,1.16415,1.16412,190000,750000
2020-09-24 12:31:38.702000,1.16417,1.16412,7620000,1500000
2020-09-24 12:31:38.906000,1.16418,1.16412,9870000,12330000
2020-09-24 12:31:39.009000,1.16418,1.16413,9870000,9890000
2020-09-24 12:31:39.277000,1.16418,1.16412,9870000,12330000
2020-09-24 12:31:39.528000,1.16418,1.16414,5860000,190000
2020-09-24 12:31:39.630000,1.1642,1.16418,370000,10720000
2020-09-24 12:31:39.681000,1.16422,1.16417,2140000,12590000
2020-09-24 12:31:39.833000,1.16422,1.16418,940000,11020000
2020-09-24 12:31:39.935000,1.16422,1.16419,2400000,11020000
2020-09-24 12:31:40.454000,1.16424,1.16419,7620000,370000
2020-09-24 12:31:40.657000,1.16424,1.1642,750000,1120000
2020-09-24 12:31:40.758000,1.16425,1.16421,750000,1120000
2020-09-24 12:31:41.113000,1.16424,1.16421,820000,9890000
2020-09-24 12:31:41.164000,1.16424,1.16419,1570000,9890000
2020-09-24 12:31:41.266000,1.16424,1.1642,820000,370000
2020-09-24 12:31:42.556000,1.16424,1.16421,5110000,3560000
2020-09-24 12:31:42.658000,1.16425,1.16422,1570000,11020000
2020-09-24 12:31:43.081000,1.16422,1.16421,1500000,10270000
2020-09-24 12:31:43.132000,1.16423,1.16418,6610000,14920000
2020-09-24 12:31:44.380000,1.16422,1.1642,9610000,9890000
2020-09-24 12:31:44.481000,1.16423,1.1642,9610000,9890000
2020-09-24 12:31:44.862000,1.16421,1.16419,5110000,1950000
2020-09-24 12:31:45.268000,1.16422,1.16419,9610000,1950000
2020-09-24 12:31:46.054000,1.16422,1.16418,5110000,1870000
2020-09-24 12:31:46.206000,1.16423,1.16418,9760000,12140000
2020-09-24 12:31:50.120000,1.16421,1.16419,5110000,750000
2020-09-24 12:31:50.592000,1.16423,1.16418,10880000,750000
2020-09-24 12:31:50.759000,1.16421,1.16419,5110000,750000
2020-09-24 12:31:54.897000,1.16422,1.16417,7360000,10270000
2020-09-24 12:31:55.150000,1.16421,1.16417,5110000,190000
2020-09-24 12:31:55.253000,1.16421,1.16416,5110000,15700000
2020-09-24 12:31:55.673000,1.16422,1.16416,8630000,14950000
2020-09-24 12:31:56.421000,1.16421,1.16418,7880000,190000
2020-09-24 12:31:56.524000,1.16421,1.1642,5110000,1950000
2020-09-24 12:31:56.628000,1.16423,1.16419,5860000,10450000
2020-09-24 12:31:57.722000,1.16422,1.16419,7880000,13830000
2020-09-24 12:31:58.802000,1.16422,1.1642,6230000,190000
2020-09-24 12:31:58.904000,1.16424,1.1642,5860000,190000
2020-09-24 12:31:59.007000,1.16424,1.16422,1120000,10080000
2020-09-24 12:31:59.109000,1.16425,1.1642,4650000,9890000
2020-09-24 12:31:59.211000,1.16422,1.1642,5110000,4870000
2020-09-24 12:31:59.772000,1.16424,1.16419,7880000,4120000
2020-09-24 12:32:00.257000,1.16423,1.16419,750000,750000
2020-09-24 12:32:02.692000,1.16423,1.16418,5110000,14950000
2020-09-24 12:32:02.917000,1.16423,1.16419,5110000,3000000
2020-09-24 12:32:03.332000,1.16421,1.16419,370000,4870000
2020-09-24 12:32:05.543000,1.16423,1.16418,7130000,3750000
2020-09-24 12:32:06.983000,1.16424,1.16423,820000,370000
2020-09-24 12:32:07.085000,1.16427,1.16423,5300000,3750000
2020-09-24 12:32:08.820000,1.16428,1.16426,1390000,450000
2020-09-24 12:32:08.921000,1.16429,1.16424,2810000,11770000
2020-09-24 12:32:09.073000,1.16427,1.16425,750000,370000
2020-09-24 12:32:09.175000,1.16429,1.16424,8450000,10270000
2020-09-24 12:32:10.433000,1.16428,1.16424,370000,3370000
2020-09-24 12:32:10.536000,1.16429,1.16424,8450000,3370000
2020-09-24 12:32:10.662000,1.16427,1.16425,5110000,3370000
2020-09-24 12:32:11.195000,1.16425,1.16424,940000,1120000
2020-09-24 12:32:11.246000,1.16425,1.16422,820000,9890000
2020-09-24 12:32:11.348000,1.16425,1.16421,5110000,11020000
2020-09-24 12:32:11.449000,1.16426,1.16421,1500000,14950000
2020-09-24 12:32:11.656000,1.16426,1.16422,1500000,9890000
2020-09-24 12:32:11.758000,1.16425,1.16422,1500000,14950000
2020-09-24 12:32:12.687000,1.16426,1.16422,750000,3000000
2020-09-24 12:32:12.802000,1.16426,1.16423,5110000,750000
2020-09-24 12:32:12.903000,1.16429,1.16425,5860000,1120000
2020-09-24 12:32:13.106000,1.1643,1.16426,750000,1120000
2020-09-24 12:32:13.210000,1.16431,1.16428,1120000,9890000
2020-09-24 12:32:13.463000,1.1643,1.16428,750000,9890000
2020-09-24 12:32:13.564000,1.16431,1.16428,750000,10640000
2020-09-24 12:32:14.764000,1.16432,1.16428,820000,750000
2020-09-24 12:32:17.667000,1.1643,1.16427,1690000,9890000
2020-09-24 12:32:17.769000,1.1643,1.16426,5860000,820000
2020-09-24 12:32:18.206000,1.16431,1.16428,5860000,750000
2020-09-24 12:32:18.308000,1.16432,1.16428,820000,9890000
2020-09-24 12:32:18.510000,1.16432,1.16429,820000,9890000
2020-09-24 12:32:18.650000,1.16432,1.16428,820000,10270000
2020-09-24 12:32:19.347000,1.16433,1.16429,8560000,13150000
2020-09-24 12:32:19.448000,1.16433,1.1643,750000,11020000
2020-09-24 12:32:19.550000,1.16435,1.16429,6610000,12670000
2020-09-24 12:32:19.651000,1.16434,1.16431,6610000,9890000
2020-09-24 12:32:19.856000,1.16433,1.1643,5110000,12670000
2020-09-24 12:32:20.047000,1.16434,1.1643,5110000,9890000
2020-09-24 12:32:20.291000,1.16434,1.16429,7430000,14770000
2020-09-24 12:32:20.392000,1.16432,1.1643,750000,1120000
2020-09-24 12:32:20.743000,1.16433,1.1643,7510000,750000
2020-09-24 12:32:20.844000,1.16433,1.16429,8260000,15780000
2020-09-24 12:32:20.999000,1.16432,1.16429,750000,15780000
2020-09-24 12:32:21.227000,1.16434,1.16428,11710000,15780000
2020-09-24 12:32:21.405000,1.16433,1.16428,750000,15030000
2020-09-24 12:32:21.921000,1.16432,1.16428,370000,15030000
2020-09-24 12:32:22.023000,1.16432,1.16429,1200000,14950000
2020-09-24 12:32:23.080000,1.16431,1.16429,750000,14020000
2020-09-24 12:32:23.131000,1.16428,1.16427,1500000,10340000
2020-09-24 12:32:23.233000,1.16429,1.16425,8750000,750000
2020-09-24 12:32:23.334000,1.16427,1.16426,370000,750000
2020-09-24 12:32:24.815000,1.16428,1.16424,7360000,9890000
2020-09-24 12:32:24.916000,1.16426,1.16424,5110000,13830000
2020-09-24 12:32:25.788000,1.16426,1.16424,5110000,3940000
2020-09-24 12:32:25.890000,1.16427,1.16423,5110000,3940000
2020-09-24 12:32:27.830000,1.16427,1.16424,8630000,3940000
2020-09-24 12:32:32.249000,1.16429,1.16425,8110000,6370000
2020-09-24 12:32:32.351000,1.16431,1.16426,8000000,14580000
2020-09-24 12:32:32.553000,1.1643,1.16428,190000,4690000
2020-09-24 12:32:32.655000,1.16432,1.16428,750000,13640000
2020-09-24 12:32:32.756000,1.16431,1.16428,190000,10640000
2020-09-24 12:32:32.858000,1.16432,1.16428,5860000,3750000
2020-09-24 12:32:32.959000,1.1643,1.16428,750000,10640000
2020-09-24 12:32:33.061000,1.16431,1.16428,1120000,10640000
2020-09-24 12:32:33.444000,1.1643,1.16427,750000,14390000
2020-09-24 12:32:34.889000,1.16429,1.16427,260000,9890000
2020-09-24 12:32:34.990000,1.16428,1.16424,750000,750000
2020-09-24 12:32:37.797000,1.16426,1.16424,750000,14580000
2020-09-24 12:32:39.580000,1.16426,1.16424,750000,11950000
2020-09-24 12:32:39.709000,1.16427,1.16423,750000,11950000
2020-09-24 12:32:41.664000,1.16428,1.16423,7430000,5060000
2020-09-24 12:32:41.881000,1.16426,1.16424,750000,5060000
2020-09-24 12:32:42.144000,1.16427,1.16424,10430000,2060000
2020-09-24 12:32:48.449000,1.16427,1.16423,5110000,2060000
2020-09-24 12:32:49.898000,1.16427,1.16424,12380000,10830000
2020-09-24 12:32:50.230000,1.16427,1.16423,5110000,940000
2020-09-24 12:32:51.665000,1.16428,1.16423,11630000,10830000
2020-09-24 12:32:55.018000,1.16427,1.16425,8260000,9890000
2020-09-24 12:32:55.229000,1.16427,1.16424,750000,9890000
2020-09-24 12:32:55.341000,1.16427,1.16423,750000,11580000
2020-09-24 12:32:56.055000,1.16428,1.16423,8260000,11580000
2020-09-24 12:32:56.901000,1.16428,1.16424,8180000,190000
2020-09-24 12:32:57.002000,1.1643,1.16425,10250000,11950000
2020-09-24 12:32:57.154000,1.1643,1.16426,8750000,1120000
2020-09-24 12:32:57.257000,1.1643,1.16427,260000,9890000
2020-09-24 12:32:57.359000,1.1643,1.16426,190000,11020000
2020-09-24 12:32:57.563000,1.16431,1.16427,5300000,3000000
2020-09-24 12:32:58.332000,1.16431,1.16429,5300000,10640000
2020-09-24 12:32:59.528000,1.16433,1.16431,10620000,1940000
2020-09-24 12:32:59.629000,1.16434,1.16432,2250000,10640000
2020-09-24 12:32:59.731000,1.16436,1.16433,5370000,750000
2020-09-24 12:32:59.833000,1.16434,1.16432,5110000,15220000
2020-09-24 12:32:59.884000,1.16435,1.16433,5110000,750000
2020-09-24 12:32:59.934000,1.16437,1.16433,6310000,3750000
2020-09-24 12:33:00.036000,1.16438,1.16433,8750000,750000
2020-09-24 12:33:00.138000,1.16437,1.16433,5110000,10640000
2020-09-24 12:33:00.239000,1.16438,1.16433,8750000,10640000
2020-09-24 12:33:00.391000,1.16437,1.16436,5480000,3450000
2020-09-24 12:33:00.493000,1.1644,1.16439,6120000,750000
2020-09-24 12:33:00.645000,1.16442,1.16438,5370000,10720000
2020-09-24 12:33:01.506000,1.16442,1.16439,5110000,100000
2020-09-24 12:33:01.608000,1.16443,1.16439,2810000,9890000
2020-09-24 12:33:01.759000,1.16443,1.16438,8000000,10720000
2020-09-24 12:33:04.007000,1.16441,1.16439,370000,10340000
2020-09-24 12:33:04.547000,1.16442,1.16439,8000000,10340000
2020-09-24 12:33:05.099000,1.16444,1.16442,820000,820000
2020-09-24 12:33:05.201000,1.16443,1.16442,5110000,1120000
2020-09-24 12:33:05.252000,1.16446,1.16441,2890000,11020000
2020-09-24 12:33:05.353000,1.16444,1.16442,5110000,11020000
2020-09-24 12:33:05.455000,1.16445,1.16442,5370000,11020000
2020-09-24 12:33:05.708000,1.16445,1.16441,1390000,10270000
2020-09-24 12:33:05.911000,1.16446,1.16441,6500000,9890000
2020-09-24 12:33:06.012000,1.16446,1.16443,4010000,9890000
2020-09-24 12:33:06.114000,1.16447,1.16443,450000,9890000
2020-09-24 12:33:06.215000,1.16446,1.16443,5110000,14020000
2020-09-24 12:33:06.423000,1.16448,1.16442,9500000,14020000
2020-09-24 12:33:06.625000,1.16448,1.16443,8000000,9890000
2020-09-24 12:33:06.727000,1.16448,1.16442,8750000,14020000
2020-09-24 12:33:07.095000,1.16448,1.16443,3640000,9890000
2020-09-24 12:33:07.753000,1.16448,1.16442,8000000,14020000
2020-09-24 12:33:07.906000,1.16448,1.16443,7250000,9890000
2020-09-24 12:33:08.532000,1.16447,1.16445,2140000,9890000
2020-09-24 12:33:08.794000,1.16447,1.16444,8000000,9890000
2020-09-24 12:33:08.896000,1.16448,1.16444,8000000,9890000
2020-09-24 12:33:09.521000,1.16448,1.16443,8000000,9890000
2020-09-24 12:33:10.494000,1.16448,1.16444,1870000,9890000
2020-09-24 12:33:10.646000,1.16448,1.16443,3940000,10640000
2020-09-24 12:33:10.849000,1.16446,1.16444,5110000,10640000
2020-09-24 12:33:10.950000,1.16448,1.16443,9120000,10640000
2020-09-24 12:33:11.169000,1.16447,1.16443,370000,10640000
2020-09-24 12:33:12.027000,1.16448,1.16443,7620000,750000
2020-09-24 12:33:13.358000,1.16445,1.16442,1690000,10270000
2020-09-24 12:33:13.460000,1.16443,1.16439,1120000,11580000
2020-09-24 12:33:13.561000,1.16443,1.16438,1500000,17580000
2020-09-24 12:33:14.177000,1.16439,1.16437,1500000,1310000
2020-09-24 12:33:14.533000,1.1644,1.16436,5110000,100000
2020-09-24 12:33:14.685000,1.1644,1.16435,6610000,13450000
2020-09-24 12:33:14.786000,1.1644,1.16436,1570000,9890000
2020-09-24 12:33:14.888000,1.16438,1.16434,5930000,13270000
2020-09-24 12:33:15.055000,1.16438,1.16433,7320000,11020000
2020-09-24 12:33:15.157000,1.16437,1.16433,750000,11020000
2020-09-24 12:33:16.534000,1.16436,1.16433,100000,9890000
2020-09-24 12:33:17.528000,1.16434,1.16431,1690000,3370000
2020-09-24 12:33:17.630000,1.16433,1.16431,4010000,9890000
2020-09-24 12:33:17.731000,1.16433,1.16429,750000,10080000
2020-09-24 12:33:18.035000,1.16432,1.16429,3640000,13830000
2020-09-24 12:33:18.137000,1.16431,1.16428,8300000,12030000
2020-09-24 12:33:18.242000,1.16431,1.16427,560000,11020000
2020-09-24 12:33:18.802000,1.1643,1.16429,5480000,9890000
2020-09-24 12:33:18.903000,1.16431,1.16427,5480000,11200000
2020-09-24 12:33:20.490000,1.1643,1.16429,5480000,9890000
2020-09-24 12:33:21.093000,1.16429,1.16428,750000,10270000
2020-09-24 12:33:21.144000,1.16428,1.16427,1870000,750000
2020-09-24 12:33:21.246000,1.16427,1.16424,1310000,7500000
2020-09-24 12:33:21.348000,1.16427,1.16423,560000,11020000
2020-09-24 12:33:22.011000,1.16426,1.16423,4950000,9890000
2020-09-24 12:33:22.112000,1.16425,1.16422,1310000,9890000
2020-09-24 12:33:22.214000,1.16424,1.16422,1310000,9890000
2020-09-24 12:33:22.810000,1.16423,1.1642,940000,370000
2020-09-24 12:33:22.912000,1.16422,1.1642,7250000,9890000
2020-09-24 12:33:23.165000,1.16423,1.16418,7320000,14580000
2020-09-24 12:33:23.430000,1.16422,1.16418,190000,11390000
2020-09-24 12:33:24.123000,1.16421,1.1642,190000,9890000
2020-09-24 12:33:24.224000,1.16422,1.16418,2060000,10270000
2020-09-24 12:33:24.326000,1.16421,1.16418,10620000,370000
2020-09-24 12:33:25.427000,1.16421,1.16416,450000,14770000
2020-09-24 12:33:26.260000,1.16419,1.16417,5110000,1870000
2020-09-24 12:33:26.477000,1.16419,1.16416,5110000,1870000
2020-09-24 12:33:26.734000,1.16418,1.16415,750000,9890000
2020-09-24 12:33:26.836000,1.16417,1.16414,5110000,190000
2020-09-24 12:33:27.300000,1.16415,1.16414,370000,1690000
2020-09-24 12:33:27.401000,1.16415,1.16412,3450000,9890000
2020-09-24 12:33:27.503000,1.16413,1.16409,5110000,190000
2020-09-24 12:33:27.808000,1.16412,1.16409,5110000,560000
2020-09-24 12:33:28.281000,1.1641,1.16408,370000,11650000
2020-09-24 12:33:28.713000,1.16412,1.16407,7320000,940000
2020-09-24 12:33:30.103000,1.16411,1.16407,5110000,560000
2020-09-24 12:33:30.830000,1.1641,1.16407,750000,1310000
2020-09-24 12:33:31.811000,1.16409,1.16406,100000,10640000
2020-09-24 12:33:31.914000,1.1641,1.16406,5930000,14840000
2020-09-24 12:33:32.017000,1.1641,1.16407,7170000,14840000
2020-09-24 12:33:32.170000,1.1641,1.16407,5110000,9890000
2020-09-24 12:33:32.411000,1.1641,1.16407,6500000,12520000
2020-09-24 12:33:34.052000,1.1641,1.16406,750000,11770000
2020-09-24 12:33:34.665000,1.16409,1.16407,750000,11950000
2020-09-24 12:33:34.879000,1.16409,1.16405,1500000,14200000
2020-09-24 12:33:34.930000,1.16406,1.16405,370000,9890000
2020-09-24 12:33:34.982000,1.16407,1.16403,750000,11770000
2020-09-24 12:33:35.084000,1.16406,1.16403,5110000,1870000
2020-09-24 12:33:35.185000,1.16407,1.16403,5860000,1870000
2020-09-24 12:33:36.039000,1.16405,1.16404,750000,11770000
2020-09-24 12:33:37.315000,1.16406,1.16402,6230000,10080000
2020-09-24 12:33:39.086000,1.16404,1.16403,100000,370000
2020-09-24 12:33:39.190000,1.16403,1.16401,1870000,940000
2020-09-24 12:33:39.293000,1.16402,1.16398,5110000,1690000
2020-09-24 12:33:39.749000,1.16403,1.164,6310000,3000000
2020-09-24 12:33:39.851000,1.16405,1.16403,450000,10640000
2020-09-24 12:33:39.953000,1.16405,1.16404,5110000,11020000
2020-09-24 12:33:40.054000,1.16407,1.16403,6420000,1120000
2020-09-24 12:33:40.156000,1.16406,1.16403,5110000,1120000
2020-09-24 12:33:40.257000,1.16407,1.16403,9200000,1120000
2020-09-24 12:33:40.359000,1.16405,1.16403,5860000,190000
2020-09-24 12:33:40.460000,1.16406,1.16401,5860000,13080000
2020-09-24 12:33:40.639000,1.16403,1.16401,1120000,10640000
2020-09-24 12:33:40.740000,1.16403,1.16399,750000,14950000
2020-09-24 12:33:40.842000,1.16402,1.16398,5110000,2060000
2020-09-24 12:33:41.858000,1.16402,1.164,8930000,940000
2020-09-24 12:33:42.061000,1.16402,1.16401,5860000,2440000
2020-09-24 12:33:42.214000,1.16404,1.16399,8480000,14020000
2020-09-24 12:33:42.316000,1.16402,1.16399,750000,10640000
2020-09-24 12:33:42.418000,1.16401,1.16399,6980000,11020000
2020-09-24 12:33:42.519000,1.16402,1.16398,5560000,1120000
2020-09-24 12:33:43.141000,1.16403,1.16398,14450000,1120000
2020-09-24 12:33:43.475000,1.16402,1.16398,750000,11020000
2020-09-24 12:33:44.455000,1.16403,1.16398,13130000,11200000
2020-09-24 12:33:45.043000,1.16402,1.16398,5110000,11200000
2020-09-24 12:33:45.413000,1.16402,1.16401,5560000,730000
2020-09-24 12:33:45.514000,1.16404,1.164,1500000,14380000
2020-09-24 12:33:45.767000,1.16403,1.164,5110000,15050000
2020-09-24 12:33:45.869000,1.16406,1.16402,8000000,10450000
2020-09-24 12:33:46.382000,1.16405,1.16404,5110000,1120000
2020-09-24 12:33:46.483000,1.16406,1.16404,8260000,1120000
2020-09-24 12:33:46.635000,1.16407,1.16405,14820000,750000
2020-09-24 12:33:46.788000,1.16409,1.16407,10060000,1120000
2020-09-24 12:33:46.940000,1.16409,1.16406,5110000,2060000
2020-09-24 12:33:47.041000,1.16409,1.16407,5110000,11840000
2020-09-24 12:33:47.143000,1.16411,1.16407,5110000,11770000
2020-09-24 12:33:47.244000,1.1641,1.16407,5110000,11770000
2020-09-24 12:33:47.345000,1.16411,1.16407,5110000,11770000
2020-09-24 12:33:47.593000,1.16412,1.16407,6760000,11770000
2020-09-24 12:33:47.695000,1.16411,1.16407,5110000,11770000
2020-09-24 12:33:47.796000,1.1641,1.16407,5110000,11770000
2020-09-24 12:33:47.946000,1.16411,1.16407,5110000,11770000
2020-09-24 12:33:48.101000,1.16412,1.16407,7880000,9890000
2020-09-24 12:33:48.561000,1.16409,1.16407,750000,9890000
2020-09-24 12:33:48.663000,1.16408,1.16406,8210000,9890000
2020-09-24 12:33:48.714000,1.16408,1.16405,9310000,10080000
2020-09-24 12:33:48.815000,1.16407,1.16404,5860000,15030000
2020-09-24 12:33:49.101000,1.16407,1.16403,1120000,9890000
2020-09-24 12:33:49.203000,1.16406,1.16402,1310000,9890000
2020-09-24 12:33:49.305000,1.16406,1.16401,6870000,11020000
2020-09-24 12:33:49.406000,1.16405,1.16401,820000,10720000
2020-09-24 12:33:49.509000,1.16404,1.164,5110000,100000
2020-09-24 12:33:49.711000,1.16404,1.16399,9570000,14200000
2020-09-24 12:33:49.812000,1.16402,1.16401,5110000,9890000
2020-09-24 12:33:49.914000,1.16403,1.16399,5110000,13080000
2020-09-24 12:33:50.482000,1.16402,1.16399,5110000,3190000
2020-09-24 12:33:50.634000,1.16402,1.16401,5110000,260000
2020-09-24 12:33:50.685000,1.16404,1.164,5480000,9890000
2020-09-24 12:33:50.786000,1.16405,1.16401,5110000,10640000
2020-09-24 12:33:50.888000,1.16406,1.16402,5480000,9890000
2020-09-24 12:33:51.141000,1.16405,1.16402,450000,14020000
2020-09-24 12:33:52.083000,1.16405,1.16401,1870000,11020000
2020-09-24 12:33:52.134000,1.16403,1.16401,2060000,370000
2020-09-24 12:33:52.236000,1.16402,1.16399,7430000,750000
2020-09-24 12:33:52.338000,1.16401,1.16397,5110000,9890000
2020-09-24 12:33:52.659000,1.16401,1.16396,5180000,11950000
2020-09-24 12:33:52.856000,1.16401,1.16397,100000,9890000
2020-09-24 12:33:53.007000,1.16401,1.16396,5110000,12780000
2020-09-24 12:33:53.109000,1.16402,1.16397,7060000,940000
2020-09-24 12:33:53.312000,1.16401,1.16398,7510000,190000
2020-09-24 12:33:53.414000,1.16399,1.16398,5110000,190000
2020-09-24 12:33:53.565000,1.164,1.16398,5110000,190000
2020-09-24 12:33:54.166000,1.16401,1.16396,5110000,15030000
2020-09-24 12:33:54.546000,1.16401,1.16397,8450000,15030000
2020-09-24 12:33:54.921000,1.16399,1.16395,2020000,940000
2020-09-24 12:33:54.972000,1.16395,1.16393,750000,9750000
2020-09-24 12:33:55.074000,1.16394,1.16392,820000,1690000
2020-09-24 12:33:55.175000,1.16392,1.16391,100000,10080000
2020-09-24 12:33:55.327000,1.16394,1.1639,5110000,1120000
2020-09-24 12:33:56.026000,1.16395,1.1639,6570000,1120000
2020-09-24 12:33:56.128000,1.16393,1.16391,5110000,11020000
2020-09-24 12:33:56.330000,1.16394,1.16391,5110000,9890000
2020-09-24 12:33:56.540000,1.16394,1.1639,5110000,11020000
2020-09-24 12:33:57.199000,1.16394,1.16391,9570000,1120000
2020-09-24 12:33:57.415000,1.16394,1.1639,5110000,1120000
2020-09-24 12:33:57.669000,1.16394,1.16393,5930000,750000
2020-09-24 12:33:57.770000,1.16395,1.16394,450000,750000
2020-09-24 12:33:57.872000,1.16396,1.16394,6500000,750000
2020-09-24 12:33:58.700000,1.16397,1.16394,370000,1570000
2020-09-24 12:33:58.751000,1.16399,1.16395,900000,9890000
2020-09-24 12:33:59.712000,1.164,1.16396,2510000,1690000
2020-09-24 12:34:00.123000,1.16399,1.16396,100000,10270000
2020-09-24 12:34:00.174000,1.16397,1.16395,100000,11950000
2020-09-24 12:34:00.478000,1.16398,1.16396,5480000,100000
2020-09-24 12:34:00.529000,1.164,1.16396,5560000,820000
2020-09-24 12:34:00.631000,1.16401,1.16398,6760000,12030000
2020-09-24 12:34:01.060000,1.16402,1.16398,5560000,9890000
2020-09-24 12:34:01.162000,1.16401,1.16398,1010000,5620000
2020-09-24 12:34:02.569000,1.16403,1.16401,5480000,100000
2020-09-24 12:34:02.671000,1.16403,1.164,5110000,450000
2020-09-24 12:34:02.773000,1.16405,1.164,820000,450000
2020-09-24 12:34:03.040000,1.16404,1.164,5110000,3450000
2020-09-24 12:34:03.141000,1.16405,1.164,5930000,3450000
2020-09-24 12:34:03.430000,1.16405,1.16401,5860000,100000
2020-09-24 12:34:03.531000,1.16406,1.16402,5110000,4120000
2020-09-24 12:34:03.632000,1.16407,1.16402,6500000,1120000
2020-09-24 12:34:06.081000,1.16405,1.16402,1950000,9890000
2020-09-24 12:34:06.183000,1.16404,1.164,4500000,11090000
2020-09-24 12:34:06.285000,1.16403,1.16399,100000,11950000
2020-09-24 12:34:06.437000,1.16403,1.16398,5180000,15780000
2020-09-24 12:34:06.639000,1.16404,1.16399,10510000,100000
2020-09-24 12:34:06.741000,1.16403,1.16401,5110000,100000
2020-09-24 12:34:06.792000,1.16404,1.16402,5860000,100000
2020-09-24 12:34:06.893000,1.16405,1.164,5930000,15030000
2020-09-24 12:34:07.481000,1.16404,1.16402,5860000,100000
2020-09-24 12:34:07.583000,1.16407,1.16402,9380000,10720000
2020-09-24 12:34:09.032000,1.16404,1.16402,1570000,11020000
2020-09-24 12:34:09.134000,1.16404,1.164,5180000,11580000
2020-09-24 12:34:09.236000,1.16404,1.16403,370000,100000
2020-09-24 12:34:09.338000,1.16406,1.16402,820000,190000
2020-09-24 12:34:09.439000,1.16405,1.16401,5930000,9890000
2020-09-24 12:34:10.138000,1.16405,1.16402,5860000,13900000
2020-09-24 12:34:10.687000,1.16407,1.16401,7700000,11650000
2020-09-24 12:34:11.055000,1.16405,1.16402,5110000,11650000
2020-09-24 12:34:11.156000,1.16406,1.16403,7700000,9890000
2020-09-24 12:34:14.233000,1.16407,1.16403,5750000,370000
2020-09-24 12:34:14.334000,1.16407,1.16405,5480000,750000
2020-09-24 12:34:14.436000,1.16408,1.16406,6230000,100000
2020-09-24 12:34:14.538000,1.16408,1.16404,100000,11200000
2020-09-24 12:34:15.061000,1.16406,1.16403,750000,14770000
2020-09-24 12:34:15.162000,1.16407,1.16403,100000,9890000
2020-09-24 12:34:15.365000,1.16406,1.16403,5180000,15780000
2020-09-24 12:34:16.026000,1.16407,1.16403,100000,9890000
2020-09-24 12:34:16.127000,1.16407,1.16402,5560000,15780000
2020-09-24 12:34:16.261000,1.16407,1.16403,450000,370000
2020-09-24 12:34:16.645000,1.16406,1.16403,1570000,370000
2020-09-24 12:34:16.746000,1.16404,1.16402,6000000,9890000
2020-09-24 12:34:16.797000,1.16403,1.164,5860000,1310000
2020-09-24 12:34:17.585000,1.16402,1.164,5110000,940000
2020-09-24 12:34:17.687000,1.16403,1.164,5860000,940000
2020-09-24 12:34:17.788000,1.16401,1.16399,750000,1120000
2020-09-24 12:34:17.839000,1.16399,1.16395,100000,190000
2020-09-24 12:34:17.891000,1.16394,1.16393,820000,450000
2020-09-24 12:34:17.993000,1.16393,1.16392,100000,10830000
2020-09-24 12:34:18.302000,1.16393,1.16391,1200000,9890000
2020-09-24 12:34:18.405000,1.16392,1.1639,100000,940000
2020-09-24 12:34:20.877000,1.16394,1.16391,3640000,260000
2020-09-24 12:34:20.978000,1.16395,1.16392,5860000,450000
2020-09-24 12:34:21.080000,1.16396,1.16392,370000,10530000
2020-09-24 12:34:21.181000,1.16397,1.16393,7250000,750000
2020-09-24 12:34:21.739000,1.16398,1.16395,5930000,100000
2020-09-24 12:34:21.941000,1.16397,1.16394,5180000,15030000
2020-09-24 12:34:22.357000,1.16398,1.16394,5180000,9890000
2020-09-24 12:34:22.647000,1.16398,1.16397,5480000,100000
2020-09-24 12:34:22.749000,1.164,1.16396,5110000,9970000
2020-09-24 12:34:22.850000,1.16401,1.16396,7060000,9970000
2020-09-24 12:34:23.079000,1.16399,1.16397,100000,9890000
2020-09-24 12:34:23.180000,1.164,1.16397,100000,9890000
2020-09-24 12:34:23.281000,1.164,1.16396,100000,10830000
2020-09-24 12:34:23.683000,1.16398,1.16397,750000,9890000
2020-09-24 12:34:23.784000,1.16397,1.16395,5180000,11950000
2020-09-24 12:34:24.088000,1.16398,1.16396,2620000,370000
2020-09-24 12:34:24.849000,1.16397,1.16396,100000,10640000
2020-09-24 12:34:25.346000,1.16399,1.16395,1200000,750000
2020-09-24 12:34:26.058000,1.16397,1.16395,100000,14200000
2020-09-24 12:34:26.311000,1.16398,1.16393,5180000,15400000
2020-09-24 12:34:26.412000,1.16398,1.16394,5180000,9890000
2020-09-24 12:34:26.514000,1.16396,1.16394,5180000,12890000
2020-09-24 12:34:26.616000,1.16396,1.16393,100000,190000
2020-09-24 12:34:26.667000,1.16393,1.16391,820000,1310000
2020-09-24 12:34:26.870000,1.16392,1.16388,100000,10450000
2020-09-24 12:34:27.481000,1.16389,1.16386,820000,10830000
2020-09-24 12:34:27.583000,1.16388,1.16385,820000,10080000
2020-09-24 12:34:27.684000,1.16385,1.16383,820000,10080000
2020-09-24 12:34:27.735000,1.16385,1.16381,5110000,260000
2020-09-24 12:34:27.837000,1.16385,1.16382,10060000,10150000
2020-09-24 12:34:27.938000,1.16385,1.16381,100000,10080000
2020-09-24 12:34:28.039000,1.16384,1.16383,100000,190000
2020-09-24 12:34:28.141000,1.16386,1.16382,10060000,190000
2020-09-24 12:34:28.293000,1.16385,1.16382,100000,190000
2020-09-24 12:34:28.865000,1.16387,1.16383,8260000,190000
2020-09-24 12:34:30.517000,1.16386,1.16382,100000,11950000
2020-09-24 12:34:32.303000,1.16387,1.16382,7430000,13340000
2020-09-24 12:34:32.405000,1.16386,1.16385,5110000,940000
2020-09-24 12:34:32.506000,1.16388,1.16385,3000000,10270000
2020-09-24 12:34:32.912000,1.16389,1.16387,940000,9970000
2020-09-24 12:34:33.273000,1.16388,1.16386,450000,10640000
2020-09-24 12:34:33.375000,1.16391,1.16386,7130000,13830000
2020-09-24 12:34:34.521000,1.1639,1.16386,5860000,3000000
2020-09-24 12:34:34.774000,1.16389,1.16386,750000,14650000
2020-09-24 12:34:35.171000,1.1639,1.16387,5180000,820000
2020-09-24 12:34:35.273000,1.16391,1.16388,750000,9890000
2020-09-24 12:34:35.375000,1.16392,1.16388,6980000,9890000
2020-09-24 12:34:35.729000,1.16391,1.1639,750000,750000
2020-09-24 12:34:36.279000,1.16391,1.16389,750000,750000
2020-09-24 12:34:36.482000,1.16389,1.16387,1760000,9890000
2020-09-24 12:34:36.533000,1.16387,1.16386,750000,10270000
2020-09-24 12:34:36.634000,1.16388,1.16384,6310000,7500000
2020-09-24 12:34:36.837000,1.16388,1.16383,6310000,15330000
2020-09-24 12:34:37.378000,1.16388,1.16384,7060000,9890000
2020-09-24 12:34:37.480000,1.16387,1.16383,5110000,10830000
2020-09-24 12:34:38.393000,1.16388,1.16385,5110000,560000
2020-09-24 12:34:38.495000,1.1639,1.16388,9680000,1690000
2020-09-24 12:34:38.597000,1.16391,1.16388,10810000,11580000
2020-09-24 12:34:39.266000,1.1639,1.16388,100000,10830000
2020-09-24 12:34:39.318000,1.16389,1.16387,820000,9890000
2020-09-24 12:34:39.420000,1.16387,1.16386,750000,10830000
2020-09-24 12:34:39.523000,1.16389,1.16384,12570000,10640000
2020-09-24 12:34:39.625000,1.16388,1.16384,750000,10640000
2020-09-24 12:34:39.984000,1.16388,1.16383,5860000,16530001
2020-09-24 12:34:40.085000,1.16387,1.16385,750000,9890000
2020-09-24 12:34:40.391000,1.16388,1.16383,6680000,11950000
2020-09-24 12:34:40.668000,1.16387,1.16383,2320000,9890000
2020-09-24 12:34:40.770000,1.16386,1.16383,8000000,15700000
2020-09-24 12:34:40.953000,1.16385,1.16382,1690000,15700000
2020-09-24 12:34:41.838000,1.16384,1.16381,1500000,11580000
2020-09-24 12:34:41.940000,1.16384,1.16383,5860000,11950000
2020-09-24 12:34:42.609000,1.16384,1.16382,1500000,14470000
2020-09-24 12:34:42.710000,1.16384,1.1638,1120000,10900000
2020-09-24 12:34:42.812000,1.16384,1.16382,2250000,10720000
2020-09-24 12:34:42.914000,1.16385,1.16382,750000,1200000
2020-09-24 12:34:43.273000,1.16384,1.16382,1500000,10270000
2020-09-24 12:34:43.374000,1.16383,1.16381,6980000,15030000
2020-09-24 12:34:43.476000,1.16383,1.16379,6230000,16150000
2020-09-24 12:34:43.780000,1.16383,1.1638,6230000,940000
2020-09-24 12:34:43.881000,1.16383,1.16381,5110000,940000
2020-09-24 12:34:43.932000,1.16385,1.16382,1500000,100000
2020-09-24 12:34:44.136000,1.16385,1.16381,750000,11650000
2020-09-24 12:34:44.237000,1.16384,1.16383,1500000,370000
2020-09-24 12:34:45.261000,1.16383,1.16382,1870000,9890000
2020-09-24 12:34:45.364000,1.16382,1.16381,6230000,940000
2020-09-24 12:34:45.695000,1.16383,1.16381,10250000,11950000
2020-09-24 12:34:45.995000,1.16383,1.1638,1120000,9890000
2020-09-24 12:34:46.097000,1.16379,1.16377,820000,2060000
2020-09-24 12:34:46.200000,1.16378,1.16377,5250000,750000
2020-09-24 12:34:46.304000,1.16375,1.16373,750000,190000
2020-09-24 12:34:46.406000,1.16376,1.16372,7430000,190000
2020-09-24 12:34:46.558000,1.16375,1.16372,5110000,190000
2020-09-24 12:34:46.811000,1.16376,1.16372,6610000,190000
2020-09-24 12:34:46.913000,1.16372,1.16371,820000,13530000
2020-09-24 12:34:47.014000,1.16371,1.1637,750000,10830000
2020-09-24 12:34:47.218000,1.16372,1.16369,7060000,190000
2020-09-24 12:34:47.420000,1.1637,1.16369,5110000,940000
2020-09-24 12:34:47.550000,1.16372,1.16369,7920000,190000
2020-09-24 12:34:48.239000,1.1637,1.16367,100000,9970000
2020-09-24 12:34:48.341000,1.16369,1.16366,370000,190000
2020-09-24 12:34:48.442000,1.16367,1.16365,5860000,3260000
2020-09-24 12:34:48.544000,1.16369,1.16366,6500000,820000
2020-09-24 12:34:48.646000,1.1637,1.16366,5480000,940000
2020-09-24 12:34:48.899000,1.16371,1.16367,370000,1570000
2020-09-24 12:34:49.001000,1.16372,1.16367,1870000,6340000
2020-09-24 12:34:49.102000,1.16372,1.16368,1870000,9890000
2020-09-24 12:34:49.204000,1.16374,1.16371,1200000,9890000
2020-09-24 12:34:49.306000,1.16375,1.16371,560000,10640000
2020-09-24 12:34:49.407000,1.16375,1.1637,5670000,15590000
2020-09-24 12:34:50.183000,1.16374,1.16372,370000,9890000
2020-09-24 12:34:50.538000,1.16373,1.16371,750000,9890000
2020-09-24 12:34:50.589000,1.1637,1.16368,750000,750000
2020-09-24 12:34:50.691000,1.16371,1.16368,1870000,9890000
2020-09-24 12:34:50.792000,1.1637,1.16368,1870000,1690000
2020-09-24 12:34:51.200000,1.16371,1.16368,5110000,100000
2020-09-24 12:34:51.301000,1.16371,1.16369,6230000,100000
2020-09-24 12:34:51.504000,1.16371,1.16368,6310000,12100000
2020-09-24 12:34:51.656000,1.1637,1.16368,5110000,12100000
2020-09-24 12:34:51.757000,1.16372,1.16367,6310000,11650000
2020-09-24 12:34:52.039000,1.16373,1.1637,6230000,1500000
2020-09-24 12:34:52.141000,1.16374,1.16372,5110000,2140000
2020-09-24 12:34:52.192000,1.16376,1.16372,5560000,820000
2020-09-24 12:34:52.294000,1.16376,1.16373,6120000,750000
2020-09-24 12:34:52.497000,1.16376,1.16372,5110000,750000
2020-09-24 12:34:52.598000,1.16375,1.16372,750000,750000
2020-09-24 12:34:52.650000,1.16373,1.1637,1570000,9970000
2020-09-24 12:34:52.753000,1.16371,1.16369,100000,1690000
2020-09-24 12:34:52.855000,1.16371,1.16368,5110000,750000
2020-09-24 12:34:52.957000,1.16372,1.16368,7810000,750000
2020-09-24 12:34:53.059000,1.1637,1.16369,5110000,750000
2020-09-24 12:34:53.261000,1.16372,1.16368,8930000,750000
2020-09-24 12:34:53.926000,1.16371,1.16368,5110000,1120000
2020-09-24 12:34:54.129000,1.16372,1.16368,8180000,750000
2020-09-24 12:34:54.230000,1.16371,1.16368,750000,750000
2020-09-24 12:34:54.534000,1.16371,1.16367,750000,940000
2020-09-24 12:34:54.685000,1.16372,1.16367,12010000,940000
2020-09-24 12:34:54.736000,1.16369,1.16366,100000,750000
2020-09-24 12:34:54.838000,1.1637,1.16367,7320000,750000
2020-09-24 12:34:54.990000,1.16368,1.16367,100000,750000
2020-09-24 12:34:55.091000,1.1637,1.16366,5860000,750000
2020-09-24 12:34:55.244000,1.16367,1.16365,750000,9890000
2020-09-24 12:34:55.346000,1.16366,1.16362,5860000,820000
2020-09-24 12:34:55.447000,1.16366,1.16363,6230000,750000
2020-09-24 12:34:55.549000,1.16367,1.16364,6230000,750000
2020-09-24 12:34:55.651000,1.16368,1.16367,5110000,940000
2020-09-24 12:34:55.702000,1.1637,1.16366,100000,940000
2020-09-24 12:34:56.166000,1.16369,1.16365,820000,940000
2020-09-24 12:34:56.268000,1.1637,1.16365,5480000,10830000
2020-09-24 12:34:56.369000,1.16369,1.16365,100000,11580000
2020-09-24 12:34:56.420000,1.16371,1.16365,10130000,11950000
2020-09-24 12:34:56.826000,1.16371,1.16367,5480000,450000
2020-09-24 12:34:56.928000,1.16371,1.16366,5560000,10720000
2020-09-24 12:34:58.029000,1.16371,1.1637,5110000,750000
2020-09-24 12:34:58.131000,1.16374,1.16371,6680000,750000
2020-09-24 12:34:58.244000,1.16374,1.16372,5110000,750000
2020-09-24 12:34:58.345000,1.16374,1.16372,5560000,1500000
2020-09-24 12:34:58.498000,1.16376,1.16371,6570000,750000
2020-09-24 12:34:58.855000,1.16377,1.16371,2770000,11470000
2020-09-24 12:34:59.681000,1.16376,1.16371,370000,10720000
2020-09-24 12:35:00.314000,1.16377,1.16371,11260000,4950000
2020-09-24 12:35:00.416000,1.16376,1.16375,8480000,750000
2020-09-24 12:35:00.466000,1.16377,1.16376,450000,2620000
2020-09-24 12:35:00.568000,1.16379,1.16377,370000,750000
2020-09-24 12:35:00.619000,1.1638,1.16379,1690000,10340000
2020-09-24 12:35:01.176000,1.16382,1.1638,190000,10640000
2020-09-24 12:35:01.278000,1.16384,1.1638,8110000,10640000
2020-09-24 12:35:01.795000,1.16384,1.16381,3000000,100000
2020-09-24 12:35:02.232000,1.16385,1.16381,190000,100000
2020-09-24 12:35:02.629000,1.16385,1.16384,190000,1950000
2020-09-24 12:35:02.731000,1.16388,1.16386,190000,820000
2020-09-24 12:35:02.833000,1.16388,1.16387,190000,1870000
2020-09-24 12:35:02.934000,1.1639,1.16386,5670000,11770000
2020-09-24 12:35:03.036000,1.16391,1.16386,4390000,1870000
2020-09-24 12:35:03.138000,1.16391,1.16387,940000,370000
2020-09-24 12:35:03.239000,1.1639,1.16387,190000,15670000
2020-09-24 12:35:03.442000,1.16392,1.16388,8370000,1870000
2020-09-24 12:35:03.544000,1.16393,1.1639,5300000,750000
2020-09-24 12:35:03.595000,1.16395,1.1639,3640000,11950000
2020-09-24 12:35:03.748000,1.16393,1.16391,1200000,10450000
2020-09-24 12:35:03.850000,1.16393,1.16389,5180000,1120000
2020-09-24 12:35:04.914000,1.16393,1.16388,1200000,2060000
2020-09-24 12:35:05.622000,1.16392,1.16388,5110000,2810000
2020-09-24 12:35:05.774000,1.16394,1.16389,5930000,1120000
2020-09-24 12:35:05.977000,1.16393,1.16389,100000,10640000
2020-09-24 12:35:06.474000,1.16392,1.16389,370000,750000
2020-09-24 12:35:06.575000,1.16392,1.16388,5480000,370000
2020-09-24 12:35:06.626000,1.1639,1.16387,820000,10270000
2020-09-24 12:35:06.728000,1.16389,1.16385,820000,10830000
2020-09-24 12:35:06.830000,1.16387,1.16384,3070000,190000
2020-09-24 12:35:06.931000,1.16387,1.16383,3070000,370000
2020-09-24 12:35:07.624000,1.16388,1.16384,5110000,1500000
2020-09-24 12:35:07.725000,1.16387,1.16384,5110000,12970000
2020-09-24 12:35:07.828000,1.16389,1.16384,4120000,11090000
2020-09-24 12:35:07.931000,1.16391,1.16387,10130000,750000
2020-09-24 12:35:08.134000,1.16391,1.16388,5110000,1120000
2020-09-24 12:35:08.236000,1.16392,1.16389,5180000,370000
2020-09-24 12:35:08.337000,1.16393,1.16389,5930000,370000
2020-09-24 12:35:08.843000,1.16394,1.1639,5180000,750000
2020-09-24 12:35:08.945000,1.16395,1.16391,5750000,1120000
2020-09-24 12:35:11.002000,1.16396,1.16391,6120000,370000
2020-09-24 12:35:11.104000,1.16395,1.16391,5300000,370000
2020-09-24 12:35:11.256000,1.16394,1.16391,1570000,370000
2020-09-24 12:35:11.408000,1.16394,1.16392,5110000,1310000
2020-09-24 12:35:11.459000,1.16395,1.16393,5860000,1310000
2020-09-24 12:35:11.561000,1.16396,1.16394,5180000,1870000
2020-09-24 12:35:12.031000,1.16398,1.16393,3710000,1870000
2020-09-24 12:35:12.746000,1.16397,1.16393,5110000,1120000
2020-09-24 12:35:13.266000,1.16398,1.16394,10060000,190000
2020-09-24 12:35:13.317000,1.16398,1.16396,5110000,940000
2020-09-24 12:35:13.418000,1.16399,1.16398,820000,9890000
2020-09-24 12:35:13.520000,1.16399,1.16395,5180000,370000
2020-09-24 12:35:13.622000,1.16399,1.16394,5180000,12030000
2020-09-24 12:35:14.982000,1.16397,1.16395,820000,1120000
2020-09-24 12:35:15.134000,1.16397,1.16394,100000,370000
2020-09-24 12:35:15.287000,1.16393,1.16392,5180000,11020000
2020-09-24 12:35:15.389000,1.16396,1.16392,5560000,750000
2020-09-24 12:35:15.491000,1.16397,1.16392,7130000,2250000
2020-09-24 12:35:16.052000,1.16397,1.16393,6610000,750000
2020-09-24 12:35:16.155000,1.16397,1.16392,6610000,11770000
2020-09-24 12:35:17.366000,1.16397,1.16393,750000,100000
2020-09-24 12:35:17.468000,1.16397,1.16393,7880000,12330000
2020-09-24 12:35:17.570000,1.16397,1.16392,5110000,12330000
2020-09-24 12:35:19.396000,1.16395,1.16392,5110000,11090000
2020-09-24 12:35:19.499000,1.16396,1.16392,8560000,11090000
2020-09-24 12:35:19.952000,1.16395,1.16392,450000,11090000
2020-09-24 12:35:20.345000,1.16396,1.16392,7810000,11090000
2020-09-24 12:35:20.446000,1.16395,1.16392,5110000,14090000
2020-09-24 12:35:20.611000,1.16396,1.16392,10810000,14090000
2020-09-24 12:35:20.919000,1.16397,1.16392,2700000,9890000
2020-09-24 12:35:21.071000,1.16396,1.16392,750000,10720000
2020-09-24 12:35:21.173000,1.16396,1.16393,750000,11020000
2020-09-24 12:35:21.740000,1.16394,1.16392,2620000,10270000
2020-09-24 12:35:21.792000,1.16393,1.1639,2440000,370000
2020-09-24 12:35:21.894000,1.16393,1.16389,7920000,100000
2020-09-24 12:35:21.996000,1.16393,1.16388,8000000,13640000
2020-09-24 12:35:22.622000,1.16391,1.16389,5110000,3750000
2020-09-24 12:35:23.323000,1.16391,1.16387,2700000,9890000
2020-09-24 12:35:23.374000,1.16388,1.16387,1950000,10080000
2020-09-24 12:35:23.476000,1.16389,1.16387,5480000,1310000
2020-09-24 12:35:23.578000,1.1639,1.16387,6310000,11200000
2020-09-24 12:35:23.915000,1.1639,1.16386,190000,11020000
2020-09-24 12:35:24.017000,1.16389,1.16385,190000,11090000
2020-09-24 12:35:24.271000,1.1639,1.16386,5750000,100000
2020-09-24 12:35:24.831000,1.16389,1.16388,190000,100000
2020-09-24 12:35:25.035000,1.1639,1.16386,190000,11090000
2020-09-24 12:35:25.289000,1.16389,1.16388,190000,820000
2020-09-24 12:35:25.972000,1.1639,1.16388,190000,9890000
2020-09-24 12:35:26.073000,1.1639,1.16387,190000,11090000
2020-09-24 12:35:26.377000,1.1639,1.16388,190000,9890000
2020-09-24 12:35:26.815000,1.1639,1.16389,370000,9890000
2020-09-24 12:35:26.967000,1.16391,1.16387,370000,14090000
2020-09-24 12:35:27.683000,1.16392,1.16387,3190000,11840000
2020-09-24 12:35:28.012000,1.16392,1.16388,940000,9890000
2020-09-24 12:35:28.114000,1.16392,1.16389,1120000,9890000
2020-09-24 12:35:28.215000,1.16391,1.16387,2250000,750000
2020-09-24 12:35:28.266000,1.16388,1.16387,2620000,9890000
2020-09-24 12:35:28.368000,1.16387,1.16385,750000,640000
2020-09-24 12:35:28.714000,1.16387,1.16384,940000,370000
2020-09-24 12:35:29.617000,1.16388,1.16384,7920000,370000
2020-09-24 12:35:30.660000,1.16388,1.16385,370000,100000
2020-09-24 12:35:30.762000,1.16389,1.16386,370000,11090000
2020-09-24 12:35:31.702000,1.16388,1.16387,750000,9890000
2020-09-24 12:35:31.804000,1.16388,1.16386,1120000,370000
2020-09-24 12:35:31.956000,1.16388,1.16384,370000,14020000
2020-09-24 12:35:32.160000,1.16386,1.16385,5110000,750000
2020-09-24 12:35:32.719000,1.16388,1.16384,370000,750000
2020-09-24 12:35:32.821000,1.1639,1.16387,450000,100000
2020-09-24 12:35:32.975000,1.16391,1.16388,11180000,11840000
2020-09-24 12:35:33.419000,1.16389,1.16387,2990000,14770000
2020-09-24 12:35:33.471000,1.16389,1.16385,750000,10340000
2020-09-24 12:35:33.573000,1.16389,1.16384,5860000,4120000
2020-09-24 12:35:33.878000,1.16389,1.16385,5110000,640000
2020-09-24 12:35:33.980000,1.16389,1.16387,5110000,750000
2020-09-24 12:35:34.031000,1.1639,1.16388,5110000,1120000
2020-09-24 12:35:34.132000,1.16392,1.16387,8180000,11020000
2020-09-24 12:35:34.430000,1.16388,1.16386,750000,11840000
2020-09-24 12:35:34.582000,1.16389,1.16383,8560000,14280000
2020-09-24 12:35:34.684000,1.16388,1.16383,5860000,14280000
2020-09-24 12:35:34.988000,1.16389,1.16385,5180000,1200000
2020-09-24 12:35:35.090000,1.16389,1.16386,5110000,1120000
2020-09-24 12:35:35.191000,1.1639,1.16386,1120000,1120000
2020-09-24 12:35:35.293000,1.16391,1.16386,9120000,1120000
2020-09-24 12:35:37.427000,1.16389,1.16387,370000,1120000
2020-09-24 12:35:37.579000,1.1639,1.16387,8750000,1120000
2020-09-24 12:35:38.560000,1.16388,1.16386,1120000,11020000
2020-09-24 12:35:38.662000,1.16388,1.16384,5860000,370000
2020-09-24 12:35:38.713000,1.16388,1.16382,6230000,23350000
2020-09-24 12:35:38.814000,1.16388,1.16383,6680000,3000000
2020-09-24 12:35:38.915000,1.16387,1.16383,5110000,3000000
2020-09-24 12:35:39.017000,1.16388,1.16383,6680000,3000000
2020-09-24 12:35:39.118000,1.16386,1.16383,5110000,14770000
2020-09-24 12:35:39.271000,1.16386,1.16384,5110000,750000
2020-09-24 12:35:39.523000,1.16387,1.16382,5110000,13270000
2020-09-24 12:35:39.835000,1.16386,1.16382,750000,12520000
2020-09-24 12:35:40.139000,1.16386,1.16383,5860000,12590000
2020-09-24 12:35:40.402000,1.16387,1.16383,750000,3000000
2020-09-24 12:35:40.503000,1.16387,1.16384,8370000,3000000
2020-09-24 12:35:40.605000,1.16387,1.16382,1200000,9890000
2020-09-24 12:35:40.757000,1.16387,1.16381,7250000,11770000
2020-09-24 12:35:41.162000,1.16386,1.16381,370000,11770000
2020-09-24 12:35:44.714000,1.16385,1.16381,2440000,10640000
2020-09-24 12:35:44.815000,1.16382,1.1638,370000,9890000
2020-09-24 12:35:44.917000,1.16382,1.16379,370000,3000000
2020-09-24 12:35:45.018000,1.16382,1.16381,5480000,750000
2020-09-24 12:35:45.069000,1.16384,1.16382,100000,750000
2020-09-24 12:35:45.171000,1.16386,1.16382,5480000,750000
2020-09-24 12:35:45.893000,1.16386,1.16383,370000,750000
2020-09-24 12:35:46.596000,1.16386,1.16382,370000,750000
2020-09-24 12:35:47.111000,1.16385,1.16384,370000,750000
2020-09-24 12:35:47.213000,1.16386,1.16384,370000,1570000
2020-09-24 12:35:47.315000,1.16389,1.16385,5110000,190000
2020-09-24 12:35:47.417000,1.1639,1.16386,370000,10640000
2020-09-24 12:35:47.520000,1.1639,1.16387,5110000,370000
2020-09-24 12:35:47.622000,1.16391,1.16387,5180000,370000
2020-09-24 12:35:48.091000,1.16392,1.16387,1200000,3370000
2020-09-24 12:35:48.574000,1.16391,1.1639,5560000,2510000
2020-09-24 12:35:48.675000,1.16395,1.16391,2400000,1120000
2020-09-24 12:35:48.777000,1.16395,1.1639,5110000,15590000
2020-09-24 12:35:48.929000,1.16393,1.1639,5110000,14770000
2020-09-24 12:35:49.081000,1.16393,1.16389,5860000,16600000
2020-09-24 12:35:49.385000,1.16393,1.16388,5860000,4950000
2020-09-24 12:35:49.672000,1.16392,1.16388,5110000,4120000
2020-09-24 12:35:49.774000,1.16392,1.16389,5110000,750000
2020-09-24 12:35:49.927000,1.16392,1.1639,5110000,750000
2020-09-24 12:35:49.978000,1.16391,1.16388,1500000,13640000
2020-09-24 12:35:50.081000,1.16392,1.16388,7060000,13640000
2020-09-24 12:35:50.182000,1.16391,1.16388,10920000,750000
2020-09-24 12:35:50.385000,1.16389,1.16387,190000,14770000
2020-09-24 12:35:50.486000,1.16388,1.16387,5110000,1870000
2020-09-24 12:35:50.588000,1.16389,1.16387,560000,1870000
2020-09-24 12:35:50.892000,1.16389,1.16386,5110000,3750000
2020-09-24 12:35:51.126000,1.1639,1.16386,5300000,750000
2020-09-24 12:35:51.456000,1.16389,1.16386,5110000,750000
2020-09-24 12:35:51.747000,1.1639,1.16386,5300000,750000
2020-09-24 12:35:51.900000,1.16391,1.16386,6230000,11470000
2020-09-24 12:35:52.547000,1.1639,1.16388,6230000,750000
2020-09-24 12:35:53.738000,1.16391,1.16388,5480000,750000
2020-09-24 12:35:54.143000,1.16389,1.16388,190000,750000
2020-09-24 12:35:54.245000,1.16391,1.16388,370000,1500000
2020-09-24 12:35:54.599000,1.16391,1.16387,370000,11770000
2020-09-24 12:35:55.122000,1.1639,1.16386,5300000,4500000
2020-09-24 12:35:55.223000,1.1639,1.16387,5110000,3820000
2020-09-24 12:35:55.324000,1.16391,1.16388,1120000,750000
2020-09-24 12:35:56.606000,1.1639,1.16388,1520000,13640000
2020-09-24 12:35:58.012000,1.1639,1.16387,1200000,16530001
2020-09-24 12:35:58.180000,1.1639,1.16388,1200000,750000
2020-09-24 12:35:58.281000,1.16392,1.16391,6680000,820000
2020-09-24 12:35:58.383000,1.16393,1.16391,5110000,2320000
2020-09-24 12:35:58.434000,1.16396,1.16392,7550000,1500000
2020-09-24 12:35:59.553000,1.16394,1.1639,1500000,10080000
2020-09-24 12:35:59.655000,1.16393,1.16392,5110000,4760000
2020-09-24 12:35:59.757000,1.16394,1.16392,1120000,820000
2020-09-24 12:36:00.041000,1.16393,1.16391,820000,10830000
2020-09-24 12:36:00.194000,1.16394,1.16389,7250000,15780000
2020-09-24 12:36:00.295000,1.16392,1.1639,100000,15700000
2020-09-24 12:36:00.748000,1.16392,1.16389,100000,14020000
2020-09-24 12:36:00.850000,1.16391,1.16388,820000,370000
2020-09-24 12:36:00.951000,1.1639,1.16386,100000,2620000
2020-09-24 12:36:01.257000,1.16391,1.16386,5930000,16270000
2020-09-24 12:36:01.410000,1.16389,1.16386,1310000,13270000
2020-09-24 12:36:01.511000,1.16388,1.16386,6870000,14020000
2020-09-24 12:36:01.613000,1.16387,1.16386,5110000,4120000
2020-09-24 12:36:01.876000,1.16389,1.16385,6950000,4120000
2020-09-24 12:36:01.978000,1.16388,1.16385,5110000,4120000
2020-09-24 12:36:03.769000,1.16386,1.16384,3070000,750000
2020-09-24 12:36:03.871000,1.16386,1.16383,10170000,9890000
2020-09-24 12:36:03.973000,1.16384,1.16381,820000,370000
2020-09-24 12:36:04.074000,1.16383,1.16381,450000,9890000
2020-09-24 12:36:04.227000,1.16384,1.16379,5180000,15700000
2020-09-24 12:36:04.328000,1.16384,1.1638,5110000,3750000
2020-09-24 12:36:04.480000,1.16385,1.1638,710000,14020000
2020-09-24 12:36:04.987000,1.16384,1.16383,370000,820000
2020-09-24 12:36:05.089000,1.16386,1.16382,370000,12590000
2020-09-24 12:36:05.291000,1.16385,1.16382,520000,17200001
2020-09-24 12:36:05.645000,1.16384,1.16381,100000,11020000
2020-09-24 12:36:05.747000,1.16383,1.16379,100000,11390000
2020-09-24 12:36:05.949000,1.16381,1.1638,370000,1500000
2020-09-24 12:36:06.050000,1.16382,1.16378,370000,14390000
2020-09-24 12:36:06.101000,1.16383,1.16381,5110000,1500000
2020-09-24 12:36:06.203000,1.16385,1.16381,370000,12140000
2020-09-24 12:36:06.444000,1.16384,1.16383,370000,9890000
2020-09-24 12:36:06.545000,1.16385,1.16381,370000,15140000
2020-09-24 12:36:06.699000,1.16384,1.16383,370000,9890000
2020-09-24 12:36:07.089000,1.16384,1.16382,100000,9890000
2020-09-24 12:36:07.190000,1.16383,1.1638,450000,9890000
2020-09-24 12:36:07.292000,1.16382,1.1638,5560000,12890000
2020-09-24 12:36:07.393000,1.16381,1.1638,5110000,3000000
2020-09-24 12:36:07.495000,1.16381,1.16379,5110000,10830000
2020-09-24 12:36:07.596000,1.16383,1.16378,520000,10830000
2020-09-24 12:36:07.798000,1.16382,1.1638,520000,3000000
2020-09-24 12:36:08.101000,1.16383,1.16378,5560000,1690000
2020-09-24 12:36:08.206000,1.16382,1.1638,450000,3000000
2020-09-24 12:36:08.550000,1.16382,1.16379,5560000,13830000
2020-09-24 12:36:08.803000,1.16383,1.16382,1200000,750000
2020-09-24 12:36:08.905000,1.16385,1.16382,5110000,820000
2020-09-24 12:36:09.008000,1.16386,1.16383,1390000,15220000
2020-09-24 12:36:09.110000,1.16387,1.16383,7250000,9890000
2020-09-24 12:36:09.212000,1.16387,1.16382,6500000,12220000
2020-09-24 12:36:09.314000,1.16387,1.16383,5560000,9890000
2020-09-24 12:36:09.417000,1.16387,1.16382,450000,15480000
2020-09-24 12:36:09.570000,1.16386,1.16384,450000,9890000
2020-09-24 12:36:09.977000,1.16387,1.16386,5560000,750000
2020-09-24 12:36:10.029000,1.1639,1.16386,1310000,750000
2020-09-24 12:36:10.131000,1.16391,1.16386,450000,15100000
2020-09-24 12:36:10.234000,1.16391,1.16387,450000,9890000
2020-09-24 12:36:10.948000,1.16391,1.16386,450000,15780000
2020-09-24 12:36:11.050000,1.16389,1.16387,100000,14580000
2020-09-24 12:36:11.253000,1.16389,1.16388,100000,9890000
2020-09-24 12:36:11.665000,1.16391,1.16387,820000,9890000
2020-09-24 12:36:12.175000,1.1639,1.16389,450000,3000000
2020-09-24 12:36:13.047000,1.16392,1.16388,1120000,1570000
2020-09-24 12:36:13.149000,1.16393,1.16389,6310000,3000000
2020-09-24 12:36:13.250000,1.16393,1.16388,5930000,15330000
2020-09-24 12:36:13.908000,1.16391,1.16389,750000,15330000
2020-09-24 12:36:14.010000,1.16392,1.16388,6870000,3000000
2020-09-24 12:36:14.372000,1.16392,1.1639,5180000,750000
2020-09-24 12:36:14.474000,1.16393,1.16391,370000,190000
2020-09-24 12:36:14.576000,1.16396,1.16391,6380000,9890000
2020-09-24 12:36:14.879000,1.16396,1.1639,820000,17730000
2020-09-24 12:36:15.452000,1.16396,1.16391,820000,11020000
2020-09-24 12:36:16.442000,1.16394,1.16391,1010000,10270000
2020-09-24 12:36:16.543000,1.16395,1.16391,370000,10720000
2020-09-24 12:36:16.746000,1.16396,1.16391,6760000,10720000
2020-09-24 12:36:16.847000,1.16396,1.16392,1200000,3000000
2020-09-24 12:36:17.861000,1.16396,1.16391,820000,14840000
2020-09-24 12:36:18.013000,1.16395,1.16391,260000,9890000
2020-09-24 12:36:18.216000,1.16395,1.16393,5860000,1120000
2020-09-24 12:36:18.679000,1.16396,1.16393,750000,14020000
2020-09-24 12:36:19.720000,1.16396,1.16394,750000,9890000
2020-09-24 12:36:20.260000,1.16396,1.16393,750000,11200000
2020-09-24 12:36:20.373000,1.16398,1.16393,6230000,1500000
2020-09-24 12:36:20.476000,1.16399,1.16394,5110000,12330000
2020-09-24 12:36:20.579000,1.164,1.16395,820000,11020000
2020-09-24 12:36:20.682000,1.164,1.16397,7250000,9890000
2020-09-24 12:36:21.140000,1.16401,1.16398,940000,9890000
2020-09-24 12:36:21.345000,1.164,1.16398,940000,3000000
2020-09-24 12:36:21.707000,1.164,1.16399,1010000,750000
2020-09-24 12:36:22.407000,1.16402,1.16398,940000,14390000
2020-09-24 12:36:22.509000,1.16402,1.16399,5480000,15400000
2020-09-24 12:36:22.611000,1.16403,1.16401,5110000,750000
2020-09-24 12:36:22.713000,1.16404,1.16402,190000,14390000
2020-09-24 12:36:23.320000,1.16403,1.16399,5110000,1870000
2020-09-24 12:36:23.560000,1.16403,1.16399,8630000,16830000
2020-09-24 12:36:23.661000,1.16403,1.16398,5110000,16830000
2020-09-24 12:36:25.169000,1.16404,1.16398,9760000,16450001
2020-09-24 12:36:25.287000,1.16403,1.16398,5110000,17580000
2020-09-24 12:36:25.338000,1.16403,1.164,5110000,940000
2020-09-24 12:36:25.440000,1.16404,1.16403,6610000,750000
2020-09-24 12:36:25.491000,1.16406,1.16402,750000,1870000
2020-09-24 12:36:26.122000,1.16405,1.16404,750000,370000
2020-09-24 12:36:26.223000,1.16407,1.16403,5860000,370000
2020-09-24 12:36:26.845000,1.16408,1.16404,5260000,1500000
2020-09-24 12:36:27.148000,1.16408,1.16405,6680000,11390000
2020-09-24 12:36:27.334000,1.16408,1.16404,5110000,1500000
2020-09-24 12:36:28.060000,1.16404,1.16403,3560000,10270000
2020-09-24 12:36:28.162000,1.16403,1.16402,5110000,560000
2020-09-24 12:36:28.466000,1.16403,1.16401,5110000,190000
2020-09-24 12:36:29.126000,1.16404,1.16401,7060000,190000
2020-09-24 12:36:29.649000,1.16404,1.164,1200000,190000
2020-09-24 12:36:30.932000,1.16403,1.164,370000,190000
2020-09-24 12:36:31.578000,1.16403,1.16401,6310000,190000
2020-09-24 12:36:32.829000,1.16403,1.164,1120000,190000
2020-09-24 12:36:34.662000,1.16401,1.164,370000,1310000
2020-09-24 12:36:34.764000,1.16399,1.16398,260000,10640000
2020-09-24 12:36:34.866000,1.16399,1.16397,750000,9890000
2020-09-24 12:36:34.968000,1.16399,1.16394,6680000,12700000
2020-09-24 12:36:35.069000,1.16398,1.16394,5180000,750000
2020-09-24 12:36:35.170000,1.16397,1.16394,6310000,4870000
2020-09-24 12:36:35.839000,1.16396,1.16394,5110000,5810000
2020-09-24 12:36:36.465000,1.16397,1.16392,5480000,2890000
2020-09-24 12:36:39.499000,1.16396,1.16392,560000,13640000
2020-09-24 12:36:39.652000,1.16394,1.16391,1500000,9890000
2020-09-24 12:36:39.753000,1.16393,1.16391,6610000,190000
2020-09-24 12:36:39.956000,1.16393,1.1639,5110000,190000
2020-09-24 12:36:42.157000,1.16392,1.1639,5110000,7390000
2020-09-24 12:36:42.705000,1.16393,1.1639,6230000,190000
2020-09-24 12:36:43.834000,1.16393,1.16391,5110000,100000
2020-09-24 12:36:43.885000,1.16394,1.16392,5480000,1760000
2020-09-24 12:36:43.986000,1.16394,1.16393,370000,3000000
2020-09-24 12:36:44.309000,1.16395,1.16391,5480000,11650000
2020-09-24 12:36:44.411000,1.16395,1.16392,370000,750000
2020-09-24 12:36:44.913000,1.16395,1.16393,5860000,3750000
2020-09-24 12:36:46.197000,1.16395,1.16391,750000,10830000
2020-09-24 12:36:46.299000,1.16394,1.1639,8110000,11200000
2020-09-24 12:36:46.400000,1.16393,1.1639,5110000,1310000
2020-09-24 12:36:46.502000,1.16392,1.1639,5110000,1310000
2020-09-24 12:36:46.603000,1.16393,1.1639,5110000,1310000
2020-09-24 12:36:46.782000,1.16393,1.16391,5110000,190000
2020-09-24 12:36:46.833000,1.16395,1.16392,5480000,750000
2020-09-24 12:36:46.935000,1.16396,1.16392,750000,11390000
2020-09-24 12:36:47.289000,1.16396,1.16394,6230000,750000
2020-09-24 12:36:47.935000,1.16397,1.16394,6230000,750000
2020-09-24 12:36:48.037000,1.16399,1.16395,6230000,2440000
2020-09-24 12:36:48.190000,1.16399,1.16397,5110000,10640000
2020-09-24 12:36:48.291000,1.16401,1.16397,8670000,12590000
2020-09-24 12:36:48.393000,1.16401,1.16398,5670000,750000
2020-09-24 12:36:48.595000,1.164,1.16398,5110000,750000
2020-09-24 12:36:48.849000,1.16401,1.16398,5670000,750000
2020-09-24 12:36:49.104000,1.16401,1.16397,5670000,2620000
2020-09-24 12:36:49.562000,1.164,1.16399,5670000,750000
2020-09-24 12:36:52.040000,1.16402,1.164,5110000,750000
2020-09-24 12:36:52.192000,1.16402,1.16399,5110000,560000
2020-09-24 12:36:52.345000,1.16401,1.16399,5110000,560000
2020-09-24 12:36:52.650000,1.16401,1.164,8110000,560000
2020-09-24 12:36:52.881000,1.16401,1.16399,5110000,560000
2020-09-24 12:36:52.983000,1.16401,1.164,8110000,560000
2020-09-24 12:36:53.324000,1.16399,1.16398,1570000,14200000
2020-09-24 12:36:53.426000,1.16399,1.16397,6680000,750000
2020-09-24 12:36:53.528000,1.16399,1.16394,8930000,11950000
2020-09-24 12:36:53.630000,1.16398,1.16394,5110000,5810000
2020-09-24 12:36:53.732000,1.16397,1.16394,5110000,15700000
2020-09-24 12:36:53.885000,1.16399,1.16394,7430000,15700000
2020-09-24 12:36:53.986000,1.16398,1.16394,5110000,15700000
2020-09-24 12:36:54.410000,1.16399,1.16394,7430000,15700000
2020-09-24 12:36:54.627000,1.16398,1.16394,5110000,15700000
2020-09-24 12:36:54.892000,1.16399,1.16394,7430000,15700000
2020-09-24 12:36:55.580000,1.16398,1.16394,5110000,15700000
2020-09-24 12:36:55.682000,1.16399,1.16395,7360000,11020000
2020-09-24 12:36:55.834000,1.16399,1.16396,5110000,750000
2020-09-24 12:36:55.936000,1.164,1.16397,5110000,1120000
2020-09-24 12:36:56.037000,1.16401,1.16397,5860000,11020000
2020-09-24 12:36:56.139000,1.164,1.16397,820000,9890000
2020-09-24 12:36:56.240000,1.164,1.16396,6680000,750000
2020-09-24 12:36:56.556000,1.16399,1.16396,5110000,750000
2020-09-24 12:36:56.660000,1.16398,1.16396,5110000,750000
2020-09-24 12:36:57.103000,1.16399,1.16396,5110000,750000
2020-09-24 12:36:57.306000,1.16398,1.16396,5110000,750000
2020-09-24 12:36:57.408000,1.16398,1.16395,5860000,750000
2020-09-24 12:36:57.560000,1.16399,1.16395,5860000,1870000
2020-09-24 12:36:57.976000,1.16399,1.16396,5110000,100000
2020-09-24 12:36:58.078000,1.164,1.16398,190000,750000
2020-09-24 12:36:58.180000,1.16401,1.16398,5110000,11770000
2020-09-24 12:36:58.281000,1.16403,1.16399,5110000,11950000
2020-09-24 12:36:58.434000,1.16402,1.16399,5110000,11770000
2020-09-24 12:36:58.485000,1.16404,1.164,6610000,370000
2020-09-24 12:36:58.689000,1.16404,1.16401,6230000,370000
2020-09-24 12:36:58.791000,1.16402,1.164,5110000,2060000
2020-09-24 12:36:58.842000,1.16404,1.164,6680000,2060000
2020-09-24 12:36:58.944000,1.16402,1.164,5110000,1870000
2020-09-24 12:36:59.247000,1.16403,1.164,5110000,1870000
2020-09-24 12:36:59.501000,1.16402,1.164,5110000,1870000
2020-09-24 12:37:00.681000,1.16403,1.164,5860000,1870000
2020-09-24 12:37:01.211000,1.16404,1.16402,5110000,750000
2020-09-24 12:37:01.313000,1.16406,1.16403,5860000,370000
2020-09-24 12:37:01.414000,1.16406,1.16405,5110000,750000
2020-09-24 12:37:01.465000,1.16408,1.16405,6980000,370000
2020-09-24 12:37:01.567000,1.16407,1.16405,5110000,370000
2020-09-24 12:37:01.720000,1.16406,1.16404,5110000,1500000
2020-09-24 12:37:01.821000,1.16407,1.16405,8930000,1870000
2020-09-24 12:37:01.923000,1.16405,1.16404,5110000,1500000
2020-09-24 12:37:02.080000,1.16406,1.16405,8110000,1500000
2020-09-24 12:37:02.300000,1.16406,1.16404,5110000,1500000
2020-09-24 12:37:02.401000,1.16407,1.16405,5110000,370000
2020-09-24 12:37:03.101000,1.16408,1.16405,8180000,370000
2020-09-24 12:37:03.528000,1.16406,1.16405,5110000,2060000
2020-09-24 12:37:04.137000,1.16404,1.16402,3370000,9890000
2020-09-24 12:37:04.239000,1.16402,1.164,5110000,370000
2020-09-24 12:37:05.008000,1.16401,1.16399,8110000,2440000
2020-09-24 12:37:05.110000,1.16402,1.16399,8110000,1500000
2020-09-24 12:37:06.171000,1.16402,1.164,5110000,370000
2020-09-24 12:37:07.209000,1.16402,1.16399,5110000,1870000
2020-09-24 12:37:10.142000,1.16404,1.16402,750000,100000
2020-09-24 12:37:10.244000,1.16407,1.16405,10870000,1120000
2020-09-24 12:37:10.345000,1.16407,1.16406,12610000,1500000
2020-09-24 12:37:11.248000,1.16405,1.16402,100000,9890000
2020-09-24 12:37:11.349000,1.16403,1.16402,3070000,9890000
2020-09-24 12:37:11.451000,1.16403,1.16402,5110000,750000
2020-09-24 12:37:11.552000,1.16404,1.16401,5180000,750000
2020-09-24 12:37:12.287000,1.16404,1.164,7430000,1870000
2020-09-24 12:37:12.389000,1.16402,1.16401,370000,1500000
2020-09-24 12:37:12.491000,1.16403,1.16402,6610000,750000
2020-09-24 12:37:12.542000,1.16405,1.16403,5110000,370000
2020-09-24 12:37:12.644000,1.16406,1.16404,9310000,370000
2020-09-24 12:37:13.302000,1.16406,1.16403,5110000,370000
2020-09-24 12:37:13.657000,1.16407,1.16403,8560000,370000
2020-09-24 12:37:14.079000,1.16407,1.16402,10810000,1690000
2020-09-24 12:37:14.282000,1.16406,1.16402,1200000,750000
2020-09-24 12:37:14.384000,1.16404,1.16403,8110000,750000
2020-09-24 12:37:14.701000,1.16406,1.16402,6310000,750000
2020-09-24 12:37:15.367000,1.16405,1.16402,5110000,750000
2020-09-24 12:37:15.469000,1.16406,1.16402,6310000,750000
2020-09-24 12:37:15.571000,1.16404,1.16402,5110000,750000
2020-09-24 12:37:15.970000,1.16405,1.16402,5110000,750000
2020-09-24 12:37:16.300000,1.16405,1.16401,5560000,1120000
2020-09-24 12:37:16.401000,1.16404,1.16399,8560000,16639999
2020-09-24 12:37:16.503000,1.16403,1.16399,5110000,6750000
2020-09-24 12:37:16.901000,1.16402,1.16399,5110000,6560000
2020-09-24 12:37:17.341000,1.16403,1.16399,3000000,3560000
2020-09-24 12:37:17.442000,1.16401,1.164,5110000,3750000
2020-09-24 12:37:17.645000,1.16403,1.16399,3000000,13640000
2020-09-24 12:37:17.747000,1.16402,1.16399,5110000,3560000
2020-09-24 12:37:18.846000,1.16403,1.16399,8110000,3560000
2020-09-24 12:37:19.080000,1.16401,1.164,5110000,6560000
2020-09-24 12:37:19.479000,1.16403,1.16399,8560000,13450000
2020-09-24 12:37:19.580000,1.16402,1.16399,5110000,3560000
2020-09-24 12:37:22.485000,1.16399,1.16397,3440000,15030000
2020-09-24 12:37:22.587000,1.164,1.16397,5110000,1690000
2020-09-24 12:37:22.688000,1.16401,1.16397,4120000,1870000
2020-09-24 12:37:22.790000,1.16398,1.16397,820000,11020000
2020-09-24 12:37:22.841000,1.16397,1.16396,5110000,5250000
2020-09-24 12:37:22.993000,1.16397,1.16396,5930000,1310000
2020-09-24 12:37:23.094000,1.16397,1.16396,5930000,940000
2020-09-24 12:37:25.018000,1.16399,1.16395,6230000,1390000
2020-09-24 12:37:25.120000,1.164,1.16397,370000,2060000
2020-09-24 12:37:25.323000,1.164,1.16396,6870000,370000
2020-09-24 12:37:25.425000,1.16398,1.16396,370000,6000000
2020-09-24 12:37:25.526000,1.16398,1.16395,5860000,3000000
2020-09-24 12:37:25.629000,1.16398,1.16394,6610000,11950000
2020-09-24 12:37:31.076000,1.16395,1.16394,820000,13640000
2020-09-24 12:37:31.178000,1.16396,1.16392,1010000,10640000
2020-09-24 12:37:31.279000,1.16395,1.16394,940000,10640000
2020-09-24 12:37:31.768000,1.16395,1.16392,190000,10640000
2020-09-24 12:37:31.869000,1.16394,1.16391,1500000,10640000
2020-09-24 12:37:32.021000,1.16393,1.16391,6610000,11950000
2020-09-24 12:37:32.174000,1.16394,1.16391,5110000,2140000
2020-09-24 12:37:32.275000,1.16396,1.16392,6050000,14950000
2020-09-24 12:37:33.071000,1.16397,1.16393,5860000,750000
2020-09-24 12:37:36.342000,1.16395,1.16394,1570000,4870000
2020-09-24 12:37:36.444000,1.16395,1.16391,3190000,11280000
2020-09-24 12:37:36.545000,1.16393,1.16392,750000,9890000
2020-09-24 12:37:36.666000,1.16394,1.1639,5860000,12030000
2020-09-24 12:37:37.459000,1.16393,1.1639,5110000,2060000
2020-09-24 12:37:37.560000,1.16393,1.16391,8860000,2060000
2020-09-24 12:37:37.890000,1.16392,1.16391,5110000,2060000
2020-09-24 12:37:38.050000,1.16394,1.1639,8110000,12140000
2020-09-24 12:37:39.191000,1.16393,1.1639,5110000,2060000
2020-09-24 12:37:39.293000,1.16394,1.1639,9980000,2060000
2020-09-24 12:37:39.395000,1.16393,1.1639,5860000,2060000
2020-09-24 12:37:41.157000,1.16393,1.16392,5110000,260000
2020-09-24 12:37:41.209000,1.16395,1.16392,5110000,3070000
2020-09-24 12:37:41.312000,1.16396,1.16392,5110000,15220000
2020-09-24 12:37:41.415000,1.16397,1.16392,5860000,15290000
2020-09-24 12:37:41.517000,1.16397,1.16393,6800000,9890000
2020-09-24 12:37:43.062000,1.16397,1.16394,6800000,9890000
2020-09-24 12:37:43.857000,1.16396,1.16394,750000,9890000
2020-09-24 12:37:43.960000,1.16395,1.16393,1870000,9890000
2020-09-24 12:37:44.062000,1.16396,1.16392,1120000,3820000
2020-09-24 12:37:44.163000,1.16397,1.16393,5860000,11390000
2020-09-24 12:37:45.551000,1.16396,1.16393,940000,5060000
2020-09-24 12:37:45.653000,1.16396,1.16392,5300000,1120000
2020-09-24 12:37:45.855000,1.16396,1.16393,5300000,750000
2020-09-24 12:37:47.505000,1.16397,1.16393,940000,11770000
2020-09-24 12:37:49.148000,1.16395,1.16392,190000,11020000
2020-09-24 12:37:49.250000,1.16396,1.16392,6050000,12700000
2020-09-24 12:37:49.352000,1.16396,1.16393,6050000,13640000
2020-09-24 12:37:49.970000,1.16395,1.16393,5480000,16080000
2020-09-24 12:37:50.071000,1.16397,1.16393,6420000,1500000
2020-09-24 12:37:52.025000,1.16398,1.16396,370000,750000
2020-09-24 12:37:52.127000,1.16398,1.16396,370000,15970000
2020-09-24 12:37:52.228000,1.16399,1.16397,6050000,750000
2020-09-24 12:37:52.482000,1.164,1.16395,6870000,16080000
2020-09-24 12:37:52.583000,1.16397,1.16396,750000,750000
2020-09-24 12:37:52.736000,1.16396,1.16395,370000,9890000
2020-09-24 12:37:52.837000,1.16397,1.16393,370000,14390000
2020-09-24 12:37:53.091000,1.16395,1.16393,6050000,12140000
2020-09-24 12:37:53.195000,1.16396,1.16393,5110000,750000
2020-09-24 12:37:53.296000,1.16397,1.16392,7550000,12220000
2020-09-24 12:37:53.652000,1.16397,1.16393,6870000,750000
2020-09-24 12:37:54.793000,1.16396,1.16393,1390000,12140000
2020-09-24 12:37:55.326000,1.16397,1.16394,1120000,3000000
2020-09-24 12:37:55.429000,1.16398,1.16394,5110000,7690000
2020-09-24 12:37:55.531000,1.16399,1.16395,11000000,9890000
2020-09-24 12:37:55.653000,1.16398,1.16394,5110000,10640000
2020-09-24 12:37:55.805000,1.16399,1.16394,11000000,10640000
2020-09-24 12:37:55.987000,1.16398,1.16394,5110000,750000
2020-09-24 12:37:56.834000,1.16399,1.16394,11000000,3750000
2020-09-24 12:37:57.057000,1.16398,1.16393,2890000,14390000
2020-09-24 12:37:57.158000,1.16397,1.16395,8000000,750000
2020-09-24 12:37:57.261000,1.16396,1.16395,370000,750000
2020-09-24 12:37:57.362000,1.16397,1.16395,8000000,750000
2020-09-24 12:37:57.464000,1.16396,1.16395,5480000,750000
2020-09-24 12:37:58.322000,1.16395,1.16392,1690000,12890000
2020-09-24 12:37:58.424000,1.16394,1.16392,190000,750000
2020-09-24 12:37:58.525000,1.16394,1.16391,190000,750000
2020-09-24 12:37:59.353000,1.16395,1.16393,14670000,750000
2020-09-24 12:37:59.404000,1.16394,1.16392,7170000,10640000
2020-09-24 12:37:59.505000,1.16393,1.16392,190000,750000
2020-09-24 12:37:59.708000,1.16395,1.16393,2060000,750000
2020-09-24 12:38:00.113000,1.16394,1.16391,6050000,9890000
2020-09-24 12:38:00.265000,1.16393,1.16391,6050000,11020000
2020-09-24 12:38:00.367000,1.16393,1.1639,5110000,11020000
2020-09-24 12:38:00.569000,1.16394,1.1639,6050000,11020000
2020-09-24 12:38:01.604000,1.16394,1.16391,5860000,100000
2020-09-24 12:38:01.705000,1.16394,1.16392,750000,750000
2020-09-24 12:38:01.806000,1.16394,1.16391,750000,9890000
2020-09-24 12:38:02.402000,1.16394,1.16392,750000,750000
2020-09-24 12:38:02.605000,1.16394,1.16391,750000,10720000
2020-09-24 12:38:02.706000,1.16394,1.16392,9610000,10260000
2020-09-24 12:38:03.174000,1.16395,1.16393,8110000,370000
2020-09-24 12:38:04.378000,1.16394,1.16392,750000,10640000
2020-09-24 12:38:04.737000,1.16393,1.16392,750000,12330000
2020-09-24 12:38:05.061000,1.16395,1.16393,12420000,10640000
2020-09-24 12:38:05.495000,1.16395,1.16391,370000,15330000
2020-09-24 12:38:05.596000,1.16395,1.16392,13250000,12330000
2020-09-24 12:38:06.786000,1.16394,1.16391,370000,10640000
2020-09-24 12:38:07.196000,1.16393,1.16391,370000,15030000
2020-09-24 12:38:07.354000,1.16392,1.16391,370000,10270000
2020-09-24 12:38:07.507000,1.16393,1.16389,6610000,10830000
2020-09-24 12:38:07.610000,1.16389,1.16388,5110000,260000
2020-09-24 12:38:07.762000,1.16389,1.16386,1500000,3190000
2020-09-24 12:38:07.918000,1.1639,1.16386,1120000,14650000
2020-09-24 12:38:08.070000,1.1639,1.16387,750000,9890000
2020-09-24 12:38:08.172000,1.1639,1.16388,6500000,9890000
2020-09-24 12:38:08.627000,1.1639,1.16389,1310000,9890000
2020-09-24 12:38:09.167000,1.16391,1.16387,1310000,10640000
2020-09-24 12:38:09.863000,1.1639,1.16389,750000,9890000
2020-09-24 12:38:10.209000,1.16391,1.16389,7170000,9890000
2020-09-24 12:38:10.310000,1.16392,1.16387,5060000,10830000
2020-09-24 12:38:11.118000,1.16392,1.16388,1310000,750000
2020-09-24 12:38:11.271000,1.16392,1.16389,1310000,9890000
2020-09-24 12:38:11.373000,1.16392,1.16388,1310000,10640000
2020-09-24 12:38:11.474000,1.16391,1.1639,370000,9890000
2020-09-24 12:38:11.627000,1.16392,1.16391,370000,940000
2020-09-24 12:38:11.729000,1.16394,1.1639,6230000,10900000
2020-09-24 12:38:11.831000,1.16394,1.16392,12120000,9890000
2020-09-24 12:38:11.932000,1.16395,1.1639,12200000,10830000
2020-09-24 12:38:12.034000,1.16394,1.1639,7570000,10080000
2020-09-24 12:38:12.136000,1.16392,1.16391,1500000,9890000
2020-09-24 12:38:12.237000,1.16392,1.1639,6610000,190000
2020-09-24 12:38:12.833000,1.16392,1.16389,5110000,190000
2020-09-24 12:38:13.351000,1.16393,1.16389,6610000,190000
2020-09-24 12:38:13.549000,1.16392,1.16389,5110000,190000
2020-09-24 12:38:13.701000,1.16392,1.1639,6610000,190000
2020-09-24 12:38:13.954000,1.16392,1.16391,370000,190000
2020-09-24 12:38:14.055000,1.16394,1.1639,3820000,10080000
2020-09-24 12:38:14.702000,1.16394,1.16389,6870000,11770000
2020-09-24 12:38:15.057000,1.16392,1.1639,750000,11580000
2020-09-24 12:38:15.159000,1.16392,1.16389,7810000,15030000
2020-09-24 12:38:15.515000,1.16392,1.16388,5110000,11950000
2020-09-24 12:38:15.986000,1.16393,1.16388,8180000,11950000
2020-09-24 12:38:16.289000,1.1639,1.16387,750000,10270000
2020-09-24 12:38:16.391000,1.1639,1.16387,9420000,11280000
2020-09-24 12:38:16.543000,1.16391,1.16387,6420000,9890000
2020-09-24 12:38:17.281000,1.16391,1.16388,560000,9890000
2020-09-24 12:38:17.382000,1.16391,1.16387,560000,9890000
2020-09-24 12:38:19.366000,1.16392,1.16388,190000,9890000
2020-09-24 12:38:20.278000,1.16393,1.16388,7170000,10080000
2020-09-24 12:38:20.380000,1.16393,1.16389,7170000,9890000
2020-09-24 12:38:20.735000,1.16393,1.16388,7170000,10080000
2020-09-24 12:38:21.039000,1.16391,1.16389,370000,10080000
2020-09-24 12:38:21.141000,1.16392,1.16389,7620000,190000
2020-09-24 12:38:21.412000,1.16391,1.16389,370000,10080000
2020-09-24 12:38:22.533000,1.16393,1.16389,6870000,750000
2020-09-24 12:38:22.634000,1.16391,1.1639,5110000,750000
2020-09-24 12:38:22.963000,1.16393,1.16389,7620000,750000
2020-09-24 12:38:23.064000,1.16393,1.16388,7700000,11200000
2020-09-24 12:38:25.213000,1.16392,1.16388,190000,370000
2020-09-24 12:38:25.951000,1.16393,1.16388,6420000,2060000
2020-09-24 12:38:26.052000,1.16392,1.1639,1310000,750000
2020-09-24 12:38:27.247000,1.16386,1.16384,1690000,19049999
2020-09-24 12:38:27.349000,1.16381,1.16379,750000,190000
2020-09-24 12:38:27.452000,1.16379,1.16377,1690000,370000
2020-09-24 12:38:27.555000,1.16377,1.16375,750000,1500000
2020-09-24 12:38:27.658000,1.16378,1.16374,5300000,12520000
2020-09-24 12:38:27.911000,1.16378,1.16375,6380000,12700000
2020-09-24 12:38:28.063000,1.16379,1.16375,1200000,9890000
2020-09-24 12:38:28.165000,1.16378,1.16374,5110000,11390000
2020-09-24 12:38:28.418000,1.16376,1.16374,1310000,15520000
2020-09-24 12:38:28.520000,1.16376,1.16373,5110000,1500000
2020-09-24 12:38:28.622000,1.16376,1.16374,5480000,11770000
2020-09-24 12:38:28.774000,1.16376,1.16375,5480000,750000
2020-09-24 12:38:29.082000,1.16377,1.16375,370000,1500000
2020-09-24 12:38:29.184000,1.16379,1.16377,370000,750000
2020-09-24 12:38:29.339000,1.16381,1.16377,7620000,750000
2020-09-24 12:38:29.592000,1.1638,1.16379,1690000,750000
2020-09-24 12:38:29.695000,1.16382,1.16378,6420000,10640000
2020-09-24 12:38:29.898000,1.16379,1.16378,150000,9890000
