time,ask,bid,ask_volume,bid_volume
2020-09-04 13:25:00.100000,1.18084,1.18079,11410000,100000
2020-09-04 13:25:00.358000,1.18083,1.18078,100000,10490000
2020-09-04 13:25:00.716000,1.18079,1.18078,100000,7230000
2020-09-04 13:25:00.768000,1.1808,1.18076,820000,6850000
2020-09-04 13:25:00.818000,1.18078,1.18076,100000,6100000
2020-09-04 13:25:00.920000,1.18079,1.18075,10400000,6100000
2020-09-04 13:25:01.022000,1.18078,1.18074,8900000,8730000
2020-09-04 13:25:01.123000,1.18079,1.18075,8900000,100000
2020-09-04 13:25:02.007000,1.1808,1.18075,9910000,8050000
2020-09-04 13:25:02.134000,1.18078,1.18076,8900000,8050000
2020-09-04 13:25:02.679000,1.18078,1.18075,8900000,1120000
2020-09-04 13:25:02.997000,1.18079,1.18075,8970000,1120000
2020-09-04 13:25:05.453000,1.18079,1.18078,8900000,750000
2020-09-04 13:25:05.504000,1.18081,1.18079,820000,1950000
2020-09-04 13:25:05.605000,1.18082,1.18079,8900000,6100000
2020-09-04 13:25:05.707000,1.18083,1.18079,9090000,100000
2020-09-04 13:25:05.910000,1.18083,1.18078,8970000,8050000
2020-09-04 13:25:06.062000,1.18083,1.18079,8900000,100000
2020-09-04 13:25:06.168000,1.18083,1.18078,9720000,8050000
2020-09-04 13:25:06.219000,1.18081,1.18078,750000,1870000
2020-09-04 13:25:06.270000,1.18079,1.18077,2250000,6550000
2020-09-04 13:25:06.371000,1.18079,1.18075,8900000,14730000
2020-09-04 13:25:06.472000,1.18078,1.18075,8900000,1120000
2020-09-04 13:25:06.624000,1.18079,1.18075,8900000,1120000
2020-09-04 13:25:06.878000,1.1808,1.18075,11340000,7230000
2020-09-04 13:25:07.182000,1.1808,1.18076,8900000,1500000
2020-09-04 13:25:07.284000,1.1808,1.18077,9720000,6850000
2020-09-04 13:25:08.500000,1.18081,1.18077,8900000,2700000
2020-09-04 13:25:08.601000,1.18082,1.18078,3000000,6100000
2020-09-04 13:25:08.652000,1.1808,1.18078,940000,6100000
2020-09-04 13:25:08.703000,1.18079,1.18076,11150000,6100000
2020-09-04 13:25:09.007000,1.18078,1.18076,100000,8730000
2020-09-04 13:25:09.344000,1.18077,1.18076,100000,8730000
2020-09-04 13:25:10.226000,1.18079,1.18075,9720000,750000
2020-09-04 13:25:10.567000,1.18079,1.18076,8900000,750000
2020-09-04 13:25:10.669000,1.18078,1.18076,8970000,6850000
2020-09-04 13:25:11.166000,1.18079,1.18076,8900000,2320000
2020-09-04 13:25:11.217000,1.1808,1.18078,8900000,750000
2020-09-04 13:25:11.319000,1.18081,1.18078,9090000,1120000
2020-09-04 13:25:11.622000,1.1808,1.18078,9090000,2700000
2020-09-04 13:25:11.775000,1.18081,1.18078,9090000,1120000
2020-09-04 13:25:14.916000,1.18081,1.18079,9090000,750000
2020-09-04 13:25:15.057000,1.1808,1.18079,190000,1500000
2020-09-04 13:25:15.210000,1.18084,1.1808,100000,1310000
2020-09-04 13:25:15.576000,1.18081,1.18079,3070000,6480000
2020-09-04 13:25:15.627000,1.1808,1.18077,9650000,6180000
2020-09-04 13:25:15.730000,1.18078,1.18077,8900000,750000
2020-09-04 13:25:16.829000,1.1808,1.18076,8900000,750000
2020-09-04 13:25:19.233000,1.18079,1.18076,8900000,750000
2020-09-04 13:25:19.336000,1.18078,1.18076,8900000,750000
2020-09-04 13:25:19.543000,1.18079,1.18076,8900000,750000
2020-09-04 13:25:21.205000,1.1808,1.18079,8900000,820000
2020-09-04 13:25:21.306000,1.18083,1.18079,8320000,6100000
2020-09-04 13:25:21.459000,1.18083,1.1808,8900000,2320000
2020-09-04 13:25:21.560000,1.18085,1.18082,100000,6100000
2020-09-04 13:25:21.662000,1.18084,1.18081,11710000,7230000
2020-09-04 13:25:21.764000,1.18083,1.18081,8900000,7410000
2020-09-04 13:25:22.305000,1.18082,1.1808,8900000,9360000
2020-09-04 13:25:22.406000,1.18084,1.18079,8900000,8610000
2020-09-04 13:25:22.591000,1.18083,1.18079,8900000,8610000
2020-09-04 13:25:23.581000,1.18082,1.18079,820000,6100000
2020-09-04 13:25:23.683000,1.18082,1.18078,11900000,940000
2020-09-04 13:25:23.784000,1.18082,1.18079,11900000,6100000
2020-09-04 13:25:23.885000,1.18081,1.18078,8900000,7040000
2020-09-04 13:25:23.987000,1.18082,1.18079,8900000,100000
2020-09-04 13:25:24.088000,1.18083,1.18079,9650000,100000
2020-09-04 13:25:25.427000,1.18084,1.18079,12460000,6180000
2020-09-04 13:25:25.528000,1.18083,1.18079,8900000,6180000
2020-09-04 13:25:26.583000,1.18081,1.18079,5440000,8730000
2020-09-04 13:25:26.634000,1.1808,1.18078,1950000,6100000
2020-09-04 13:25:26.685000,1.18078,1.18077,750000,750000
2020-09-04 13:25:27.026000,1.18078,1.18076,8900000,7980000
2020-09-04 13:25:27.326000,1.18077,1.18076,8900000,6100000
2020-09-04 13:25:28.130000,1.18077,1.18075,8900000,13410000
2020-09-04 13:25:29.767000,1.18077,1.18074,8900000,5440000
2020-09-04 13:25:30.759000,1.18078,1.18074,8900000,3750000
2020-09-04 13:25:30.962000,1.18077,1.18074,8900000,3750000
2020-09-04 13:25:31.064000,1.18077,1.18075,8900000,3750000
2020-09-04 13:25:31.185000,1.18077,1.18074,8900000,9850000
2020-09-04 13:25:31.440000,1.18074,1.18071,1120000,1570000
2020-09-04 13:25:31.541000,1.18073,1.18071,8900000,450000
2020-09-04 13:25:31.695000,1.18073,1.1807,8900000,1870000
2020-09-04 13:25:32.422000,1.18074,1.1807,12090000,1870000
2020-09-04 13:25:33.499000,1.18075,1.18072,8900000,820000
2020-09-04 13:25:33.601000,1.18076,1.18072,750000,8050000
2020-09-04 13:25:33.754000,1.18076,1.18073,3000000,6100000
2020-09-04 13:25:33.976000,1.18076,1.18072,3000000,8800000
2020-09-04 13:25:34.078000,1.18075,1.18072,750000,7980000
2020-09-04 13:25:34.180000,1.18074,1.1807,9840000,3750000
2020-09-04 13:25:34.385000,1.18071,1.18069,100000,10980000
2020-09-04 13:25:34.487000,1.18065,1.18063,12160000,100000
2020-09-04 13:25:34.589000,1.18064,1.18061,3000000,6100000
2020-09-04 13:25:34.640000,1.18064,1.18059,11900000,1120000
2020-09-04 13:25:34.741000,1.18062,1.1806,8900000,7230000
2020-09-04 13:25:35.164000,1.18064,1.18059,9650000,7230000
2020-09-04 13:25:35.497000,1.18063,1.18059,9650000,6100000
2020-09-04 13:25:35.599000,1.18063,1.18058,9650000,8910000
2020-09-04 13:25:36.073000,1.18061,1.18059,750000,7980000
2020-09-04 13:25:36.124000,1.18059,1.18056,1570000,750000
2020-09-04 13:25:36.276000,1.18058,1.18055,10740000,9100000
2020-09-04 13:25:36.378000,1.18058,1.18054,8970000,6100000
2020-09-04 13:25:36.429000,1.18055,1.18054,750000,6480000
2020-09-04 13:25:36.531000,1.18055,1.18054,8900000,2140000
2020-09-04 13:25:36.632000,1.18056,1.18054,8900000,8240000
2020-09-04 13:25:36.734000,1.18058,1.18054,9720000,940000
2020-09-04 13:25:38.460000,1.18057,1.18054,8900000,940000
2020-09-04 13:25:38.579000,1.18058,1.18054,9720000,940000
2020-09-04 13:25:38.681000,1.18056,1.18054,8900000,370000
2020-09-04 13:25:38.984000,1.18058,1.18053,10100000,7490000
2020-09-04 13:25:39.086000,1.18057,1.18055,9720000,100000
2020-09-04 13:25:39.187000,1.18057,1.18054,9650000,8240000
2020-09-04 13:25:39.426000,1.18057,1.18053,370000,8240000
2020-09-04 13:25:39.477000,1.18051,1.1805,1500000,9450000
2020-09-04 13:25:39.528000,1.1805,1.18048,750000,2440000
2020-09-04 13:25:39.630000,1.1805,1.18049,100000,1870000
2020-09-04 13:25:39.732000,1.18049,1.18047,1760000,6100000
2020-09-04 13:25:39.783000,1.18049,1.18045,9840000,750000
2020-09-04 13:25:39.884000,1.1805,1.18046,8970000,7860000
2020-09-04 13:25:39.935000,1.1805,1.18048,8970000,750000
2020-09-04 13:25:40.037000,1.18051,1.18049,10850000,750000
2020-09-04 13:25:40.189000,1.18051,1.1805,8970000,750000
2020-09-04 13:25:40.290000,1.18053,1.18049,10100000,7790000
2020-09-04 13:25:40.443000,1.18053,1.1805,10470000,7790000
2020-09-04 13:25:40.696000,1.18053,1.18049,100000,6100000
2020-09-04 13:25:40.798000,1.18052,1.18049,8970000,11160000
2020-09-04 13:25:41.036000,1.18053,1.1805,8900000,1690000
2020-09-04 13:25:41.087000,1.18057,1.18053,8970000,2810000
2020-09-04 13:25:41.189000,1.18057,1.18055,1200000,6290000
2020-09-04 13:25:41.600000,1.18058,1.18056,9650000,2320000
2020-09-04 13:25:41.702000,1.18061,1.18058,8900000,6070000
2020-09-04 13:25:41.804000,1.18062,1.1806,16469999,7790000
2020-09-04 13:25:42.209000,1.18064,1.18059,12800000,7790000
2020-09-04 13:25:42.311000,1.18063,1.18059,100000,7790000
2020-09-04 13:25:42.692000,1.18063,1.18058,8970000,14240000
2020-09-04 13:25:42.794000,1.1806,1.18059,520000,7040000
2020-09-04 13:25:42.895000,1.1806,1.18058,9840000,8050000
2020-09-04 13:25:42.997000,1.18059,1.18058,450000,7040000
2020-09-04 13:25:43.098000,1.18059,1.18055,8900000,2810000
2020-09-04 13:25:43.200000,1.18061,1.18056,9350000,9740000
2020-09-04 13:25:43.302000,1.18059,1.18057,8970000,6100000
2020-09-04 13:25:43.403000,1.18059,1.18055,8900000,12740000
2020-09-04 13:25:43.505000,1.18059,1.18056,9350000,12660000
2020-09-04 13:25:43.822000,1.1806,1.18057,8970000,100000
2020-09-04 13:25:43.923000,1.18061,1.18057,8900000,1950000
2020-09-04 13:25:44.075000,1.1806,1.18057,10470000,6850000
2020-09-04 13:25:44.177000,1.18059,1.18057,8970000,750000
2020-09-04 13:25:44.278000,1.18061,1.18056,10850000,7230000
2020-09-04 13:25:44.421000,1.1806,1.18056,100000,7230000
2020-09-04 13:25:44.522000,1.18061,1.18057,9350000,750000
2020-09-04 13:25:44.624000,1.18061,1.18058,450000,9740000
2020-09-04 13:25:44.776000,1.18061,1.18059,9350000,6100000
2020-09-04 13:25:44.877000,1.18059,1.18058,100000,1310000
2020-09-04 13:25:44.979000,1.18059,1.18056,8900000,7040000
2020-09-04 13:25:45.080000,1.1806,1.18056,9720000,940000
2020-09-04 13:25:45.182000,1.18059,1.18056,8900000,940000
2020-09-04 13:25:45.334000,1.18058,1.18056,8900000,12740000
2020-09-04 13:25:45.691000,1.18059,1.18057,8900000,820000
2020-09-04 13:25:45.793000,1.18062,1.18059,8900000,370000
2020-09-04 13:25:46.200000,1.18063,1.18059,9420000,370000
2020-09-04 13:25:46.302000,1.18062,1.18059,8900000,370000
2020-09-04 13:25:46.621000,1.18062,1.1806,10170000,370000
2020-09-04 13:25:46.724000,1.18063,1.18058,9720000,11990000
2020-09-04 13:25:47.037000,1.18063,1.18059,8900000,6100000
2020-09-04 13:25:47.596000,1.18063,1.1806,370000,100000
2020-09-04 13:25:48.003000,1.18063,1.18059,370000,12660000
2020-09-04 13:25:49.068000,1.18061,1.1806,750000,6560000
2020-09-04 13:25:49.119000,1.1806,1.18059,1870000,7230000
2020-09-04 13:25:49.170000,1.18059,1.18056,100000,10410000
2020-09-04 13:25:49.272000,1.18059,1.18054,8900000,16299999
2020-09-04 13:25:49.578000,1.18058,1.18057,8900000,100000
2020-09-04 13:25:49.680000,1.1806,1.18056,9350000,6180000
2020-09-04 13:25:49.781000,1.18058,1.18057,8900000,100000
2020-09-04 13:25:50.169000,1.1806,1.18056,8970000,6100000
2020-09-04 13:25:50.270000,1.18059,1.18056,8970000,11990000
2020-09-04 13:25:50.371000,1.18058,1.18056,8900000,5890000
2020-09-04 13:25:50.999000,1.18058,1.18055,8900000,5510000
2020-09-04 13:25:51.252000,1.18058,1.18054,8900000,2510000
2020-09-04 13:25:51.353000,1.18059,1.18054,8970000,5510000
2020-09-04 13:25:51.564000,1.18058,1.18057,8900000,100000
2020-09-04 13:25:51.665000,1.1806,1.18056,10100000,100000
2020-09-04 13:25:51.767000,1.1806,1.18055,10100000,7490000
2020-09-04 13:25:52.576000,1.18059,1.18055,8900000,4870000
2020-09-04 13:25:53.267000,1.18059,1.18057,8900000,750000
2020-09-04 13:25:53.369000,1.1806,1.18057,100000,10490000
2020-09-04 13:25:53.419000,1.18062,1.18057,8900000,10490000
2020-09-04 13:25:53.521000,1.18061,1.18059,8900000,940000
2020-09-04 13:25:53.673000,1.18063,1.18058,8970000,9290000
2020-09-04 13:25:54.027000,1.18063,1.18059,8900000,6100000
2020-09-04 13:25:54.406000,1.18062,1.18059,8900000,10110000
2020-09-04 13:25:54.527000,1.18062,1.1806,8900000,6100000
2020-09-04 13:25:54.628000,1.18063,1.18058,8900000,12360000
2020-09-04 13:25:54.881000,1.18063,1.18059,9270000,940000
2020-09-04 13:25:54.983000,1.18063,1.18061,8900000,1310000
2020-09-04 13:25:55.034000,1.18064,1.18062,9650000,750000
2020-09-04 13:25:55.135000,1.18065,1.18062,10850000,940000
2020-09-04 13:25:55.186000,1.18064,1.1806,100000,10980000
2020-09-04 13:25:56.328000,1.18063,1.1806,3000000,190000
2020-09-04 13:25:56.480000,1.18063,1.18061,8900000,190000
2020-09-04 13:25:56.596000,1.18064,1.18062,8900000,190000
2020-09-04 13:25:56.699000,1.18066,1.18062,2320000,370000
2020-09-04 13:25:56.801000,1.18064,1.18062,8900000,1120000
2020-09-04 13:25:57.004000,1.18064,1.1806,8900000,6560000
2020-09-04 13:25:57.574000,1.18061,1.18059,750000,370000
2020-09-04 13:25:57.675000,1.1806,1.18057,8900000,370000
2020-09-04 13:25:57.777000,1.1806,1.18056,10850000,3000000
2020-09-04 13:25:57.878000,1.18058,1.18056,100000,6850000
2020-09-04 13:25:57.980000,1.18058,1.18054,370000,2810000
2020-09-04 13:25:58.132000,1.18056,1.18054,750000,7040000
2020-09-04 13:25:58.183000,1.1805,1.18042,9900000,370000
2020-09-04 13:25:58.285000,1.18041,1.18039,750000,6850000
2020-09-04 13:25:58.386000,1.1804,1.18038,190000,2320000
2020-09-04 13:25:58.437000,1.18041,1.1804,1120000,750000
2020-09-04 13:25:58.539000,1.18042,1.18038,1120000,820000
2020-09-04 13:25:58.640000,1.18042,1.18039,9650000,7680000
2020-09-04 13:25:58.742000,1.18042,1.1804,8900000,100000
2020-09-04 13:25:59.472000,1.18043,1.18041,8900000,1570000
2020-09-04 13:25:59.573000,1.18045,1.18044,2620000,100000
2020-09-04 13:25:59.826000,1.18047,1.18043,370000,100000
2020-09-04 13:25:59.928000,1.18044,1.18042,1500000,6850000
2020-09-04 13:26:00.030000,1.18044,1.18039,11150000,6100000
2020-09-04 13:26:00.131000,1.18043,1.18038,8900000,7300000
2020-09-04 13:26:00.233000,1.18039,1.18038,750000,6480000
2020-09-04 13:26:00.334000,1.18038,1.18035,8900000,1570000
2020-09-04 13:26:00.385000,1.18039,1.18037,8900000,820000
2020-09-04 13:26:00.436000,1.18042,1.18037,8250000,7300000
2020-09-04 13:26:00.537000,1.18041,1.18039,750000,6100000
2020-09-04 13:26:00.639000,1.18042,1.18037,1500000,6850000
2020-09-04 13:26:00.841000,1.18041,1.18037,820000,6850000
2020-09-04 13:26:00.993000,1.18041,1.18038,10960000,820000
2020-09-04 13:26:01.215000,1.18042,1.18036,11040000,6930000
2020-09-04 13:26:01.368000,1.1804,1.18036,750000,6100000
2020-09-04 13:26:01.469000,1.18039,1.18036,750000,100000
2020-09-04 13:26:01.673000,1.1804,1.18034,12910000,7980000
2020-09-04 13:26:01.776000,1.18037,1.18034,8900000,16980000
2020-09-04 13:26:01.879000,1.18038,1.18032,9270000,10860000
2020-09-04 13:26:02.448000,1.18038,1.18033,9270000,6100000
2020-09-04 13:26:03.718000,1.18034,1.18033,750000,6100000
2020-09-04 13:26:03.820000,1.18033,1.18031,1200000,6100000
2020-09-04 13:26:03.871000,1.18033,1.1803,10020000,6180000
2020-09-04 13:26:04.502000,1.18033,1.18029,8900000,100000
2020-09-04 13:26:04.604000,1.18034,1.18029,10850000,100000
2020-09-04 13:26:05.620000,1.18034,1.18032,8900000,100000
2020-09-04 13:26:05.671000,1.18033,1.18031,8900000,4500000
2020-09-04 13:26:05.773000,1.18035,1.18032,8900000,750000
2020-09-04 13:26:05.824000,1.18037,1.18032,100000,6850000
2020-09-04 13:26:06.279000,1.18037,1.18034,1950000,6100000
2020-09-04 13:26:06.431000,1.18038,1.18037,9270000,1120000
2020-09-04 13:26:06.533000,1.1804,1.18037,9090000,750000
2020-09-04 13:26:06.634000,1.18039,1.18037,100000,6100000
2020-09-04 13:26:06.685000,1.18039,1.18034,100000,7230000
2020-09-04 13:26:06.938000,1.18037,1.18035,8900000,1120000
2020-09-04 13:26:07.040000,1.18038,1.18035,8970000,7230000
2020-09-04 13:26:07.349000,1.18038,1.18034,8900000,7230000
2020-09-04 13:26:07.451000,1.18037,1.18032,11220000,9850000
2020-09-04 13:26:07.552000,1.18036,1.18032,1570000,6100000
2020-09-04 13:26:07.654000,1.18036,1.18031,1200000,6930000
2020-09-04 13:26:07.705000,1.18034,1.18031,750000,6100000
2020-09-04 13:26:07.807000,1.18034,1.18029,9160000,6180000
2020-09-04 13:26:08.212000,1.18033,1.18029,100000,6100000
2020-09-04 13:26:08.313000,1.18034,1.18029,8970000,7300000
2020-09-04 13:26:08.415000,1.18035,1.1803,1200000,6100000
2020-09-04 13:26:08.466000,1.18033,1.1803,100000,6100000
2020-09-04 13:26:08.569000,1.18033,1.18029,100000,6100000
2020-09-04 13:26:08.671000,1.18031,1.18029,750000,6550000
2020-09-04 13:26:08.773000,1.18033,1.1803,11110000,820000
2020-09-04 13:26:08.925000,1.18034,1.1803,100000,6100000
2020-09-04 13:26:09.027000,1.18035,1.1803,9350000,6180000
2020-09-04 13:26:09.129000,1.18034,1.1803,100000,6100000
2020-09-04 13:26:09.272000,1.18034,1.18029,100000,11240000
2020-09-04 13:26:09.425000,1.18033,1.18029,100000,9100000
2020-09-04 13:26:09.832000,1.18032,1.18029,1010000,6100000
2020-09-04 13:26:09.883000,1.1803,1.18028,100000,6480000
2020-09-04 13:26:09.984000,1.1803,1.18026,9720000,6100000
2020-09-04 13:26:10.136000,1.1803,1.18025,9720000,7410000
2020-09-04 13:26:10.440000,1.18029,1.18025,100000,7410000
2020-09-04 13:26:11.565000,1.18027,1.18026,100000,6100000
2020-09-04 13:26:11.667000,1.18028,1.18024,100000,6290000
2020-09-04 13:26:11.827000,1.18027,1.18024,1500000,6290000
2020-09-04 13:26:12.080000,1.18027,1.18025,1870000,7040000
2020-09-04 13:26:12.442000,1.18028,1.18025,2060000,6100000
2020-09-04 13:26:12.850000,1.18028,1.18024,10850000,7040000
2020-09-04 13:26:13.104000,1.18028,1.18025,2060000,6100000
2020-09-04 13:26:13.206000,1.18028,1.18024,2060000,10040000
2020-09-04 13:26:13.358000,1.18026,1.18024,750000,7230000
2020-09-04 13:26:13.409000,1.18024,1.18021,750000,7570000
2020-09-04 13:26:13.511000,1.18025,1.18021,2060000,8880000
2020-09-04 13:26:13.612000,1.18025,1.18023,1870000,6850000
2020-09-04 13:26:13.866000,1.18024,1.18023,1120000,6850000
2020-09-04 13:26:14.088000,1.18026,1.18022,750000,9740000
2020-09-04 13:26:14.190000,1.18026,1.18024,2060000,9100000
2020-09-04 13:26:15.840000,1.18026,1.18023,750000,9480000
2020-09-04 13:26:16.099000,1.18027,1.18023,750000,3370000
2020-09-04 13:26:16.658000,1.18028,1.18023,1200000,6100000
2020-09-04 13:26:17.370000,1.18028,1.18026,1200000,750000
2020-09-04 13:26:17.686000,1.18029,1.18028,190000,7600000
2020-09-04 13:26:17.737000,1.18031,1.18029,8900000,940000
2020-09-04 13:26:17.788000,1.18033,1.18031,370000,750000
2020-09-04 13:26:18.042000,1.18034,1.18032,1390000,6850000
2020-09-04 13:26:18.196000,1.18034,1.1803,100000,10790000
2020-09-04 13:26:18.399000,1.18035,1.18032,10290000,750000
2020-09-04 13:26:18.603000,1.18029,1.18023,3100000,750000
2020-09-04 13:26:18.654000,1.18021,1.18019,100000,21389999
2020-09-04 13:26:18.806000,1.1802,1.18018,560000,8250000
2020-09-04 13:26:18.908000,1.1802,1.18016,190000,6930000
2020-09-04 13:26:19.010000,1.18019,1.18018,190000,6480000
2020-09-04 13:26:19.213000,1.18015,1.18012,3820000,2250000
2020-09-04 13:26:19.314000,1.18013,1.18011,820000,6100000
2020-09-04 13:26:19.365000,1.18013,1.18008,750000,7300000
2020-09-04 13:26:19.467000,1.18013,1.18009,750000,750000
2020-09-04 13:26:19.682000,1.18014,1.1801,8900000,2890000
2020-09-04 13:26:19.733000,1.18018,1.18014,1500000,750000
2020-09-04 13:26:19.784000,1.18017,1.18014,1500000,6930000
2020-09-04 13:26:19.835000,1.18018,1.18015,370000,2320000
2020-09-04 13:26:20.038000,1.18019,1.18016,9160000,8350000
2020-09-04 13:26:20.518000,1.18019,1.18015,190000,2320000
2020-09-04 13:26:20.721000,1.18019,1.18014,190000,13750000
2020-09-04 13:26:20.823000,1.18018,1.18013,1010000,14430000
2020-09-04 13:26:21.303000,1.18017,1.18013,8900000,6930000
2020-09-04 13:26:21.750000,1.18018,1.18013,9720000,6930000
2020-09-04 13:26:21.902000,1.18017,1.18013,8900000,6930000
2020-09-04 13:26:23.016000,1.18016,1.18013,8900000,1570000
2020-09-04 13:26:23.135000,1.18017,1.18014,9650000,6930000
2020-09-04 13:26:23.914000,1.18019,1.18017,1190000,5320000
2020-09-04 13:26:24.016000,1.1802,1.18018,370000,6930000
2020-09-04 13:26:24.067000,1.18023,1.18018,16469999,6930000
2020-09-04 13:26:24.515000,1.18022,1.18017,100000,5700000
2020-09-04 13:26:24.794000,1.18022,1.18018,100000,750000
2020-09-04 13:26:24.999000,1.18022,1.18017,8970000,5700000
2020-09-04 13:26:25.320000,1.18021,1.18019,8970000,750000
2020-09-04 13:26:25.422000,1.18024,1.18023,10770000,100000
2020-09-04 13:26:25.523000,1.18027,1.18023,19400000,820000
2020-09-04 13:26:25.733000,1.18028,1.18023,10770000,6180000
2020-09-04 13:26:25.994000,1.18027,1.18023,8900000,6180000
2020-09-04 13:26:26.577000,1.18027,1.18022,820000,9740000
2020-09-04 13:26:26.628000,1.18024,1.18022,3000000,6100000
2020-09-04 13:26:26.680000,1.18021,1.1802,100000,6100000
2020-09-04 13:26:26.781000,1.18023,1.18018,9720000,14430000
2020-09-04 13:26:26.983000,1.18021,1.18019,8900000,820000
2020-09-04 13:26:27.135000,1.18022,1.18019,8900000,100000
2020-09-04 13:26:27.247000,1.18023,1.18019,8900000,100000
2020-09-04 13:26:27.389000,1.18023,1.18018,8970000,820000
2020-09-04 13:26:27.595000,1.18023,1.18019,8900000,100000
2020-09-04 13:26:27.798000,1.18023,1.18018,9720000,2700000
2020-09-04 13:26:28.013000,1.18023,1.18019,9650000,100000
2020-09-04 13:26:28.216000,1.18024,1.18022,8900000,1570000
2020-09-04 13:26:28.318000,1.18027,1.18023,8900000,4950000
2020-09-04 13:26:28.419000,1.18028,1.18023,8900000,11240000
2020-09-04 13:26:28.776000,1.18028,1.18025,15650000,6100000
2020-09-04 13:26:28.877000,1.18029,1.18023,15650000,4390000
2020-09-04 13:26:29.080000,1.18027,1.18023,1500000,4120000
2020-09-04 13:26:29.333000,1.18028,1.18023,9270000,5620000
2020-09-04 13:26:30.068000,1.18029,1.18023,13960000,13300000
2020-09-04 13:26:30.229000,1.18029,1.18027,9650000,820000
2020-09-04 13:26:30.280000,1.18031,1.18027,1200000,6100000
2020-09-04 13:26:30.382000,1.18032,1.18028,12650000,750000
2020-09-04 13:26:31.545000,1.18029,1.18027,750000,6100000
2020-09-04 13:26:31.647000,1.18026,1.18024,750000,18740000
2020-09-04 13:26:33.399000,1.18025,1.18023,2700000,370000
2020-09-04 13:26:33.450000,1.18019,1.18018,820000,750000
2020-09-04 13:26:33.552000,1.18019,1.18016,3820000,7790000
2020-09-04 13:26:33.704000,1.18017,1.18016,8900000,1690000
2020-09-04 13:26:33.907000,1.18019,1.18016,14220000,940000
2020-09-04 13:26:34.160000,1.18018,1.18016,8900000,940000
2020-09-04 13:26:34.262000,1.18017,1.18016,8900000,940000
2020-09-04 13:26:34.414000,1.18019,1.18015,8900000,4390000
2020-09-04 13:26:34.516000,1.1802,1.18015,9160000,11990000
2020-09-04 13:26:34.617000,1.18019,1.18016,100000,6100000
2020-09-04 13:26:34.719000,1.18018,1.18015,9720000,10980000
2020-09-04 13:26:34.921000,1.18019,1.18016,8900000,750000
2020-09-04 13:26:35.023000,1.18019,1.18016,12350000,6850000
2020-09-04 13:26:35.175000,1.18019,1.18015,100000,1870000
2020-09-04 13:26:35.327000,1.1802,1.18015,11970000,1870000
2020-09-04 13:26:35.429000,1.18019,1.18015,100000,2060000
2020-09-04 13:26:35.632000,1.18019,1.18016,820000,8050000
2020-09-04 13:26:35.785000,1.18019,1.18016,100000,6100000
2020-09-04 13:26:35.887000,1.1802,1.18015,14220000,820000
2020-09-04 13:26:36.330000,1.18018,1.18014,750000,4870000
2020-09-04 13:26:36.431000,1.18016,1.18012,5440000,450000
2020-09-04 13:26:36.533000,1.18015,1.18012,2060000,9930000
2020-09-04 13:26:36.634000,1.18015,1.18013,8900000,750000
2020-09-04 13:26:36.736000,1.18016,1.18011,3560000,12180000
2020-09-04 13:26:36.838000,1.18014,1.18011,8900000,370000
2020-09-04 13:26:36.939000,1.18014,1.18012,10400000,820000
2020-09-04 13:26:37.041000,1.18014,1.18011,10660000,7490000
2020-09-04 13:26:37.202000,1.18014,1.1801,100000,7410000
2020-09-04 13:26:37.304000,1.1801,1.18007,1690000,6100000
2020-09-04 13:26:37.407000,1.18008,1.18006,100000,13790000
2020-09-04 13:26:37.509000,1.18008,1.18005,4950000,8050000
2020-09-04 13:26:37.712000,1.18008,1.18006,8900000,1200000
2020-09-04 13:26:37.816000,1.18011,1.1801,8900000,100000
2020-09-04 13:26:37.868000,1.18013,1.18009,17969999,940000
2020-09-04 13:26:37.970000,1.18013,1.18008,9720000,7680000
2020-09-04 13:26:38.071000,1.18013,1.18009,8900000,820000
2020-09-04 13:26:38.173000,1.18014,1.18012,8900000,1200000
2020-09-04 13:26:38.224000,1.18016,1.18012,9650000,100000
2020-09-04 13:26:38.326000,1.18017,1.18012,820000,8430000
2020-09-04 13:26:38.629000,1.18018,1.18012,2700000,9740000
2020-09-04 13:26:39.095000,1.18017,1.18012,8900000,2700000
2020-09-04 13:26:39.146000,1.18014,1.18011,100000,6480000
2020-09-04 13:26:39.247000,1.18013,1.18011,9270000,6180000
2020-09-04 13:26:39.577000,1.18014,1.18012,8900000,1570000
2020-09-04 13:26:39.629000,1.18017,1.18014,20600000,750000
2020-09-04 13:26:39.731000,1.18018,1.18016,3370000,750000
2020-09-04 13:26:39.834000,1.18019,1.18015,1570000,750000
2020-09-04 13:26:39.936000,1.18019,1.18014,14410000,750000
2020-09-04 13:26:40.038000,1.18018,1.18014,8900000,750000
2020-09-04 13:26:40.142000,1.18018,1.18015,15160000,750000
2020-09-04 13:26:40.547000,1.18019,1.18018,10850000,1500000
2020-09-04 13:26:40.649000,1.18021,1.18017,750000,1500000
2020-09-04 13:26:40.751000,1.1802,1.18017,10770000,1500000
2020-09-04 13:26:40.903000,1.18022,1.18018,8900000,750000
2020-09-04 13:26:41.004000,1.18023,1.18019,10770000,750000
2020-09-04 13:26:41.561000,1.18023,1.18017,1950000,3190000
2020-09-04 13:26:42.087000,1.18023,1.18018,1870000,100000
2020-09-04 13:26:42.340000,1.18023,1.18017,1950000,7680000
2020-09-04 13:26:42.724000,1.18023,1.18019,10770000,750000
2020-09-04 13:26:42.826000,1.18024,1.18021,820000,6100000
2020-09-04 13:26:42.877000,1.18022,1.18018,1870000,2960000
2020-09-04 13:26:42.979000,1.18023,1.18019,1870000,100000
2020-09-04 13:26:43.131000,1.18022,1.18019,1870000,8240000
2020-09-04 13:26:43.182000,1.18019,1.18016,820000,7300000
2020-09-04 13:26:43.284000,1.18018,1.18014,1120000,8400000
2020-09-04 13:26:43.335000,1.18016,1.18014,1500000,8020000
2020-09-04 13:26:43.437000,1.18017,1.18015,750000,100000
2020-09-04 13:26:43.538000,1.18017,1.18014,750000,3070000
2020-09-04 13:26:43.791000,1.18017,1.18015,1870000,3100000
2020-09-04 13:26:43.893000,1.18018,1.18016,1870000,100000
2020-09-04 13:26:43.944000,1.18018,1.18014,1870000,7300000
2020-09-04 13:26:44.147000,1.18016,1.18015,750000,1200000
2020-09-04 13:26:44.248000,1.18017,1.18015,1870000,100000
2020-09-04 13:26:45.147000,1.18017,1.18016,750000,100000
2020-09-04 13:26:45.249000,1.18018,1.18016,750000,100000
2020-09-04 13:26:45.350000,1.18018,1.18015,750000,3070000
2020-09-04 13:26:45.555000,1.18016,1.18014,2510000,6100000
2020-09-04 13:26:45.606000,1.18015,1.18012,1870000,1270000
2020-09-04 13:26:45.707000,1.18017,1.18013,18270000,100000
2020-09-04 13:26:46.046000,1.18017,1.18015,1500000,940000
2020-09-04 13:26:46.149000,1.18018,1.18016,1870000,6100000
2020-09-04 13:26:46.251000,1.18018,1.18015,1870000,100000
2020-09-04 13:26:46.403000,1.18019,1.18017,8900000,1950000
2020-09-04 13:26:46.504000,1.1802,1.18017,1120000,820000
2020-09-04 13:26:47.475000,1.18021,1.18017,10770000,1760000
2020-09-04 13:26:47.678000,1.1802,1.18019,1120000,820000
2020-09-04 13:26:47.729000,1.18023,1.18019,10770000,2320000
2020-09-04 13:26:47.830000,1.18022,1.18021,1950000,190000
2020-09-04 13:26:47.881000,1.18022,1.18019,1950000,9930000
2020-09-04 13:26:47.983000,1.18022,1.18019,1870000,100000
2020-09-04 13:26:48.084000,1.18023,1.1802,10770000,3000000
2020-09-04 13:26:48.573000,1.18022,1.1802,1870000,100000
2020-09-04 13:26:48.675000,1.18022,1.18018,820000,6100000
2020-09-04 13:26:48.726000,1.1802,1.18018,100000,6100000
2020-09-04 13:26:48.827000,1.1802,1.18017,370000,3820000
2020-09-04 13:26:48.878000,1.18021,1.18018,11520000,3820000
2020-09-04 13:26:49.339000,1.18021,1.18019,11520000,100000
2020-09-04 13:26:49.593000,1.18023,1.18019,11150000,100000
2020-09-04 13:26:49.644000,1.18024,1.18021,8900000,820000
2020-09-04 13:26:49.745000,1.18024,1.18022,560000,6850000
2020-09-04 13:26:49.948000,1.18026,1.18022,9270000,3070000
2020-09-04 13:26:50.100000,1.18023,1.18019,2440000,9930000
2020-09-04 13:26:50.202000,1.18022,1.18019,11150000,8310000
2020-09-04 13:26:50.303000,1.18021,1.18019,1500000,100000
2020-09-04 13:26:50.405000,1.18022,1.18017,1500000,12440000
2020-09-04 13:26:50.658000,1.18022,1.18018,11150000,100000
2020-09-04 13:26:51.056000,1.18023,1.18019,2250000,8430000
2020-09-04 13:26:51.158000,1.18024,1.18022,8900000,100000
2020-09-04 13:26:51.259000,1.18025,1.18022,370000,6850000
2020-09-04 13:26:51.361000,1.18024,1.18021,1950000,11500000
2020-09-04 13:26:51.462000,1.18024,1.1802,750000,10860000
2020-09-04 13:26:51.564000,1.18024,1.18021,820000,3000000
2020-09-04 13:26:51.666000,1.18023,1.18019,1120000,7110000
2020-09-04 13:26:51.767000,1.18023,1.1802,1120000,100000
2020-09-04 13:26:52.752000,1.18023,1.18019,1120000,6180000
2020-09-04 13:26:52.854000,1.18023,1.1802,10020000,100000
2020-09-04 13:26:53.465000,1.18024,1.1802,10020000,100000
2020-09-04 13:26:53.567000,1.18023,1.18022,9270000,100000
2020-09-04 13:26:53.670000,1.18025,1.18021,8900000,1690000
2020-09-04 13:26:53.721000,1.18026,1.18024,9270000,100000
2020-09-04 13:26:53.823000,1.18025,1.18022,370000,6100000
2020-09-04 13:26:53.924000,1.18026,1.18021,370000,7600000
2020-09-04 13:26:54.026000,1.18026,1.18022,370000,6100000
2020-09-04 13:26:54.482000,1.18026,1.18021,450000,7860000
2020-09-04 13:26:54.585000,1.18026,1.18022,450000,3000000
2020-09-04 13:26:54.687000,1.18026,1.18021,450000,10860000
2020-09-04 13:26:54.789000,1.18026,1.18022,450000,3000000
2020-09-04 13:26:54.892000,1.18025,1.18021,100000,6100000
2020-09-04 13:26:54.994000,1.18026,1.18021,10100000,3820000
2020-09-04 13:26:55.789000,1.18025,1.18021,8900000,100000
2020-09-04 13:26:55.891000,1.18025,1.1802,8970000,9630000
2020-09-04 13:26:57.269000,1.18022,1.1802,2320000,6100000
2020-09-04 13:26:57.372000,1.18021,1.18019,10020000,6180000
2020-09-04 13:26:57.524000,1.18021,1.18018,1200000,9550000
2020-09-04 13:26:57.625000,1.18019,1.18015,1570000,7300000
2020-09-04 13:26:57.727000,1.18017,1.18015,1760000,6100000
2020-09-04 13:26:57.778000,1.18017,1.18013,3750000,6100000
2020-09-04 13:26:57.829000,1.18015,1.18013,1870000,6100000
2020-09-04 13:26:57.880000,1.18013,1.1801,8900000,16379999
2020-09-04 13:26:57.982000,1.18016,1.18012,10770000,100000
2020-09-04 13:26:58.135000,1.18013,1.18012,100000,750000
2020-09-04 13:26:58.186000,1.18016,1.18012,100000,6100000
2020-09-04 13:26:58.947000,1.18016,1.18011,100000,8610000
2020-09-04 13:26:59.100000,1.18017,1.18011,13100000,11010000
2020-09-04 13:26:59.202000,1.18017,1.18012,1200000,8430000
2020-09-04 13:26:59.303000,1.18017,1.18013,1200000,6100000
2020-09-04 13:26:59.432000,1.18017,1.18016,370000,750000
2020-09-04 13:26:59.483000,1.1802,1.18017,4200000,6930000
2020-09-04 13:26:59.636000,1.18021,1.18018,13290000,6180000
2020-09-04 13:26:59.737000,1.18021,1.18017,100000,6100000
2020-09-04 13:27:00.106000,1.18019,1.18018,100000,6100000
2020-09-04 13:27:00.207000,1.18021,1.18017,100000,6100000
2020-09-04 13:27:00.308000,1.18022,1.18017,10100000,100000
2020-09-04 13:27:00.359000,1.18021,1.1802,8900000,1120000
2020-09-04 13:27:00.410000,1.18024,1.1802,9270000,100000
2020-09-04 13:27:00.512000,1.18025,1.1802,100000,7490000
2020-09-04 13:27:00.917000,1.18026,1.18021,9720000,2250000
2020-09-04 13:27:01.019000,1.18025,1.18023,8900000,3750000
2020-09-04 13:27:01.120000,1.18026,1.18024,100000,6100000
2020-09-04 13:27:01.222000,1.18028,1.18025,8900000,190000
2020-09-04 13:27:01.324000,1.18029,1.18025,13020000,6100000
2020-09-04 13:27:01.426000,1.18028,1.18025,100000,6100000
2020-09-04 13:27:01.528000,1.1803,1.18024,13100000,1500000
2020-09-04 13:27:01.629000,1.18029,1.18026,370000,2510000
2020-09-04 13:27:01.731000,1.1803,1.18026,8900000,6100000
2020-09-04 13:27:01.933000,1.1803,1.18025,100000,7980000
2020-09-04 13:27:02.387000,1.1803,1.18026,8970000,6100000
2020-09-04 13:27:02.488000,1.18029,1.18026,100000,7980000
2020-09-04 13:27:02.792000,1.18031,1.18026,9720000,6100000
2020-09-04 13:27:02.894000,1.1803,1.18028,8970000,6100000
2020-09-04 13:27:03.476000,1.18031,1.18026,100000,9290000
2020-09-04 13:27:03.578000,1.18031,1.18027,100000,6100000
2020-09-04 13:27:03.680000,1.18031,1.18029,750000,6100000
2020-09-04 13:27:04.020000,1.18031,1.18028,750000,7600000
2020-09-04 13:27:04.121000,1.18032,1.18028,750000,6100000
2020-09-04 13:27:04.577000,1.18032,1.18027,820000,10980000
2020-09-04 13:27:04.704000,1.18032,1.18028,820000,6100000
2020-09-04 13:27:04.984000,1.18033,1.18028,4200000,6100000
2020-09-04 13:27:05.086000,1.18034,1.18031,9270000,750000
2020-09-04 13:27:05.239000,1.18033,1.18031,8900000,750000
2020-09-04 13:27:05.340000,1.18032,1.1803,370000,6850000
2020-09-04 13:27:05.442000,1.18028,1.18027,12720000,370000
2020-09-04 13:27:05.493000,1.18027,1.18025,190000,1570000
2020-09-04 13:27:05.596000,1.18028,1.18026,260000,1870000
2020-09-04 13:27:05.749000,1.18029,1.18026,750000,1870000
2020-09-04 13:27:05.851000,1.18031,1.18029,370000,370000
2020-09-04 13:27:06.054000,1.18031,1.18028,450000,1870000
2020-09-04 13:27:06.106000,1.18028,1.18026,100000,1870000
2020-09-04 13:27:06.157000,1.1803,1.18026,12090000,1870000
2020-09-04 13:27:06.258000,1.18029,1.18026,8900000,1870000
2020-09-04 13:27:06.360000,1.18029,1.18027,9840000,1870000
2020-09-04 13:27:06.987000,1.18029,1.18026,8900000,1870000
2020-09-04 13:27:07.139000,1.1803,1.18026,9840000,1870000
2020-09-04 13:27:07.578000,1.18031,1.18028,8900000,1870000
2020-09-04 13:27:07.680000,1.18032,1.18028,9090000,1870000
2020-09-04 13:27:08.025000,1.1803,1.18029,8900000,1870000
2020-09-04 13:27:08.127000,1.1803,1.18028,100000,1120000
2020-09-04 13:27:08.230000,1.18029,1.18026,100000,1870000
2020-09-04 13:27:08.486000,1.18028,1.18026,8900000,1870000
2020-09-04 13:27:09.340000,1.18029,1.18026,8900000,1870000
2020-09-04 13:27:09.647000,1.18032,1.18027,3070000,6850000
2020-09-04 13:27:09.750000,1.18032,1.1803,11900000,2250000
2020-09-04 13:27:09.953000,1.18034,1.1803,10100000,1120000
2020-09-04 13:27:10.054000,1.18034,1.18029,10100000,2620000
2020-09-04 13:27:10.466000,1.18032,1.1803,3000000,1870000
2020-09-04 13:27:10.829000,1.18034,1.18029,14040000,1870000
2020-09-04 13:27:10.931000,1.18032,1.1803,750000,1870000
2020-09-04 13:27:11.386000,1.18034,1.18031,8900000,1690000
2020-09-04 13:27:11.488000,1.18035,1.18031,8900000,8610000
2020-09-04 13:27:11.590000,1.18035,1.18033,12090000,750000
2020-09-04 13:27:12.648000,1.18036,1.18033,8900000,4500000
2020-09-04 13:27:12.699000,1.18038,1.18034,8900000,6100000
2020-09-04 13:27:12.800000,1.18037,1.18034,8900000,10980000
2020-09-04 13:27:13.155000,1.18036,1.18033,8900000,4870000
2020-09-04 13:27:13.383000,1.18038,1.18033,8970000,4870000
2020-09-04 13:27:13.845000,1.18039,1.18035,8900000,940000
2020-09-04 13:27:13.946000,1.18034,1.18032,1500000,6480000
2020-09-04 13:27:14.048000,1.18032,1.18029,750000,8250000
2020-09-04 13:27:14.150000,1.18034,1.1803,9650000,10790000
2020-09-04 13:27:14.504000,1.18033,1.18032,8900000,4500000
2020-09-04 13:27:14.758000,1.18034,1.18032,12160000,1500000
2020-09-04 13:27:15.397000,1.18036,1.18031,9650000,12360000
2020-09-04 13:27:15.499000,1.18033,1.18032,750000,1500000
2020-09-04 13:27:16.686000,1.18034,1.1803,3750000,8160000
2020-09-04 13:27:16.788000,1.18033,1.1803,750000,8160000
2020-09-04 13:27:18.837000,1.18034,1.1803,8970000,7410000
2020-09-04 13:27:19.781000,1.18034,1.18031,8900000,750000
2020-09-04 13:27:19.932000,1.18034,1.18033,11900000,750000
2020-09-04 13:27:19.983000,1.18036,1.18035,1120000,3260000
2020-09-04 13:27:20.831000,1.18041,1.18038,750000,1500000
2020-09-04 13:27:21.084000,1.18042,1.18038,940000,5620000
2020-09-04 13:27:21.235000,1.18043,1.18038,9090000,11910000
2020-09-04 13:27:21.629000,1.18041,1.18039,8900000,11910000
2020-09-04 13:27:21.877000,1.18042,1.18039,9090000,11910000
2020-09-04 13:27:22.080000,1.18044,1.1804,8900000,750000
2020-09-04 13:27:22.182000,1.18043,1.1804,8970000,10230000
2020-09-04 13:27:22.284000,1.18043,1.18041,8900000,370000
2020-09-04 13:27:22.386000,1.18045,1.1804,12270000,6480000
2020-09-04 13:27:22.614000,1.18045,1.18041,15160000,6550000
2020-09-04 13:27:22.768000,1.18045,1.1804,8900000,7300000
2020-09-04 13:27:22.869000,1.18045,1.18041,8900000,2700000
2020-09-04 13:27:22.971000,1.18044,1.18041,2320000,6100000
2020-09-04 13:27:23.073000,1.18043,1.18038,9720000,12480000
2020-09-04 13:27:23.361000,1.18043,1.18039,8900000,750000
2020-09-04 13:27:23.463000,1.18044,1.18039,11410000,750000
2020-09-04 13:27:23.564000,1.18043,1.18039,8900000,750000
2020-09-04 13:27:23.681000,1.18044,1.18039,11410000,750000
2020-09-04 13:27:24.104000,1.18043,1.18038,10400000,4120000
2020-09-04 13:27:24.306000,1.18042,1.18038,8900000,9850000
2020-09-04 13:27:24.669000,1.18042,1.18037,10960000,10230000
2020-09-04 13:27:24.770000,1.18041,1.18037,8900000,370000
2020-09-04 13:27:25.074000,1.18042,1.18037,10210000,370000
2020-09-04 13:27:25.690000,1.18041,1.18037,8900000,370000
2020-09-04 13:27:25.945000,1.18042,1.18037,8900000,6480000
2020-09-04 13:27:26.118000,1.18041,1.18037,8900000,6480000
2020-09-04 13:27:26.270000,1.18042,1.18037,8900000,6480000
2020-09-04 13:27:26.371000,1.18039,1.18037,100000,6100000
2020-09-04 13:27:26.473000,1.18038,1.18036,9650000,1500000
2020-09-04 13:27:26.575000,1.1804,1.18035,10400000,1500000
2020-09-04 13:27:27.065000,1.18039,1.18035,100000,1500000
2020-09-04 13:27:27.116000,1.18037,1.18034,820000,7680000
2020-09-04 13:27:27.269000,1.18037,1.18035,8900000,1200000
2020-09-04 13:27:27.370000,1.1804,1.18035,11900000,2700000
2020-09-04 13:27:28.049000,1.1804,1.18036,11970000,750000
2020-09-04 13:27:28.152000,1.1804,1.18035,11900000,8990000
2020-09-04 13:27:28.254000,1.18039,1.18035,100000,7230000
2020-09-04 13:27:28.356000,1.18039,1.18036,9650000,7230000
2020-09-04 13:27:30.179000,1.18038,1.18036,8900000,1120000
2020-09-04 13:27:30.817000,1.18038,1.18034,8900000,750000
2020-09-04 13:27:33.183000,1.18037,1.18033,100000,1870000
2020-09-04 13:27:33.234000,1.18034,1.18033,1010000,100000
2020-09-04 13:27:33.336000,1.18036,1.18031,9650000,8800000
2020-09-04 13:27:33.640000,1.18033,1.18031,1760000,7230000
2020-09-04 13:27:33.691000,1.18027,1.18026,1570000,750000
2020-09-04 13:27:33.742000,1.18025,1.18022,750000,8620000
2020-09-04 13:27:33.895000,1.18024,1.18022,8900000,7500000
2020-09-04 13:27:33.996000,1.18025,1.18021,8900000,1500000
2020-09-04 13:27:34.148000,1.18026,1.18021,12650000,8540000
2020-09-04 13:27:34.250000,1.18026,1.18022,9650000,750000
2020-09-04 13:27:34.452000,1.18025,1.18021,9090000,7230000
2020-09-04 13:27:34.655000,1.18024,1.18021,8900000,1120000
2020-09-04 13:27:35.476000,1.18024,1.1802,8900000,1690000
2020-09-04 13:27:35.577000,1.18022,1.18021,8900000,190000
2020-09-04 13:27:36.001000,1.18024,1.1802,9650000,190000
2020-09-04 13:27:36.305000,1.18023,1.1802,8900000,190000
2020-09-04 13:27:36.406000,1.18023,1.18019,8900000,1310000
2020-09-04 13:27:36.647000,1.18022,1.18019,11220000,9930000
2020-09-04 13:27:36.748000,1.18022,1.18018,8900000,750000
2020-09-04 13:27:38.349000,1.18023,1.18018,10470000,750000
2020-09-04 13:27:38.754000,1.18021,1.18019,8900000,750000
2020-09-04 13:27:39.155000,1.18022,1.18017,8900000,9850000
2020-09-04 13:27:40.241000,1.18018,1.18017,820000,7600000
2020-09-04 13:27:40.343000,1.1802,1.18016,1870000,7230000
2020-09-04 13:27:41.377000,1.18019,1.18016,370000,6480000
2020-09-04 13:27:41.529000,1.1802,1.18016,3640000,6480000
2020-09-04 13:27:42.972000,1.1802,1.18015,10290000,2060000
2020-09-04 13:27:43.075000,1.18019,1.18015,8900000,2440000
2020-09-04 13:27:43.437000,1.18019,1.18016,11040000,2440000
2020-09-04 13:27:43.642000,1.18019,1.18017,8900000,3640000
2020-09-04 13:27:43.743000,1.1802,1.18018,12090000,2620000
2020-09-04 13:27:43.996000,1.18024,1.18021,820000,1570000
2020-09-04 13:27:44.098000,1.18027,1.18022,9840000,10230000
2020-09-04 13:27:44.200000,1.18026,1.18024,190000,370000
2020-09-04 13:27:44.705000,1.18028,1.18023,9160000,1310000
2020-09-04 13:27:45.354000,1.18028,1.18025,9090000,750000
2020-09-04 13:27:45.456000,1.18028,1.18026,8900000,750000
2020-09-04 13:27:45.558000,1.1803,1.18026,9160000,750000
2020-09-04 13:27:45.610000,1.18028,1.18025,100000,4870000
2020-09-04 13:27:45.712000,1.18028,1.18024,8900000,7790000
2020-09-04 13:27:46.284000,1.18027,1.18024,8900000,750000
2020-09-04 13:27:46.437000,1.18026,1.18024,8900000,4950000
2020-09-04 13:27:46.539000,1.18028,1.18023,9910000,4950000
2020-09-04 13:27:46.692000,1.18027,1.18023,8900000,4950000
2020-09-04 13:27:46.945000,1.18028,1.18023,9910000,4950000
2020-09-04 13:27:47.047000,1.18027,1.18023,8900000,4950000
2020-09-04 13:27:47.286000,1.18027,1.18024,13470000,6360000
2020-09-04 13:27:47.617000,1.18027,1.18023,8900000,6360000
2020-09-04 13:27:48.574000,1.18028,1.18023,11970000,1010000
2020-09-04 13:27:48.676000,1.1803,1.18028,17299999,1690000
2020-09-04 13:27:49.137000,1.1803,1.18026,640000,6480000
2020-09-04 13:27:49.238000,1.18029,1.18025,100000,750000
2020-09-04 13:27:49.339000,1.18029,1.18026,8970000,750000
2020-09-04 13:27:49.542000,1.18029,1.18025,8970000,940000
2020-09-04 13:27:51.180000,1.18028,1.18024,8900000,2890000
2020-09-04 13:27:51.867000,1.18025,1.18024,100000,7490000
2020-09-04 13:27:51.969000,1.18025,1.18022,8900000,100000
2020-09-04 13:27:52.070000,1.18028,1.18024,8970000,940000
2020-09-04 13:27:52.513000,1.18027,1.18024,8900000,750000
2020-09-04 13:27:52.867000,1.18028,1.18024,9720000,750000
2020-09-04 13:27:53.146000,1.18027,1.18024,8900000,750000
2020-09-04 13:27:54.242000,1.18027,1.18023,8900000,2140000
2020-09-04 13:27:55.706000,1.18024,1.18023,100000,6480000
2020-09-04 13:27:55.808000,1.18024,1.18022,8900000,6810000
2020-09-04 13:27:55.960000,1.18025,1.18023,8900000,2510000
2020-09-04 13:27:56.011000,1.18027,1.18022,9720000,11610000
2020-09-04 13:27:56.163000,1.18026,1.18024,9720000,750000
2020-09-04 13:27:57.045000,1.18025,1.18021,190000,2700000
2020-09-04 13:27:57.147000,1.18027,1.18023,9720000,750000
2020-09-04 13:27:57.605000,1.18025,1.18022,750000,7600000
2020-09-04 13:27:58.454000,1.18026,1.18024,9650000,1010000
2020-09-04 13:27:59.775000,1.18026,1.18023,1120000,750000
2020-09-04 13:27:59.826000,1.18022,1.18021,750000,14540000
2020-09-04 13:27:59.928000,1.1802,1.18017,820000,190000
2020-09-04 13:28:00.030000,1.1802,1.18016,9650000,1010000
2020-09-04 13:28:00.232000,1.18019,1.18015,750000,6640000
2020-09-04 13:28:00.334000,1.18019,1.18017,9650000,100000
2020-09-04 13:28:00.436000,1.18019,1.18017,9650000,100000
2020-09-04 13:28:01.096000,1.18019,1.18018,8900000,100000
2020-09-04 13:28:01.198000,1.1802,1.18018,12650000,1200000
2020-09-04 13:28:02.211000,1.18021,1.18018,11900000,100000
2020-09-04 13:28:02.313000,1.18022,1.1802,8900000,190000
2020-09-04 13:28:02.365000,1.18021,1.18018,190000,7600000
2020-09-04 13:28:02.467000,1.18022,1.18018,9720000,1690000
2020-09-04 13:28:02.519000,1.18022,1.18021,9650000,1010000
2020-09-04 13:28:02.622000,1.18023,1.1802,820000,750000
2020-09-04 13:28:03.096000,1.18023,1.18019,9720000,4120000
2020-09-04 13:28:03.198000,1.18021,1.1802,750000,820000
2020-09-04 13:28:03.672000,1.18025,1.18024,10470000,100000
2020-09-04 13:28:03.774000,1.18027,1.18023,750000,100000
2020-09-04 13:28:05.056000,1.18027,1.18024,750000,820000
2020-09-04 13:28:05.107000,1.18029,1.18028,8900000,940000
2020-09-04 13:28:05.209000,1.18031,1.1803,750000,100000
2020-09-04 13:28:05.260000,1.18033,1.1803,15160000,820000
2020-09-04 13:28:05.311000,1.18032,1.18029,750000,750000
2020-09-04 13:28:05.968000,1.18033,1.1803,3000000,190000
2020-09-04 13:28:06.019000,1.18033,1.18028,1010000,10300000
2020-09-04 13:28:06.171000,1.18032,1.18028,750000,10490000
2020-09-04 13:28:07.164000,1.1803,1.18028,100000,6100000
2020-09-04 13:28:07.266000,1.18031,1.18026,8970000,10490000
2020-09-04 13:28:07.620000,1.18029,1.18027,8900000,10490000
2020-09-04 13:28:07.772000,1.18031,1.18026,8970000,4390000
2020-09-04 13:28:07.924000,1.18031,1.18027,8900000,450000
2020-09-04 13:28:08.290000,1.18031,1.18028,8900000,100000
2020-09-04 13:28:08.391000,1.18032,1.18028,750000,820000
2020-09-04 13:28:11.177000,1.1803,1.18026,1010000,370000
2020-09-04 13:28:11.279000,1.18029,1.18027,8900000,100000
2020-09-04 13:28:11.380000,1.18031,1.18027,11900000,100000
2020-09-04 13:28:11.532000,1.1803,1.18027,11970000,1200000
2020-09-04 13:28:12.611000,1.18031,1.18028,8900000,820000
2020-09-04 13:28:12.712000,1.18032,1.18028,750000,820000
2020-09-04 13:28:12.814000,1.18029,1.18028,100000,370000
2020-09-04 13:28:13.357000,1.18031,1.18027,8970000,370000
2020-09-04 13:28:13.459000,1.18032,1.18027,13470000,640000
2020-09-04 13:28:13.972000,1.18032,1.18028,9650000,100000
2020-09-04 13:28:14.379000,1.18031,1.18028,820000,12740000
2020-09-04 13:28:14.481000,1.18031,1.18029,9650000,260000
2020-09-04 13:28:14.997000,1.1803,1.18027,450000,7230000
2020-09-04 13:28:15.099000,1.18029,1.18026,820000,6100000
2020-09-04 13:28:15.251000,1.18029,1.18026,9350000,10110000
2020-09-04 13:28:15.352000,1.1803,1.18026,9270000,100000
2020-09-04 13:28:15.454000,1.18029,1.18025,750000,3190000
2020-09-04 13:28:15.555000,1.18028,1.18023,9720000,9740000
2020-09-04 13:28:15.657000,1.18026,1.18024,750000,12740000
2020-09-04 13:28:15.972000,1.18025,1.18022,190000,6480000
2020-09-04 13:28:16.125000,1.18027,1.18022,13850000,6360000
2020-09-04 13:28:16.176000,1.18025,1.18022,940000,6850000
2020-09-04 13:28:16.379000,1.18024,1.18022,1010000,10230000
2020-09-04 13:28:16.480000,1.18024,1.18021,8900000,750000
2020-09-04 13:28:16.872000,1.18025,1.18021,9910000,750000
2020-09-04 13:28:17.664000,1.18024,1.18021,8900000,750000
2020-09-04 13:28:18.657000,1.18025,1.18021,9910000,750000
2020-09-04 13:28:19.129000,1.18024,1.18023,940000,100000
2020-09-04 13:28:19.230000,1.18026,1.18025,10400000,750000
2020-09-04 13:28:19.281000,1.18028,1.18026,100000,100000
2020-09-04 13:28:19.332000,1.1803,1.18028,8900000,100000
2020-09-04 13:28:19.434000,1.1803,1.18029,7500000,100000
2020-09-04 13:28:19.537000,1.18032,1.18028,1500000,260000
2020-09-04 13:28:19.640000,1.18032,1.18027,11220000,100000
2020-09-04 13:28:19.742000,1.1803,1.18028,10020000,100000
2020-09-04 13:28:20.071000,1.1803,1.18027,8900000,190000
2020-09-04 13:28:20.174000,1.18031,1.18027,10100000,190000
2020-09-04 13:28:20.501000,1.1803,1.18027,8900000,190000
2020-09-04 13:28:20.755000,1.18031,1.18027,10020000,260000
2020-09-04 13:28:20.919000,1.18031,1.18028,9270000,820000
2020-09-04 13:28:21.022000,1.18032,1.18028,10400000,100000
2020-09-04 13:28:21.395000,1.18031,1.1803,1500000,100000
2020-09-04 13:28:21.497000,1.18032,1.18028,1500000,100000
2020-09-04 13:28:22.160000,1.18031,1.1803,750000,100000
2020-09-04 13:28:22.363000,1.18033,1.18032,9650000,2510000
2020-09-04 13:28:22.465000,1.18034,1.18032,750000,7860000
2020-09-04 13:28:23.442000,1.18034,1.18032,750000,100000
2020-09-04 13:28:24.576000,1.18035,1.18032,750000,100000
2020-09-04 13:28:26.049000,1.18034,1.18032,750000,11610000
2020-09-04 13:28:26.302000,1.18034,1.18033,750000,100000
2020-09-04 13:28:26.633000,1.18034,1.18032,750000,11240000
2020-09-04 13:28:27.095000,1.18035,1.18032,750000,750000
2020-09-04 13:28:32.766000,1.18036,1.18033,9910000,750000
2020-09-04 13:28:34.722000,1.18035,1.18032,1570000,750000
2020-09-04 13:28:34.874000,1.18033,1.18032,750000,750000
2020-09-04 13:28:35.194000,1.18032,1.1803,100000,6100000
2020-09-04 13:28:35.296000,1.18031,1.18027,9650000,12740000
2020-09-04 13:28:36.425000,1.18032,1.18031,13020000,820000
2020-09-04 13:28:36.476000,1.18034,1.18031,8900000,3820000
2020-09-04 13:28:36.577000,1.18037,1.18033,17900000,750000
2020-09-04 13:28:36.780000,1.18037,1.18034,1500000,750000
2020-09-04 13:28:37.348000,1.18037,1.18035,8900000,1570000
2020-09-04 13:28:37.399000,1.1804,1.18038,1200000,750000
2020-09-04 13:28:37.501000,1.18042,1.18039,1500000,750000
2020-09-04 13:28:37.553000,1.1804,1.18038,370000,750000
2020-09-04 13:28:37.657000,1.1804,1.18037,370000,820000
2020-09-04 13:28:37.760000,1.1804,1.18038,370000,750000
2020-09-04 13:28:37.995000,1.18038,1.18037,3000000,1950000
2020-09-04 13:28:38.148000,1.18039,1.18037,9270000,750000
2020-09-04 13:28:38.353000,1.18039,1.18036,750000,820000
2020-09-04 13:28:38.455000,1.1804,1.18038,8900000,750000
2020-09-04 13:28:38.557000,1.18041,1.18037,13850000,750000
2020-09-04 13:28:38.760000,1.1804,1.18037,8900000,750000
2020-09-04 13:28:38.965000,1.18039,1.18037,750000,750000
2020-09-04 13:28:39.067000,1.18039,1.18036,750000,750000
2020-09-04 13:28:39.219000,1.18037,1.18035,750000,7600000
2020-09-04 13:28:39.978000,1.18037,1.18034,9650000,750000
2020-09-04 13:28:40.079000,1.18035,1.18033,100000,370000
2020-09-04 13:28:40.535000,1.18033,1.18031,1500000,6100000
2020-09-04 13:28:40.586000,1.18031,1.1803,750000,750000
2020-09-04 13:28:40.688000,1.18031,1.18028,750000,750000
2020-09-04 13:28:41.547000,1.1803,1.18026,100000,5250000
2020-09-04 13:28:41.649000,1.18029,1.18025,100000,750000
2020-09-04 13:28:42.236000,1.18029,1.18026,3000000,100000
2020-09-04 13:28:42.337000,1.1803,1.18026,8900000,1570000
2020-09-04 13:28:42.438000,1.18031,1.18026,8970000,5320000
2020-09-04 13:28:42.540000,1.18031,1.18028,16100000,820000
2020-09-04 13:28:42.641000,1.1803,1.18028,8970000,750000
2020-09-04 13:28:42.998000,1.18029,1.18027,2250000,11430000
2020-09-04 13:28:43.049000,1.1803,1.18028,12650000,100000
2020-09-04 13:28:43.101000,1.18027,1.18026,100000,7980000
2020-09-04 13:28:43.152000,1.18029,1.18027,10400000,820000
2020-09-04 13:28:43.253000,1.1803,1.18027,8900000,750000
2020-09-04 13:28:43.355000,1.18031,1.18027,12720000,750000
2020-09-04 13:28:43.918000,1.18031,1.18026,12720000,820000
2020-09-04 13:28:44.070000,1.18029,1.18027,8900000,1570000
2020-09-04 13:28:44.495000,1.18031,1.18026,11900000,3450000
2020-09-04 13:28:45.158000,1.18032,1.18026,16100000,12180000
2020-09-04 13:28:46.254000,1.18031,1.18028,9650000,2320000
2020-09-04 13:28:46.305000,1.18032,1.18029,9650000,750000
2020-09-04 13:28:47.482000,1.18032,1.18028,750000,1500000
2020-09-04 13:28:47.788000,1.18032,1.18027,14600000,7980000
2020-09-04 13:28:47.890000,1.18031,1.18027,8900000,1500000
2020-09-04 13:28:48.247000,1.18032,1.18029,9650000,750000
2020-09-04 13:28:48.349000,1.18032,1.18028,820000,1500000
2020-09-04 13:28:48.451000,1.18031,1.18027,8970000,7600000
2020-09-04 13:28:48.653000,1.18032,1.18028,13470000,750000
2020-09-04 13:28:50.657000,1.18032,1.18029,9650000,1570000
2020-09-04 13:28:50.759000,1.18032,1.1803,1570000,1870000
2020-09-04 13:28:50.912000,1.18032,1.18028,750000,4570000
2020-09-04 13:28:54.526000,1.1803,1.18028,820000,9480000
2020-09-04 13:28:54.629000,1.18029,1.18026,8900000,3000000
2020-09-04 13:28:54.731000,1.18028,1.18026,3000000,1570000
2020-09-04 13:28:54.833000,1.18029,1.18026,10400000,1570000
2020-09-04 13:28:54.934000,1.18029,1.18025,11900000,1570000
2020-09-04 13:28:55.086000,1.18027,1.18026,8900000,1010000
2020-09-04 13:28:55.187000,1.18029,1.18026,3000000,100000
2020-09-04 13:28:55.289000,1.18031,1.18026,11970000,8050000
2020-09-04 13:28:55.506000,1.18031,1.18028,12910000,820000
2020-09-04 13:28:55.608000,1.18031,1.18027,100000,750000
2020-09-04 13:28:55.709000,1.1803,1.18026,100000,10230000
2020-09-04 13:28:55.862000,1.18029,1.18025,750000,4870000
2020-09-04 13:28:55.964000,1.18029,1.18028,8900000,820000
2020-09-04 13:28:56.065000,1.18031,1.18027,11900000,1570000
2020-09-04 13:28:56.318000,1.18032,1.18027,10290000,4570000
2020-09-04 13:28:56.420000,1.18032,1.18028,750000,820000
2020-09-04 13:28:58.034000,1.18032,1.1803,8900000,1570000
2020-09-04 13:28:58.136000,1.18037,1.18033,9650000,7680000
2020-09-04 13:28:58.722000,1.18037,1.18034,750000,750000
2020-09-04 13:29:00.495000,1.18036,1.18034,820000,8730000
2020-09-04 13:29:01.332000,1.18035,1.18032,100000,10230000
2020-09-04 13:29:01.433000,1.18037,1.18032,11600000,1570000
2020-09-04 13:29:02.445000,1.18036,1.18034,1500000,750000
2020-09-04 13:29:02.891000,1.18035,1.18032,190000,750000
2020-09-04 13:29:02.942000,1.18037,1.18032,11970000,1570000
2020-09-04 13:29:03.297000,1.18036,1.18034,1570000,750000
2020-09-04 13:29:04.581000,1.18037,1.18034,9650000,750000
2020-09-04 13:29:04.795000,1.18036,1.18034,820000,2250000
2020-09-04 13:29:04.897000,1.18034,1.18032,100000,370000
2020-09-04 13:29:04.948000,1.18033,1.1803,100000,1200000
2020-09-04 13:29:05.050000,1.18032,1.18028,750000,19299999
2020-09-04 13:29:05.202000,1.18031,1.1803,750000,750000
2020-09-04 13:29:06.037000,1.18032,1.1803,8900000,750000
2020-09-04 13:29:06.088000,1.18033,1.18031,9650000,750000
2020-09-04 13:29:06.240000,1.18034,1.18031,750000,1570000
2020-09-04 13:29:06.342000,1.18034,1.18033,750000,820000
2020-09-04 13:29:07.005000,1.18036,1.18032,8970000,1500000
2020-09-04 13:29:07.109000,1.18034,1.18033,8900000,1500000
2020-09-04 13:29:07.210000,1.18036,1.18032,8970000,1500000
2020-09-04 13:29:07.362000,1.18035,1.18032,8900000,1500000
2020-09-04 13:29:07.514000,1.18035,1.18033,8900000,1570000
2020-09-04 13:29:07.565000,1.18037,1.18033,750000,1570000
2020-09-04 13:29:09.231000,1.18036,1.18033,100000,750000
2020-09-04 13:29:09.383000,1.18035,1.18032,1570000,3000000
2020-09-04 13:29:09.485000,1.18034,1.18031,8900000,820000
2020-09-04 13:29:09.586000,1.18032,1.18031,8900000,8050000
2020-09-04 13:29:09.739000,1.18033,1.18029,8900000,1570000
2020-09-04 13:29:10.202000,1.18033,1.1803,9720000,1500000
2020-09-04 13:29:10.524000,1.18034,1.18031,8900000,100000
2020-09-04 13:29:10.677000,1.18035,1.18031,10020000,100000
2020-09-04 13:29:10.830000,1.18035,1.18032,9720000,1200000
2020-09-04 13:29:11.025000,1.18035,1.18033,8900000,820000
2020-09-04 13:29:11.126000,1.18036,1.18033,9720000,820000
2020-09-04 13:29:11.386000,1.18034,1.18033,8900000,820000
2020-09-04 13:29:11.488000,1.18037,1.18032,9720000,820000
2020-09-04 13:29:11.774000,1.18034,1.18031,100000,6480000
2020-09-04 13:29:12.028000,1.18034,1.1803,9650000,9550000
2020-09-04 13:29:12.130000,1.18034,1.18032,8900000,4200000
2020-09-04 13:29:12.181000,1.18035,1.18033,8900000,820000
2020-09-04 13:29:12.781000,1.18036,1.18034,8900000,100000
2020-09-04 13:29:12.832000,1.18037,1.18036,8900000,260000
2020-09-04 13:29:12.933000,1.18038,1.18037,750000,7110000
2020-09-04 13:29:13.085000,1.18039,1.18037,750000,6100000
2020-09-04 13:29:13.187000,1.18039,1.18036,750000,7110000
2020-09-04 13:29:13.451000,1.18037,1.18034,750000,9100000
2020-09-04 13:29:13.553000,1.18036,1.18033,8900000,820000
2020-09-04 13:29:13.655000,1.18037,1.18033,10100000,750000
2020-09-04 13:29:13.757000,1.18035,1.18034,8900000,750000
2020-09-04 13:29:13.909000,1.18036,1.18034,9720000,750000
2020-09-04 13:29:14.061000,1.18036,1.18033,8900000,750000
2020-09-04 13:29:14.162000,1.18037,1.18033,9720000,750000
2020-09-04 13:29:14.637000,1.18036,1.18033,100000,750000
2020-09-04 13:29:15.024000,1.18036,1.18034,9720000,750000
2020-09-04 13:29:15.126000,1.18037,1.18034,9650000,750000
2020-09-04 13:29:15.278000,1.18038,1.18035,8900000,260000
2020-09-04 13:29:15.379000,1.18037,1.18035,100000,6850000
2020-09-04 13:29:15.481000,1.18037,1.18034,820000,750000
2020-09-04 13:29:15.532000,1.18037,1.18032,9720000,12360000
2020-09-04 13:29:16.031000,1.18036,1.18035,9650000,750000
2020-09-04 13:29:16.133000,1.18038,1.18037,9650000,820000
2020-09-04 13:29:16.235000,1.18039,1.18036,750000,6930000
2020-09-04 13:29:17.468000,1.18039,1.18038,9650000,100000
2020-09-04 13:29:17.621000,1.18039,1.18037,750000,11990000
2020-09-04 13:29:17.723000,1.18036,1.18035,820000,820000
2020-09-04 13:29:18.388000,1.18034,1.18031,100000,370000
2020-09-04 13:29:18.490000,1.18032,1.18029,9650000,750000
2020-09-04 13:29:18.994000,1.18032,1.1803,750000,1500000
2020-09-04 13:29:19.045000,1.18034,1.18031,9650000,6930000
2020-09-04 13:29:19.147000,1.18035,1.18032,750000,820000
2020-09-04 13:29:19.603000,1.18034,1.18032,750000,100000
2020-09-04 13:29:20.426000,1.18035,1.18033,750000,100000
2020-09-04 13:29:20.477000,1.18037,1.18032,13470000,6180000
2020-09-04 13:29:20.528000,1.18037,1.18035,9650000,750000
2020-09-04 13:29:23.317000,1.18037,1.18036,14970000,1500000
2020-09-04 13:29:23.419000,1.1804,1.18037,13920000,1120000
2020-09-04 13:29:23.521000,1.1804,1.18038,8900000,1120000
2020-09-04 13:29:23.622000,1.18041,1.18038,12840000,370000
2020-09-04 13:29:24.117000,1.18041,1.18039,940000,750000
2020-09-04 13:29:28.351000,1.1804,1.18038,100000,370000
2020-09-04 13:29:28.402000,1.18038,1.18035,100000,43980000
2020-09-04 13:29:28.503000,1.18039,1.18035,1500000,2810000
2020-09-04 13:29:28.554000,1.18039,1.18037,750000,750000
2020-09-04 13:29:29.264000,1.1804,1.18037,1500000,6850000
2020-09-04 13:29:29.365000,1.1804,1.18038,750000,750000
2020-09-04 13:29:30.282000,1.18039,1.18038,10660000,750000
2020-09-04 13:29:31.091000,1.1804,1.18039,11410000,1120000
2020-09-04 13:29:32.269000,1.18041,1.18039,8900000,1120000
2020-09-04 13:29:32.371000,1.18041,1.1804,2250000,1120000
2020-09-04 13:29:33.944000,1.1804,1.18038,750000,7230000
2020-09-04 13:29:34.894000,1.18039,1.18037,9650000,750000
2020-09-04 13:29:35.147000,1.18039,1.18038,1500000,7300000
2020-09-04 13:29:36.029000,1.18039,1.18037,100000,370000
2020-09-04 13:29:36.232000,1.1804,1.18038,750000,750000
2020-09-04 13:29:37.172000,1.18041,1.18039,8900000,370000
2020-09-04 13:29:37.274000,1.18042,1.1804,2250000,750000
2020-09-04 13:29:38.995000,1.1804,1.18039,750000,6480000
2020-09-04 13:29:39.097000,1.18042,1.18039,6750000,750000
2020-09-04 13:29:39.919000,1.18042,1.1804,2250000,750000
2020-09-04 13:29:41.043000,1.1804,1.18039,750000,6550000
2020-09-04 13:29:41.094000,1.18038,1.18037,4570000,2700000
2020-09-04 13:29:41.197000,1.18038,1.18036,5320000,3750000
2020-09-04 13:29:41.249000,1.18036,1.18032,4790000,77730003
2020-09-04 13:29:41.300000,1.18033,1.1803,1570000,1390000
2020-09-04 13:29:41.401000,1.18032,1.18029,1010000,750000
2020-09-04 13:29:41.503000,1.1803,1.18029,750000,750000
2020-09-04 13:29:42.237000,1.18032,1.18029,10470000,750000
2020-09-04 13:29:42.720000,1.1803,1.18029,820000,1120000
2020-09-04 13:29:43.086000,1.18028,1.18026,2510000,6850000
2020-09-04 13:29:43.363000,1.18027,1.18025,8900000,370000
2020-09-04 13:29:43.464000,1.18027,1.18023,9650000,7300000
2020-09-04 13:29:43.819000,1.18023,1.18022,1570000,7230000
2020-09-04 13:29:43.870000,1.18021,1.1802,1760000,1200000
2020-09-04 13:29:43.971000,1.18022,1.18019,820000,1120000
2020-09-04 13:29:44.124000,1.18023,1.18019,14410000,1120000
2020-09-04 13:29:44.659000,1.18022,1.18019,10400000,1120000
2020-09-04 13:29:45.148000,1.18022,1.1802,750000,750000
2020-09-04 13:29:45.478000,1.18023,1.18021,9650000,750000
2020-09-04 13:29:46.777000,1.18021,1.1802,8900000,1120000
2020-09-04 13:29:46.980000,1.18022,1.18021,8970000,1120000
2020-09-04 13:29:51.146000,1.18026,1.18024,370000,820000
2020-09-04 13:29:51.197000,1.18028,1.18025,9650000,1200000
2020-09-04 13:29:53.562000,1.18026,1.18023,3000000,750000
2020-09-04 13:29:53.664000,1.18025,1.18023,9090000,750000
2020-09-04 13:29:53.715000,1.18027,1.18023,12840000,750000
2020-09-04 13:29:55.367000,1.18025,1.18023,190000,750000
2020-09-04 13:29:55.469000,1.18025,1.18022,8900000,820000
2020-09-04 13:29:55.621000,1.18025,1.18023,8900000,820000
2020-09-04 13:29:55.722000,1.18027,1.18023,9650000,820000
2020-09-04 13:29:55.824000,1.18026,1.18025,750000,750000
2020-09-04 13:29:55.925000,1.18028,1.18025,9650000,1760000
2020-09-04 13:29:56.027000,1.1803,1.18026,9840000,7300000
2020-09-04 13:29:56.180000,1.18029,1.18026,8900000,1120000
2020-09-04 13:29:56.282000,1.1803,1.18026,12090000,7230000
2020-09-04 13:29:56.383000,1.18028,1.18027,8900000,1120000
2020-09-04 13:29:56.780000,1.18029,1.18024,10400000,7300000
2020-09-04 13:29:56.831000,1.18028,1.18026,8900000,750000
2020-09-04 13:29:57.034000,1.18028,1.18025,8900000,750000
2020-09-04 13:29:57.135000,1.18026,1.18025,9650000,750000
2020-09-04 13:29:57.288000,1.18023,1.1802,4500000,1310000
2020-09-04 13:29:57.390000,1.18023,1.18022,8900000,750000
2020-09-04 13:29:57.492000,1.18025,1.18023,9650000,100000
2020-09-04 13:29:57.644000,1.18024,1.18023,9650000,100000
2020-09-04 13:29:59.185000,1.18026,1.18023,12650000,820000
2020-09-04 13:30:00.163000,1.18027,1.18024,12650000,100000
2020-09-04 13:30:00.265000,1.18027,1.18023,12650000,820000
2020-09-04 13:30:00.467000,1.18026,1.18023,750000,750000
2020-09-04 13:30:00.569000,1.18025,1.18022,190000,6930000
2020-09-04 13:30:00.671000,1.18026,1.18022,9650000,820000
2020-09-04 13:30:00.925000,1.18025,1.18022,940000,750000
2020-09-04 13:30:01.028000,1.18025,1.18024,1120000,100000
2020-09-04 13:30:01.133000,1.18025,1.18022,1690000,6850000
2020-09-04 13:30:01.336000,1.18025,1.18024,9650000,100000
2020-09-04 13:30:01.488000,1.18026,1.18023,750000,820000
2020-09-04 13:30:01.590000,1.18025,1.18023,190000,750000
2020-09-04 13:30:01.692000,1.18025,1.18022,9840000,750000
2020-09-04 13:30:01.844000,1.18023,1.18022,8900000,7300000
2020-09-04 13:30:01.945000,1.18025,1.18023,8900000,820000
2020-09-04 13:30:02.047000,1.18027,1.18023,10400000,6930000
2020-09-04 13:30:02.453000,1.18026,1.18025,10400000,750000
2020-09-04 13:30:02.504000,1.18025,1.18023,190000,6850000
2020-09-04 13:30:02.606000,1.18025,1.18022,940000,750000
2020-09-04 13:30:02.707000,1.18026,1.18023,9650000,750000
2020-09-04 13:30:03.129000,1.18024,1.18022,750000,6100000
2020-09-04 13:30:03.233000,1.18023,1.18022,750000,317320007
2020-09-04 13:30:03.335000,1.18025,1.18022,8900000,820000
2020-09-04 13:30:03.436000,1.18024,1.18021,1120000,320250000
2020-09-04 13:30:03.588000,1.18024,1.1802,1120000,1390000
2020-09-04 13:30:03.690000,1.18024,1.18021,9650000,1200000
2020-09-04 13:30:04.146000,1.18024,1.18022,1690000,7300000
2020-09-04 13:30:05.126000,1.18024,1.18021,750000,6180000
2020-09-04 13:30:05.591000,1.18019,1.18018,190000,1500000
2020-09-04 13:30:05.642000,1.18019,1.18016,1500000,750000
2020-09-04 13:30:05.744000,1.18019,1.18015,1500000,1010000
2020-09-04 13:30:05.946000,1.18019,1.18018,1870000,100000
2020-09-04 13:30:05.998000,1.18019,1.18015,1500000,464670013
2020-09-04 13:30:06.302000,1.18015,1.18013,1120000,370000
2020-09-04 13:30:06.404000,1.18014,1.18012,1500000,6100000
2020-09-04 13:30:06.658000,1.18014,1.18013,370000,820000
2020-09-04 13:30:06.760000,1.18016,1.18013,750000,100000
2020-09-04 13:30:06.861000,1.18014,1.18013,8900000,100000
2020-09-04 13:30:07.064000,1.18014,1.18012,10400000,6930000
2020-09-04 13:30:07.115000,1.18011,1.18008,1500000,1200000
2020-09-04 13:30:07.217000,1.18012,1.1801,9350000,100000
2020-09-04 13:30:07.319000,1.18013,1.18011,12650000,100000
2020-09-04 13:30:08.079000,1.18015,1.18014,750000,100000
2020-09-04 13:30:08.180000,1.18014,1.18012,750000,100000
2020-09-04 13:30:08.282000,1.18015,1.18011,2250000,6930000
2020-09-04 13:30:08.384000,1.18014,1.18011,8900000,100000
2020-09-04 13:30:08.486000,1.18014,1.1801,10020000,820000
2020-09-04 13:30:08.587000,1.18014,1.18011,10770000,100000
2020-09-04 13:30:08.740000,1.18014,1.1801,10020000,820000
2020-09-04 13:30:09.339000,1.18014,1.18011,1120000,100000
2020-09-04 13:30:09.542000,1.18015,1.18012,10020000,820000
2020-09-04 13:30:09.897000,1.18016,1.18012,9650000,100000
2020-09-04 13:30:10.201000,1.18015,1.18014,750000,100000
2020-09-04 13:30:10.252000,1.18017,1.18015,10400000,100000
2020-09-04 13:30:11.186000,1.18017,1.18013,750000,1310000
2020-09-04 13:30:11.287000,1.18017,1.18015,750000,100000
2020-09-04 13:30:11.389000,1.18018,1.18015,10400000,100000
2020-09-04 13:30:11.491000,1.18018,1.18016,10400000,100000
2020-09-04 13:30:11.593000,1.18018,1.18015,10400000,100000
2020-09-04 13:30:12.150000,1.18018,1.18016,10400000,100000
2020-09-04 13:30:12.507000,1.1802,1.18018,370000,100000
2020-09-04 13:30:12.811000,1.18021,1.1802,750000,100000
2020-09-04 13:30:12.913000,1.1802,1.18018,370000,820000
2020-09-04 13:30:13.268000,1.18019,1.18017,750000,820000
2020-09-04 13:30:13.522000,1.18017,1.18015,11150000,100000
2020-09-04 13:30:13.675000,1.18018,1.18013,11150000,2510000
2020-09-04 13:30:13.928000,1.18017,1.18013,750000,4950000
2020-09-04 13:30:14.362000,1.18016,1.18013,750000,100000
2020-09-04 13:30:14.717000,1.18014,1.18013,2620000,8350000
2020-09-04 13:30:14.819000,1.18015,1.18014,10770000,100000
2020-09-04 13:30:14.920000,1.18016,1.18013,1870000,100000
2020-09-04 13:30:15.378000,1.18016,1.18015,1500000,1010000
2020-09-04 13:30:15.481000,1.18016,1.18014,2250000,100000
2020-09-04 13:30:15.583000,1.18017,1.18013,2250000,100000
2020-09-04 13:30:16.598000,1.18016,1.18013,14150000,2320000
2020-09-04 13:30:16.752000,1.18015,1.18013,9270000,820000
2020-09-04 13:30:16.956000,1.18015,1.18011,750000,9850000
2020-09-04 13:30:17.159000,1.18013,1.18011,750000,10300000
2020-09-04 13:30:17.261000,1.18013,1.18011,10770000,100000
2020-09-04 13:30:17.515000,1.18014,1.1801,10770000,820000
2020-09-04 13:30:17.819000,1.18013,1.1801,1120000,100000
2020-09-04 13:30:18.173000,1.18013,1.18009,10020000,6850000
2020-09-04 13:30:18.275000,1.18012,1.18009,1500000,6100000
2020-09-04 13:30:18.376000,1.1801,1.18007,750000,100000
2020-09-04 13:30:18.529000,1.18009,1.18006,750000,9930000
2020-09-04 13:30:18.984000,1.18009,1.18007,750000,100000
2020-09-04 13:30:19.086000,1.1801,1.18008,750000,100000
2020-09-04 13:30:19.358000,1.18009,1.18008,750000,6930000
2020-09-04 13:30:19.460000,1.18008,1.18007,1500000,6100000
2020-09-04 13:30:19.561000,1.18009,1.18005,1500000,1760000
2020-09-04 13:30:19.869000,1.18008,1.18005,8900000,1010000
2020-09-04 13:30:19.970000,1.18009,1.18005,2250000,7110000
2020-09-04 13:30:20.479000,1.18009,1.18006,10400000,370000
2020-09-04 13:30:20.581000,1.1801,1.18008,10020000,100000
2020-09-04 13:30:20.682000,1.18011,1.18008,10770000,100000
2020-09-04 13:30:21.038000,1.18011,1.18007,2620000,6930000
2020-09-04 13:30:21.140000,1.18009,1.18006,2250000,6180000
2020-09-04 13:30:21.293000,1.18009,1.18007,750000,100000
2020-09-04 13:30:21.395000,1.18009,1.18006,750000,10110000
2020-09-04 13:30:21.498000,1.18009,1.18007,750000,6100000
2020-09-04 13:30:21.801000,1.18011,1.18008,1870000,100000
2020-09-04 13:30:21.903000,1.18011,1.18009,1870000,100000
2020-09-04 13:30:22.004000,1.18012,1.18009,2250000,100000
2020-09-04 13:30:22.257000,1.18011,1.18009,2250000,100000
2020-09-04 13:30:22.359000,1.18011,1.1801,2250000,100000
2020-09-04 13:30:22.410000,1.18012,1.18011,10770000,1010000
2020-09-04 13:30:22.805000,1.18014,1.18012,750000,100000
2020-09-04 13:30:23.311000,1.18014,1.18011,750000,1690000
2020-09-04 13:30:23.413000,1.18014,1.18012,750000,100000
2020-09-04 13:30:23.514000,1.18014,1.18013,370000,100000
2020-09-04 13:30:23.616000,1.18015,1.18013,370000,100000
2020-09-04 13:30:23.870000,1.18016,1.18013,750000,100000
2020-09-04 13:30:24.005000,1.18015,1.18013,750000,8610000
2020-09-04 13:30:24.207000,1.18015,1.18012,750000,10860000
2020-09-04 13:30:24.308000,1.18016,1.18013,750000,100000
2020-09-04 13:30:24.562000,1.18017,1.18014,3000000,100000
2020-09-04 13:30:24.776000,1.18016,1.18015,750000,820000
2020-09-04 13:30:24.877000,1.18016,1.18015,3000000,6100000
2020-09-04 13:30:25.080000,1.18017,1.18015,2250000,100000
2020-09-04 13:30:25.131000,1.18016,1.18014,2250000,8430000
2020-09-04 13:30:25.283000,1.18015,1.18013,750000,11430000
2020-09-04 13:30:25.384000,1.18016,1.18013,3000000,10680000
2020-09-04 13:30:25.882000,1.18017,1.18013,3000000,6100000
2020-09-04 13:30:25.985000,1.18017,1.18012,11900000,10680000
2020-09-04 13:30:26.137000,1.18017,1.18014,11150000,100000
2020-09-04 13:30:26.239000,1.18017,1.18013,2250000,100000
2020-09-04 13:30:26.644000,1.18017,1.18012,11900000,11050000
2020-09-04 13:30:26.747000,1.18013,1.18011,1500000,370000
2020-09-04 13:30:26.849000,1.18012,1.1801,1500000,940000
2020-09-04 13:30:26.950000,1.18013,1.18011,9270000,750000
2020-09-04 13:30:27.052000,1.18014,1.18011,3750000,2440000
2020-09-04 13:30:27.254000,1.18014,1.18012,750000,6180000
2020-09-04 13:30:27.356000,1.18016,1.18013,750000,100000
2020-09-04 13:30:27.513000,1.18016,1.18015,750000,100000
2020-09-04 13:30:27.617000,1.18017,1.18016,1870000,260000
2020-09-04 13:30:27.821000,1.18019,1.18016,750000,100000
2020-09-04 13:30:28.025000,1.18019,1.18015,750000,7790000
2020-09-04 13:30:28.684000,1.1802,1.18017,9650000,820000
2020-09-04 13:30:28.735000,1.18022,1.1802,1570000,7760000
2020-09-04 13:30:28.837000,1.18023,1.1802,9650000,260000
2020-09-04 13:30:28.939000,1.18024,1.18022,8900000,820000
2020-09-04 13:30:29.040000,1.18026,1.18022,3750000,750000
2020-09-04 13:30:29.849000,1.18026,1.18024,11150000,750000
2020-09-04 13:30:29.960000,1.18027,1.18025,14340000,750000
2020-09-04 13:30:30.011000,1.18025,1.18024,750000,750000
2020-09-04 13:30:30.113000,1.18026,1.18022,3000000,6930000
2020-09-04 13:30:30.215000,1.18026,1.18023,3000000,750000
2020-09-04 13:30:30.266000,1.18027,1.18026,10020000,260000
2020-09-04 13:30:30.317000,1.18029,1.18025,10770000,1010000
2020-09-04 13:30:30.574000,1.18028,1.18027,9650000,820000
2020-09-04 13:30:30.878000,1.18029,1.18028,10400000,750000
2020-09-04 13:30:31.232000,1.1803,1.18029,14340000,820000
2020-09-04 13:30:31.283000,1.18033,1.18032,21719999,1500000
2020-09-04 13:30:31.385000,1.18034,1.18031,7500000,2510000
2020-09-04 13:30:31.486000,1.18035,1.18031,1500000,2510000
2020-09-04 13:30:31.588000,1.18035,1.18032,1500000,6100000
2020-09-04 13:30:31.689000,1.18034,1.18031,750000,7110000
2020-09-04 13:30:32.044000,1.18035,1.18031,750000,8240000
2020-09-04 13:30:32.145000,1.18035,1.18032,750000,6100000
2020-09-04 13:30:32.247000,1.18035,1.18033,8900000,9180000
2020-09-04 13:30:32.298000,1.18037,1.18035,820000,1760000
2020-09-04 13:30:32.370000,1.1804,1.18038,750000,100000
2020-09-04 13:30:32.474000,1.18041,1.18038,8900000,100000
2020-09-04 13:30:32.526000,1.18043,1.18041,8900000,100000
2020-09-04 13:30:32.578000,1.18044,1.18043,190000,820000
2020-09-04 13:30:32.680000,1.18045,1.18044,7500000,1120000
2020-09-04 13:30:32.782000,1.18045,1.18042,2440000,8430000
2020-09-04 13:30:32.883000,1.18046,1.18042,8900000,100000
2020-09-04 13:30:32.985000,1.18046,1.18041,8900000,1950000
2020-09-04 13:30:33.139000,1.18045,1.18041,9090000,1870000
2020-09-04 13:30:33.240000,1.18044,1.18043,8900000,1870000
2020-09-04 13:30:33.392000,1.18045,1.18041,8900000,2620000
2020-09-04 13:30:33.595000,1.18045,1.18042,8900000,1870000
2020-09-04 13:30:34.196000,1.18046,1.18043,8900000,750000
2020-09-04 13:30:34.298000,1.18047,1.18043,11150000,750000
2020-09-04 13:30:34.450000,1.18047,1.18042,11970000,1870000
2020-09-04 13:30:34.551000,1.18045,1.18043,8900000,1870000
2020-09-04 13:30:34.687000,1.18047,1.18042,12270000,1870000
2020-09-04 13:30:34.979000,1.18045,1.18043,8900000,1870000
2020-09-04 13:30:35.080000,1.18047,1.18043,9650000,750000
2020-09-04 13:30:35.283000,1.18049,1.18047,9720000,100000
2020-09-04 13:30:35.384000,1.1805,1.18049,7500000,450000
2020-09-04 13:30:35.486000,1.18052,1.18049,750000,100000
2020-09-04 13:30:35.587000,1.18052,1.18048,750000,1200000
2020-09-04 13:30:35.876000,1.18052,1.18049,750000,1570000
2020-09-04 13:30:36.736000,1.18053,1.18051,8900000,2700000
2020-09-04 13:30:36.787000,1.18055,1.18054,8320000,370000
2020-09-04 13:30:36.939000,1.18056,1.18054,750000,370000
2020-09-04 13:30:37.041000,1.18057,1.18054,750000,750000
2020-09-04 13:30:37.142000,1.18059,1.18055,820000,7490000
2020-09-04 13:30:37.446000,1.18058,1.18055,750000,6480000
2020-09-04 13:30:37.548000,1.18056,1.18055,750000,7980000
2020-09-04 13:30:38.358000,1.18057,1.18055,750000,750000
2020-09-04 13:30:38.460000,1.1806,1.18055,11970000,1120000
2020-09-04 13:30:38.511000,1.1806,1.18057,10590000,750000
2020-09-04 13:30:39.118000,1.1806,1.18056,10590000,750000
2020-09-04 13:30:39.219000,1.18059,1.18055,750000,7230000
2020-09-04 13:30:39.321000,1.18059,1.18054,11220000,7230000
2020-09-04 13:30:39.423000,1.18058,1.18054,10400000,1120000
2020-09-04 13:30:39.524000,1.18056,1.18055,8900000,1120000
2020-09-04 13:30:39.676000,1.18057,1.18055,9270000,1120000
2020-09-04 13:30:39.778000,1.18057,1.18054,8900000,1120000
2020-09-04 13:30:40.082000,1.18057,1.18055,10170000,1120000
2020-09-04 13:30:40.353000,1.18056,1.18055,8900000,1120000
2020-09-04 13:30:40.884000,1.18058,1.18054,10550000,1120000
2020-09-04 13:30:41.238000,1.18057,1.18054,8900000,1120000
2020-09-04 13:30:41.441000,1.18059,1.18057,100000,1570000
2020-09-04 13:30:41.543000,1.1806,1.18058,8900000,750000
2020-09-04 13:30:41.594000,1.18062,1.18058,370000,750000
2020-09-04 13:30:42.474000,1.18061,1.1806,370000,6100000
2020-09-04 13:30:42.575000,1.18063,1.18059,820000,6100000
2020-09-04 13:30:42.779000,1.18063,1.18058,9720000,750000
2020-09-04 13:30:43.705000,1.18062,1.18061,8900000,190000
2020-09-04 13:30:43.807000,1.18065,1.18063,8900000,1200000
2020-09-04 13:30:43.858000,1.18067,1.18065,7570000,750000
2020-09-04 13:30:43.959000,1.18067,1.18065,750000,6850000
2020-09-04 13:30:44.061000,1.18069,1.18067,8970000,750000
2020-09-04 13:30:44.163000,1.1807,1.18067,190000,7230000
2020-09-04 13:30:44.265000,1.1807,1.18066,9090000,750000
2020-09-04 13:30:44.518000,1.1807,1.18068,8900000,750000
2020-09-04 13:30:44.569000,1.18072,1.18068,11970000,750000
2020-09-04 13:30:44.671000,1.18071,1.18068,9840000,750000
2020-09-04 13:30:44.822000,1.18073,1.18068,10290000,750000
2020-09-04 13:30:44.924000,1.18072,1.18068,8900000,750000
2020-09-04 13:30:45.025000,1.18072,1.1807,10100000,750000
2020-09-04 13:30:45.127000,1.18071,1.1807,8900000,750000
2020-09-04 13:30:45.228000,1.18073,1.18069,9420000,750000
2020-09-04 13:30:45.532000,1.18071,1.18067,750000,7980000
2020-09-04 13:30:45.633000,1.18072,1.18068,8900000,750000
2020-09-04 13:30:45.735000,1.18073,1.18068,10400000,6850000
2020-09-04 13:30:46.039000,1.18073,1.1807,9270000,1500000
2020-09-04 13:30:46.090000,1.18075,1.18073,1500000,1500000
2020-09-04 13:30:46.141000,1.18078,1.18077,820000,1120000
2020-09-04 13:30:46.242000,1.1808,1.18075,9910000,6850000
2020-09-04 13:30:46.344000,1.18079,1.18074,820000,3190000
2020-09-04 13:30:46.951000,1.1808,1.18074,11040000,7680000
2020-09-04 13:30:47.103000,1.1808,1.18076,10210000,750000
2020-09-04 13:30:47.204000,1.18082,1.18076,11410000,6930000
2020-09-04 13:30:47.255000,1.1808,1.18076,100000,7790000
2020-09-04 13:30:47.357000,1.18081,1.18079,8900000,1870000
2020-09-04 13:30:47.459000,1.18084,1.18083,10960000,1500000
2020-09-04 13:30:47.561000,1.18086,1.18085,16400000,2620000
2020-09-04 13:30:47.662000,1.18089,1.18086,260000,6100000
2020-09-04 13:30:47.764000,1.18088,1.18085,9160000,8730000
2020-09-04 13:30:47.865000,1.18088,1.18084,450000,6100000
2020-09-04 13:30:48.017000,1.18087,1.18084,8900000,10230000
2020-09-04 13:30:48.119000,1.18088,1.18084,100000,6100000
2020-09-04 13:30:48.220000,1.18088,1.18083,100000,10230000
2020-09-04 13:30:48.271000,1.1809,1.18085,9350000,3260000
2020-09-04 13:30:48.576000,1.18089,1.18084,1570000,1500000
2020-09-04 13:30:49.183000,1.18087,1.18084,4010000,750000
2020-09-04 13:30:49.235000,1.18084,1.18082,750000,370000
2020-09-04 13:30:49.337000,1.18083,1.18079,750000,7500000
2020-09-04 13:30:49.438000,1.18083,1.18077,100000,2810000
2020-09-04 13:30:49.590000,1.18084,1.18082,1950000,370000
2020-09-04 13:30:49.793000,1.18081,1.18078,100000,2810000
2020-09-04 13:30:49.894000,1.18083,1.18077,100000,2890000
2020-09-04 13:30:50.097000,1.18082,1.18077,100000,2810000
2020-09-04 13:30:50.250000,1.18081,1.18077,100000,6480000
2020-09-04 13:30:50.351000,1.18081,1.18079,8900000,750000
2020-09-04 13:30:50.402000,1.18084,1.18078,12050000,820000
2020-09-04 13:30:50.504000,1.18082,1.18078,8900000,750000
2020-09-04 13:30:50.605000,1.18083,1.18078,9720000,750000
2020-09-04 13:30:50.757000,1.18082,1.18078,8900000,750000
2020-09-04 13:30:50.858000,1.1808,1.18078,1500000,6480000
2020-09-04 13:30:50.960000,1.18079,1.18075,10100000,19490000
2020-09-04 13:30:51.164000,1.1808,1.18076,9270000,100000
2020-09-04 13:30:51.266000,1.1808,1.18078,8900000,750000
2020-09-04 13:30:51.317000,1.18082,1.18078,1200000,750000
2020-09-04 13:30:51.570000,1.18082,1.18079,8900000,100000
2020-09-04 13:30:51.671000,1.18083,1.18079,10100000,6100000
2020-09-04 13:30:51.772000,1.18082,1.18079,10850000,6930000
2020-09-04 13:30:51.924000,1.18081,1.18079,8900000,6930000
2020-09-04 13:30:52.279000,1.18082,1.18079,10100000,6930000
2020-09-04 13:30:52.537000,1.18082,1.1808,10770000,100000
2020-09-04 13:30:52.638000,1.18082,1.18078,8900000,6930000
2020-09-04 13:30:52.739000,1.18082,1.18079,10850000,6930000
2020-09-04 13:30:52.942000,1.18082,1.18078,8900000,6930000
2020-09-04 13:30:53.043000,1.18082,1.18079,10850000,6930000
2020-09-04 13:30:53.398000,1.18081,1.18079,820000,750000
2020-09-04 13:30:53.741000,1.18082,1.18079,11600000,820000
2020-09-04 13:30:54.045000,1.18081,1.18079,8900000,820000
2020-09-04 13:30:54.161000,1.18082,1.18079,11600000,820000
2020-09-04 13:30:54.264000,1.18081,1.18079,10470000,750000
2020-09-04 13:30:54.315000,1.1808,1.18077,820000,6100000
2020-09-04 13:30:54.366000,1.1808,1.18075,11970000,6180000
2020-09-04 13:30:54.468000,1.18079,1.18075,8900000,820000
2020-09-04 13:30:54.924000,1.1808,1.18075,11040000,820000
2020-09-04 13:30:55.025000,1.18081,1.18077,10020000,820000
2020-09-04 13:30:55.077000,1.1808,1.18075,820000,10600000
2020-09-04 13:30:55.229000,1.1808,1.18074,12540000,10860000
2020-09-04 13:30:55.381000,1.18078,1.18075,8900000,7860000
2020-09-04 13:30:55.584000,1.18079,1.18075,8900000,750000
2020-09-04 13:30:55.686000,1.1808,1.18076,10770000,750000
2020-09-04 13:30:55.939000,1.18079,1.18075,750000,6850000
2020-09-04 13:30:56.041000,1.18078,1.18075,1120000,7860000
2020-09-04 13:30:56.143000,1.18078,1.18073,1500000,7110000
2020-09-04 13:30:56.245000,1.18077,1.18072,10020000,4200000
2020-09-04 13:30:56.498000,1.18075,1.18072,940000,9100000
2020-09-04 13:30:56.599000,1.18073,1.18071,10400000,6100000
2020-09-04 13:30:56.701000,1.18073,1.1807,10400000,7600000
2020-09-04 13:30:57.030000,1.18073,1.18071,10400000,750000
2020-09-04 13:30:57.132000,1.18074,1.18069,10400000,6480000
2020-09-04 13:30:57.436000,1.18072,1.1807,8900000,370000
2020-09-04 13:30:57.588000,1.18073,1.18068,8900000,6930000
2020-09-04 13:30:58.001000,1.18072,1.18068,8900000,6850000
2020-09-04 13:30:58.102000,1.18072,1.18069,9650000,6850000
2020-09-04 13:30:58.848000,1.18069,1.18068,1500000,6480000
2020-09-04 13:30:58.949000,1.18071,1.18067,2250000,6100000
2020-09-04 13:30:59,1.1807,1.18065,11150000,8050000
2020-09-04 13:30:59.102000,1.18069,1.18065,8900000,750000
2020-09-04 13:30:59.254000,1.18068,1.18067,8900000,100000
2020-09-04 13:30:59.356000,1.1807,1.18065,9650000,8240000
2020-09-04 13:30:59.457000,1.18069,1.18065,750000,8050000
2020-09-04 13:30:59.813000,1.18068,1.18067,9650000,750000
2020-09-04 13:31:00.117000,1.18069,1.18065,10400000,2620000
2020-09-04 13:31:00.219000,1.18064,1.18062,750000,1120000
2020-09-04 13:31:00.270000,1.18061,1.1806,1500000,4570000
2020-09-04 13:31:00.321000,1.18061,1.18058,1570000,370000
2020-09-04 13:31:00.423000,1.18058,1.18057,750000,7980000
2020-09-04 13:31:00.525000,1.18058,1.18054,750000,6930000
2020-09-04 13:31:00.575000,1.18058,1.18057,3000000,750000
2020-09-04 13:31:00.880000,1.18058,1.18056,3000000,1200000
2020-09-04 13:31:01.032000,1.18059,1.18054,14340000,7230000
2020-09-04 13:31:01.134000,1.18058,1.18054,9650000,370000
2020-09-04 13:31:01.589000,1.18059,1.18054,15840000,370000
2020-09-04 13:31:01.945000,1.18056,1.18054,9650000,10230000
2020-09-04 13:31:02.350000,1.18057,1.18054,11900000,100000
2020-09-04 13:31:02.452000,1.18058,1.18053,16290001,7230000
2020-09-04 13:31:02.553000,1.18057,1.18053,8900000,1120000
2020-09-04 13:31:03.009000,1.18054,1.18053,1120000,7230000
2020-09-04 13:31:03.060000,1.18053,1.18051,750000,6100000
2020-09-04 13:31:03.161000,1.18052,1.1805,940000,1120000
2020-09-04 13:31:03.517000,1.1805,1.18048,940000,370000
2020-09-04 13:31:03.618000,1.18051,1.18047,940000,7980000
2020-09-04 13:31:03.720000,1.18052,1.18048,750000,6180000
2020-09-04 13:31:03.821000,1.18052,1.18047,750000,11800000
2020-09-04 13:31:04.173000,1.1805,1.18048,8900000,4950000
2020-09-04 13:31:04.274000,1.18052,1.18048,750000,100000
2020-09-04 13:31:04.376000,1.18053,1.18048,5060000,100000
2020-09-04 13:31:04.528000,1.18051,1.18048,1760000,10980000
2020-09-04 13:31:04.887000,1.18051,1.18049,8900000,100000
2020-09-04 13:31:04.988000,1.18054,1.1805,12910000,2320000
2020-09-04 13:31:05.091000,1.18055,1.18053,16400000,100000
2020-09-04 13:31:05.141000,1.18058,1.18053,1120000,450000
2020-09-04 13:31:05.598000,1.18055,1.18053,1570000,7230000
2020-09-04 13:31:05.699000,1.18053,1.18051,39000000,4200000
2020-09-04 13:31:05.750000,1.18059,1.18057,9910000,100000
2020-09-04 13:31:05.852000,1.18062,1.18058,3000000,1120000
2020-09-04 13:31:05.953000,1.18063,1.18058,14710000,1120000
2020-09-04 13:31:06.054000,1.18062,1.18058,3000000,1120000
2020-09-04 13:31:07.175000,1.18062,1.18059,3000000,100000
2020-09-04 13:31:07.277000,1.18062,1.1806,13400000,100000
2020-09-04 13:31:07.993000,1.18062,1.18059,12650000,1200000
2020-09-04 13:31:08.044000,1.1806,1.18058,750000,7230000
2020-09-04 13:31:08.146000,1.1806,1.18057,10400000,3000000
2020-09-04 13:31:08.914000,1.18059,1.18057,8900000,820000
2020-09-04 13:31:09.016000,1.18062,1.18058,3260000,100000
2020-09-04 13:31:09.118000,1.18063,1.18057,6640000,11800000
2020-09-04 13:31:09.219000,1.18062,1.18057,12650000,7300000
2020-09-04 13:31:09.321000,1.1806,1.18057,8900000,100000
2020-09-04 13:31:09.422000,1.18061,1.18058,14410000,7300000
2020-09-04 13:31:09.524000,1.1806,1.18057,3070000,6100000
2020-09-04 13:31:09.644000,1.1806,1.18056,3000000,100000
2020-09-04 13:31:09.803000,1.1806,1.18055,11970000,8050000
2020-09-04 13:31:09.905000,1.18062,1.18057,13660000,1200000
2020-09-04 13:31:10.058000,1.18061,1.18059,11900000,100000
2020-09-04 13:31:10.160000,1.18063,1.18059,11340000,100000
2020-09-04 13:31:10.262000,1.18063,1.18058,11410000,7300000
2020-09-04 13:31:10.364000,1.18062,1.1806,10590000,100000
2020-09-04 13:31:10.465000,1.18063,1.18058,9910000,11050000
2020-09-04 13:31:10.903000,1.18062,1.1806,12650000,100000
2020-09-04 13:31:11.056000,1.18062,1.18059,12720000,8050000
2020-09-04 13:31:11.258000,1.18062,1.1806,12650000,100000
2020-09-04 13:31:11.410000,1.18063,1.1806,12650000,100000
2020-09-04 13:31:11.613000,1.18063,1.18059,3750000,6180000
2020-09-04 13:31:11.715000,1.18066,1.18063,370000,100000
2020-09-04 13:31:11.766000,1.18064,1.18062,820000,7230000
2020-09-04 13:31:11.868000,1.18064,1.1806,9650000,4120000
2020-09-04 13:31:12.021000,1.18063,1.1806,1500000,3000000
2020-09-04 13:31:12.275000,1.18059,1.18058,20120001,6480000
2020-09-04 13:31:12.326000,1.18058,1.18055,100000,6660000
2020-09-04 13:31:12.428000,1.18057,1.18054,8900000,1200000
2020-09-04 13:31:12.631000,1.18059,1.18054,11220000,1200000
2020-09-04 13:31:12.937000,1.18059,1.18056,8900000,100000
2020-09-04 13:31:13.038000,1.1806,1.18055,820000,6180000
2020-09-04 13:31:13.191000,1.1806,1.18056,750000,100000
2020-09-04 13:31:13.293000,1.1806,1.18055,820000,6180000
2020-09-04 13:31:13.877000,1.18061,1.18056,14220000,6930000
2020-09-04 13:31:14.010000,1.18061,1.18058,8900000,100000
2020-09-04 13:31:14.061000,1.18063,1.18058,14600000,6180000
2020-09-04 13:31:14.213000,1.18062,1.18057,100000,11050000
2020-09-04 13:31:14.669000,1.18063,1.18058,13470000,6180000
2020-09-04 13:31:14.770000,1.18063,1.18059,3000000,6180000
2020-09-04 13:31:15.124000,1.18064,1.18059,11410000,6180000
2020-09-04 13:31:15.673000,1.18062,1.1806,4570000,6100000
2020-09-04 13:31:15.774000,1.18063,1.18058,13470000,7300000
2020-09-04 13:31:16.545000,1.18061,1.18059,100000,6100000
2020-09-04 13:31:16.647000,1.18063,1.18058,13470000,100000
2020-09-04 13:31:16.895000,1.18063,1.18059,11970000,1870000
2020-09-04 13:31:16.946000,1.18063,1.18062,9270000,2250000
2020-09-04 13:31:16.998000,1.18065,1.18062,8900000,1120000
2020-09-04 13:31:17.049000,1.18063,1.1806,100000,6100000
2020-09-04 13:31:17.150000,1.18063,1.18059,3070000,6480000
2020-09-04 13:31:17.454000,1.18065,1.1806,15540000,370000
2020-09-04 13:31:17.506000,1.18064,1.18063,11900000,820000
2020-09-04 13:31:17.609000,1.18066,1.18062,750000,7300000
2020-09-04 13:31:17.862000,1.18063,1.18062,1870000,6480000
2020-09-04 13:31:17.913000,1.18063,1.18059,100000,370000
2020-09-04 13:31:18.015000,1.18059,1.18058,450000,370000
2020-09-04 13:31:18.117000,1.18059,1.18055,9650000,13980000
2020-09-04 13:31:18.218000,1.18058,1.18054,8900000,7410000
2020-09-04 13:31:18.320000,1.18058,1.18055,14220000,7230000
2020-09-04 13:31:18.421000,1.18057,1.18055,8900000,7230000
2020-09-04 13:31:18.523000,1.18059,1.18054,15160000,7230000
2020-09-04 13:31:18.978000,1.18058,1.18054,750000,1120000
2020-09-04 13:31:19.282000,1.18057,1.18054,8900000,1120000
2020-09-04 13:31:19.434000,1.18058,1.18054,8900000,1120000
2020-09-04 13:31:19.536000,1.18059,1.18054,15910000,1120000
2020-09-04 13:31:19.638000,1.18058,1.18054,8900000,1120000
2020-09-04 13:31:20.197000,1.18058,1.18055,8900000,10010000
2020-09-04 13:31:20.299000,1.18059,1.18056,8900000,100000
2020-09-04 13:31:20.401000,1.18059,1.18057,8900000,100000
2020-09-04 13:31:20.502000,1.18059,1.18057,8900000,3820000
2020-09-04 13:31:20.603000,1.18059,1.18058,8900000,100000
2020-09-04 13:31:20.755000,1.18059,1.18057,8900000,1570000
2020-09-04 13:31:21.561000,1.18059,1.18057,8900000,370000
2020-09-04 13:31:21.613000,1.18065,1.18061,7870000,1120000
2020-09-04 13:31:21.664000,1.18065,1.18064,7500000,100000
2020-09-04 13:31:21.714000,1.18067,1.18063,940000,100000
2020-09-04 13:31:22.120000,1.18068,1.18066,940000,5320000
2020-09-04 13:31:22.222000,1.18069,1.18067,190000,3000000
2020-09-04 13:31:22.323000,1.1807,1.18068,190000,100000
2020-09-04 13:31:23.146000,1.18073,1.1807,9090000,1500000
2020-09-04 13:31:23.248000,1.18073,1.18069,260000,370000
2020-09-04 13:31:23.350000,1.18072,1.18068,100000,6850000
2020-09-04 13:31:23.503000,1.18071,1.18068,8900000,750000
2020-09-04 13:31:23.605000,1.18072,1.18068,8970000,750000
2020-09-04 13:31:23.656000,1.1807,1.18067,750000,7230000
2020-09-04 13:31:23.707000,1.18069,1.18065,1570000,6550000
2020-09-04 13:31:23.809000,1.18068,1.18063,9720000,6850000
2020-09-04 13:31:23.911000,1.18066,1.18064,8900000,750000
2020-09-04 13:31:24.721000,1.18068,1.18063,12910000,820000
2020-09-04 13:31:25.095000,1.18067,1.18063,8900000,820000
2020-09-04 13:31:25.198000,1.18066,1.18063,9160000,1570000
2020-09-04 13:31:25.806000,1.18067,1.18063,8970000,750000
2020-09-04 13:31:26.751000,1.18068,1.18063,15910000,6930000
2020-09-04 13:31:26.903000,1.18066,1.18064,8900000,6930000
2020-09-04 13:31:27.116000,1.18067,1.18064,8900000,100000
2020-09-04 13:31:27.218000,1.18068,1.18066,8900000,820000
2020-09-04 13:31:27.370000,1.1807,1.18065,10290000,820000
2020-09-04 13:31:27.471000,1.18069,1.18065,8900000,820000
2020-09-04 13:31:27.979000,1.18068,1.18065,750000,750000
2020-09-04 13:31:28.133000,1.18069,1.18065,14410000,750000
2020-09-04 13:31:28.235000,1.18067,1.18066,8900000,750000
2020-09-04 13:31:28.552000,1.18069,1.18065,14410000,750000
2020-09-04 13:31:28.768000,1.18068,1.18065,8900000,750000
2020-09-04 13:31:29.322000,1.18069,1.18065,12650000,6930000
2020-09-04 13:31:29.525000,1.1807,1.18068,9650000,750000
2020-09-04 13:31:29.627000,1.18069,1.18068,100000,6100000
2020-09-04 13:31:29.728000,1.18069,1.18067,750000,6100000
2020-09-04 13:31:29.779000,1.18069,1.18065,750000,750000
2020-09-04 13:31:30.310000,1.18068,1.18065,820000,750000
2020-09-04 13:31:30.361000,1.18068,1.18063,820000,6850000
2020-09-04 13:31:30.513000,1.18069,1.18064,13770000,450000
2020-09-04 13:31:31.158000,1.18068,1.18064,10850000,11050000
2020-09-04 13:31:31.259000,1.18068,1.18063,3450000,6850000
2020-09-04 13:31:32.002000,1.18068,1.18065,12650000,750000
2020-09-04 13:31:32.104000,1.18068,1.18066,9650000,750000
2020-09-04 13:31:32.206000,1.1807,1.18068,11900000,750000
2020-09-04 13:31:32.309000,1.18072,1.18068,9650000,750000
2020-09-04 13:31:32.714000,1.18073,1.18068,14970000,750000
2020-09-04 13:31:32.815000,1.18072,1.18068,8900000,750000
2020-09-04 13:31:33.018000,1.18068,1.18067,1570000,450000
2020-09-04 13:31:33.120000,1.18068,1.18065,820000,6100000
2020-09-04 13:31:33.170000,1.18068,1.18063,9720000,18180000
2020-09-04 13:31:33.272000,1.18067,1.18063,100000,750000
2020-09-04 13:31:33.424000,1.18068,1.18063,11970000,1570000
2020-09-04 13:31:33.779000,1.18068,1.18064,8900000,100000
2020-09-04 13:31:33.880000,1.18069,1.18065,1120000,6850000
2020-09-04 13:31:34.083000,1.18068,1.18064,820000,6100000
2020-09-04 13:31:34.185000,1.18067,1.18063,8900000,750000
2020-09-04 13:31:34.388000,1.18068,1.18063,4200000,750000
2020-09-04 13:31:34.489000,1.18068,1.18064,13020000,100000
2020-09-04 13:31:34.591000,1.18068,1.18065,1950000,9100000
2020-09-04 13:31:34.642000,1.1807,1.18066,12270000,100000
2020-09-04 13:31:35.341000,1.1807,1.18067,10850000,3070000
2020-09-04 13:31:35.544000,1.1807,1.18069,8900000,750000
2020-09-04 13:31:35.646000,1.18072,1.1807,8900000,100000
2020-09-04 13:31:35.697000,1.18073,1.18071,2400000,940000
2020-09-04 13:31:35.798000,1.18074,1.18071,100000,750000
2020-09-04 13:31:35.900000,1.18075,1.18072,3000000,7110000
2020-09-04 13:31:36.052000,1.18077,1.18073,8900000,1760000
2020-09-04 13:31:36.153000,1.18077,1.18074,10470000,7860000
2020-09-04 13:31:36.255000,1.1808,1.18078,16400000,750000
2020-09-04 13:31:36.357000,1.18082,1.18078,8970000,750000
2020-09-04 13:31:36.611000,1.18085,1.18083,1500000,100000
2020-09-04 13:31:36.714000,1.1809,1.18088,28059999,750000
2020-09-04 13:31:36.816000,1.1809,1.18089,9840000,1500000
2020-09-04 13:31:36.917000,1.18092,1.1809,7500000,940000
2020-09-04 13:31:37.019000,1.18092,1.1809,750000,7040000
2020-09-04 13:31:37.120000,1.18093,1.1809,750000,2250000
2020-09-04 13:31:37.222000,1.18093,1.18091,2250000,190000
2020-09-04 13:31:37.323000,1.18093,1.1809,750000,6850000
2020-09-04 13:31:37.628000,1.18092,1.1809,1500000,6850000
2020-09-04 13:31:37.729000,1.18091,1.18087,1500000,560000
2020-09-04 13:31:37.780000,1.18092,1.1809,370000,6100000
2020-09-04 13:31:37.882000,1.18092,1.18091,750000,6850000
2020-09-04 13:31:38.137000,1.18095,1.18093,370000,100000
2020-09-04 13:31:38.290000,1.18098,1.18093,9270000,7860000
2020-09-04 13:31:38.998000,1.18097,1.18095,2320000,6100000
2020-09-04 13:31:39.100000,1.18096,1.18093,9650000,750000
2020-09-04 13:31:39.505000,1.18096,1.18094,8900000,820000
2020-09-04 13:31:39.606000,1.18097,1.18094,8900000,1690000
2020-09-04 13:31:39.708000,1.18097,1.18095,10020000,1760000
2020-09-04 13:31:40.087000,1.18097,1.18094,1950000,13110000
2020-09-04 13:31:40.190000,1.18098,1.18094,10100000,750000
2020-09-04 13:31:40.342000,1.18098,1.18093,1200000,13110000
2020-09-04 13:31:40.544000,1.18097,1.18093,820000,9290000
2020-09-04 13:31:40.595000,1.18093,1.18091,820000,8320000
2020-09-04 13:31:40.849000,1.18092,1.18091,100000,6850000
2020-09-04 13:31:40.950000,1.18092,1.18091,100000,750000
2020-09-04 13:31:41.052000,1.18093,1.1809,100000,1500000
2020-09-04 13:31:41.204000,1.18095,1.18093,8970000,1500000
2020-09-04 13:31:41.306000,1.18092,1.1809,100000,7300000
2020-09-04 13:31:41.408000,1.18092,1.1809,100000,2440000
2020-09-04 13:31:41.510000,1.18093,1.1809,8970000,750000
2020-09-04 13:31:41.612000,1.18092,1.1809,100000,750000
2020-09-04 13:31:42.188000,1.18092,1.18091,8970000,750000
2020-09-04 13:31:42.290000,1.18093,1.18091,8970000,750000
2020-09-04 13:31:42.341000,1.18097,1.18094,2620000,750000
2020-09-04 13:31:42.442000,1.18097,1.18095,12720000,750000
2020-09-04 13:31:42.544000,1.18097,1.18094,100000,750000
2020-09-04 13:31:42.645000,1.18096,1.18093,100000,1690000
2020-09-04 13:31:42.696000,1.18097,1.18095,12720000,750000
2020-09-04 13:31:42.798000,1.18097,1.18094,100000,1690000
2020-09-04 13:31:42.950000,1.18098,1.18096,8900000,750000
2020-09-04 13:31:43.052000,1.18098,1.18095,100000,9290000
2020-09-04 13:31:43.154000,1.18099,1.18095,100000,1690000
2020-09-04 13:31:43.415000,1.18099,1.18096,100000,750000
2020-09-04 13:31:43.567000,1.18098,1.18097,2320000,750000
2020-09-04 13:31:44.959000,1.18096,1.18095,1570000,6100000
2020-09-04 13:31:45.011000,1.18094,1.18092,100000,1760000
2020-09-04 13:31:45.062000,1.18091,1.1809,820000,16110001
2020-09-04 13:31:45.214000,1.18091,1.18089,820000,6100000
2020-09-04 13:31:45.320000,1.18091,1.18088,8970000,940000
2020-09-04 13:31:45.523000,1.18089,1.18088,100000,6850000
2020-09-04 13:31:46.879000,1.18091,1.18088,9650000,750000
2020-09-04 13:31:46.993000,1.1809,1.18088,100000,750000
2020-09-04 13:31:47.854000,1.18091,1.18089,12350000,7600000
2020-09-04 13:31:47.956000,1.1809,1.18089,8900000,7680000
2020-09-04 13:31:48.008000,1.18093,1.1809,1870000,1690000
2020-09-04 13:31:48.059000,1.18098,1.18095,370000,750000
2020-09-04 13:31:48.110000,1.18097,1.18093,100000,1120000
2020-09-04 13:31:48.211000,1.18096,1.18093,8900000,1310000
2020-09-04 13:31:48.313000,1.18094,1.18092,8900000,750000
2020-09-04 13:31:48.415000,1.18096,1.18092,8970000,2440000
2020-09-04 13:31:48.618000,1.18096,1.18093,100000,7410000
2020-09-04 13:31:48.720000,1.18097,1.18094,100000,8910000
2020-09-04 13:31:48.872000,1.18097,1.18095,100000,6100000
2020-09-04 13:31:48.995000,1.18096,1.18095,8970000,2810000
2020-09-04 13:31:49.147000,1.18096,1.18094,100000,7040000
2020-09-04 13:31:49.400000,1.18095,1.18094,100000,6480000
2020-09-04 13:31:49.552000,1.18096,1.18093,8900000,6480000
2020-09-04 13:31:49.654000,1.18096,1.18094,100000,7410000
2020-09-04 13:31:49.756000,1.18095,1.18094,8970000,1310000
2020-09-04 13:31:49.857000,1.18094,1.18093,100000,6480000
2020-09-04 13:31:49.959000,1.18096,1.18093,8900000,6480000
2020-09-04 13:31:50.060000,1.18096,1.18094,10100000,370000
2020-09-04 13:31:50.162000,1.18096,1.18093,8900000,370000
2020-09-04 13:31:50.263000,1.18097,1.18093,10100000,6480000
2020-09-04 13:31:50.719000,1.18096,1.18093,8900000,370000
2020-09-04 13:31:50.929000,1.18096,1.18092,8900000,9660000
2020-09-04 13:31:51.081000,1.18096,1.18091,8970000,9290000
2020-09-04 13:31:51.183000,1.18096,1.18092,8970000,940000
2020-09-04 13:31:51.487000,1.18097,1.18092,10100000,10040000
2020-09-04 13:31:52.133000,1.18096,1.18092,8900000,2440000
2020-09-04 13:31:52.386000,1.18097,1.18092,10100000,8540000
2020-09-04 13:31:52.588000,1.18096,1.18092,8900000,2440000
2020-09-04 13:31:53.162000,1.18097,1.18092,10100000,8540000
2020-09-04 13:31:53.327000,1.18097,1.18093,10100000,940000
2020-09-04 13:31:53.429000,1.18098,1.18093,9720000,8540000
2020-09-04 13:31:53.532000,1.18097,1.18093,8970000,8540000
2020-09-04 13:31:53.633000,1.18096,1.18093,100000,2440000
2020-09-04 13:31:54.140000,1.18094,1.18091,4570000,6550000
2020-09-04 13:31:54.243000,1.18091,1.18089,8970000,7790000
2020-09-04 13:31:54.548000,1.18095,1.18091,7870000,3370000
2020-09-04 13:31:54.752000,1.18093,1.18091,100000,6100000
2020-09-04 13:31:54.905000,1.18094,1.18092,8970000,7040000
2020-09-04 13:31:55.223000,1.18093,1.18091,100000,7790000
2020-09-04 13:31:55.325000,1.18093,1.18089,8970000,7040000
2020-09-04 13:31:55.428000,1.18092,1.18089,100000,6100000
2020-09-04 13:31:55.529000,1.18092,1.18088,8970000,6850000
2020-09-04 13:31:55.788000,1.18092,1.18087,8970000,10230000
2020-09-04 13:31:55.839000,1.18089,1.18087,100000,6100000
2020-09-04 13:31:55.940000,1.18088,1.18086,820000,6100000
2020-09-04 13:31:55.991000,1.18088,1.18083,9720000,6930000
2020-09-04 13:31:56.093000,1.18087,1.18083,8900000,6850000
2020-09-04 13:31:56.447000,1.18087,1.18084,9650000,7600000
2020-09-04 13:31:56.700000,1.18087,1.18086,8900000,1690000
2020-09-04 13:31:56.802000,1.18089,1.18085,8970000,750000
2020-09-04 13:31:56.904000,1.18088,1.18084,8900000,9290000
2020-09-04 13:31:57.157000,1.18087,1.18083,100000,7790000
2020-09-04 13:31:57.360000,1.18087,1.18082,8970000,8540000
2020-09-04 13:31:57.867000,1.18087,1.18083,8970000,6100000
2020-09-04 13:31:58.122000,1.18088,1.18082,15350000,8690000
2020-09-04 13:31:58.224000,1.18087,1.18082,8900000,8610000
2020-09-04 13:31:58.427000,1.18086,1.18084,8970000,750000
2020-09-04 13:31:58.884000,1.18086,1.18083,100000,940000
2020-09-04 13:31:58.986000,1.18086,1.18082,100000,8540000
2020-09-04 13:31:59.197000,1.18087,1.18082,8970000,8540000
2020-09-04 13:31:59.298000,1.18087,1.18083,8900000,1690000
2020-09-04 13:32:00.716000,1.18086,1.18083,9270000,9740000
2020-09-04 13:32:00.818000,1.18086,1.18082,750000,6850000
2020-09-04 13:32:02.354000,1.18086,1.18081,820000,7000000
2020-09-04 13:32:02.455000,1.18078,1.18075,100000,750000
2020-09-04 13:32:02.557000,1.18075,1.18074,4570000,6290000
2020-09-04 13:32:02.608000,1.18074,1.18072,9650000,450000
2020-09-04 13:32:02.659000,1.18073,1.18069,100000,7680000
2020-09-04 13:32:02.811000,1.18072,1.18069,8900000,750000
2020-09-04 13:32:03.065000,1.18072,1.18067,8970000,7600000
2020-09-04 13:32:03.268000,1.18072,1.18069,9350000,750000
2020-09-04 13:32:03.471000,1.18072,1.18068,8900000,6850000
2020-09-04 13:32:03.724000,1.18071,1.18067,8900000,750000
2020-09-04 13:32:03.939000,1.18068,1.18067,2250000,6100000
2020-09-04 13:32:04.042000,1.18068,1.18064,8900000,750000
2020-09-04 13:32:04.093000,1.18068,1.18066,8900000,750000
2020-09-04 13:32:04.144000,1.1807,1.18066,9160000,750000
2020-09-04 13:32:04.440000,1.18068,1.18066,100000,6100000
2020-09-04 13:32:04.491000,1.18067,1.18064,100000,6180000
2020-09-04 13:32:04.543000,1.18071,1.18066,8970000,750000
2020-09-04 13:32:04.746000,1.1807,1.18068,8970000,750000
2020-09-04 13:32:05.218000,1.18071,1.18066,100000,7600000
2020-09-04 13:32:05.573000,1.18069,1.18067,100000,8350000
2020-09-04 13:32:05.827000,1.18071,1.18066,820000,7600000
2020-09-04 13:32:05.979000,1.1807,1.18066,100000,9850000
2020-09-04 13:32:06.434000,1.18071,1.18066,820000,6850000
2020-09-04 13:32:06.586000,1.18072,1.18066,13100000,11310000
2020-09-04 13:32:06.688000,1.18072,1.18067,13100000,6100000
2020-09-04 13:32:06.841000,1.18073,1.1807,9270000,1500000
2020-09-04 13:32:06.943000,1.18073,1.18069,3000000,750000
2020-09-04 13:32:07.044000,1.18072,1.18069,8970000,6850000
2020-09-04 13:32:07.146000,1.18072,1.18068,8900000,820000
2020-09-04 13:32:07.248000,1.18073,1.18068,8970000,6930000
2020-09-04 13:32:07.350000,1.18071,1.18069,100000,6850000
2020-09-04 13:32:07.452000,1.18071,1.18068,8970000,8540000
2020-09-04 13:32:08.208000,1.18071,1.18069,100000,6100000
2020-09-04 13:32:08.411000,1.18072,1.18067,100000,9290000
2020-09-04 13:32:08.816000,1.18072,1.18068,13470000,9740000
2020-09-04 13:32:08.917000,1.18072,1.18069,100000,7040000
2020-09-04 13:32:09.322000,1.18071,1.18069,100000,750000
2020-09-04 13:32:09.424000,1.18074,1.18073,8900000,190000
2020-09-04 13:32:09.525000,1.18077,1.18072,10850000,190000
2020-09-04 13:32:09.881000,1.18077,1.18074,9650000,940000
2020-09-04 13:32:09.983000,1.1808,1.18077,8900000,7860000
2020-09-04 13:32:10.084000,1.18081,1.18077,7500000,8610000
2020-09-04 13:32:10.186000,1.18082,1.18077,11970000,8610000
2020-09-04 13:32:10.749000,1.18081,1.18077,100000,7040000
2020-09-04 13:32:11.650000,1.18079,1.18078,1690000,6100000
2020-09-04 13:32:11.752000,1.18078,1.18076,1500000,1500000
2020-09-04 13:32:12.117000,1.18079,1.18076,3370000,3000000
2020-09-04 13:32:12.522000,1.18078,1.18076,750000,1500000
2020-09-04 13:32:14.009000,1.18076,1.18073,820000,370000
2020-09-04 13:32:14.161000,1.18074,1.18072,1010000,370000
2020-09-04 13:32:14.262000,1.18075,1.18073,820000,370000
2020-09-04 13:32:14.363000,1.18076,1.18071,750000,3750000
2020-09-04 13:32:15.565000,1.18076,1.18072,3750000,6100000
2020-09-04 13:32:16.405000,1.18077,1.18074,9270000,940000
2020-09-04 13:32:16.506000,1.18077,1.18076,8900000,3750000
2020-09-04 13:32:16.557000,1.1808,1.18075,11410000,10600000
2020-09-04 13:32:16.659000,1.1808,1.18076,11410000,6100000
2020-09-04 13:32:17.029000,1.1808,1.18075,1500000,11800000
2020-09-04 13:32:17.137000,1.18079,1.18077,10400000,6100000
2020-09-04 13:32:17.398000,1.18081,1.18078,3000000,370000
2020-09-04 13:32:17.500000,1.18082,1.18079,8970000,750000
2020-09-04 13:32:18.931000,1.18086,1.18082,13400000,370000
2020-09-04 13:32:19.032000,1.18087,1.18082,20969999,7230000
2020-09-04 13:32:19.084000,1.18087,1.18084,16400000,1690000
2020-09-04 13:32:19.186000,1.18089,1.18086,8900000,2700000
2020-09-04 13:32:19.237000,1.18091,1.18087,16400000,6100000
2020-09-04 13:32:19.338000,1.18091,1.18088,10850000,6100000
2020-09-04 13:32:21.039000,1.18091,1.18089,9650000,750000
2020-09-04 13:32:21.090000,1.18093,1.1809,8900000,100000
2020-09-04 13:32:21.293000,1.18093,1.18089,820000,6850000
2020-09-04 13:32:21.395000,1.18094,1.1809,9720000,190000
2020-09-04 13:32:21.547000,1.18095,1.18091,8900000,9930000
2020-09-04 13:32:21.648000,1.18096,1.18093,10470000,6100000
2020-09-04 13:32:21.878000,1.18097,1.18093,10400000,750000
2020-09-04 13:32:22.252000,1.18095,1.18094,100000,750000
2020-09-04 13:32:22.457000,1.18093,1.18092,750000,6480000
2020-09-04 13:32:22.559000,1.18095,1.18092,8900000,750000
2020-09-04 13:32:22.661000,1.18096,1.18092,100000,750000
2020-09-04 13:32:23.191000,1.18095,1.18092,8900000,750000
2020-09-04 13:32:23.531000,1.18095,1.18093,750000,750000
2020-09-04 13:32:24.580000,1.18096,1.18093,750000,750000
2020-09-04 13:32:24.967000,1.18096,1.18093,750000,750000
2020-09-04 13:32:25.411000,1.18097,1.18094,10100000,1130000
2020-09-04 13:32:25.512000,1.18096,1.18095,750000,6850000
2020-09-04 13:32:25.715000,1.18096,1.18094,10100000,1130000
2020-09-04 13:32:27.152000,1.18097,1.18093,750000,750000
2020-09-04 13:32:27.254000,1.18098,1.18095,9720000,190000
2020-09-04 13:32:27.356000,1.18097,1.18094,9720000,8050000
2020-09-04 13:32:27.509000,1.18098,1.18095,9650000,190000
2020-09-04 13:32:27.611000,1.18099,1.18096,8900000,8910000
2020-09-04 13:32:27.713000,1.181,1.18097,9840000,6100000
2020-09-04 13:32:27.815000,1.181,1.18096,940000,8800000
2020-09-04 13:32:27.967000,1.181,1.18097,750000,750000
2020-09-04 13:32:28.119000,1.181,1.18098,750000,190000
2020-09-04 13:32:28.223000,1.18103,1.18101,8900000,2770000
