time,ask,bid,ask_volume,bid_volume
2022-11-03 12:25:00.093000,0.97546,0.97541,440000,3600000
2022-11-03 12:25:00.246000,0.97546,0.9754,3600000,4940000
2022-11-03 12:25:00.348000,0.97546,0.97542,4040000,3600000
2022-11-03 12:25:00.399000,0.97549,0.97544,8270000,900000
2022-11-03 12:25:00.502000,0.97548,0.97542,4040000,3600000
2022-11-03 12:25:00.604000,0.97547,0.97541,4040000,4500000
2022-11-03 12:25:00.757000,0.97545,0.97539,3600000,6790000
2022-11-03 12:25:00.859000,0.97545,0.9754,3600000,120000
2022-11-03 12:25:00.935000,0.97547,0.97541,7580000,4040000
2022-11-03 12:25:01.323000,0.97545,0.9754,440000,3600000
2022-11-03 12:25:01.526000,0.97544,0.9754,4040000,4500000
2022-11-03 12:25:01.628000,0.97544,0.97539,4040000,900000
2022-11-03 12:25:01.780000,0.97542,0.9754,4040000,900000
2022-11-03 12:25:01.933000,0.97544,0.97539,3600000,900000
2022-11-03 12:25:02.035000,0.97545,0.97539,4040000,4500000
2022-11-03 12:25:02.137000,0.97544,0.97539,440000,4500000
2022-11-03 12:25:02.290000,0.97545,0.9754,440000,3600000
2022-11-03 12:25:02.391000,0.97545,0.97539,4040000,4500000
2022-11-03 12:25:02.493000,0.97543,0.97538,4040000,900000
2022-11-03 12:25:02.595000,0.97541,0.97538,900000,900000
2022-11-03 12:25:02.646000,0.9754,0.97535,4040000,440000
2022-11-03 12:25:02.748000,0.97539,0.97534,3600000,5400000
2022-11-03 12:25:02.850000,0.97541,0.97536,3980000,3600000
2022-11-03 12:25:02.952000,0.97543,0.97539,3830000,900000
2022-11-03 12:25:03.120000,0.97541,0.97539,230000,900000
2022-11-03 12:25:03.222000,0.97544,0.97539,3600000,900000
2022-11-03 12:25:03.715000,0.97542,0.9754,4040000,900000
2022-11-03 12:25:03.766000,0.97543,0.97537,4040000,4580000
2022-11-03 12:25:04.070000,0.97541,0.97537,4500000,900000
2022-11-03 12:25:04.172000,0.9754,0.97535,4040000,4500000
2022-11-03 12:25:04.274000,0.97542,0.97537,440000,5040000
2022-11-03 12:25:04.376000,0.97542,0.9754,3600000,900000
2022-11-03 12:25:04.478000,0.97543,0.97537,4040000,4940000
2022-11-03 12:25:04.833000,0.97542,0.97536,3600000,4040000
2022-11-03 12:25:05.036000,0.97541,0.97535,3600000,5040000
2022-11-03 12:25:05.138000,0.97541,0.97537,440000,3600000
2022-11-03 12:25:06.122000,0.97541,0.97536,3600000,440000
2022-11-03 12:25:06.224000,0.9754,0.97535,440000,4500000
2022-11-03 12:25:06.326000,0.97538,0.97535,4040000,900000
2022-11-03 12:25:06.495000,0.97539,0.97533,440000,3600000
2022-11-03 12:25:06.862000,0.97538,0.97533,440000,3600000
2022-11-03 12:25:06.964000,0.97539,0.97533,440000,3600000
2022-11-03 12:25:07.117000,0.97539,0.97532,4040000,4040000
2022-11-03 12:25:07.219000,0.97539,0.97533,440000,3600000
2022-11-03 12:25:07.484000,0.97537,0.97532,440000,4940000
2022-11-03 12:25:07.587000,0.97539,0.97535,3600000,900000
2022-11-03 12:25:07.689000,0.9754,0.97534,440000,4040000
2022-11-03 12:25:08.182000,0.97538,0.97532,4040000,3600000
2022-11-03 12:25:08.284000,0.97538,0.97533,440000,3600000
2022-11-03 12:25:08.386000,0.97539,0.97533,4040000,4500000
2022-11-03 12:25:08.488000,0.97536,0.9753,440000,3600000
2022-11-03 12:25:08.590000,0.97536,0.97532,4940000,3600000
2022-11-03 12:25:08.692000,0.97538,0.97533,4040000,900000
2022-11-03 12:25:08.794000,0.97538,0.97532,4040000,3600000
2022-11-03 12:25:09.375000,0.97535,0.97529,4040000,8340000
2022-11-03 12:25:10.041000,0.97534,0.97529,440000,3600000
2022-11-03 12:25:11.643000,0.97533,0.97527,3600000,6300000
2022-11-03 12:25:11.745000,0.97533,0.97528,3600000,900000
2022-11-03 12:25:11.847000,0.97534,0.97528,4040000,4500000
2022-11-03 12:25:12.921000,0.97534,0.97529,440000,3600000
2022-11-03 12:25:13.943000,0.97534,0.97528,4040000,1340000
2022-11-03 12:25:13.994000,0.97536,0.9753,5400000,3600000
2022-11-03 12:25:14.197000,0.97536,0.97531,440000,3600000
2022-11-03 12:25:14.299000,0.97536,0.9753,4040000,3600000
2022-11-03 12:25:14.401000,0.97535,0.97529,4040000,3600000
2022-11-03 12:25:14.503000,0.97534,0.97529,440000,3600000
2022-11-03 12:25:15.264000,0.97536,0.97531,1800000,3600000
2022-11-03 12:25:15.670000,0.97536,0.9753,4040000,440000
2022-11-03 12:25:15.771000,0.97536,0.97531,440000,3600000
2022-11-03 12:25:15.988000,0.97537,0.97533,1800000,440000
2022-11-03 12:25:16.039000,0.97539,0.97533,4940000,4040000
2022-11-03 12:25:16.141000,0.97538,0.97535,3600000,440000
2022-11-03 12:25:16.243000,0.9754,0.97535,4040000,900000
2022-11-03 12:25:16.395000,0.97543,0.97538,9860000,440000
2022-11-03 12:25:16.497000,0.97545,0.97539,4940000,4040000
2022-11-03 12:25:16.599000,0.97547,0.97541,9840000,4040000
2022-11-03 12:25:18.280000,0.97547,0.97543,3600000,440000
2022-11-03 12:25:18.382000,0.97545,0.97539,4040000,13510000
2022-11-03 12:25:18.484000,0.97543,0.9754,440000,3600000
2022-11-03 12:25:18.587000,0.97544,0.97538,4040000,4940000
2022-11-03 12:25:19.376000,0.97544,0.9754,4040000,4940000
2022-11-03 12:25:19.528000,0.97544,0.97539,3600000,440000
2022-11-03 12:25:19.649000,0.97544,0.97538,4040000,4040000
2022-11-03 12:25:19.827000,0.9754,0.97537,4040000,1800000
2022-11-03 12:25:19.929000,0.97539,0.97533,4040000,4040000
2022-11-03 12:25:20.133000,0.97537,0.97532,4040000,900000
2022-11-03 12:25:20.548000,0.97538,0.97532,4040000,4040000
2022-11-03 12:25:20.650000,0.97539,0.97533,1340000,4040000
2022-11-03 12:25:20.751000,0.97538,0.97532,4040000,4040000
2022-11-03 12:25:21.834000,0.97536,0.9753,4500000,4940000
2022-11-03 12:25:21.936000,0.97535,0.97529,440000,4940000
2022-11-03 12:25:22.276000,0.97535,0.9753,440000,3600000
2022-11-03 12:25:22.462000,0.97535,0.97529,440000,4040000
2022-11-03 12:25:22.563000,0.97535,0.9753,3600000,440000
2022-11-03 12:25:22.665000,0.97537,0.97532,230000,4040000
2022-11-03 12:25:22.767000,0.97538,0.97532,4940000,4040000
2022-11-03 12:25:22.869000,0.97538,0.97533,440000,3600000
2022-11-03 12:25:23.494000,0.97539,0.97533,5840000,4040000
2022-11-03 12:25:23.596000,0.9754,0.97536,3600000,230000
2022-11-03 12:25:23.698000,0.97539,0.97533,4040000,4140000
2022-11-03 12:25:24.314000,0.97537,0.97532,440000,4580000
2022-11-03 12:25:24.416000,0.97537,0.97531,4040000,4140000
2022-11-03 12:25:24.634000,0.97537,0.97532,440000,3600000
2022-11-03 12:25:24.837000,0.97536,0.9753,4500000,4940000
2022-11-03 12:25:24.939000,0.97535,0.9753,440000,3600000
2022-11-03 12:25:25.817000,0.97534,0.97528,4040000,440000
2022-11-03 12:25:25.918000,0.97535,0.97529,440000,4140000
2022-11-03 12:25:26.020000,0.97535,0.9753,440000,3600000
2022-11-03 12:25:26.122000,0.97537,0.97532,440000,4040000
2022-11-03 12:25:26.426000,0.97538,0.97533,440000,3600000
2022-11-03 12:25:26.645000,0.97538,0.97532,4040000,4140000
2022-11-03 12:25:27.434000,0.97539,0.97535,4040000,900000
2022-11-03 12:25:27.992000,0.97537,0.97535,1800000,900000
2022-11-03 12:25:28.043000,0.97534,0.97531,900000,4500000
2022-11-03 12:25:28.145000,0.97533,0.9753,4040000,4300000
2022-11-03 12:25:28.247000,0.97533,0.97529,4040000,4500000
2022-11-03 12:25:28.349000,0.97533,0.97528,3600000,1340000
2022-11-03 12:25:29.236000,0.97531,0.97527,440000,900000
2022-11-03 12:25:29.338000,0.97533,0.97529,7580000,540000
2022-11-03 12:25:29.390000,0.97535,0.9753,670000,540000
2022-11-03 12:25:29.441000,0.97535,0.97532,230000,440000
2022-11-03 12:25:29.492000,0.97537,0.97533,4210000,4140000
2022-11-03 12:25:29.594000,0.97539,0.97535,3830000,440000
2022-11-03 12:25:29.696000,0.97538,0.97535,4040000,900000
2022-11-03 12:25:29.798000,0.97538,0.97534,4040000,4140000
2022-11-03 12:25:30.109000,0.97537,0.97533,4040000,8440000
2022-11-03 12:25:30.211000,0.97538,0.97533,440000,3600000
2022-11-03 12:25:30.456000,0.97539,0.97533,4940000,4040000
2022-11-03 12:25:31.190000,0.97539,0.97534,440000,4040000
2022-11-03 12:25:31.292000,0.9754,0.97535,4040000,900000
2022-11-03 12:25:32.604000,0.97541,0.97535,8940000,4940000
2022-11-03 12:25:32.743000,0.9754,0.97535,3600000,1340000
2022-11-03 12:25:32.845000,0.97541,0.97536,4040000,120000
2022-11-03 12:25:32.947000,0.97543,0.97539,6730000,3600000
2022-11-03 12:25:33.049000,0.97543,0.97538,3600000,440000
2022-11-03 12:25:33.150000,0.97543,0.97537,4040000,4140000
2022-11-03 12:25:33.886000,0.9754,0.97537,3600000,440000
2022-11-03 12:25:33.937000,0.9754,0.97535,4040000,900000
2022-11-03 12:25:34.088000,0.9754,0.97534,4040000,8440000
2022-11-03 12:25:34.139000,0.97541,0.97536,5840000,440000
2022-11-03 12:25:34.241000,0.97543,0.97538,3600000,540000
2022-11-03 12:25:34.343000,0.97544,0.97539,4040000,440000
2022-11-03 12:25:34.394000,0.97543,0.97537,4040000,4140000
2022-11-03 12:25:34.692000,0.97543,0.97538,3600000,440000
2022-11-03 12:25:34.793000,0.97544,0.97538,4040000,4140000
2022-11-03 12:25:34.945000,0.97541,0.97537,4040000,5200000
2022-11-03 12:25:34.997000,0.97541,0.97535,4500000,4140000
2022-11-03 12:25:35.454000,0.9754,0.97534,3600000,10240000
2022-11-03 12:25:35.556000,0.9754,0.97535,440000,3600000
2022-11-03 12:25:35.657000,0.97541,0.97535,5840000,3600000
2022-11-03 12:25:35.895000,0.9754,0.97535,440000,3600000
2022-11-03 12:25:35.997000,0.9754,0.97534,4040000,4140000
2022-11-03 12:25:36.967000,0.97539,0.97534,440000,3600000
2022-11-03 12:25:37.069000,0.97537,0.97533,4040000,5840000
2022-11-03 12:25:37.272000,0.97538,0.97533,440000,3600000
2022-11-03 12:25:37.576000,0.97538,0.97532,4040000,4040000
2022-11-03 12:25:38.551000,0.97537,0.97534,440000,3600000
2022-11-03 12:25:38.652000,0.97538,0.97532,4040000,4140000
2022-11-03 12:25:38.931000,0.97538,0.97533,440000,3600000
2022-11-03 12:25:39.141000,0.97535,0.97529,440000,9340000
2022-11-03 12:25:39.243000,0.97537,0.97533,440000,900000
2022-11-03 12:25:39.345000,0.97538,0.97533,4040000,900000
2022-11-03 12:25:39.871000,0.97537,0.97533,440000,3600000
2022-11-03 12:25:39.973000,0.97537,0.97532,440000,3600000
2022-11-03 12:25:41.024000,0.97537,0.97531,4040000,4140000
2022-11-03 12:25:41.522000,0.97537,0.97532,440000,3600000
2022-11-03 12:25:42.105000,0.97537,0.97531,4040000,4140000
2022-11-03 12:25:42.657000,0.97535,0.97532,440000,4040000
2022-11-03 12:25:42.759000,0.97537,0.97534,440000,3600000
2022-11-03 12:25:42.810000,0.9754,0.97534,4040000,4940000
2022-11-03 12:25:42.912000,0.97538,0.97534,440000,3600000
2022-11-03 12:25:43.014000,0.97538,0.97532,4040000,4040000
2022-11-03 12:25:43.166000,0.97537,0.97534,440000,3600000
2022-11-03 12:25:43.369000,0.97538,0.97532,4040000,4140000
2022-11-03 12:25:43.471000,0.97538,0.97533,440000,3680000
2022-11-03 12:25:43.573000,0.97539,0.97534,440000,4040000
2022-11-03 12:25:44.237000,0.9754,0.97536,4040000,120000
2022-11-03 12:25:44.390000,0.97541,0.97536,3600000,440000
2022-11-03 12:25:44.492000,0.9754,0.97535,440000,4040000
2022-11-03 12:25:45.049000,0.97539,0.97533,4040000,4940000
2022-11-03 12:25:45.268000,0.97536,0.97533,440000,3600000
2022-11-03 12:25:45.319000,0.97535,0.97531,1340000,7900000
2022-11-03 12:25:45.421000,0.97535,0.9753,440000,3600000
2022-11-03 12:25:46.142000,0.97536,0.9753,6740000,4140000
2022-11-03 12:25:46.827000,0.97536,0.97531,440000,3600000
2022-11-03 12:25:46.929000,0.97538,0.97533,3170000,540000
2022-11-03 12:25:47.031000,0.97539,0.97534,440000,3600000
2022-11-03 12:25:47.133000,0.9754,0.97534,4040000,3600000
2022-11-03 12:25:47.236000,0.97535,0.97531,3600000,440000
2022-11-03 12:25:47.338000,0.97535,0.97531,4040000,8560000
2022-11-03 12:25:47.541000,0.97536,0.97531,3600000,440000
2022-11-03 12:25:47.593000,0.97537,0.97533,7690000,4040000
2022-11-03 12:25:47.694000,0.97535,0.97531,440000,4500000
2022-11-03 12:25:47.746000,0.97535,0.97529,4040000,9340000
2022-11-03 12:25:47.847000,0.97535,0.9753,4040000,440000
2022-11-03 12:25:47.949000,0.97535,0.97529,4040000,5040000
2022-11-03 12:25:48.051000,0.97534,0.97529,440000,4500000
2022-11-03 12:25:48.102000,0.97536,0.9753,4940000,440000
2022-11-03 12:25:48.406000,0.97537,0.97532,440000,3600000
2022-11-03 12:25:48.508000,0.97538,0.97532,4040000,4140000
2022-11-03 12:25:48.762000,0.97537,0.97532,440000,3600000
2022-11-03 12:25:48.864000,0.97537,0.97531,4040000,440000
2022-11-03 12:25:49.445000,0.97539,0.97534,8040000,440000
2022-11-03 12:25:49.546000,0.9754,0.97534,4040000,4140000
2022-11-03 12:25:49.648000,0.97541,0.97535,4940000,4140000
2022-11-03 12:25:49.750000,0.97541,0.97536,4040000,900000
2022-11-03 12:25:49.852000,0.97539,0.97534,440000,3600000
2022-11-03 12:25:50.434000,0.97539,0.97533,4040000,5040000
2022-11-03 12:25:50.536000,0.97539,0.97534,440000,3600000
2022-11-03 12:25:50.637000,0.9754,0.97534,3600000,3600000
2022-11-03 12:25:50.860000,0.97541,0.97534,6170000,3600000
2022-11-03 12:25:51.012000,0.9754,0.97534,3600000,3600000
2022-11-03 12:25:51.164000,0.97541,0.97535,5040000,3600000
2022-11-03 12:25:51.266000,0.9754,0.97534,3600000,4040000
2022-11-03 12:25:51.844000,0.9754,0.97535,3600000,900000
2022-11-03 12:25:51.946000,0.97539,0.97535,4040000,4500000
2022-11-03 12:25:52.048000,0.97537,0.97534,900000,3600000
2022-11-03 12:25:52.150000,0.97538,0.97532,4500000,4140000
2022-11-03 12:25:52.419000,0.97536,0.9753,3600000,10620000
2022-11-03 12:25:53.395000,0.97534,0.9753,4040000,4040000
2022-11-03 12:25:53.866000,0.97534,0.97528,3600000,4040000
2022-11-03 12:25:54.119000,0.9753,0.97527,3600000,3600000
2022-11-03 12:25:54.221000,0.97532,0.97527,3600000,440000
2022-11-03 12:25:54.323000,0.97533,0.97527,4040000,5040000
2022-11-03 12:25:54.425000,0.97533,0.97529,4500000,4040000
2022-11-03 12:25:54.628000,0.97532,0.97529,3600000,440000
2022-11-03 12:25:55.016000,0.97533,0.97527,4040000,4140000
2022-11-03 12:25:55.386000,0.97532,0.97526,4040000,5840000
2022-11-03 12:25:55.489000,0.97532,0.97527,440000,3600000
2022-11-03 12:25:55.592000,0.97533,0.97527,3600000,3600000
2022-11-03 12:25:55.813000,0.97531,0.97526,440000,3600000
2022-11-03 12:25:55.915000,0.9753,0.97524,3600000,7980000
2022-11-03 12:25:56.893000,0.9753,0.97525,3600000,900000
2022-11-03 12:25:57.095000,0.9753,0.97524,3600000,4580000
2022-11-03 12:25:57.197000,0.9753,0.97528,1340000,3600000
2022-11-03 12:25:57.248000,0.9753,0.97524,3600000,8880000
2022-11-03 12:25:57.977000,0.97531,0.97528,1340000,440000
2022-11-03 12:25:58.028000,0.97534,0.97528,4500000,4940000
2022-11-03 12:25:58.247000,0.97535,0.97529,4940000,3600000
2022-11-03 12:25:58.349000,0.97534,0.97528,3600000,4940000
2022-11-03 12:25:58.552000,0.97533,0.97528,3600000,900000
2022-11-03 12:25:59.134000,0.97533,0.97529,4040000,4940000
2022-11-03 12:25:59.601000,0.97532,0.97529,3600000,900000
2022-11-03 12:25:59.703000,0.97533,0.97527,3600000,4940000
2022-11-03 12:25:59.855000,0.97533,0.97528,3600000,440000
2022-11-03 12:25:59.957000,0.97533,0.97527,3600000,5040000
2022-11-03 12:26:00.008000,0.97531,0.97525,5400000,7900000
2022-11-03 12:26:00.110000,0.97531,0.97527,1340000,120000
2022-11-03 12:26:00.212000,0.97533,0.97529,3600000,900000
2022-11-03 12:26:00.314000,0.97531,0.97527,3600000,5040000
2022-11-03 12:26:00.664000,0.9753,0.97526,4040000,5480000
2022-11-03 12:26:00.765000,0.9753,0.97525,3600000,120000
2022-11-03 12:26:00.867000,0.9753,0.97524,4040000,3680000
2022-11-03 12:26:02.863000,0.97529,0.97524,440000,3910000
2022-11-03 12:26:03.126000,0.9753,0.97524,4940000,4370000
2022-11-03 12:26:03.227000,0.9753,0.97525,4040000,900000
2022-11-03 12:26:03.640000,0.9753,0.97524,4040000,4370000
2022-11-03 12:26:03.822000,0.9753,0.97525,4040000,440000
2022-11-03 12:26:04.184000,0.97531,0.97527,1340000,4140000
2022-11-03 12:26:04.286000,0.97533,0.97528,440000,4940000
2022-11-03 12:26:04.388000,0.97534,0.97528,4040000,4940000
2022-11-03 12:26:04.630000,0.97535,0.97529,4940000,4040000
2022-11-03 12:26:05.054000,0.97535,0.9753,440000,3600000
2022-11-03 12:26:05.407000,0.97535,0.97533,1340000,540000
2022-11-03 12:26:05.458000,0.97538,0.97532,8940000,4140000
2022-11-03 12:26:05.560000,0.97537,0.97531,4040000,4140000
2022-11-03 12:26:05.663000,0.97536,0.97531,3600000,540000
2022-11-03 12:26:05.714000,0.97538,0.97532,5840000,4140000
2022-11-03 12:26:05.917000,0.97538,0.97533,440000,3600000
2022-11-03 12:26:06.143000,0.97538,0.97532,4040000,4940000
2022-11-03 12:26:06.991000,0.97537,0.97532,3600000,440000
2022-11-03 12:26:07.093000,0.97537,0.97531,4040000,4940000
2022-11-03 12:26:07.246000,0.97533,0.97529,440000,900000
2022-11-03 12:26:07.297000,0.97533,0.97527,4040000,12940000
2022-11-03 12:26:07.501000,0.97533,0.97528,440000,3600000
2022-11-03 12:26:07.603000,0.97534,0.97528,4940000,4940000
2022-11-03 12:26:07.704000,0.97533,0.97528,3600000,440000
2022-11-03 12:26:07.806000,0.97533,0.97529,4940000,4040000
2022-11-03 12:26:08.136000,0.97533,0.97528,440000,3600000
2022-11-03 12:26:08.238000,0.97531,0.97528,440000,4500000
2022-11-03 12:26:08.390000,0.97533,0.97527,3600000,3600000
2022-11-03 12:26:08.492000,0.97532,0.97526,3600000,4580000
2022-11-03 12:26:08.644000,0.97531,0.97526,3600000,120000
2022-11-03 12:26:08.696000,0.97528,0.97526,900000,120000
2022-11-03 12:26:08.797000,0.97529,0.97524,900000,4580000
2022-11-03 12:26:09.644000,0.97529,0.97525,3600000,4580000
2022-11-03 12:26:11.392000,0.97531,0.97529,2240000,120000
2022-11-03 12:26:11.443000,0.97533,0.97528,3980000,3830000
2022-11-03 12:26:11.545000,0.97534,0.97529,3600000,230000
2022-11-03 12:26:11.647000,0.97533,0.97527,3600000,3680000
2022-11-03 12:26:12.849000,0.97531,0.97525,3600000,4580000
2022-11-03 12:26:12.951000,0.97532,0.97526,4500000,3600000
2022-11-03 12:26:13.116000,0.97531,0.97525,3600000,4580000
2022-11-03 12:26:13.218000,0.97532,0.97526,4500000,3600000
2022-11-03 12:26:13.366000,0.97531,0.97525,3600000,4580000
2022-11-03 12:26:13.468000,0.97531,0.97527,4500000,3600000
2022-11-03 12:26:14.374000,0.97531,0.97525,4040000,4580000
2022-11-03 12:26:14.476000,0.97531,0.97526,440000,3600000
2022-11-03 12:26:14.577000,0.97531,0.97525,4040000,4500000
2022-11-03 12:26:15.244000,0.9753,0.97526,440000,3600000
2022-11-03 12:26:15.295000,0.9753,0.97524,4040000,5400000
2022-11-03 12:26:15.447000,0.97529,0.97524,1440000,4500000
2022-11-03 12:26:15.499000,0.97526,0.97523,2700000,230000
2022-11-03 12:26:15.601000,0.97525,0.9752,440000,3600000
2022-11-03 12:26:15.702000,0.97526,0.97521,440000,3600000
2022-11-03 12:26:16.313000,0.97525,0.97521,440000,3600000
2022-11-03 12:26:16.415000,0.97524,0.97521,440000,3680000
2022-11-03 12:26:16.655000,0.97525,0.97521,440000,3600000
2022-11-03 12:26:16.767000,0.97525,0.9752,440000,3680000
2022-11-03 12:26:17.277000,0.97525,0.97521,4940000,3680000
2022-11-03 12:26:17.380000,0.97526,0.97521,1340000,3600000
2022-11-03 12:26:17.889000,0.97527,0.97522,440000,3830000
2022-11-03 12:26:17.940000,0.97525,0.97521,440000,4500000
2022-11-03 12:26:18.042000,0.97525,0.9752,440000,3600000
2022-11-03 12:26:20.737000,0.97526,0.9752,5840000,4940000
2022-11-03 12:26:20.839000,0.97529,0.97523,8040000,3600000
2022-11-03 12:26:20.941000,0.97529,0.97524,440000,3600000
2022-11-03 12:26:21.266000,0.97529,0.97523,4040000,3600000
2022-11-03 12:26:22.363000,0.97528,0.97523,440000,3600000
2022-11-03 12:26:22.465000,0.97528,0.97522,4040000,3600000
2022-11-03 12:26:22.567000,0.97529,0.97523,4940000,3600000
2022-11-03 12:26:22.719000,0.97528,0.97523,440000,3600000
2022-11-03 12:26:23.216000,0.97527,0.97521,3600000,4940000
2022-11-03 12:26:23.419000,0.97527,0.97522,440000,3600000
2022-11-03 12:26:24.241000,0.97527,0.97521,4040000,4500000
2022-11-03 12:26:24.500000,0.97527,0.97522,440000,3600000
2022-11-03 12:26:25.659000,0.97528,0.97522,4040000,3600000
2022-11-03 12:26:26.628000,0.97525,0.97521,440000,900000
2022-11-03 12:26:26.730000,0.97525,0.9752,440000,3600000
2022-11-03 12:26:26.882000,0.97524,0.97519,1440000,3600000
2022-11-03 12:26:27.237000,0.97523,0.97517,3600000,5040000
2022-11-03 12:26:27.521000,0.97523,0.9752,440000,3600000
2022-11-03 12:26:27.724000,0.97524,0.9752,440000,3600000
2022-11-03 12:26:27.968000,0.97524,0.97519,440000,3600000
2022-11-03 12:26:28.755000,0.97524,0.97518,4040000,540000
2022-11-03 12:26:29.142000,0.97524,0.97519,440000,3600000
2022-11-03 12:26:29.396000,0.97522,0.97518,230000,3600000
2022-11-03 12:26:29.498000,0.97522,0.97517,670000,3600000
2022-11-03 12:26:29.600000,0.97522,0.97516,4270000,4140000
2022-11-03 12:26:29.790000,0.97522,0.97517,4670000,3600000
2022-11-03 12:26:29.892000,0.97519,0.97515,440000,3600000
2022-11-03 12:26:29.993000,0.97519,0.97514,440000,4140000
2022-11-03 12:26:30.095000,0.97519,0.97515,440000,120000
2022-11-03 12:26:31.313000,0.97518,0.97513,540000,3680000
2022-11-03 12:26:31.365000,0.97515,0.97511,540000,10140000
2022-11-03 12:26:31.518000,0.97513,0.97512,540000,4500000
2022-11-03 12:26:31.569000,0.97513,0.9751,540000,3680000
2022-11-03 12:26:31.671000,0.97516,0.97511,5940000,540000
2022-11-03 12:26:31.773000,0.97517,0.97512,120000,4140000
2022-11-03 12:26:32.817000,0.97517,0.97513,3600000,120000
2022-11-03 12:26:32.919000,0.97518,0.97513,4140000,120000
2022-11-03 12:26:33.021000,0.97517,0.97512,120000,4140000
2022-11-03 12:26:33.122000,0.97518,0.97512,440000,4140000
2022-11-03 12:26:33.369000,0.97517,0.97512,440000,3680000
2022-11-03 12:26:33.678000,0.97518,0.97513,540000,3680000
2022-11-03 12:26:35.685000,0.97518,0.97515,4140000,120000
2022-11-03 12:26:35.787000,0.97518,0.97514,120000,440000
2022-11-03 12:26:35.888000,0.97518,0.97513,120000,4140000
2022-11-03 12:26:36.569000,0.97519,0.97514,4140000,120000
2022-11-03 12:26:36.860000,0.97517,0.97515,120000,440000
2022-11-03 12:26:37.742000,0.97519,0.97514,4040000,440000
2022-11-03 12:26:38.300000,0.97518,0.97514,120000,440000
2022-11-03 12:26:39.163000,0.97519,0.97514,540000,4140000
2022-11-03 12:26:39.675000,0.97518,0.97514,120000,4040000
2022-11-03 12:26:39.980000,0.97519,0.97514,540000,4140000
2022-11-03 12:26:40.663000,0.97518,0.97514,120000,440000
2022-11-03 12:26:41.563000,0.97519,0.97514,4140000,120000
2022-11-03 12:26:41.715000,0.97517,0.97514,120000,4140000
2022-11-03 12:26:41.817000,0.9752,0.97515,4140000,120000
2022-11-03 12:26:41.919000,0.97528,0.97523,1440000,3680000
2022-11-03 12:26:42.376000,0.97529,0.97527,900000,980000
2022-11-03 12:26:42.478000,0.97531,0.97525,4040000,4140000
2022-11-03 12:26:42.630000,0.97529,0.97524,3600000,120000
2022-11-03 12:26:42.783000,0.97529,0.97523,4040000,4140000
2022-11-03 12:26:42.885000,0.97525,0.97522,540000,8410000
2022-11-03 12:26:43.017000,0.97525,0.97521,120000,3600000
2022-11-03 12:26:43.122000,0.97524,0.97521,120000,5040000
2022-11-03 12:26:43.224000,0.97524,0.97522,120000,3600000
2022-11-03 12:26:43.930000,0.97525,0.9752,540000,4580000
2022-11-03 12:26:44.182000,0.97525,0.97521,120000,440000
2022-11-03 12:26:44.284000,0.97526,0.97522,540000,6530000
2022-11-03 12:26:44.386000,0.97526,0.97521,4140000,5500000
2022-11-03 12:26:44.690000,0.97525,0.9752,120000,4140000
2022-11-03 12:26:45.283000,0.97525,0.97521,3600000,120000
2022-11-03 12:26:45.385000,0.97526,0.97521,4140000,120000
2022-11-03 12:26:46.047000,0.97527,0.97524,9860000,120000
2022-11-03 12:26:46.351000,0.9753,0.97527,900000,120000
2022-11-03 12:26:46.402000,0.97531,0.97528,4140000,120000
2022-11-03 12:26:46.504000,0.97533,0.97528,5040000,120000
2022-11-03 12:26:46.606000,0.97533,0.9753,4140000,120000
2022-11-03 12:26:47.304000,0.97533,0.97528,120000,4140000
2022-11-03 12:26:47.406000,0.97532,0.97527,120000,4140000
2022-11-03 12:26:48.129000,0.97532,0.97529,4140000,120000
2022-11-03 12:26:48.354000,0.97532,0.97527,3680000,540000
2022-11-03 12:26:48.573000,0.97531,0.97527,3600000,120000
2022-11-03 12:26:48.675000,0.97532,0.97527,4140000,120000
2022-11-03 12:26:48.924000,0.97531,0.97526,120000,4140000
2022-11-03 12:26:48.975000,0.97529,0.97525,440000,120000
2022-11-03 12:26:49.077000,0.97528,0.97527,440000,120000
2022-11-03 12:26:49.179000,0.97528,0.97525,3680000,540000
2022-11-03 12:26:49.281000,0.97528,0.97524,3600000,120000
2022-11-03 12:26:49.484000,0.97526,0.97523,120000,4140000
2022-11-03 12:26:49.712000,0.97525,0.9752,540000,4140000
2022-11-03 12:26:49.864000,0.97526,0.97521,5040000,540000
2022-11-03 12:26:50.169000,0.97526,0.97522,3600000,120000
2022-11-03 12:26:50.271000,0.97526,0.97521,120000,4140000
2022-11-03 12:26:50.372000,0.97526,0.97522,3600000,120000
2022-11-03 12:26:50.525000,0.97524,0.9752,440000,120000
2022-11-03 12:26:50.627000,0.97524,0.97519,4140000,120000
2022-11-03 12:26:50.985000,0.97523,0.97518,120000,4140000
2022-11-03 12:26:51.087000,0.97523,0.97519,3600000,120000
2022-11-03 12:26:51.277000,0.97522,0.97517,540000,4580000
2022-11-03 12:26:52.597000,0.9752,0.97515,540000,3680000
2022-11-03 12:26:52.699000,0.97518,0.97514,3600000,5500000
2022-11-03 12:26:52.851000,0.97517,0.97514,120000,4140000
2022-11-03 12:26:52.953000,0.97519,0.97514,4140000,120000
2022-11-03 12:26:53.090000,0.97519,0.97515,440000,120000
2022-11-03 12:26:53.243000,0.97519,0.97514,4140000,540000
2022-11-03 12:26:53.345000,0.97519,0.97515,440000,120000
2022-11-03 12:26:53.794000,0.97521,0.97517,4500000,120000
2022-11-03 12:26:53.896000,0.9752,0.97515,540000,4580000
2022-11-03 12:26:53.998000,0.97519,0.97514,120000,4140000
2022-11-03 12:26:54.201000,0.9752,0.97515,4140000,120000
2022-11-03 12:26:54.606000,0.97519,0.97515,440000,120000
2022-11-03 12:26:54.708000,0.9752,0.97516,440000,120000
2022-11-03 12:26:54.810000,0.9752,0.97515,4140000,540000
2022-11-03 12:26:55.063000,0.97519,0.97515,440000,120000
2022-11-03 12:26:55.600000,0.9752,0.97515,4140000,120000
2022-11-03 12:26:56.522000,0.97518,0.97515,120000,4140000
2022-11-03 12:26:57.065000,0.9752,0.97515,4140000,120000
2022-11-03 12:26:57.568000,0.97517,0.97514,120000,4140000
2022-11-03 12:26:57.771000,0.97519,0.97514,4140000,540000
2022-11-03 12:26:57.873000,0.97519,0.97515,440000,120000
2022-11-03 12:26:57.924000,0.9752,0.97517,3240000,4140000
2022-11-03 12:26:58.026000,0.97521,0.97517,3600000,120000
2022-11-03 12:26:58.077000,0.9752,0.97515,540000,3680000
2022-11-03 12:26:58.483000,0.97518,0.97514,120000,3600000
2022-11-03 12:26:58.584000,0.97519,0.97514,4140000,120000
2022-11-03 12:26:58.704000,0.97518,0.97514,440000,120000
2022-11-03 12:26:58.805000,0.97518,0.97513,540000,3680000
2022-11-03 12:26:58.974000,0.97518,0.97514,3600000,120000
2022-11-03 12:26:59.076000,0.97519,0.97514,4140000,120000
2022-11-03 12:26:59.309000,0.97518,0.97513,3680000,540000
2022-11-03 12:26:59.523000,0.97518,0.97514,3600000,120000
2022-11-03 12:26:59.706000,0.97518,0.97513,3680000,540000
2022-11-03 12:27:00.004000,0.97514,0.97511,440000,900000
2022-11-03 12:27:00.107000,0.97515,0.9751,4140000,120000
2022-11-03 12:27:00.208000,0.97516,0.97511,6320000,3680000
2022-11-03 12:27:00.310000,0.97517,0.97512,4140000,120000
2022-11-03 12:27:00.513000,0.97518,0.97513,540000,3680000
2022-11-03 12:27:01.631000,0.97516,0.97512,4040000,4840000
2022-11-03 12:27:01.733000,0.97519,0.97514,540000,3680000
2022-11-03 12:27:01.987000,0.97518,0.97513,120000,4140000
2022-11-03 12:27:02.089000,0.97519,0.97514,4140000,120000
2022-11-03 12:27:02.241000,0.97518,0.97513,120000,4140000
2022-11-03 12:27:03.164000,0.97518,0.97515,540000,3680000
2022-11-03 12:27:03.367000,0.97517,0.97512,3680000,540000
2022-11-03 12:27:03.792000,0.97518,0.97513,4140000,120000
2022-11-03 12:27:05.160000,0.97517,0.97512,120000,4140000
2022-11-03 12:27:05.906000,0.97517,0.97514,4140000,120000
2022-11-03 12:27:06.109000,0.97517,0.97512,120000,4140000
2022-11-03 12:27:06.211000,0.97518,0.97513,4140000,120000
2022-11-03 12:27:06.313000,0.97518,0.97514,440000,120000
2022-11-03 12:27:06.552000,0.97518,0.97513,540000,4140000
2022-11-03 12:27:07.934000,0.97517,0.97513,120000,3600000
2022-11-03 12:27:08.036000,0.97519,0.97514,4140000,120000
2022-11-03 12:27:08.087000,0.97517,0.97513,120000,3600000
2022-11-03 12:27:08.189000,0.97517,0.97512,540000,3680000
2022-11-03 12:27:08.924000,0.97518,0.97512,4040000,4040000
2022-11-03 12:27:09.908000,0.97517,0.97512,440000,4040000
2022-11-03 12:27:10.212000,0.97518,0.97512,4040000,4140000
2022-11-03 12:27:10.315000,0.97516,0.97512,440000,3600000
2022-11-03 12:27:10.367000,0.97515,0.97509,4040000,13300000
2022-11-03 12:27:10.469000,0.97513,0.9751,3600000,440000
2022-11-03 12:27:11.182000,0.97515,0.97509,8040000,4040000
2022-11-03 12:27:11.436000,0.97514,0.97509,3600000,440000
2022-11-03 12:27:11.588000,0.97515,0.97509,8040000,4040000
2022-11-03 12:27:11.689000,0.97514,0.97509,3600000,440000
2022-11-03 12:27:11.791000,0.97513,0.97508,440000,3600000
2022-11-03 12:27:12.491000,0.97514,0.97508,4040000,4040000
2022-11-03 12:27:12.654000,0.97513,0.97508,3600000,440000
2022-11-03 12:27:12.807000,0.97514,0.97508,4040000,4040000
2022-11-03 12:27:13.045000,0.97513,0.97508,3600000,440000
2022-11-03 12:27:13.250000,0.97513,0.97507,4040000,4140000
2022-11-03 12:27:13.453000,0.97512,0.97509,440000,440000
2022-11-03 12:27:13.656000,0.97514,0.97508,4040000,4040000
2022-11-03 12:27:13.808000,0.97513,0.97509,3600000,440000
2022-11-03 12:27:13.910000,0.97514,0.97509,3600000,440000
2022-11-03 12:27:14.012000,0.97513,0.97509,3600000,230000
2022-11-03 12:27:14.114000,0.97513,0.9751,440000,4040000
2022-11-03 12:27:14.822000,0.97513,0.97509,3600000,440000
2022-11-03 12:27:14.923000,0.97513,0.97508,3600000,440000
2022-11-03 12:27:15.151000,0.97511,0.97508,440000,3600000
2022-11-03 12:27:15.253000,0.97511,0.97505,1800000,4140000
2022-11-03 12:27:15.354000,0.97509,0.97506,440000,3680000
2022-11-03 12:27:16.525000,0.97509,0.97505,440000,3600000
2022-11-03 12:27:16.779000,0.97509,0.97506,4140000,120000
2022-11-03 12:27:17.099000,0.9751,0.97506,3600000,120000
2022-11-03 12:27:17.225000,0.97511,0.97506,5480000,120000
2022-11-03 12:27:17.327000,0.9751,0.97506,440000,120000
2022-11-03 12:27:17.378000,0.9751,0.97509,1800000,120000
2022-11-03 12:27:17.481000,0.97513,0.97508,4140000,120000
2022-11-03 12:27:17.633000,0.97513,0.97509,3600000,120000
2022-11-03 12:27:18.085000,0.97514,0.97509,4140000,120000
2022-11-03 12:27:18.136000,0.97516,0.97511,8120000,120000
2022-11-03 12:27:18.289000,0.97515,0.9751,120000,4140000
2022-11-03 12:27:18.391000,0.97518,0.97514,4070000,3680000
2022-11-03 12:27:18.493000,0.97519,0.97514,540000,3680000
2022-11-03 12:27:18.917000,0.97518,0.97513,120000,4140000
2022-11-03 12:27:19.120000,0.97519,0.97514,4140000,120000
2022-11-03 12:27:19.343000,0.97518,0.97514,120000,3600000
2022-11-03 12:27:19.472000,0.97519,0.97514,540000,3680000
2022-11-03 12:27:19.574000,0.97518,0.97514,120000,3600000
2022-11-03 12:27:19.676000,0.9752,0.97515,4140000,120000
2022-11-03 12:27:19.777000,0.97519,0.97514,540000,3680000
2022-11-03 12:27:19.828000,0.9752,0.97516,3600000,120000
2022-11-03 12:27:19.930000,0.97521,0.97516,540000,3680000
2022-11-03 12:27:20.093000,0.9752,0.97516,120000,3600000
2022-11-03 12:27:20.195000,0.97519,0.97516,540000,3680000
2022-11-03 12:27:20.577000,0.97521,0.97518,1340000,120000
2022-11-03 12:27:20.680000,0.97522,0.9752,540000,3600000
2022-11-03 12:27:20.782000,0.97524,0.97519,4140000,120000
2022-11-03 12:27:21.195000,0.97526,0.97524,1340000,120000
2022-11-03 12:27:21.297000,0.9753,0.97526,12080000,120000
2022-11-03 12:27:21.399000,0.97531,0.97526,120000,3680000
2022-11-03 12:27:21.653000,0.9753,0.97525,3680000,540000
2022-11-03 12:27:22.222000,0.97531,0.97526,4370000,540000
2022-11-03 12:27:22.375000,0.97531,0.97527,4040000,120000
2022-11-03 12:27:22.476000,0.97532,0.97527,4370000,120000
2022-11-03 12:27:22.578000,0.97531,0.97526,120000,4140000
2022-11-03 12:27:23.135000,0.9753,0.97525,3680000,540000
2022-11-03 12:27:23.187000,0.97532,0.97528,230000,540000
2022-11-03 12:27:23.289000,0.97534,0.97529,540000,3680000
2022-11-03 12:27:24.038000,0.97533,0.97528,120000,540000
2022-11-03 12:27:24.190000,0.97533,0.9753,4140000,120000
2022-11-03 12:27:24.518000,0.97535,0.9753,540000,3680000
2022-11-03 12:27:25.051000,0.97534,0.9753,120000,3600000
2022-11-03 12:27:25.152000,0.97534,0.97529,120000,4140000
2022-11-03 12:27:25.392000,0.97535,0.9753,4140000,120000
2022-11-03 12:27:25.730000,0.97534,0.97529,120000,4140000
2022-11-03 12:27:25.832000,0.97536,0.97531,1880000,4140000
2022-11-03 12:27:25.934000,0.97534,0.97531,540000,3680000
2022-11-03 12:27:26.036000,0.97534,0.97529,120000,4140000
2022-11-03 12:27:26.939000,0.97533,0.97528,540000,120000
2022-11-03 12:27:27.091000,0.97533,0.97527,540000,5400000
2022-11-03 12:27:27.197000,0.97533,0.97528,120000,440000
2022-11-03 12:27:27.350000,0.97531,0.97528,120000,4040000
2022-11-03 12:27:27.451000,0.97534,0.97528,4140000,4040000
2022-11-03 12:27:28.083000,0.97533,0.97528,3600000,440000
2022-11-03 12:27:28.185000,0.97534,0.97528,4140000,440000
2022-11-03 12:27:28.388000,0.97535,0.9753,1440000,3600000
2022-11-03 12:27:28.756000,0.97536,0.9753,4140000,4040000
2022-11-03 12:27:28.858000,0.97539,0.97537,3980000,440000
2022-11-03 12:27:28.910000,0.97539,0.97535,3980000,1130000
2022-11-03 12:27:29.012000,0.97538,0.97534,540000,230000
2022-11-03 12:27:29.114000,0.97538,0.97533,540000,4040000
2022-11-03 12:27:29.216000,0.97538,0.97535,540000,3600000
2022-11-03 12:27:29.318000,0.9754,0.97535,120000,4040000
2022-11-03 12:27:29.369000,0.97541,0.97537,1340000,3600000
2022-11-03 12:27:29.471000,0.97541,0.97538,440000,440000
2022-11-03 12:27:29.573000,0.97542,0.97537,120000,4040000
2022-11-03 12:27:29.675000,0.97543,0.97538,1440000,3600000
2022-11-03 12:27:29.777000,0.97542,0.97537,120000,4040000
2022-11-03 12:27:29.878000,0.97543,0.97538,1440000,3600000
2022-11-03 12:27:29.980000,0.97543,0.9754,440000,120000
2022-11-03 12:27:30.082000,0.97544,0.97541,440000,120000
2022-11-03 12:27:30.133000,0.97547,0.97543,230000,3600000
2022-11-03 12:27:30.235000,0.97548,0.97543,540000,3600000
2022-11-03 12:27:30.673000,0.97549,0.97544,540000,3600000
2022-11-03 12:27:31.745000,0.9755,0.97544,4140000,4040000
2022-11-03 12:27:32.042000,0.97551,0.97545,5940000,440000
2022-11-03 12:27:32.144000,0.9755,0.97545,540000,3600000
2022-11-03 12:27:32.246000,0.97549,0.97543,120000,900000
2022-11-03 12:27:32.348000,0.97549,0.97544,120000,440000
2022-11-03 12:27:32.501000,0.97549,0.97543,440000,980000
2022-11-03 12:27:32.552000,0.97549,0.97545,440000,3600000
2022-11-03 12:27:32.687000,0.9755,0.97545,540000,3600000
2022-11-03 12:27:32.828000,0.97549,0.97545,440000,3600000
2022-11-03 12:27:32.929000,0.9755,0.97545,540000,3600000
2022-11-03 12:27:33.031000,0.97549,0.97545,440000,3600000
2022-11-03 12:27:33.246000,0.9755,0.97544,4140000,440000
2022-11-03 12:27:33.348000,0.97549,0.97544,540000,3600000
2022-11-03 12:27:33.449000,0.97548,0.97544,120000,3600000
2022-11-03 12:27:33.604000,0.97548,0.97543,3680000,440000
2022-11-03 12:27:33.706000,0.97549,0.97544,120000,4040000
2022-11-03 12:27:34.010000,0.97548,0.97544,540000,4040000
2022-11-03 12:27:34.213000,0.97548,0.97543,440000,3600000
2022-11-03 12:27:34.467000,0.97547,0.97542,120000,440000
2022-11-03 12:27:34.569000,0.97544,0.97541,120000,440000
2022-11-03 12:27:34.671000,0.97543,0.97538,3600000,4740000
2022-11-03 12:27:34.823000,0.97543,0.97539,3600000,440000
2022-11-03 12:27:34.925000,0.97544,0.9754,340000,3600000
2022-11-03 12:27:35.027000,0.97544,0.97539,340000,4040000
2022-11-03 12:27:35.285000,0.97544,0.9754,340000,3600000
2022-11-03 12:27:36.072000,0.97543,0.9754,780000,3600000
2022-11-03 12:27:36.548000,0.97543,0.97541,340000,4040000
2022-11-03 12:27:36.650000,0.97545,0.9754,120000,440000
2022-11-03 12:27:36.803000,0.97545,0.97539,540000,4040000
2022-11-03 12:27:36.955000,0.97544,0.97539,440000,3600000
2022-11-03 12:27:37.057000,0.97544,0.97541,120000,4040000
2022-11-03 12:27:37.554000,0.97545,0.97539,4140000,440000
2022-11-03 12:27:37.656000,0.97544,0.97538,440000,1440000
2022-11-03 12:27:37.759000,0.97545,0.97539,4140000,440000
2022-11-03 12:27:38.090000,0.97545,0.9754,540000,3600000
2022-11-03 12:27:38.205000,0.97545,0.97539,4140000,440000
2022-11-03 12:27:38.509000,0.97544,0.97539,120000,440000
2022-11-03 12:27:38.662000,0.97537,0.97535,540000,6070000
2022-11-03 12:27:38.814000,0.97537,0.97531,670000,4040000
2022-11-03 12:27:38.916000,0.97536,0.97531,540000,3600000
2022-11-03 12:27:39.018000,0.97534,0.9753,4140000,8330000
2022-11-03 12:27:39.533000,0.97534,0.97529,440000,3600000
2022-11-03 12:27:40.069000,0.97532,0.9753,440000,3600000
2022-11-03 12:27:40.120000,0.97533,0.97527,4040000,4940000
2022-11-03 12:27:40.222000,0.97533,0.97528,540000,3600000
2022-11-03 12:27:40.670000,0.97533,0.97529,4140000,4040000
2022-11-03 12:27:40.927000,0.97533,0.97528,440000,3600000
2022-11-03 12:27:41.180000,0.97533,0.97527,4040000,4940000
2022-11-03 12:27:41.493000,0.97534,0.97528,4140000,3600000
2022-11-03 12:27:41.675000,0.97533,0.97527,4040000,4500000
2022-11-03 12:27:42.183000,0.97532,0.97526,4140000,3600000
2022-11-03 12:27:42.285000,0.9753,0.97526,540000,3600000
2022-11-03 12:27:42.336000,0.97529,0.97524,440000,4500000
2022-11-03 12:27:43.029000,0.97529,0.97525,4140000,3600000
2022-11-03 12:27:43.131000,0.97529,0.97524,540000,3600000
2022-11-03 12:27:43.283000,0.9753,0.97524,4140000,3600000
2022-11-03 12:27:43.872000,0.97529,0.97524,120000,3600000
2022-11-03 12:27:44.523000,0.97529,0.97523,540000,3600000
2022-11-03 12:27:44.726000,0.97529,0.97524,540000,3600000
2022-11-03 12:27:44.878000,0.97529,0.97523,540000,3600000
2022-11-03 12:27:45.697000,0.97529,0.97524,540000,3600000
2022-11-03 12:27:45.820000,0.9753,0.97525,3600000,1340000
2022-11-03 12:27:45.872000,0.97531,0.97527,3600000,3600000
2022-11-03 12:27:45.974000,0.97534,0.97528,5040000,3600000
2022-11-03 12:27:46.076000,0.97533,0.97527,3600000,4500000
2022-11-03 12:27:46.177000,0.97534,0.97528,4140000,3600000
2022-11-03 12:27:46.279000,0.97534,0.97529,540000,3600000
2022-11-03 12:27:46.432000,0.97535,0.9753,540000,3600000
2022-11-03 12:27:46.584000,0.97535,0.97529,540000,3600000
2022-11-03 12:27:46.743000,0.97534,0.97529,440000,3600000
2022-11-03 12:27:48.108000,0.9753,0.97526,440000,14870000
2022-11-03 12:27:48.210000,0.9753,0.97525,4140000,4500000
2022-11-03 12:27:48.362000,0.9753,0.97524,4140000,3600000
2022-11-03 12:27:48.464000,0.97528,0.97523,440000,7900000
2022-11-03 12:27:51.047000,0.97525,0.9752,540000,7900000
2022-11-03 12:27:51.903000,0.97525,0.97519,4140000,4500000
2022-11-03 12:27:55.322000,0.97526,0.97523,1340000,3600000
2022-11-03 12:27:55.424000,0.9753,0.97524,12620000,3600000
2022-11-03 12:27:55.680000,0.9753,0.97529,1340000,3600000
2022-11-03 12:27:55.731000,0.97533,0.97528,440000,3600000
2022-11-03 12:27:56.068000,0.97529,0.97526,440000,3140000
2022-11-03 12:27:56.169000,0.97529,0.97524,440000,3600000
2022-11-03 12:27:56.455000,0.97528,0.97522,4140000,10140000
2022-11-03 12:27:56.557000,0.97527,0.97522,440000,3600000
2022-11-03 12:27:57.229000,0.97527,0.97521,4140000,3600000
2022-11-03 12:27:57.331000,0.97527,0.97522,540000,3600000
2022-11-03 12:27:57.998000,0.97528,0.97523,540000,3600000
2022-11-03 12:27:58.150000,0.97529,0.97523,5040000,3600000
2022-11-03 12:27:58.252000,0.97529,0.97524,1440000,3600000
2022-11-03 12:27:58.354000,0.97527,0.97524,120000,3600000
2022-11-03 12:27:58.506000,0.97529,0.97523,5040000,3600000
2022-11-03 12:28:00.085000,0.97528,0.97522,3680000,4040000
2022-11-03 12:28:00.187000,0.97529,0.97522,540000,4500000
2022-11-03 12:28:00.289000,0.97528,0.97523,440000,3600000
2022-11-03 12:28:00.551000,0.97528,0.97522,4040000,4040000
2022-11-03 12:28:00.653000,0.97529,0.97523,5040000,3600000
2022-11-03 12:28:01.008000,0.97529,0.97524,1440000,3600000
2022-11-03 12:28:01.180000,0.97528,0.97523,440000,3600000
2022-11-03 12:28:01.384000,0.97529,0.97523,4140000,4040000
2022-11-03 12:28:01.486000,0.97527,0.97524,3600000,440000
2022-11-03 12:28:01.588000,0.97528,0.97524,4140000,4040000
2022-11-03 12:28:03.860000,0.97526,0.97521,540000,4740000
2022-11-03 12:28:03.962000,0.97524,0.97519,120000,8770000
2022-11-03 12:28:04.115000,0.97525,0.9752,3680000,440000
2022-11-03 12:28:04.217000,0.97528,0.97522,8120000,4040000
2022-11-03 12:28:04.319000,0.97527,0.97524,3600000,440000
2022-11-03 12:28:04.421000,0.97529,0.97524,540000,3600000
2022-11-03 12:28:04.522000,0.97528,0.97524,4140000,4040000
2022-11-03 12:28:05.173000,0.97529,0.97524,120000,4040000
2022-11-03 12:28:06.160000,0.97528,0.97524,120000,3600000
2022-11-03 12:28:06.212000,0.97527,0.97522,120000,4040000
2022-11-03 12:28:06.313000,0.97527,0.97523,120000,3600000
2022-11-03 12:28:06.662000,0.97526,0.97523,120000,4040000
2022-11-03 12:28:06.874000,0.97527,0.97523,120000,3600000
2022-11-03 12:28:07.115000,0.97527,0.97522,120000,4040000
2022-11-03 12:28:07.236000,0.97526,0.97522,4140000,440000
2022-11-03 12:28:07.363000,0.97527,0.97522,540000,3600000
2022-11-03 12:28:07.744000,0.97524,0.9752,120000,8100000
2022-11-03 12:28:07.947000,0.97524,0.97519,120000,4040000
2022-11-03 12:28:08.306000,0.97524,0.9752,4140000,4040000
2022-11-03 12:28:09.426000,0.97525,0.9752,540000,3600000
2022-11-03 12:28:09.618000,0.97526,0.97522,1340000,4580000
2022-11-03 12:28:09.720000,0.97529,0.97524,540000,4040000
2022-11-03 12:28:10.383000,0.9753,0.97524,4140000,4040000
2022-11-03 12:28:10.485000,0.97529,0.97524,540000,3600000
2022-11-03 12:28:12.996000,0.97529,0.97523,4140000,4040000
2022-11-03 12:28:13.467000,0.97528,0.97523,120000,4040000
2022-11-03 12:28:13.568000,0.97529,0.97523,4140000,4040000
2022-11-03 12:28:13.952000,0.97528,0.97523,120000,4040000
2022-11-03 12:28:14.054000,0.97529,0.97523,4140000,4040000
2022-11-03 12:28:14.206000,0.97528,0.97523,3600000,440000
2022-11-03 12:28:14.410000,0.97528,0.97522,540000,4040000
2022-11-03 12:28:14.927000,0.97527,0.97522,120000,4040000
2022-11-03 12:28:16.582000,0.97526,0.97522,120000,3600000
2022-11-03 12:28:16.684000,0.97525,0.9752,540000,3680000
2022-11-03 12:28:18.496000,0.97524,0.97519,540000,4370000
2022-11-03 12:28:18.598000,0.97524,0.9752,440000,120000
2022-11-03 12:28:18.700000,0.97525,0.9752,4140000,120000
2022-11-03 12:28:22.813000,0.97525,0.97524,1340000,120000
2022-11-03 12:28:22.916000,0.97529,0.97524,540000,3680000
2022-11-03 12:28:23.068000,0.9753,0.97525,540000,120000
2022-11-03 12:28:23.416000,0.97528,0.97525,540000,3680000
2022-11-03 12:28:23.568000,0.97528,0.97524,120000,3600000
2022-11-03 12:28:23.670000,0.97528,0.97523,120000,4140000
2022-11-03 12:28:23.976000,0.97528,0.97524,120000,3600000
2022-11-03 12:28:24.095000,0.97529,0.97524,540000,3680000
2022-11-03 12:28:24.400000,0.97528,0.97524,440000,3680000
2022-11-03 12:28:25.412000,0.97529,0.97524,540000,3680000
2022-11-03 12:28:25.897000,0.9753,0.97527,3600000,540000
2022-11-03 12:28:25.948000,0.97532,0.97528,3980000,440000
2022-11-03 12:28:26.050000,0.97534,0.97528,5040000,540000
2022-11-03 12:28:26.384000,0.97533,0.97528,440000,540000
2022-11-03 12:28:27.137000,0.97534,0.97528,4140000,540000
2022-11-03 12:28:27.390000,0.97533,0.97528,440000,540000
2022-11-03 12:28:28.140000,0.97534,0.97528,4140000,540000
2022-11-03 12:28:28.351000,0.97533,0.97528,120000,440000
2022-11-03 12:28:28.662000,0.97534,0.97528,4140000,540000
2022-11-03 12:28:28.764000,0.97534,0.97529,440000,3680000
2022-11-03 12:28:29.017000,0.97534,0.97528,4140000,540000
2022-11-03 12:28:29.119000,0.97536,0.97531,7200000,540000
2022-11-03 12:28:29.466000,0.97535,0.9753,540000,3600000
2022-11-03 12:28:29.568000,0.97535,0.97529,540000,4140000
2022-11-03 12:28:29.782000,0.97535,0.9753,540000,3600000
2022-11-03 12:28:30.848000,0.97535,0.97529,540000,8650000
2022-11-03 12:28:30.950000,0.97535,0.9753,120000,440000
2022-11-03 12:28:31.051000,0.97535,0.97532,440000,120000
2022-11-03 12:28:32.373000,0.97538,0.97533,1870000,120000
2022-11-03 12:28:32.475000,0.97539,0.97533,540000,4140000
2022-11-03 12:28:32.627000,0.97539,0.97534,540000,3600000
2022-11-03 12:28:32.729000,0.97539,0.97533,540000,4140000
2022-11-03 12:28:32.836000,0.97539,0.97534,540000,3600000
2022-11-03 12:28:32.938000,0.97539,0.97533,540000,4140000
2022-11-03 12:28:33.040000,0.97539,0.97534,540000,3600000
2022-11-03 12:28:33.142000,0.97539,0.97533,540000,4140000
2022-11-03 12:28:34.477000,0.97539,0.97534,120000,3600000
2022-11-03 12:28:36.203000,0.97538,0.97534,440000,4040000
2022-11-03 12:28:36.305000,0.97539,0.97534,440000,3600000
2022-11-03 12:28:36.862000,0.97539,0.97533,440000,4040000
2022-11-03 12:28:37.052000,0.97539,0.97534,440000,3600000
2022-11-03 12:28:37.526000,0.97539,0.97533,4040000,4040000
2022-11-03 12:28:38.001000,0.97539,0.97534,440000,3600000
2022-11-03 12:28:38.103000,0.97539,0.97535,440000,4040000
2022-11-03 12:28:38.205000,0.9754,0.97535,440000,3600000
2022-11-03 12:28:38.358000,0.97541,0.97535,4040000,4040000
2022-11-03 12:28:38.611000,0.97539,0.97536,440000,3600000
2022-11-03 12:28:38.819000,0.9754,0.97534,4040000,4040000
2022-11-03 12:28:38.937000,0.97539,0.97534,440000,3600000
2022-11-03 12:28:39.715000,0.9754,0.97534,440000,4040000
2022-11-03 12:28:39.868000,0.97539,0.97534,440000,4040000
2022-11-03 12:28:41.459000,0.9754,0.97534,4040000,3600000
2022-11-03 12:28:41.823000,0.97539,0.97533,3600000,4040000
2022-11-03 12:28:41.925000,0.9754,0.97534,4940000,3600000
2022-11-03 12:28:42.027000,0.97539,0.97533,3600000,3600000
2022-11-03 12:28:42.283000,0.9754,0.97534,1340000,3600000
2022-11-03 12:28:42.526000,0.97539,0.97534,440000,3600000
2022-11-03 12:28:42.805000,0.97539,0.97533,5040000,3600000
2022-11-03 12:28:42.907000,0.97534,0.9753,440000,230000
2022-11-03 12:28:43.009000,0.97533,0.9753,1340000,8100000
2022-11-03 12:28:44.128000,0.97531,0.97527,5400000,2700000
2022-11-03 12:28:44.179000,0.9753,0.97524,440000,8100000
2022-11-03 12:28:44.280000,0.97529,0.97524,440000,8100000
2022-11-03 12:28:44.382000,0.9753,0.97524,440000,3600000
2022-11-03 12:28:47.918000,0.9753,0.97527,440000,900000
2022-11-03 12:28:48.327000,0.97527,0.97523,3600000,4300000
2022-11-03 12:28:48.429000,0.97527,0.97523,4940000,3600000
2022-11-03 12:28:48.823000,0.97527,0.97522,440000,3600000
2022-11-03 12:28:48.976000,0.97528,0.97522,4940000,3600000
2022-11-03 12:28:49.349000,0.97527,0.97521,4040000,3600000
2022-11-03 12:28:49.451000,0.97527,0.9752,3600000,5170000
2022-11-03 12:28:49.577000,0.97528,0.97522,1340000,3600000
2022-11-03 12:28:49.629000,0.97527,0.9752,3600000,5170000
2022-11-03 12:28:49.739000,0.97528,0.97522,1340000,3600000
2022-11-03 12:28:49.863000,0.97527,0.9752,3600000,5170000
2022-11-03 12:28:50.184000,0.97527,0.97521,4040000,3600000
2022-11-03 12:28:53.826000,0.97526,0.97521,440000,3600000
2022-11-03 12:28:53.877000,0.97523,0.97519,2240000,900000
2022-11-03 12:28:53.980000,0.97523,0.97518,5840000,10900000
2022-11-03 12:28:54.089000,0.97523,0.97517,1340000,3600000
2022-11-03 12:28:54.191000,0.97523,0.97518,1340000,3600000
2022-11-03 12:28:54.605000,0.97523,0.97517,4940000,3600000
2022-11-03 12:28:55.037000,0.97522,0.97516,4940000,3600000
2022-11-03 12:28:55.139000,0.9752,0.97515,440000,3600000
2022-11-03 12:28:55.241000,0.97519,0.97514,440000,3600000
2022-11-03 12:28:55.343000,0.9752,0.97514,440000,3600000
2022-11-03 12:28:55.445000,0.9752,0.97513,4040000,5640000
2022-11-03 12:28:55.731000,0.9752,0.97514,440000,3600000
2022-11-03 12:28:55.833000,0.97523,0.97517,4940000,3600000
2022-11-03 12:28:55.947000,0.97524,0.97517,4040000,4500000
2022-11-03 12:28:56.060000,0.97524,0.97518,4040000,3600000
2022-11-03 12:28:56.754000,0.97523,0.97518,440000,3600000
2022-11-03 12:28:56.945000,0.97524,0.97518,4040000,3600000
2022-11-03 12:28:58.243000,0.97524,0.97519,4040000,4300000
2022-11-03 12:28:58.345000,0.97525,0.9752,440000,3600000
2022-11-03 12:28:58.801000,0.97524,0.9752,440000,3600000
2022-11-03 12:28:58.904000,0.97524,0.97519,440000,3600000
2022-11-03 12:28:59.629000,0.97524,0.97517,4040000,4500000
2022-11-03 12:28:59.771000,0.97524,0.97518,4040000,3600000
2022-11-03 12:28:59.872000,0.97524,0.97517,4040000,4500000
2022-11-03 12:28:59.974000,0.97524,0.97518,4040000,3600000
2022-11-03 12:29:00.077000,0.97525,0.97519,1340000,3600000
2022-11-03 12:29:00.582000,0.97525,0.9752,440000,3600000
2022-11-03 12:29:01.336000,0.97526,0.9752,5840000,3600000
2022-11-03 12:29:01.560000,0.97525,0.9752,440000,3600000
2022-11-03 12:29:01.713000,0.97525,0.97519,440000,3600000
2022-11-03 12:29:02.122000,0.97526,0.97522,1340000,4040000
2022-11-03 12:29:02.173000,0.97529,0.97523,8040000,4040000
2022-11-03 12:29:02.391000,0.97529,0.97524,440000,3600000
2022-11-03 12:29:02.442000,0.9753,0.97528,440000,900000
2022-11-03 12:29:02.494000,0.9753,0.97526,3600000,900000
2022-11-03 12:29:02.545000,0.97532,0.97528,5840000,900000
2022-11-03 12:29:02.749000,0.97533,0.97528,4940000,1340000
2022-11-03 12:29:03.268000,0.97532,0.97528,440000,900000
2022-11-03 12:29:03.370000,0.97533,0.97528,440000,900000
2022-11-03 12:29:03.624000,0.97534,0.97528,1800000,900000
2022-11-03 12:29:04.405000,0.97533,0.97528,3600000,5200000
2022-11-03 12:29:05.287000,0.97534,0.97528,6300000,900000
2022-11-03 12:29:05.389000,0.97533,0.97528,3600000,900000
2022-11-03 12:29:05.532000,0.97534,0.97528,5400000,900000
2022-11-03 12:29:05.634000,0.97533,0.97528,4500000,900000
2022-11-03 12:29:06.468000,0.97534,0.97528,4500000,4500000
2022-11-03 12:29:06.621000,0.97533,0.97528,4500000,900000
2022-11-03 12:29:08.663000,0.97534,0.97528,3600000,900000
2022-11-03 12:29:09.278000,0.97535,0.97529,5400000,3600000
2022-11-03 12:29:10.264000,0.97536,0.97531,2240000,3600000
2022-11-03 12:29:10.366000,0.97536,0.9753,4500000,3600000
2022-11-03 12:29:10.468000,0.97536,0.97531,900000,3600000
2022-11-03 12:29:10.832000,0.97536,0.97533,900000,3600000
2022-11-03 12:29:10.985000,0.97536,0.97532,900000,3600000
2022-11-03 12:29:11.036000,0.97539,0.97534,900000,3600000
2022-11-03 12:29:11.087000,0.97539,0.97532,900000,3600000
2022-11-03 12:29:11.189000,0.97539,0.97533,4500000,3600000
2022-11-03 12:29:11.710000,0.9754,0.97532,6300000,3600000
2022-11-03 12:29:12.122000,0.97539,0.97535,6300000,3600000
2022-11-03 12:29:13.051000,0.97539,0.97533,3600000,3600000
2022-11-03 12:29:14.048000,0.9754,0.97534,1800000,3600000
2022-11-03 12:29:14.100000,0.9754,0.97532,4500000,4940000
2022-11-03 12:29:14.350000,0.97541,0.97534,8180000,3600000
2022-11-03 12:29:15.125000,0.97542,0.97537,900000,3600000
2022-11-03 12:29:15.227000,0.97542,0.97536,3600000,8800000
2022-11-03 12:29:16.088000,0.97544,0.97539,900000,3600000
2022-11-03 12:29:16.190000,0.97544,0.9754,3600000,3600000
2022-11-03 12:29:16.292000,0.97546,0.97539,1340000,3600000
2022-11-03 12:29:16.515000,0.97544,0.9754,3600000,7900000
2022-11-03 12:29:16.672000,0.97546,0.97544,6240000,980000
2022-11-03 12:29:16.723000,0.97551,0.97547,2420000,3600000
2022-11-03 12:29:16.775000,0.97551,0.97549,2420000,980000
2022-11-03 12:29:16.826000,0.97553,0.9755,3980000,1850000
2022-11-03 12:29:16.877000,0.97556,0.9755,13140000,5450000
2022-11-03 12:29:17.030000,0.97555,0.97549,3600000,4500000
2022-11-03 12:29:18.636000,0.97556,0.9755,1340000,3600000
2022-11-03 12:29:18.743000,0.97555,0.97549,3600000,3600000
2022-11-03 12:29:18.845000,0.97555,0.97551,1340000,3600000
2022-11-03 12:29:18.983000,0.97555,0.97549,3600000,7900000
2022-11-03 12:29:21.852000,0.97556,0.9755,5840000,3600000
2022-11-03 12:29:23.815000,0.97555,0.97549,3600000,3600000
2022-11-03 12:29:23.867000,0.97556,0.97552,1340000,4500000
2022-11-03 12:29:23.969000,0.97559,0.97554,4500000,3600000
2022-11-03 12:29:24.071000,0.97559,0.97555,3600000,3600000
2022-11-03 12:29:24.173000,0.97561,0.97554,3420000,3600000
2022-11-03 12:29:24.275000,0.9756,0.97554,3600000,3600000
2022-11-03 12:29:27.317000,0.97557,0.97553,5480000,7900000
2022-11-03 12:29:27.419000,0.97556,0.97551,440000,3600000
2022-11-03 12:29:28.447000,0.97556,0.9755,440000,3680000
2022-11-03 12:29:29.504000,0.97555,0.97549,3600000,4580000
2022-11-03 12:29:30.269000,0.97556,0.9755,4940000,3600000
2022-11-03 12:29:30.508000,0.97555,0.97549,3600000,4580000
2022-11-03 12:29:30.736000,0.97556,0.9755,1340000,5480000
2022-11-03 12:29:30.838000,0.97558,0.97551,4500000,3680000
2022-11-03 12:29:30.940000,0.97557,0.97551,3600000,3680000
2022-11-03 12:29:31.093000,0.97558,0.97551,3600000,4580000
2022-11-03 12:29:31.246000,0.97557,0.97551,3600000,3680000
2022-11-03 12:29:32.081000,0.97558,0.97551,4500000,3680000
2022-11-03 12:29:32.293000,0.97557,0.97551,3600000,3680000
2022-11-03 12:29:32.550000,0.97558,0.97551,4500000,3680000
2022-11-03 12:29:32.652000,0.97557,0.97551,3600000,3680000
2022-11-03 12:29:32.806000,0.97557,0.97552,3600000,120000
2022-11-03 12:29:32.908000,0.97557,0.97553,4500000,120000
2022-11-03 12:29:33.010000,0.97557,0.97552,3600000,120000
2022-11-03 12:29:33.276000,0.97557,0.97551,3600000,3680000
2022-11-03 12:29:33.511000,0.97558,0.97552,4500000,3680000
2022-11-03 12:29:33.613000,0.97558,0.97553,3600000,120000
2022-11-03 12:29:33.715000,0.97558,0.97552,3600000,3680000
2022-11-03 12:29:35.464000,0.97558,0.97551,3600000,3680000
2022-11-03 12:29:35.617000,0.97557,0.97551,3600000,3680000
2022-11-03 12:29:35.832000,0.97558,0.97551,3600000,3680000
2022-11-03 12:29:35.934000,0.97557,0.97551,3600000,3680000
2022-11-03 12:29:36.300000,0.97558,0.97551,3600000,3680000
2022-11-03 12:29:36.402000,0.97556,0.97552,3600000,3680000
2022-11-03 12:29:36.794000,0.97558,0.97552,3600000,3600000
2022-11-03 12:29:36.911000,0.97557,0.97551,3600000,3680000
2022-11-03 12:29:37.196000,0.97556,0.97551,3600000,120000
2022-11-03 12:29:37.298000,0.97556,0.97552,3600000,3680000
2022-11-03 12:29:38.512000,0.97555,0.97552,3600000,120000
2022-11-03 12:29:38.614000,0.97554,0.97549,3600000,900000
2022-11-03 12:29:38.666000,0.97553,0.97547,3600000,7900000
2022-11-03 12:29:38.869000,0.97552,0.97544,3600000,10900000
2022-11-03 12:29:38.971000,0.97551,0.97545,3600000,3600000
2022-11-03 12:29:39.073000,0.9755,0.97544,3600000,5400000
2022-11-03 12:29:39.327000,0.9755,0.97545,3600000,900000
2022-11-03 12:29:39.429000,0.97553,0.97548,3980000,3600000
2022-11-03 12:29:39.531000,0.97555,0.97549,900000,3600000
2022-11-03 12:29:39.633000,0.97556,0.97549,5840000,3600000
2022-11-03 12:29:39.735000,0.97556,0.9755,5840000,3600000
2022-11-03 12:29:39.786000,0.97554,0.97548,3600000,4500000
2022-11-03 12:29:40.543000,0.97553,0.97547,4500000,3600000
2022-11-03 12:29:40.645000,0.97554,0.97548,3600000,3600000
2022-11-03 12:29:40.814000,0.97553,0.97547,3600000,3600000
2022-11-03 12:29:41.018000,0.97554,0.97548,3600000,3600000
2022-11-03 12:29:41.120000,0.97556,0.97549,3600000,3600000
2022-11-03 12:29:41.222000,0.97555,0.97549,3600000,3600000
2022-11-03 12:29:41.425000,0.97554,0.97548,3600000,3600000
2022-11-03 12:29:41.882000,0.97556,0.97549,5840000,3600000
2022-11-03 12:29:41.984000,0.97554,0.97548,3600000,4500000
2022-11-03 12:29:42.085000,0.97556,0.97549,4940000,3600000
2022-11-03 12:29:42.282000,0.97554,0.97548,3600000,3600000
2022-11-03 12:29:42.620000,0.97555,0.97549,3600000,3600000
2022-11-03 12:29:42.906000,0.97556,0.97549,440000,5480000
2022-11-03 12:29:43.008000,0.97557,0.97551,3600000,3600000
2022-11-03 12:29:43.059000,0.97557,0.97549,3600000,5480000
2022-11-03 12:29:43.161000,0.97558,0.97552,5400000,3600000
2022-11-03 12:29:43.212000,0.97557,0.97549,3600000,5480000
2022-11-03 12:29:43.711000,0.97555,0.97549,3600000,3600000
2022-11-03 12:29:43.943000,0.97556,0.9755,4500000,3600000
2022-11-03 12:29:44.096000,0.97555,0.97549,3600000,3600000
2022-11-03 12:29:44.324000,0.97556,0.9755,4500000,4500000
2022-11-03 12:29:44.427000,0.97556,0.97553,900000,3600000
2022-11-03 12:29:44.478000,0.97559,0.97553,3600000,3600000
2022-11-03 12:29:44.933000,0.97558,0.97552,3600000,3680000
2022-11-03 12:29:45.211000,0.97555,0.97551,3600000,3600000
2022-11-03 12:29:45.434000,0.97554,0.97551,900000,3600000
2022-11-03 12:29:45.485000,0.97552,0.97546,3600000,4300000
2022-11-03 12:29:45.611000,0.97551,0.97545,3600000,8100000
2022-11-03 12:29:46.803000,0.97553,0.97547,3600000,3600000
2022-11-03 12:29:46.905000,0.97553,0.97547,4500000,4580000
2022-11-03 12:29:47.012000,0.97553,0.97547,3600000,3600000
2022-11-03 12:29:47.656000,0.97554,0.97546,4500000,4580000
2022-11-03 12:29:47.758000,0.97555,0.97549,900000,4500000
2022-11-03 12:29:47.860000,0.97556,0.9755,3600000,3600000
2022-11-03 12:29:49.145000,0.97554,0.9755,3600000,3600000
2022-11-03 12:29:50.545000,0.97554,0.97552,3600000,120000
2022-11-03 12:29:50.596000,0.97556,0.97552,3600000,120000
2022-11-03 12:29:50.648000,0.97561,0.97553,11000000,4500000
2022-11-03 12:29:50.700000,0.97558,0.97552,3600000,5400000
2022-11-03 12:29:50.751000,0.97557,0.9755,3600000,5200000
2022-11-03 12:29:50.802000,0.97559,0.97553,4990000,3600000
2022-11-03 12:29:50.904000,0.97558,0.97552,3600000,3600000
2022-11-03 12:29:51.057000,0.97557,0.97551,3600000,3600000
2022-11-03 12:29:52.186000,0.97559,0.97553,3600000,3600000
2022-11-03 12:29:52.757000,0.97559,0.9755,3600000,1880000
2022-11-03 12:29:52.809000,0.97558,0.97552,3600000,3600000
2022-11-03 12:29:53.486000,0.97557,0.97551,3600000,3600000
2022-11-03 12:29:54.543000,0.97559,0.97551,3680000,980000
2022-11-03 12:29:54.594000,0.97557,0.97551,3600000,3600000
2022-11-03 12:29:55.078000,0.97559,0.9755,3600000,980000
2022-11-03 12:29:55.129000,0.97556,0.97552,3600000,4500000
2022-11-03 12:29:55.180000,0.9756,0.97551,120000,900000
2022-11-03 12:29:55.231000,0.97557,0.97551,3600000,4500000
2022-11-03 12:29:55.485000,0.97558,0.97552,3600000,3600000
2022-11-03 12:29:58.123000,0.9756,0.97551,3600000,900000
2022-11-03 12:29:58.174000,0.97558,0.97552,3600000,3600000
2022-11-03 12:29:58.429000,0.97555,0.97549,3600000,4500000
2022-11-03 12:29:58.480000,0.97559,0.97547,3600000,4500000
2022-11-03 12:29:58.637000,0.97559,0.97546,8100000,3600000
2022-11-03 12:29:58.790000,0.97558,0.97545,900000,4500000
2022-11-03 12:29:58.891000,0.97557,0.97545,900000,3600000
2022-11-03 12:29:58.993000,0.97557,0.97546,900000,3600000
2022-11-03 12:29:59.045000,0.97557,0.97544,900000,8100000
2022-11-03 12:29:59.147000,0.97559,0.97545,5400000,8100000
2022-11-03 12:29:59.299000,0.97559,0.97546,5400000,3600000
2022-11-03 12:29:59.405000,0.97558,0.97546,900000,3600000
2022-11-03 12:29:59.507000,0.97559,0.97545,9000000,4500000
2022-11-03 12:29:59.660000,0.9756,0.97546,4500000,4500000
2022-11-03 12:30:00.317000,0.97559,0.97545,4500000,4500000
2022-11-03 12:30:00.419000,0.97557,0.97545,900000,4500000
2022-11-03 12:30:00.521000,0.97552,0.97545,4500000,4500000
2022-11-03 12:30:00.573000,0.97552,0.97542,900000,7900000
2022-11-03 12:30:00.624000,0.97555,0.97542,4500000,4300000
2022-11-03 12:30:00.676000,0.97555,0.9754,900000,4300000
2022-11-03 12:30:00.727000,0.97561,0.97536,5220000,4300000
2022-11-03 12:30:00.829000,0.9756,0.97535,3600000,900000
2022-11-03 12:30:00.931000,0.97561,0.97534,5220000,7900000
2022-11-03 12:30:01.047000,0.9756,0.97534,3600000,4300000
2022-11-03 12:30:01.150000,0.97555,0.97541,4500000,4500000
2022-11-03 12:30:01.432000,0.97555,0.97543,4500000,4500000
2022-11-03 12:30:01.756000,0.97554,0.9754,4500000,4500000
2022-11-03 12:30:01.858000,0.97554,0.97547,4500000,3600000
2022-11-03 12:30:01.960000,0.97556,0.97542,900000,3600000
2022-11-03 12:30:02.012000,0.97556,0.97539,900000,3600000
2022-11-03 12:30:02.063000,0.97561,0.97539,1620000,3600000
2022-11-03 12:30:02.164000,0.97561,0.97537,1620000,7900000
2022-11-03 12:30:02.317000,0.97561,0.97538,1620000,3600000
2022-11-03 12:30:02.368000,0.97561,0.97541,1620000,900000
2022-11-03 12:30:02.419000,0.9756,0.97537,900000,4040000
2022-11-03 12:30:02.470000,0.97559,0.97545,4500000,4500000
2022-11-03 12:30:02.724000,0.97558,0.97544,4500000,4500000
2022-11-03 12:30:02.847000,0.97556,0.97544,1340000,4500000
2022-11-03 12:30:02.949000,0.97552,0.97544,900000,4500000
2022-11-03 12:30:03.203000,0.97553,0.97544,900000,4500000
2022-11-03 12:30:04.121000,0.97554,0.97542,1800000,8100000
2022-11-03 12:30:04.223000,0.97545,0.97542,3600000,4500000
2022-11-03 12:30:04.274000,0.97543,0.97537,3600000,4500000
2022-11-03 12:30:04.326000,0.97541,0.97537,1850000,3600000
2022-11-03 12:30:04.428000,0.97542,0.97537,900000,3600000
2022-11-03 12:30:04.530000,0.97546,0.97537,4500000,4040000
2022-11-03 12:30:04.632000,0.97547,0.97539,5400000,3600000
2022-11-03 12:30:04.734000,0.97559,0.97556,900000,1340000
2022-11-03 12:30:04.836000,0.9756,0.97557,3980000,440000
2022-11-03 12:30:04.937000,0.97561,0.97557,1620000,440000
2022-11-03 12:30:04.989000,0.97566,0.97557,1340000,440000
2022-11-03 12:30:05.108000,0.9756,0.97556,3600000,6760000
2022-11-03 12:30:05.161000,0.97554,0.9755,3600000,4300000
2022-11-03 12:30:05.263000,0.97549,0.97547,950000,4500000
2022-11-03 12:30:05.365000,0.97551,0.97544,3600000,3600000
2022-11-03 12:30:05.822000,0.97552,0.97544,3600000,3600000
2022-11-03 12:30:05.924000,0.97551,0.97544,3600000,3600000
2022-11-03 12:30:06.333000,0.97551,0.97545,3600000,3600000
2022-11-03 12:30:06.486000,0.97551,0.97544,3600000,3600000
2022-11-03 12:30:06.588000,0.97552,0.97544,3600000,3600000
2022-11-03 12:30:06.842000,0.97547,0.97541,3600000,9460000
2022-11-03 12:30:06.894000,0.97546,0.97539,3600000,4500000
2022-11-03 12:30:06.996000,0.97543,0.97539,3600000,4500000
2022-11-03 12:30:07.148000,0.97542,0.97534,3600000,3600000
2022-11-03 12:30:07.352000,0.97543,0.97537,3600000,3600000
2022-11-03 12:30:07.716000,0.97543,0.97536,3600000,3600000
2022-11-03 12:30:07.869000,0.97545,0.97534,120000,3600000
2022-11-03 12:30:08.123000,0.97543,0.97536,3600000,3600000
2022-11-03 12:30:08.487000,0.97545,0.97534,120000,3600000
2022-11-03 12:30:08.760000,0.97543,0.97534,3600000,3600000
2022-11-03 12:30:09.219000,0.97545,0.97541,8150000,3600000
2022-11-03 12:30:09.324000,0.97547,0.9754,3600000,120000
2022-11-03 12:30:09.375000,0.97549,0.97539,3680000,3680000
2022-11-03 12:30:09.477000,0.97547,0.97539,3600000,3680000
2022-11-03 12:30:09.528000,0.97549,0.97539,3680000,3680000
2022-11-03 12:30:09.579000,0.97546,0.9754,3600000,3680000
2022-11-03 12:30:09.630000,0.97549,0.97539,120000,3680000
2022-11-03 12:30:09.732000,0.9755,0.9754,4580000,120000
2022-11-03 12:30:09.784000,0.97548,0.97541,3600000,3600000
2022-11-03 12:30:09.897000,0.9755,0.97543,4500000,3600000
2022-11-03 12:30:09.999000,0.97549,0.97541,3600000,3680000
2022-11-03 12:30:10.050000,0.97549,0.97544,3600000,3600000
2022-11-03 12:30:10.203000,0.9755,0.97542,3600000,3600000
2022-11-03 12:30:10.305000,0.97549,0.97541,3600000,3600000
2022-11-03 12:30:10.457000,0.9755,0.97541,3680000,3600000
2022-11-03 12:30:10.559000,0.97549,0.97541,3600000,3600000
2022-11-03 12:30:10.662000,0.97544,0.97538,3600000,900000
2022-11-03 12:30:10.764000,0.97544,0.97537,3600000,8100000
2022-11-03 12:30:10.866000,0.97544,0.97538,3600000,3600000
2022-11-03 12:30:11.019000,0.97544,0.97537,3600000,3600000
2022-11-03 12:30:11.174000,0.97545,0.97536,120000,3600000
2022-11-03 12:30:11.276000,0.97544,0.97537,3600000,3600000
2022-11-03 12:30:11.378000,0.97544,0.97536,3680000,3600000
2022-11-03 12:30:11.480000,0.97545,0.97537,3680000,3600000
2022-11-03 12:30:11.902000,0.97544,0.97536,3680000,3600000
2022-11-03 12:30:12.078000,0.97544,0.97534,120000,3680000
2022-11-03 12:30:12.180000,0.97544,0.97535,120000,3600000
2022-11-03 12:30:12.535000,0.97543,0.97536,3600000,3600000
2022-11-03 12:30:12.586000,0.97542,0.97534,3600000,3680000
2022-11-03 12:30:12.637000,0.97544,0.97535,120000,3600000
2022-11-03 12:30:12.841000,0.97543,0.97535,120000,3600000
2022-11-03 12:30:12.942000,0.97543,0.97534,120000,3600000
2022-11-03 12:30:13.146000,0.97542,0.97534,3600000,3600000
2022-11-03 12:30:13.508000,0.97543,0.97535,120000,3600000
2022-11-03 12:30:13.610000,0.97543,0.97534,120000,3600000
2022-11-03 12:30:13.975000,0.97543,0.97535,120000,3600000
2022-11-03 12:30:14.179000,0.97543,0.97534,120000,3600000
2022-11-03 12:30:14.281000,0.97542,0.97534,3600000,3680000
2022-11-03 12:30:14.332000,0.97544,0.97535,3680000,3600000
2022-11-03 12:30:14.434000,0.97543,0.97538,3600000,3600000
2022-11-03 12:30:14.536000,0.97546,0.97539,4140000,3600000
2022-11-03 12:30:14.587000,0.97545,0.97537,3600000,3600000
2022-11-03 12:30:14.692000,0.97545,0.97538,4040000,440000
2022-11-03 12:30:14.744000,0.97547,0.9754,4500000,440000
2022-11-03 12:30:14.846000,0.97547,0.97542,4040000,4040000
2022-11-03 12:30:14.948000,0.97542,0.97539,440000,3600000
2022-11-03 12:30:15.050000,0.9754,0.97534,440000,3600000
2022-11-03 12:30:15.152000,0.9754,0.97533,4040000,440000
2022-11-03 12:30:15.203000,0.97538,0.97532,440000,9000000
2022-11-03 12:30:15.305000,0.97535,0.97531,900000,440000
2022-11-03 12:30:15.407000,0.97536,0.97531,900000,440000
2022-11-03 12:30:15.509000,0.97534,0.97529,900000,4040000
2022-11-03 12:30:15.611000,0.97534,0.9753,440000,3600000
2022-11-03 12:30:15.662000,0.97534,0.97528,950000,4940000
2022-11-03 12:30:15.764000,0.97535,0.97529,440000,3600000
2022-11-03 12:30:15.917000,0.97533,0.97528,440000,4500000
2022-11-03 12:30:16.069000,0.9753,0.97528,440000,900000
2022-11-03 12:30:16.121000,0.97528,0.97523,440000,10900000
2022-11-03 12:30:16.223000,0.97527,0.97523,4040000,10900000
2022-11-03 12:30:16.274000,0.97527,0.9752,4040000,4040000
2022-11-03 12:30:16.376000,0.97526,0.9752,900000,3600000
2022-11-03 12:30:16.478000,0.97524,0.97519,440000,3600000
2022-11-03 12:30:16.580000,0.97524,0.97517,440000,4500000
2022-11-03 12:30:16.682000,0.97524,0.97518,3600000,900000
2022-11-03 12:30:16.834000,0.97525,0.97519,440000,3600000
2022-11-03 12:30:16.936000,0.97528,0.97521,8480000,440000
2022-11-03 12:30:17.140000,0.97526,0.97523,3600000,440000
2022-11-03 12:30:17.242000,0.97529,0.97522,4940000,4040000
2022-11-03 12:30:17.344000,0.97527,0.97522,3600000,1340000
2022-11-03 12:30:17.395000,0.97528,0.97523,4040000,1340000
2022-11-03 12:30:17.548000,0.9753,0.97527,2240000,900000
2022-11-03 12:30:17.599000,0.97529,0.97523,440000,3600000
2022-11-03 12:30:17.882000,0.97526,0.97523,1340000,3600000
2022-11-03 12:30:17.933000,0.97531,0.97528,4940000,900000
2022-11-03 12:30:17.985000,0.97533,0.97528,10310000,900000
2022-11-03 12:30:18.138000,0.97534,0.97528,440000,900000
2022-11-03 12:30:18.290000,0.97533,0.97528,440000,900000
2022-11-03 12:30:18.543000,0.97532,0.97528,440000,900000
2022-11-03 12:30:18.645000,0.97531,0.97528,3600000,900000
2022-11-03 12:30:18.747000,0.97532,0.97528,440000,900000
2022-11-03 12:30:18.879000,0.97533,0.97528,4040000,900000
2022-11-03 12:30:19.249000,0.97534,0.97528,440000,900000
2022-11-03 12:30:19.402000,0.97533,0.97528,440000,900000
2022-11-03 12:30:19.754000,0.97534,0.97528,4040000,900000
2022-11-03 12:30:20.008000,0.97535,0.97528,440000,2240000
2022-11-03 12:30:20.060000,0.97537,0.97531,3600000,1340000
2022-11-03 12:30:20.111000,0.97539,0.97532,4040000,440000
2022-11-03 12:30:20.264000,0.97539,0.97533,3600000,4040000
2022-11-03 12:30:20.366000,0.9754,0.97533,4040000,4040000
2022-11-03 12:30:20.518000,0.97539,0.97533,440000,3600000
2022-11-03 12:30:20.620000,0.97539,0.97532,4040000,4040000
2022-11-03 12:30:20.723000,0.97538,0.97532,440000,3600000
2022-11-03 12:30:21.049000,0.97538,0.97533,4040000,4040000
2022-11-03 12:30:21.570000,0.97539,0.97533,440000,3600000
2022-11-03 12:30:21.813000,0.97539,0.97532,440000,4040000
2022-11-03 12:30:22.125000,0.97539,0.97533,4040000,3600000
2022-11-03 12:30:22.227000,0.97539,0.97532,440000,4040000
2022-11-03 12:30:22.542000,0.97538,0.97532,440000,3600000
2022-11-03 12:30:22.777000,0.97538,0.97533,440000,4940000
2022-11-03 12:30:22.879000,0.97539,0.97533,440000,3600000
2022-11-03 12:30:23.501000,0.9754,0.97538,900000,120000
2022-11-03 12:30:23.552000,0.9754,0.97532,900000,900000
2022-11-03 12:30:23.604000,0.97553,0.9755,4500000,3680000
2022-11-03 12:30:23.655000,0.97556,0.97552,440000,900000
2022-11-03 12:30:23.707000,0.9756,0.97554,3600000,3600000
2022-11-03 12:30:23.758000,0.97558,0.97552,3600000,440000
2022-11-03 12:30:23.860000,0.97558,0.97551,4040000,4040000
2022-11-03 12:30:24.178000,0.97557,0.97551,1340000,3600000
2022-11-03 12:30:24.281000,0.97556,0.97551,900000,3600000
2022-11-03 12:30:24.391000,0.97557,0.97551,3600000,3600000
2022-11-03 12:30:24.514000,0.97558,0.97551,4040000,3600000
2022-11-03 12:30:24.616000,0.97559,0.97553,4040000,3600000
2022-11-03 12:30:24.902000,0.97557,0.97552,3600000,4040000
2022-11-03 12:30:25.052000,0.97558,0.97554,4040000,3600000
2022-11-03 12:30:25.155000,0.9756,0.97554,4040000,3600000
2022-11-03 12:30:25.358000,0.97559,0.97554,440000,3600000
2022-11-03 12:30:25.580000,0.9756,0.97554,4040000,3600000
2022-11-03 12:30:25.682000,0.97556,0.97553,4940000,440000
2022-11-03 12:30:25.916000,0.97556,0.97549,3160000,3600000
2022-11-03 12:30:25.967000,0.97554,0.97549,440000,3600000
2022-11-03 12:30:26.018000,0.97553,0.97547,440000,3600000
2022-11-03 12:30:26.222000,0.97551,0.97545,900000,4740000
2022-11-03 12:30:26.324000,0.97553,0.97547,4040000,4040000
2022-11-03 12:30:28.895000,0.97552,0.97547,440000,4040000
2022-11-03 12:30:28.997000,0.97554,0.97547,4040000,4040000
2022-11-03 12:30:31.002000,0.97553,0.97547,440000,3600000
2022-11-03 12:30:31.405000,0.97555,0.97551,6740000,440000
2022-11-03 12:30:31.507000,0.9756,0.97556,2700000,4040000
2022-11-03 12:30:31.559000,0.97563,0.97557,440000,440000
2022-11-03 12:30:31.610000,0.97565,0.9756,10330000,440000
2022-11-03 12:30:31.712000,0.97565,0.97561,4500000,3600000
2022-11-03 12:30:31.814000,0.97566,0.9756,1340000,4040000
2022-11-03 12:30:31.916000,0.97566,0.97561,1340000,3600000
2022-11-03 12:30:32.904000,0.97566,0.9756,1340000,440000
2022-11-03 12:30:33.109000,0.97566,0.97561,1340000,3600000
2022-11-03 12:30:33.670000,0.97564,0.97559,440000,4300000
2022-11-03 12:30:33.772000,0.97563,0.97558,440000,3600000
2022-11-03 12:30:34.007000,0.97564,0.97558,440000,3600000
2022-11-03 12:30:35.508000,0.97564,0.97557,4940000,440000
2022-11-03 12:30:35.652000,0.97563,0.97556,440000,8340000
2022-11-03 12:30:36.246000,0.97563,0.97557,440000,3600000
2022-11-03 12:30:36.549000,0.97563,0.97556,440000,4040000
2022-11-03 12:30:36.850000,0.97566,0.97559,10740000,440000
2022-11-03 12:30:37.054000,0.97566,0.9756,1800000,3600000
2022-11-03 12:30:37.156000,0.97561,0.97556,900000,9000000
2022-11-03 12:30:37.258000,0.97559,0.97557,440000,4500000
2022-11-03 12:30:37.613000,0.9756,0.97554,440000,3600000
2022-11-03 12:30:37.766000,0.97558,0.97553,440000,3600000
2022-11-03 12:30:38.048000,0.97557,0.97553,900000,3600000
2022-11-03 12:30:38.100000,0.97558,0.97551,4040000,4040000
2022-11-03 12:30:38.151000,0.97559,0.97553,1340000,3600000
2022-11-03 12:30:38.456000,0.97561,0.97553,6740000,3600000
2022-11-03 12:30:38.507000,0.97559,0.97554,440000,3600000
2022-11-03 12:30:38.710000,0.9756,0.97554,440000,4040000
2022-11-03 12:30:39.324000,0.97561,0.97554,4040000,4040000
2022-11-03 12:30:39.426000,0.9756,0.97554,440000,3600000
2022-11-03 12:30:39.528000,0.97561,0.97556,4500000,440000
2022-11-03 12:30:39.630000,0.97564,0.97557,5860000,440000
2022-11-03 12:30:39.732000,0.97563,0.97556,440000,4040000
2022-11-03 12:30:40.344000,0.97564,0.97557,4940000,4040000
2022-11-03 12:30:40.446000,0.97563,0.97559,4940000,3600000
2022-11-03 12:30:40.650000,0.97565,0.97558,4040000,4040000
2022-11-03 12:30:40.853000,0.97564,0.97558,3600000,4040000
2022-11-03 12:30:40.955000,0.97565,0.97558,440000,4040000
2022-11-03 12:30:41.006000,0.97563,0.97562,1800000,440000
2022-11-03 12:30:41.057000,0.97564,0.97563,1340000,3600000
2022-11-03 12:30:41.365000,0.97563,0.97562,1340000,440000
2022-11-03 12:30:42.038000,0.97566,0.97561,1340000,4040000
2022-11-03 12:30:42.679000,0.97564,0.97561,440000,3600000
2022-11-03 12:30:42.730000,0.97564,0.97559,440000,5200000
2022-11-03 12:30:42.832000,0.97562,0.97558,440000,4500000
2022-11-03 12:30:42.934000,0.97561,0.97558,3600000,4500000
2022-11-03 12:30:42.986000,0.97561,0.97555,3600000,440000
2022-11-03 12:30:43.223000,0.97559,0.97554,440000,3600000
2022-11-03 12:30:43.326000,0.97553,0.97552,440000,5400000
2022-11-03 12:30:43.428000,0.97553,0.9755,440000,4500000
2022-11-03 12:30:43.480000,0.97553,0.97547,4040000,3600000
2022-11-03 12:30:44.504000,0.97553,0.97546,4040000,4040000
2022-11-03 12:30:45.412000,0.97553,0.97547,440000,3600000
2022-11-03 12:30:45.514000,0.97553,0.97546,4040000,4040000
2022-11-03 12:30:45.667000,0.97552,0.97548,4040000,3600000
2022-11-03 12:30:45.819000,0.97553,0.97546,440000,4040000
2022-11-03 12:30:45.972000,0.97553,0.97547,4040000,3600000
2022-11-03 12:30:46.074000,0.97553,0.97546,440000,4040000
2022-11-03 12:30:46.380000,0.97553,0.97547,4040000,3600000
2022-11-03 12:30:46.703000,0.97553,0.97546,440000,4040000
2022-11-03 12:30:47.056000,0.97552,0.97548,4040000,3600000
2022-11-03 12:30:47.781000,0.97552,0.97547,440000,3600000
2022-11-03 12:30:48.190000,0.97552,0.97546,440000,4040000
2022-11-03 12:30:48.512000,0.97552,0.97547,440000,3600000
2022-11-03 12:30:48.690000,0.97552,0.97546,440000,4040000
2022-11-03 12:30:48.797000,0.97552,0.97547,440000,3600000
2022-11-03 12:30:49,0.97548,0.97544,4040000,5200000
2022-11-03 12:30:49.103000,0.97544,0.97537,440000,4500000
2022-11-03 12:30:49.205000,0.97542,0.97537,440000,3600000
2022-11-03 12:30:49.358000,0.97543,0.97537,4040000,3600000
2022-11-03 12:30:49.561000,0.97542,0.97537,440000,3600000
2022-11-03 12:30:49.663000,0.9754,0.97538,440000,3600000
2022-11-03 12:30:49.715000,0.97539,0.97534,980000,3600000
2022-11-03 12:30:49.766000,0.97535,0.97533,900000,5200000
2022-11-03 12:30:49.818000,0.97533,0.97528,4040000,900000
2022-11-03 12:30:49.970000,0.97531,0.97528,440000,900000
2022-11-03 12:30:50.073000,0.9753,0.97528,1340000,900000
2022-11-03 12:30:50.327000,0.9753,0.97523,4940000,4040000
2022-11-03 12:30:50.581000,0.97529,0.97527,440000,900000
2022-11-03 12:30:50.632000,0.97525,0.97522,440000,900000
2022-11-03 12:30:50.734000,0.97526,0.97521,3600000,10900000
2022-11-03 12:30:50.836000,0.97525,0.9752,440000,3600000
2022-11-03 12:30:50.938000,0.97526,0.9752,5840000,440000
2022-11-03 12:30:51.040000,0.97526,0.97519,4040000,4040000
2022-11-03 12:30:51.142000,0.97526,0.9752,4040000,3600000
2022-11-03 12:30:51.433000,0.97525,0.97519,440000,3600000
2022-11-03 12:30:51.535000,0.97525,0.9752,4940000,4270000
2022-11-03 12:30:51.636000,0.97526,0.9752,4040000,3600000
2022-11-03 12:30:52.082000,0.97525,0.9752,440000,3600000
2022-11-03 12:30:52.572000,0.97523,0.97517,3600000,6790000
2022-11-03 12:30:52.674000,0.97524,0.97517,4040000,4040000
2022-11-03 12:30:52.979000,0.97523,0.97517,440000,3710000
2022-11-03 12:30:53.030000,0.97517,0.97514,440000,9000000
2022-11-03 12:30:53.132000,0.97516,0.97513,230000,3600000
2022-11-03 12:30:53.234000,0.97518,0.97512,4040000,3600000
2022-11-03 12:30:53.336000,0.97517,0.97512,440000,3600000
2022-11-03 12:30:53.489000,0.97516,0.9751,1340000,4270000
2022-11-03 12:30:53.540000,0.97513,0.9751,3600000,670000
2022-11-03 12:30:53.642000,0.97514,0.9751,440000,440000
2022-11-03 12:30:53.744000,0.97514,0.97509,440000,230000
2022-11-03 12:30:53.846000,0.97513,0.97509,440000,230000
2022-11-03 12:30:53.948000,0.97514,0.97507,440000,4500000
2022-11-03 12:30:54.105000,0.97513,0.97507,440000,4500000
2022-11-03 12:30:54.207000,0.97514,0.97507,440000,4500000
2022-11-03 12:30:54.387000,0.97513,0.97507,4040000,3600000
2022-11-03 12:30:54.439000,0.97511,0.97505,2240000,3600000
2022-11-03 12:30:54.541000,0.97513,0.97507,440000,3600000
2022-11-03 12:30:54.784000,0.97513,0.97506,4040000,900000
2022-11-03 12:30:54.886000,0.97512,0.97506,4040000,3600000
2022-11-03 12:30:54.988000,0.97509,0.97505,4040000,7560000
2022-11-03 12:30:55.090000,0.97511,0.97506,440000,3600000
2022-11-03 12:30:55.401000,0.97512,0.97506,4040000,3600000
2022-11-03 12:30:55.661000,0.97511,0.97505,4940000,3600000
2022-11-03 12:30:55.982000,0.9751,0.97505,440000,3600000
2022-11-03 12:30:56.155000,0.97511,0.97505,6300000,4500000
2022-11-03 12:30:56.257000,0.97511,0.97507,900000,3600000
2022-11-03 12:30:56.309000,0.97513,0.97508,4040000,4040000
2022-11-03 12:30:56.411000,0.97513,0.97507,440000,3600000
2022-11-03 12:30:57.642000,0.97514,0.97507,4040000,3600000
2022-11-03 12:30:58.051000,0.97513,0.97509,3600000,3600000
2022-11-03 12:30:58.153000,0.97513,0.97507,3600000,4040000
2022-11-03 12:30:58.255000,0.97512,0.97506,3830000,3600000
2022-11-03 12:30:58.357000,0.97511,0.97505,2240000,3600000
2022-11-03 12:30:58.459000,0.97511,0.97506,900000,3600000
2022-11-03 12:30:58.569000,0.97512,0.97506,3830000,3600000
2022-11-03 12:30:58.939000,0.97512,0.97505,4730000,3600000
2022-11-03 12:30:59.041000,0.97511,0.97506,900000,3600000
2022-11-03 12:30:59.244000,0.97512,0.97506,3830000,3600000
2022-11-03 12:31:00.251000,0.97513,0.97507,1850000,3600000
2022-11-03 12:31:00.353000,0.97514,0.97508,3600000,3600000
2022-11-03 12:31:00.823000,0.97513,0.97507,3600000,3600000
2022-11-03 12:31:01.268000,0.97515,0.97509,4040000,3600000
2022-11-03 12:31:01.572000,0.97516,0.97513,1340000,3600000
2022-11-03 12:31:01.624000,0.97519,0.97515,4500000,3600000
2022-11-03 12:31:01.726000,0.97518,0.97514,5040000,7900000
2022-11-03 12:31:01.828000,0.97518,0.97513,540000,3600000
2022-11-03 12:31:01.879000,0.97515,0.97509,3600000,17100000
2022-11-03 12:31:02.032000,0.97513,0.97509,3600000,4500000
2022-11-03 12:31:02.134000,0.97515,0.97509,3600000,3600000
2022-11-03 12:31:03.384000,0.97515,0.97511,3600000,120000
2022-11-03 12:31:03.436000,0.97518,0.97513,440000,3600000
2022-11-03 12:31:03.538000,0.97518,0.97514,440000,3600000
2022-11-03 12:31:03.768000,0.9752,0.97514,4040000,3600000
2022-11-03 12:31:04.400000,0.97517,0.97512,900000,3600000
2022-11-03 12:31:04.502000,0.97518,0.97512,4040000,3600000
2022-11-03 12:31:05.210000,0.97517,0.97511,3600000,440000
2022-11-03 12:31:05.318000,0.97518,0.97512,4140000,3600000
2022-11-03 12:31:05.369000,0.97517,0.9751,440000,4940000
2022-11-03 12:31:05.524000,0.97518,0.97511,4040000,440000
2022-11-03 12:31:05.626000,0.97517,0.97512,440000,3600000
2022-11-03 12:31:05.728000,0.97517,0.9751,440000,4940000
2022-11-03 12:31:05.830000,0.97517,0.97512,440000,3600000
2022-11-03 12:31:06.073000,0.97518,0.97511,440000,440000
2022-11-03 12:31:06.174000,0.97518,0.97512,440000,3600000
2022-11-03 12:31:06.328000,0.97517,0.97512,440000,3600000
2022-11-03 12:31:06.379000,0.97516,0.9751,3600000,4940000
2022-11-03 12:31:06.481000,0.97516,0.97513,440000,3600000
2022-11-03 12:31:06.583000,0.97514,0.97507,4940000,4500000
2022-11-03 12:31:06.685000,0.97514,0.97508,3600000,4040000
2022-11-03 12:31:07.123000,0.97515,0.97509,3600000,440000
2022-11-03 12:31:07.275000,0.97516,0.9751,5400000,3600000
2022-11-03 12:31:09.405000,0.97517,0.97511,4040000,3600000
2022-11-03 12:31:09.764000,0.97518,0.97512,4040000,3600000
2022-11-03 12:31:09.865000,0.97517,0.97511,3600000,440000
2022-11-03 12:31:10.119000,0.97518,0.97511,4040000,440000
2022-11-03 12:31:10.233000,0.97517,0.97511,3600000,440000
2022-11-03 12:31:10.390000,0.97516,0.9751,900000,3600000
2022-11-03 12:31:11.099000,0.97512,0.97509,900000,3600000
2022-11-03 12:31:11.150000,0.97511,0.97507,5400000,4300000
2022-11-03 12:31:11.201000,0.97511,0.97505,5400000,10850000
2022-11-03 12:31:11.303000,0.9751,0.97505,440000,8100000
2022-11-03 12:31:11.670000,0.97511,0.97505,5400000,3600000
2022-11-03 12:31:11.916000,0.97511,0.97506,1800000,3600000
2022-11-03 12:31:12.068000,0.9751,0.97504,440000,900000
2022-11-03 12:31:12.120000,0.97507,0.97504,440000,1340000
2022-11-03 12:31:12.222000,0.9751,0.97504,3600000,1570000
2022-11-03 12:31:12.324000,0.97513,0.97506,9380000,4270000
2022-11-03 12:31:12.426000,0.97513,0.97507,4940000,3600000
2022-11-03 12:31:12.645000,0.97511,0.97505,440000,4730000
2022-11-03 12:31:12.747000,0.97511,0.97506,440000,3600000
2022-11-03 12:31:13.001000,0.97511,0.97505,900000,3600000
2022-11-03 12:31:13.103000,0.97511,0.97507,1340000,440000
2022-11-03 12:31:13.154000,0.97513,0.97507,4880000,4040000
2022-11-03 12:31:13.407000,0.97513,0.97508,900000,440000
2022-11-03 12:31:13.509000,0.97513,0.97509,900000,3680000
2022-11-03 12:31:13.727000,0.97513,0.9751,900000,4040000
2022-11-03 12:31:13.919000,0.97513,0.97508,900000,7900000
2022-11-03 12:31:13.970000,0.97511,0.97508,1800000,4300000
2022-11-03 12:31:14.072000,0.97508,0.97506,1340000,4500000
2022-11-03 12:31:14.124000,0.97506,0.97504,900000,900000
2022-11-03 12:31:14.226000,0.9751,0.97505,4440000,3600000
2022-11-03 12:31:14.328000,0.97512,0.97507,4500000,120000
2022-11-03 12:31:14.430000,0.97513,0.97508,900000,540000
2022-11-03 12:31:14.532000,0.97512,0.97508,900000,4140000
2022-11-03 12:31:14.960000,0.97511,0.97504,5480000,10600000
2022-11-03 12:31:15.062000,0.9751,0.97504,3600000,5860000
2022-11-03 12:31:15.215000,0.97511,0.97505,3140000,3600000
2022-11-03 12:31:15.316000,0.9751,0.97504,3600000,1340000
2022-11-03 12:31:15.418000,0.97509,0.97504,3600000,900000
2022-11-03 12:31:15.520000,0.9751,0.97507,3140000,440000
2022-11-03 12:31:15.622000,0.97513,0.97507,4500000,440000
2022-11-03 12:31:15.936000,0.97511,0.97505,2240000,3600000
2022-11-03 12:31:16.038000,0.97512,0.97507,4940000,440000
2022-11-03 12:31:16.242000,0.97513,0.97507,1340000,3600000
2022-11-03 12:31:16.371000,0.97513,0.97506,4940000,440000
2022-11-03 12:31:16.486000,0.97513,0.97507,1340000,3600000
2022-11-03 12:31:16.588000,0.97516,0.97513,9460000,3600000
2022-11-03 12:31:16.690000,0.9752,0.97513,4140000,4040000
2022-11-03 12:31:16.742000,0.97518,0.97513,440000,3600000
2022-11-03 12:31:16.844000,0.97511,0.97508,1340000,5870000
2022-11-03 12:31:16.946000,0.97511,0.97506,4940000,4960000
2022-11-03 12:31:17.098000,0.97511,0.97504,5840000,980000
2022-11-03 12:31:17.221000,0.9751,0.97504,3600000,980000
2022-11-03 12:31:18.742000,0.97507,0.97505,440000,900000
2022-11-03 12:31:18.844000,0.97508,0.97505,440000,900000
2022-11-03 12:31:19.592000,0.97508,0.97504,440000,900000
2022-11-03 12:31:20.050000,0.97508,0.97503,440000,120000
2022-11-03 12:31:20.194000,0.97509,0.97503,4040000,540000
2022-11-03 12:31:22.330000,0.97509,0.97506,4040000,440000
2022-11-03 12:31:22.381000,0.97511,0.97507,2240000,4500000
2022-11-03 12:31:22.433000,0.97516,0.97513,900000,3680000
2022-11-03 12:31:22.534000,0.97518,0.97512,440000,3680000
2022-11-03 12:31:22.687000,0.97516,0.97511,440000,5170000
2022-11-03 12:31:22.789000,0.97515,0.9751,440000,3600000
2022-11-03 12:31:22.891000,0.97514,0.9751,440000,13300000
2022-11-03 12:31:22.992000,0.97514,0.97509,440000,3600000
2022-11-03 12:31:23.094000,0.97515,0.97509,440000,4040000
2022-11-03 12:31:23.196000,0.97514,0.97509,440000,3600000
2022-11-03 12:31:23.644000,0.97515,0.97509,440000,440000
2022-11-03 12:31:23.745000,0.97515,0.9751,440000,3600000
2022-11-03 12:31:23.898000,0.97513,0.97507,440000,10140000
2022-11-03 12:31:25.014000,0.97514,0.97508,4040000,440000
2022-11-03 12:31:25.441000,0.97513,0.97507,440000,4040000
2022-11-03 12:31:25.543000,0.97512,0.97507,440000,3600000
2022-11-03 12:31:26.203000,0.97509,0.97505,440000,5200000
2022-11-03 12:31:26.305000,0.97506,0.97504,440000,4500000
2022-11-03 12:31:26.407000,0.97507,0.97504,900000,4500000
2022-11-03 12:31:26.458000,0.97508,0.97502,900000,4140000
2022-11-03 12:31:26.560000,0.97508,0.97504,4040000,540000
2022-11-03 12:31:26.662000,0.9751,0.97504,4040000,540000
2022-11-03 12:31:27.440000,0.97508,0.97503,440000,120000
2022-11-03 12:31:27.745000,0.97508,0.97502,440000,4040000
2022-11-03 12:31:28.827000,0.97507,0.97501,4940000,540000
2022-11-03 12:31:28.929000,0.97509,0.97503,440000,540000
2022-11-03 12:31:29.095000,0.97513,0.97509,3980000,3600000
2022-11-03 12:31:29.197000,0.97514,0.97509,4960000,3600000
2022-11-03 12:31:29.385000,0.97513,0.97507,440000,4140000
2022-11-03 12:31:29.537000,0.97515,0.97511,7580000,440000
2022-11-03 12:31:29.639000,0.97517,0.97511,4270000,540000
2022-11-03 12:31:29.691000,0.97518,0.97513,4730000,440000
2022-11-03 12:31:29.793000,0.97519,0.97514,3980000,120000
2022-11-03 12:31:29.894000,0.9752,0.97515,3600000,120000
2022-11-03 12:31:29.997000,0.97522,0.9752,3980000,310000
2022-11-03 12:31:30.048000,0.97528,0.97521,2340000,440000
2022-11-03 12:31:30.150000,0.97524,0.97519,440000,900000
2022-11-03 12:31:30.251000,0.97524,0.97517,4040000,5040000
2022-11-03 12:31:30.353000,0.97523,0.97517,440000,3680000
2022-11-03 12:31:31.107000,0.97522,0.97517,4040000,540000
2022-11-03 12:31:31.473000,0.97523,0.97517,440000,3600000
2022-11-03 12:31:31.574000,0.97524,0.97518,3600000,4040000
2022-11-03 12:31:31.676000,0.97525,0.97518,4940000,540000
2022-11-03 12:31:31.728000,0.97525,0.97522,3980000,3680000
2022-11-03 12:31:31.830000,0.97529,0.97523,8040000,3600000
2022-11-03 12:31:31.931000,0.97531,0.97524,4940000,540000
2022-11-03 12:31:32.033000,0.9753,0.97524,4040000,3680000
2022-11-03 12:31:32.236000,0.9753,0.97525,3600000,540000
2022-11-03 12:31:32.338000,0.97532,0.97527,440000,540000
2022-11-03 12:31:32.440000,0.9753,0.97525,440000,3600000
2022-11-03 12:31:32.491000,0.97535,0.9753,4440000,3600000
2022-11-03 12:31:32.644000,0.97536,0.9753,4040000,4040000
2022-11-03 12:31:32.953000,0.97535,0.97529,440000,3680000
2022-11-03 12:31:33.055000,0.97535,0.9753,440000,3600000
2022-11-03 12:31:33.157000,0.97536,0.9753,4040000,3680000
2022-11-03 12:31:33.714000,0.97535,0.9753,440000,3600000
2022-11-03 12:31:33.822000,0.97536,0.97529,440000,4140000
2022-11-03 12:31:33.924000,0.97536,0.9753,440000,120000
2022-11-03 12:31:34.038000,0.97538,0.97534,5400000,3600000
2022-11-03 12:31:34.409000,0.9754,0.97534,4940000,3680000
2022-11-03 12:31:34.510000,0.9754,0.97533,4040000,4140000
2022-11-03 12:31:34.662000,0.97539,0.97534,440000,3600000
2022-11-03 12:31:34.764000,0.9754,0.97533,4040000,4140000
2022-11-03 12:31:34.866000,0.97539,0.97533,440000,3680000
2022-11-03 12:31:34.968000,0.97539,0.97534,440000,3600000
2022-11-03 12:31:35.127000,0.97542,0.97538,4440000,120000
2022-11-03 12:31:35.179000,0.97546,0.97543,440000,3680000
2022-11-03 12:31:35.281000,0.97546,0.97541,3980000,4040000
2022-11-03 12:31:35.433000,0.97546,0.9754,1800000,3600000
2022-11-03 12:31:35.535000,0.97548,0.97542,3600000,4040000
2022-11-03 12:31:35.637000,0.97549,0.97544,440000,3600000
2022-11-03 12:31:35.739000,0.97547,0.97541,4040000,4140000
2022-11-03 12:31:35.841000,0.97548,0.97541,440000,4140000
2022-11-03 12:31:35.993000,0.97547,0.97541,3600000,4040000
2022-11-03 12:31:36.096000,0.97548,0.97541,440000,4040000
2022-11-03 12:31:36.147000,0.97548,0.97543,3600000,120000
2022-11-03 12:31:36.198000,0.97549,0.97544,4040000,1440000
2022-11-03 12:31:36.300000,0.97551,0.97547,1800000,540000
2022-11-03 12:31:36.352000,0.97549,0.97544,540000,3600000
2022-11-03 12:31:36.454000,0.97547,0.97545,440000,230000
2022-11-03 12:31:36.505000,0.97547,0.97543,4040000,4300000
2022-11-03 12:31:36.556000,0.97546,0.97541,440000,440000
2022-11-03 12:31:36.607000,0.97545,0.97542,440000,230000
2022-11-03 12:31:36.658000,0.97543,0.97538,440000,8330000
2022-11-03 12:31:36.760000,0.97543,0.97537,4040000,3680000
2022-11-03 12:31:37.229000,0.97544,0.97538,3600000,3600000
2022-11-03 12:31:37.331000,0.97546,0.97539,4500000,3680000
2022-11-03 12:31:37.432000,0.97546,0.9754,3600000,3600000
2022-11-03 12:31:37.483000,0.97544,0.97539,3600000,980000
2022-11-03 12:31:37.585000,0.97545,0.97537,4580000,4580000
2022-11-03 12:31:38.298000,0.97543,0.97537,3600000,3600000
2022-11-03 12:31:38.423000,0.97543,0.97537,980000,3680000
2022-11-03 12:31:38.527000,0.97546,0.9754,7250000,3600000
2022-11-03 12:31:39.293000,0.97547,0.97539,4500000,4140000
2022-11-03 12:31:39.394000,0.97546,0.9754,3600000,3600000
2022-11-03 12:31:39.547000,0.97548,0.97546,900000,120000
2022-11-03 12:31:39.598000,0.97551,0.97546,900000,3600000
2022-11-03 12:31:40.446000,0.9755,0.97546,3600000,540000
2022-11-03 12:31:40.548000,0.97551,0.97547,900000,440000
2022-11-03 12:31:40.599000,0.97554,0.97547,4580000,440000
2022-11-03 12:31:40.650000,0.97555,0.9755,440000,3600000
2022-11-03 12:31:40.701000,0.97554,0.97548,3600000,3680000
2022-11-03 12:31:40.803000,0.97554,0.97547,3600000,540000
2022-11-03 12:31:41.006000,0.97553,0.97547,3600000,3680000
2022-11-03 12:31:41.158000,0.97554,0.97547,3600000,120000
2022-11-03 12:31:41.440000,0.97555,0.97547,3600000,5480000
2022-11-03 12:31:41.492000,0.97555,0.9755,4500000,120000
2022-11-03 12:31:41.593000,0.97557,0.97552,3980000,440000
2022-11-03 12:31:41.645000,0.97559,0.97553,3600000,3600000
2022-11-03 12:31:42.058000,0.9756,0.97554,3600000,3600000
2022-11-03 12:31:42.169000,0.97559,0.97553,3600000,3600000
2022-11-03 12:31:42.576000,0.9756,0.97553,900000,4500000
2022-11-03 12:31:42.678000,0.97561,0.97553,2240000,4940000
2022-11-03 12:31:42.983000,0.97559,0.97552,900000,4040000
2022-11-03 12:31:43.135000,0.97559,0.97553,4500000,3600000
2022-11-03 12:31:43.687000,0.97558,0.97552,3600000,1340000
2022-11-03 12:31:43.788000,0.97558,0.97554,3600000,3600000
2022-11-03 12:31:44.329000,0.9756,0.97554,3600000,3600000
2022-11-03 12:31:44.481000,0.9756,0.97553,10440000,4940000
2022-11-03 12:31:44.583000,0.97559,0.97553,4500000,3600000
2022-11-03 12:31:44.634000,0.97559,0.97551,1340000,4270000
2022-11-03 12:31:44.888000,0.97558,0.97553,900000,1340000
2022-11-03 12:31:44.990000,0.97559,0.97553,4940000,3600000
2022-11-03 12:31:45.092000,0.97559,0.97551,900000,4040000
2022-11-03 12:31:45.296000,0.97559,0.97553,4500000,3600000
2022-11-03 12:31:45.448000,0.97559,0.97551,900000,4040000
2022-11-03 12:31:45.651000,0.97559,0.97553,4500000,3600000
2022-11-03 12:31:45.702000,0.97559,0.97551,900000,4040000
2022-11-03 12:31:45.804000,0.97557,0.97551,4040000,1340000
2022-11-03 12:31:45.906000,0.97557,0.9755,900000,1340000
2022-11-03 12:31:46.039000,0.97557,0.97553,3600000,3600000
2022-11-03 12:31:46.197000,0.97557,0.97552,3600000,440000
2022-11-03 12:31:46.350000,0.97558,0.97552,3600000,3600000
2022-11-03 12:31:46.799000,0.97557,0.97551,3600000,3600000
2022-11-03 12:31:46.901000,0.97555,0.97549,3600000,7900000
2022-11-03 12:31:47.003000,0.97554,0.97548,3600000,440000
2022-11-03 12:31:47.105000,0.97555,0.97549,4500000,3600000
2022-11-03 12:31:47.257000,0.97555,0.97547,4500000,440000
2022-11-03 12:31:47.461000,0.97553,0.97547,3600000,3600000
2022-11-03 12:31:48.032000,0.97551,0.97547,3140000,3600000
2022-11-03 12:31:48.134000,0.97551,0.97546,3140000,3600000
2022-11-03 12:31:48.185000,0.9755,0.97544,3600000,8100000
2022-11-03 12:31:49.722000,0.97549,0.97543,4500000,4500000
2022-11-03 12:31:49.773000,0.97549,0.97545,4940000,3600000
2022-11-03 12:31:50.016000,0.9755,0.97543,4040000,440000
2022-11-03 12:31:50.118000,0.97547,0.97542,1340000,3600000
2022-11-03 12:31:50.220000,0.97546,0.9754,4500000,3600000
2022-11-03 12:31:50.430000,0.97545,0.97539,3600000,3600000
2022-11-03 12:31:50.481000,0.97545,0.97537,5940000,13300000
2022-11-03 12:31:50.857000,0.97543,0.97538,4040000,3600000
2022-11-03 12:31:51.060000,0.97545,0.97537,5940000,3600000
2022-11-03 12:31:51.193000,0.97544,0.97537,3600000,3600000
2022-11-03 12:31:51.372000,0.97545,0.97537,5940000,3600000
2022-11-03 12:31:51.556000,0.97541,0.97535,2700000,1340000
2022-11-03 12:31:51.658000,0.97543,0.97535,4880000,4040000
2022-11-03 12:31:51.760000,0.97542,0.97538,3600000,3600000
2022-11-03 12:31:52.199000,0.97543,0.97536,3600000,3600000
2022-11-03 12:31:52.301000,0.97543,0.97537,3600000,3600000
2022-11-03 12:31:52.499000,0.97542,0.97537,3600000,4040000
2022-11-03 12:31:52.702000,0.97543,0.97537,4500000,3600000
2022-11-03 12:31:52.753000,0.97542,0.97534,5840000,8560000
2022-11-03 12:31:52.804000,0.97539,0.97534,3600000,4500000
2022-11-03 12:31:52.906000,0.97539,0.97532,900000,440000
2022-11-03 12:31:53.008000,0.97539,0.97533,4500000,3600000
2022-11-03 12:31:53.211000,0.97539,0.97532,3600000,4040000
2022-11-03 12:31:53.312000,0.97539,0.97533,3600000,3600000
2022-11-03 12:31:53.720000,0.97539,0.97532,3600000,3600000
2022-11-03 12:31:53.873000,0.97539,0.97533,3600000,3600000
2022-11-03 12:31:53.974000,0.97539,0.97532,3600000,3600000
2022-11-03 12:31:54.076000,0.9754,0.97531,5940000,4040000
2022-11-03 12:31:54.127000,0.97539,0.97533,3600000,3600000
2022-11-03 12:31:54.178000,0.97538,0.97531,3600000,440000
2022-11-03 12:31:54.280000,0.97539,0.97532,4940000,3600000
2022-11-03 12:31:54.685000,0.97539,0.97533,3600000,3600000
2022-11-03 12:31:54.737000,0.97537,0.97531,5940000,3600000
2022-11-03 12:31:54.839000,0.97536,0.97531,5400000,3600000
2022-11-03 12:31:54.941000,0.97536,0.97532,3600000,3600000
2022-11-03 12:31:55.195000,0.97535,0.97532,1800000,3600000
2022-11-03 12:31:55.246000,0.97534,0.9753,3600000,3600000
2022-11-03 12:31:55.348000,0.97534,0.97527,3600000,14640000
2022-11-03 12:31:55.500000,0.97533,0.97527,900000,4940000
2022-11-03 12:31:55.604000,0.97534,0.97527,3600000,4940000
2022-11-03 12:31:55.807000,0.97533,0.97527,3600000,3600000
2022-11-03 12:31:55.909000,0.9753,0.97526,3600000,900000
2022-11-03 12:31:56.011000,0.97532,0.97527,900000,3600000
2022-11-03 12:31:56.062000,0.97534,0.97527,4940000,3600000
2022-11-03 12:31:56.164000,0.97533,0.97527,3600000,3600000
2022-11-03 12:31:57.074000,0.97533,0.97526,4500000,4040000
2022-11-03 12:31:57.175000,0.97533,0.97527,4500000,3600000
2022-11-03 12:31:57.277000,0.97532,0.97526,440000,3600000
2022-11-03 12:31:57.453000,0.97532,0.97527,440000,3600000
2022-11-03 12:31:57.977000,0.97533,0.97527,4940000,4040000
2022-11-03 12:31:58.079000,0.97532,0.97527,440000,3600000
2022-11-03 12:31:58.181000,0.9753,0.97525,440000,3600000
2022-11-03 12:31:58.283000,0.97528,0.97524,4040000,4300000
2022-11-03 12:31:58.334000,0.97528,0.97522,4040000,3600000
2022-11-03 12:31:58.436000,0.97527,0.97522,440000,3600000
2022-11-03 12:31:58.661000,0.97528,0.97522,3600000,3600000
2022-11-03 12:31:58.763000,0.97526,0.9752,4040000,3600000
2022-11-03 12:31:59.254000,0.97526,0.97519,5480000,3600000
2022-11-03 12:32:00.131000,0.97522,0.97518,900000,3600000
2022-11-03 12:32:00.284000,0.97524,0.97517,4580000,3600000
2022-11-03 12:32:00.386000,0.97522,0.97517,3600000,4040000
2022-11-03 12:32:00.487000,0.97523,0.97517,3600000,3600000
2022-11-03 12:32:00.742000,0.9752,0.97515,1440000,3600000
2022-11-03 12:32:00.844000,0.9752,0.97514,1880000,3600000
2022-11-03 12:32:00.946000,0.97519,0.97513,3680000,3600000
2022-11-03 12:32:01.149000,0.97518,0.9751,3600000,4940000
2022-11-03 12:32:01.251000,0.97517,0.97513,4500000,3600000
2022-11-03 12:32:01.353000,0.97514,0.9751,900000,3600000
2022-11-03 12:32:01.455000,0.97516,0.9751,4810000,3600000
2022-11-03 12:32:01.557000,0.97515,0.97508,3600000,1340000
2022-11-03 12:32:01.608000,0.97516,0.9751,5840000,3600000
2022-11-03 12:32:01.811000,0.97515,0.9751,5040000,3600000
2022-11-03 12:32:01.913000,0.97515,0.97509,3600000,3600000
2022-11-03 12:32:02.017000,0.97516,0.97509,7200000,3600000
2022-11-03 12:32:02.220000,0.97515,0.97511,6300000,3600000
2022-11-03 12:32:02.490000,0.97516,0.97509,6380000,3600000
2022-11-03 12:32:02.725000,0.97516,0.97508,5040000,3600000
2022-11-03 12:32:02.827000,0.97514,0.97508,3600000,3600000
2022-11-03 12:32:02.928000,0.97515,0.97507,5480000,3600000
2022-11-03 12:32:03.036000,0.97514,0.97507,3600000,3600000
2022-11-03 12:32:03.138000,0.97516,0.97511,4440000,3830000
2022-11-03 12:32:03.241000,0.97515,0.97508,3600000,5200000
2022-11-03 12:32:03.342000,0.97514,0.97507,3600000,4940000
2022-11-03 12:32:03.596000,0.97513,0.97507,3600000,3600000
2022-11-03 12:32:03.698000,0.97514,0.97505,5480000,8560000
2022-11-03 12:32:03.800000,0.97511,0.97505,5400000,3600000
2022-11-03 12:32:03.902000,0.9751,0.97504,3600000,12400000
2022-11-03 12:32:04.004000,0.97511,0.97507,900000,3600000
2022-11-03 12:32:04.055000,0.97514,0.97508,8100000,230000
2022-11-03 12:32:04.157000,0.97513,0.97508,9000000,3600000
2022-11-03 12:32:04.259000,0.97513,0.97506,3600000,440000
2022-11-03 12:32:04.614000,0.97513,0.97507,3600000,900000
2022-11-03 12:32:04.716000,0.97514,0.97507,3600000,4940000
2022-11-03 12:32:04.868000,0.97515,0.97507,1880000,4040000
2022-11-03 12:32:04.970000,0.97513,0.97506,3600000,5640000
2022-11-03 12:32:05.072000,0.97511,0.97506,440000,3600000
2022-11-03 12:32:05.123000,0.97514,0.97507,4880000,3600000
2022-11-03 12:32:05.377000,0.97515,0.97506,5940000,1340000
2022-11-03 12:32:05.479000,0.97514,0.97506,3600000,1340000
2022-11-03 12:32:05.581000,0.97514,0.97508,4500000,3600000
2022-11-03 12:32:05.683000,0.97513,0.97507,3600000,3600000
2022-11-03 12:32:05.835000,0.9751,0.97505,120000,7900000
2022-11-03 12:32:05.937000,0.97507,0.97503,3600000,4500000
2022-11-03 12:32:06.039000,0.97508,0.975,900000,4940000
2022-11-03 12:32:06.141000,0.97508,0.97502,980000,3600000
2022-11-03 12:32:06.192000,0.97508,0.975,5400000,4940000
2022-11-03 12:32:06.294000,0.97508,0.97502,900000,3600000
2022-11-03 12:32:06.435000,0.97508,0.975,3600000,4940000
2022-11-03 12:32:06.587000,0.97508,0.97501,3600000,440000
2022-11-03 12:32:06.689000,0.97509,0.97502,900000,4040000
2022-11-03 12:32:06.791000,0.97511,0.97506,440000,3600000
2022-11-03 12:32:06.864000,0.97513,0.97505,13030000,4940000
2022-11-03 12:32:06.916000,0.97511,0.97505,980000,3600000
2022-11-03 12:32:07.018000,0.97511,0.97506,2700000,4040000
2022-11-03 12:32:07.120000,0.97513,0.97505,3600000,9340000
2022-11-03 12:32:07.171000,0.97514,0.97508,4500000,3600000
2022-11-03 12:32:07.222000,0.97513,0.97506,3600000,1340000
2022-11-03 12:32:07.324000,0.97513,0.97508,230000,3600000
2022-11-03 12:32:07.426000,0.97514,0.97512,900000,440000
2022-11-03 12:32:07.477000,0.97519,0.97512,900000,4040000
2022-11-03 12:32:07.579000,0.9752,0.97512,5040000,4040000
2022-11-03 12:32:07.681000,0.97519,0.97511,2780000,440000
2022-11-03 12:32:07.783000,0.97518,0.9751,980000,4500000
2022-11-03 12:32:07.885000,0.97517,0.9751,3600000,4940000
2022-11-03 12:32:07.936000,0.97518,0.97512,3600000,3600000
2022-11-03 12:32:08.037000,0.97518,0.97511,980000,440000
2022-11-03 12:32:08.173000,0.97518,0.9751,980000,4940000
2022-11-03 12:32:08.424000,0.97518,0.97512,7740000,440000
2022-11-03 12:32:08.525000,0.97518,0.97512,3600000,3600000
2022-11-03 12:32:08.627000,0.97517,0.9751,3600000,4940000
2022-11-03 12:32:08.729000,0.97515,0.97509,3600000,4300000
2022-11-03 12:32:08.831000,0.97515,0.97509,6840000,4940000
2022-11-03 12:32:08.933000,0.97515,0.97508,120000,3600000
2022-11-03 12:32:09.035000,0.97514,0.9751,3680000,3600000
2022-11-03 12:32:09.136000,0.97515,0.97507,3600000,4500000
2022-11-03 12:32:09.187000,0.97516,0.9751,4500000,3600000
2022-11-03 12:32:09.340000,0.97517,0.9751,5400000,4500000
2022-11-03 12:32:09.442000,0.97518,0.97512,950000,3600000
2022-11-03 12:32:09.493000,0.97517,0.9751,3680000,3600000
2022-11-03 12:32:09.595000,0.97516,0.9751,3600000,3600000
2022-11-03 12:32:09.646000,0.97518,0.97514,230000,1340000
2022-11-03 12:32:09.748000,0.97521,0.97514,5040000,3600000
2022-11-03 12:32:09.850000,0.97519,0.97513,4580000,3600000
2022-11-03 12:32:09.952000,0.97521,0.97515,10740000,3600000
2022-11-03 12:32:10.054000,0.97522,0.97514,900000,4040000
2022-11-03 12:32:10.156000,0.97522,0.97516,900000,3600000
2022-11-03 12:32:10.258000,0.97523,0.97517,3600000,3600000
2022-11-03 12:32:10.410000,0.97523,0.97516,4500000,4040000
2022-11-03 12:32:10.512000,0.97521,0.97515,4940000,3600000
2022-11-03 12:32:10.614000,0.97519,0.97513,3600000,12400000
2022-11-03 12:32:10.884000,0.97519,0.97512,4500000,4040000
2022-11-03 12:32:11.043000,0.97519,0.97513,4500000,3600000
2022-11-03 12:32:11.649000,0.9752,0.97513,4500000,440000
2022-11-03 12:32:11.902000,0.97519,0.97513,900000,3600000
2022-11-03 12:32:12.004000,0.9752,0.97512,1880000,4040000
2022-11-03 12:32:12.131000,0.9752,0.97513,6380000,3600000
2022-11-03 12:32:13.072000,0.97521,0.97515,1800000,3600000
2022-11-03 12:32:13.174000,0.97521,0.97514,4040000,3600000
2022-11-03 12:32:13.276000,0.97518,0.97513,6740000,7900000
2022-11-03 12:32:13.378000,0.97517,0.97511,3600000,440000
2022-11-03 12:32:13.530000,0.97519,0.97512,900000,4500000
2022-11-03 12:32:13.632000,0.97519,0.97513,900000,3600000
2022-11-03 12:32:13.785000,0.9752,0.97514,900000,3600000
2022-11-03 12:32:13.886000,0.9752,0.97513,4040000,4500000
2022-11-03 12:32:13.938000,0.97521,0.97518,2240000,440000
2022-11-03 12:32:14.040000,0.97522,0.97517,3980000,4040000
2022-11-03 12:32:14.142000,0.97523,0.97516,5400000,4040000
2022-11-03 12:32:14.244000,0.97523,0.97517,5040000,3600000
2022-11-03 12:32:14.295000,0.97523,0.97515,5040000,4040000
2022-11-03 12:32:14.346000,0.97521,0.97515,900000,4040000
2022-11-03 12:32:14.448000,0.97522,0.97515,2240000,3600000
2022-11-03 12:32:14.550000,0.97524,0.97518,8480000,3600000
2022-11-03 12:32:14.702000,0.97524,0.97517,3600000,4140000
2022-11-03 12:32:14.753000,0.97526,0.97518,1880000,4940000
2022-11-03 12:32:14.855000,0.97526,0.97519,8180000,3600000
2022-11-03 12:32:14.957000,0.97526,0.9752,5400000,4040000
2022-11-03 12:32:15.008000,0.97526,0.97524,1340000,440000
2022-11-03 12:32:15.060000,0.9753,0.97523,7580000,440000
2022-11-03 12:32:15.414000,0.97531,0.97524,5940000,3600000
2022-11-03 12:32:15.569000,0.97531,0.97526,1800000,1340000
2022-11-03 12:32:15.671000,0.97531,0.97528,440000,3600000
2022-11-03 12:32:15.773000,0.97533,0.97526,3600000,2240000
2022-11-03 12:32:15.976000,0.97533,0.97527,3600000,3600000
2022-11-03 12:32:16.535000,0.97533,0.97529,3600000,440000
2022-11-03 12:32:16.637000,0.97537,0.97531,3980000,440000
2022-11-03 12:32:16.739000,0.97538,0.97531,4500000,4940000
2022-11-03 12:32:16.790000,0.97539,0.97533,3600000,3600000
2022-11-03 12:32:16.892000,0.97539,0.97534,3600000,1340000
2022-11-03 12:32:16.994000,0.97541,0.97535,4580000,3600000
2022-11-03 12:32:17.197000,0.97541,0.97534,6840000,3600000
2022-11-03 12:32:17.299000,0.97537,0.97531,3600000,4740000
2022-11-03 12:32:17.451000,0.97539,0.97532,1340000,3600000
2022-11-03 12:32:17.553000,0.97539,0.97531,4500000,3600000
2022-11-03 12:32:17.655000,0.97539,0.97532,4500000,3600000
