time,ask,bid,ask_volume,bid_volume
2019-10-09 09:25:00.206000,1.09846,1.09844,500000,3750000
2019-10-09 09:25:00.257000,1.09848,1.09844,2890000,3750000
2019-10-09 09:25:01.309000,1.09847,1.09844,750000,3750000
2019-10-09 09:25:01.749000,1.09847,1.09845,1500000,750000
2019-10-09 09:25:01.951000,1.09847,1.09844,750000,3750000
2019-10-09 09:25:02.892000,1.09847,1.09845,1120000,750000
2019-10-09 09:25:03.102000,1.09845,1.09844,750000,2250000
2019-10-09 09:25:03.578000,1.09845,1.09843,750000,2250000
2019-10-09 09:25:03.679000,1.09845,1.09844,750000,750000
2019-10-09 09:25:03.730000,1.09845,1.09842,500000,5250000
2019-10-09 09:25:03.832000,1.09846,1.09842,1390000,1500000
2019-10-09 09:25:04.014000,1.09845,1.09842,750000,1500000
2019-10-09 09:25:04.270000,1.09846,1.09842,1390000,1500000
2019-10-09 09:25:04.789000,1.09845,1.09842,750000,2700000
2019-10-09 09:25:04.891000,1.09845,1.09842,750000,3470000
2019-10-09 09:25:05.074000,1.09845,1.09842,820000,4200000
2019-10-09 09:25:05.277000,1.09846,1.09842,1950000,3190000
2019-10-09 09:25:06.010000,1.09845,1.09842,500000,4390000
2019-10-09 09:25:06.461000,1.09847,1.09844,3260000,750000
2019-10-09 09:25:07.201000,1.09846,1.09844,1690000,750000
2019-10-09 09:25:07.340000,1.09846,1.09843,940000,1690000
2019-10-09 09:25:09.194000,1.09845,1.09843,750000,940000
2019-10-09 09:25:09.508000,1.09845,1.09842,750000,4570000
2019-10-09 09:25:10.071000,1.09846,1.09842,1390000,4500000
2019-10-09 09:25:10.524000,1.09846,1.09842,3070000,7790000
2019-10-09 09:25:10.728000,1.09847,1.09843,5250000,1760000
2019-10-09 09:25:11.062000,1.09847,1.09844,2250000,750000
2019-10-09 09:25:11.294000,1.09847,1.09843,2250000,2510000
2019-10-09 09:25:11.419000,1.09847,1.09844,2250000,750000
2019-10-09 09:25:12.289000,1.09847,1.09843,2250000,3640000
2019-10-09 09:25:12.434000,1.09847,1.09844,750000,750000
2019-10-09 09:25:13.497000,1.09848,1.09844,11490000,2250000
2019-10-09 09:25:13.608000,1.09847,1.09845,820000,750000
2019-10-09 09:25:16.626000,1.09846,1.09843,750000,3560000
2019-10-09 09:25:16.728000,1.09847,1.09843,5140000,5350000
2019-10-09 09:25:17.757000,1.09847,1.09843,2620000,5510000
2019-10-09 09:25:17.858000,1.09847,1.09844,1200000,600000
2019-10-09 09:25:17.959000,1.09847,1.09843,500000,2510000
2019-10-09 09:25:18.068000,1.09846,1.09843,500000,3260000
2019-10-09 09:25:18.426000,1.09847,1.09844,1500000,750000
2019-10-09 09:25:18.885000,1.09846,1.09844,500000,750000
2019-10-09 09:25:18.986000,1.09845,1.09843,750000,940000
2019-10-09 09:25:20.332000,1.09847,1.09843,2890000,3000000
2019-10-09 09:25:20.433000,1.09847,1.09843,2700000,6660000
2019-10-09 09:25:20.635000,1.09847,1.09843,2320000,3190000
2019-10-09 09:25:21.246000,1.09847,1.09843,3820000,5910000
2019-10-09 09:25:21.348000,1.09848,1.09844,3940000,2700000
2019-10-09 09:25:21.449000,1.09848,1.09845,1760000,750000
2019-10-09 09:25:21.668000,1.09848,1.09846,940000,750000
2019-10-09 09:25:22.063000,1.09848,1.09845,940000,1500000
2019-10-09 09:25:22.297000,1.09847,1.09845,1500000,750000
2019-10-09 09:25:22.399000,1.09846,1.09845,750000,750000
2019-10-09 09:25:22.551000,1.09848,1.09845,5950000,750000
2019-10-09 09:25:22.652000,1.09847,1.09845,1000000,750000
2019-10-09 09:25:22.857000,1.09847,1.09844,2570000,1570000
2019-10-09 09:25:23.365000,1.09847,1.09844,1950000,1570000
2019-10-09 09:25:23.669000,1.09846,1.09844,1200000,1500000
2019-10-09 09:25:27.614000,1.09847,1.09844,1310000,1390000
2019-10-09 09:25:30.953000,1.09846,1.09844,750000,1500000
2019-10-09 09:25:31.279000,1.09847,1.09844,2440000,820000
2019-10-09 09:25:31.381000,1.09848,1.09845,500000,4310000
2019-10-09 09:25:31.482000,1.09849,1.09846,4690000,2320000
2019-10-09 09:25:31.583000,1.0985,1.09847,6000000,1010000
2019-10-09 09:25:31.736000,1.0985,1.09848,1690000,940000
2019-10-09 09:25:31.839000,1.09851,1.09848,4120000,1220000
2019-10-09 09:25:32.025000,1.0985,1.09848,750000,1220000
2019-10-09 09:25:32.126000,1.0985,1.09847,2060000,4390000
2019-10-09 09:25:32.379000,1.09849,1.09847,500000,4390000
2019-10-09 09:25:32.499000,1.0985,1.09848,750000,600000
2019-10-09 09:25:32.812000,1.0985,1.09848,1310000,1410000
2019-10-09 09:25:32.914000,1.09852,1.09849,2620000,1760000
2019-10-09 09:25:33.016000,1.09852,1.09849,2250000,3850000
2019-10-09 09:25:33.118000,1.09851,1.09849,750000,3100000
2019-10-09 09:25:33.219000,1.09851,1.09849,750000,2320000
2019-10-09 09:25:33.472000,1.09851,1.09849,1000000,3070000
2019-10-09 09:25:33.676000,1.09851,1.09849,750000,2320000
2019-10-09 09:25:33.832000,1.09851,1.0985,750000,600000
2019-10-09 09:25:33.967000,1.09851,1.09849,1310000,1570000
2019-10-09 09:25:34.069000,1.09851,1.09849,1370000,750000
2019-10-09 09:25:36.400000,1.09851,1.09848,1750000,2320000
2019-10-09 09:25:37.264000,1.0985,1.09848,1310000,2720000
2019-10-09 09:25:38.709000,1.09851,1.09849,1500000,940000
2019-10-09 09:25:38.810000,1.09852,1.09849,1500000,1760000
2019-10-09 09:25:39.519000,1.09851,1.09849,750000,3810000
2019-10-09 09:25:39.671000,1.09852,1.09849,750000,3260000
2019-10-09 09:25:39.773000,1.09851,1.0985,750000,600000
2019-10-09 09:25:39.874000,1.09851,1.09848,2060000,1970000
2019-10-09 09:25:39.975000,1.09851,1.09848,940000,2700000
2019-10-09 09:25:40.077000,1.09851,1.09849,940000,820000
2019-10-09 09:25:42.048000,1.09851,1.09848,940000,3820000
2019-10-09 09:25:43.376000,1.09851,1.09849,940000,750000
2019-10-09 09:25:43.478000,1.09852,1.09849,1690000,1500000
2019-10-09 09:25:43.731000,1.09851,1.09849,750000,1950000
2019-10-09 09:25:46.484000,1.0985,1.09848,500000,1570000
2019-10-09 09:25:46.652000,1.09847,1.09846,1500000,2700000
2019-10-09 09:25:46.704000,1.09847,1.09845,1310000,1950000
2019-10-09 09:25:46.806000,1.09847,1.09845,2120000,750000
2019-10-09 09:25:46.908000,1.09847,1.09845,1310000,750000
2019-10-09 09:25:47.161000,1.09848,1.09844,3370000,2890000
2019-10-09 09:25:47.762000,1.09848,1.09846,750000,560000
2019-10-09 09:25:47.869000,1.09849,1.09846,1500000,3100000
2019-10-09 09:25:47.971000,1.0985,1.09847,3560000,820000
2019-10-09 09:25:48.123000,1.0985,1.09848,3000000,1200000
2019-10-09 09:25:48.276000,1.09851,1.09848,2060000,1570000
2019-10-09 09:25:48.377000,1.0985,1.09848,1500000,1570000
2019-10-09 09:25:49.619000,1.09849,1.09847,750000,1500000
2019-10-09 09:25:49.721000,1.09849,1.09846,1120000,940000
2019-10-09 09:25:50.024000,1.0985,1.09846,6560000,1010000
2019-10-09 09:25:50.125000,1.09848,1.09846,750000,1010000
2019-10-09 09:25:50.277000,1.0985,1.09847,7310000,750000
2019-10-09 09:25:50.429000,1.09851,1.09849,3000000,750000
2019-10-09 09:25:50.581000,1.09851,1.09847,1870000,4390000
2019-10-09 09:25:50.682000,1.09849,1.09847,750000,4220000
2019-10-09 09:25:50.786000,1.09849,1.09847,750000,2320000
2019-10-09 09:25:54.337000,1.09851,1.09847,2250000,1760000
2019-10-09 09:25:55.164000,1.0985,1.09847,500000,1760000
2019-10-09 09:25:55.367000,1.09851,1.09847,4120000,2510000
2019-10-09 09:25:55.888000,1.09849,1.09847,750000,2890000
2019-10-09 09:25:58.202000,1.09849,1.09846,750000,4010000
2019-10-09 09:25:58.333000,1.09846,1.09844,750000,2510000
2019-10-09 09:25:58.438000,1.09846,1.09843,750000,5890000
2019-10-09 09:25:58.590000,1.09846,1.09844,750000,750000
2019-10-09 09:25:58.691000,1.09845,1.09843,750000,4410000
2019-10-09 09:25:58.793000,1.09845,1.09843,1500000,820000
2019-10-09 09:25:58.894000,1.09844,1.09842,750000,4390000
2019-10-09 09:25:59.014000,1.09844,1.09843,750000,600000
2019-10-09 09:25:59.115000,1.09844,1.09842,750000,5140000
2019-10-09 09:25:59.217000,1.09845,1.09843,750000,1220000
2019-10-09 09:25:59.419000,1.09844,1.09842,750000,4450000
2019-10-09 09:26:00.423000,1.09845,1.09842,750000,2950000
2019-10-09 09:26:00.524000,1.09844,1.09842,750000,3720000
2019-10-09 09:26:01.092000,1.09845,1.09843,1500000,1410000
2019-10-09 09:26:01.244000,1.09844,1.09842,750000,4450000
2019-10-09 09:26:04.809000,1.09844,1.09842,750000,3260000
2019-10-09 09:26:05.113000,1.09844,1.09843,750000,500000
2019-10-09 09:26:05.439000,1.09844,1.09842,750000,1390000
2019-10-09 09:26:05.731000,1.09844,1.09843,750000,1200000
2019-10-09 09:26:05.883000,1.09844,1.09842,750000,2140000
2019-10-09 09:26:05.984000,1.09844,1.09842,750000,2910000
2019-10-09 09:26:06.086000,1.09844,1.09842,750000,2140000
2019-10-09 09:26:07.522000,1.09844,1.09842,750000,3290000
2019-10-09 09:26:08.822000,1.09844,1.09842,750000,2890000
2019-10-09 09:26:09.229000,1.09845,1.09844,940000,750000
2019-10-09 09:26:10.249000,1.09845,1.09842,940000,4470000
2019-10-09 09:26:10.928000,1.09846,1.09843,1000000,1410000
2019-10-09 09:26:11.218000,1.09846,1.09843,1000000,640000
2019-10-09 09:26:12.909000,1.09847,1.09845,750000,750000
2019-10-09 09:26:13.128000,1.09846,1.09845,750000,1200000
2019-10-09 09:26:13.229000,1.09845,1.09844,750000,820000
2019-10-09 09:26:13.512000,1.09846,1.09843,1500000,6290000
2019-10-09 09:26:13.648000,1.09846,1.09843,1500000,3560000
2019-10-09 09:26:14.665000,1.09846,1.09844,1500000,750000
2019-10-09 09:26:14.767000,1.09846,1.09843,1500000,3190000
2019-10-09 09:26:14.869000,1.09846,1.09844,1500000,750000
2019-10-09 09:26:15.906000,1.09846,1.09843,1570000,3640000
2019-10-09 09:26:16.149000,1.09846,1.09844,2250000,750000
2019-10-09 09:26:16.546000,1.09846,1.09843,1500000,3190000
2019-10-09 09:26:18.821000,1.09845,1.09843,1120000,2250000
2019-10-09 09:26:19.100000,1.09844,1.09843,750000,1500000
2019-10-09 09:26:20.968000,1.09845,1.09844,2320000,750000
2019-10-09 09:26:21.069000,1.09846,1.09843,750000,3640000
2019-10-09 09:26:21.596000,1.09847,1.09843,2810000,4760000
2019-10-09 09:26:22.932000,1.09847,1.09843,2510000,4410000
2019-10-09 09:26:23.525000,1.09847,1.09843,2510000,3190000
2019-10-09 09:26:23.728000,1.09846,1.09843,750000,3560000
2019-10-09 09:26:27.878000,1.09846,1.09843,750000,4820000
2019-10-09 09:26:28.162000,1.09846,1.09844,1500000,2500000
2019-10-09 09:26:29.106000,1.09846,1.09844,2250000,1500000
2019-10-09 09:26:29.208000,1.09846,1.09843,1500000,4010000
2019-10-09 09:26:30.179000,1.09846,1.09844,750000,1690000
2019-10-09 09:26:30.331000,1.09846,1.09843,2250000,6640000
2019-10-09 09:26:31.598000,1.09846,1.09844,1500000,1500000
2019-10-09 09:26:34.045000,1.09846,1.09843,1500000,5140000
2019-10-09 09:26:34.146000,1.09846,1.09843,1500000,5910000
2019-10-09 09:26:34.247000,1.09846,1.09843,1500000,5140000
2019-10-09 09:26:34.467000,1.09846,1.09843,1500000,5910000
2019-10-09 09:26:36.481000,1.09848,1.09845,2720000,1870000
2019-10-09 09:26:36.583000,1.09848,1.09845,750000,4450000
2019-10-09 09:26:36.684000,1.09849,1.09846,750000,3720000
2019-10-09 09:26:37.885000,1.09848,1.09846,1050000,1690000
2019-10-09 09:26:37.987000,1.09847,1.09845,2810000,500000
2019-10-09 09:26:39.034000,1.09847,1.09844,1750000,940000
2019-10-09 09:26:40.039000,1.09846,1.09843,1500000,1390000
2019-10-09 09:26:40.089000,1.09844,1.09842,750000,5970000
2019-10-09 09:26:40.191000,1.09843,1.09841,1500000,6070000
2019-10-09 09:26:40.242000,1.09842,1.0984,750000,750000
2019-10-09 09:26:40.343000,1.09843,1.09839,2320000,1370000
2019-10-09 09:26:40.444000,1.09842,1.09839,750000,1370000
2019-10-09 09:26:40.547000,1.09841,1.09839,1500000,500000
2019-10-09 09:26:40.649000,1.0984,1.09838,750000,2540000
2019-10-09 09:26:40.751000,1.09836,1.09835,750000,750000
2019-10-09 09:26:40.853000,1.09836,1.09833,750000,5200000
2019-10-09 09:26:40.954000,1.09836,1.09833,1120000,2810000
2019-10-09 09:26:41.056000,1.09835,1.09833,750000,1310000
2019-10-09 09:26:41.217000,1.09834,1.09833,750000,750000
2019-10-09 09:26:41.318000,1.09834,1.09831,750000,2140000
2019-10-09 09:26:41.553000,1.09834,1.09831,1500000,940000
2019-10-09 09:26:41.655000,1.09833,1.09831,750000,1690000
2019-10-09 09:26:41.779000,1.09834,1.09831,3070000,940000
2019-10-09 09:26:41.881000,1.09834,1.0983,1200000,9350000
2019-10-09 09:26:41.932000,1.09835,1.09832,1500000,1750000
2019-10-09 09:26:42.134000,1.09834,1.09831,820000,3700000
2019-10-09 09:26:42.952000,1.09834,1.09832,750000,940000
2019-10-09 09:26:45.647000,1.09834,1.09832,750000,1000000
2019-10-09 09:26:46.291000,1.09834,1.09831,1500000,4750000
2019-10-09 09:26:46.952000,1.09835,1.09832,2700000,1000000
2019-10-09 09:26:47.053000,1.09834,1.09831,1500000,4750000
2019-10-09 09:26:47.359000,1.09834,1.09831,1600000,1000000
2019-10-09 09:26:47.460000,1.09834,1.0983,1570000,10100000
2019-10-09 09:26:47.713000,1.09833,1.0983,750000,10850000
2019-10-09 09:26:48.019000,1.09834,1.09831,1200000,1000000
2019-10-09 09:26:48.120000,1.09833,1.0983,750000,8950000
2019-10-09 09:26:48.221000,1.09834,1.09831,750000,1750000
2019-10-09 09:26:48.349000,1.09834,1.09831,750000,3250000
2019-10-09 09:26:48.716000,1.09834,1.09831,750000,1000000
2019-10-09 09:26:49.472000,1.09834,1.09831,750000,2120000
2019-10-09 09:26:50.236000,1.09834,1.09832,750000,940000
2019-10-09 09:26:50.511000,1.09835,1.09832,2320000,1000000
2019-10-09 09:26:51.321000,1.09834,1.09831,750000,2120000
2019-10-09 09:26:51.473000,1.09835,1.09833,1500000,1690000
2019-10-09 09:26:51.675000,1.09834,1.09832,750000,2120000
2019-10-09 09:26:52.749000,1.09834,1.09831,2250000,5500000
2019-10-09 09:26:52.850000,1.09834,1.09831,1950000,6700000
2019-10-09 09:26:53.052000,1.09834,1.09831,1570000,2950000
2019-10-09 09:26:53.154000,1.09834,1.09831,1500000,1750000
2019-10-09 09:26:53.327000,1.09834,1.09831,1500000,1000000
2019-10-09 09:26:53.748000,1.09832,1.0983,750000,7820000
2019-10-09 09:26:54.001000,1.09834,1.09831,3750000,1000000
2019-10-09 09:26:56.071000,1.09834,1.09831,2250000,1000000
2019-10-09 09:26:56.223000,1.09834,1.09831,2250000,1000000
2019-10-09 09:26:56.624000,1.09834,1.09831,2250000,4820000
2019-10-09 09:26:56.777000,1.09834,1.09831,2620000,5500000
2019-10-09 09:26:57.064000,1.09834,1.09831,2620000,5120000
2019-10-09 09:26:57.396000,1.09834,1.09831,2620000,5870000
2019-10-09 09:26:57.498000,1.09834,1.09832,2620000,940000
2019-10-09 09:26:57.661000,1.09834,1.09831,2620000,5870000
2019-10-09 09:26:57.838000,1.09834,1.09832,2620000,940000
2019-10-09 09:26:58.304000,1.09833,1.09832,750000,940000
2019-10-09 09:26:58.406000,1.09834,1.09832,3370000,940000
2019-10-09 09:26:58.507000,1.09835,1.09832,5140000,1750000
2019-10-09 09:26:58.558000,1.09834,1.09832,3370000,940000
2019-10-09 09:27:00.148000,1.09833,1.09832,750000,940000
2019-10-09 09:27:00.250000,1.09834,1.09832,2620000,940000
2019-10-09 09:27:00.402000,1.09835,1.09832,2320000,1000000
2019-10-09 09:27:00.503000,1.09837,1.09836,1500000,750000
2019-10-09 09:27:00.554000,1.09838,1.09837,750000,940000
2019-10-09 09:27:00.656000,1.09839,1.09836,2250000,8140000
2019-10-09 09:27:00.757000,1.09839,1.09836,820000,3700000
2019-10-09 09:27:00.808000,1.09838,1.09836,750000,2440000
2019-10-09 09:27:01.210000,1.09839,1.09837,2250000,750000
2019-10-09 09:27:01.671000,1.09839,1.09836,1500000,3260000
2019-10-09 09:27:01.722000,1.09839,1.09836,2250000,5500000
2019-10-09 09:27:03.666000,1.0984,1.09837,1500000,1000000
2019-10-09 09:27:03.990000,1.09839,1.09838,500000,750000
2019-10-09 09:27:04.091000,1.0984,1.09838,2250000,750000
2019-10-09 09:27:07.203000,1.0984,1.09838,3470000,940000
2019-10-09 09:27:07.698000,1.0984,1.09838,2620000,750000
2019-10-09 09:27:07.800000,1.0984,1.09837,1500000,1690000
2019-10-09 09:27:07.901000,1.09837,1.09835,750000,3350000
2019-10-09 09:27:07.952000,1.09836,1.09835,750000,1870000
2019-10-09 09:27:08.003000,1.09835,1.09833,1500000,1000000
2019-10-09 09:27:08.171000,1.09835,1.09832,1500000,4750000
2019-10-09 09:27:08.272000,1.09835,1.09832,1500000,3940000
2019-10-09 09:27:08.374000,1.09834,1.09832,750000,1500000
2019-10-09 09:27:08.477000,1.09834,1.09831,3450000,4010000
2019-10-09 09:27:08.578000,1.09833,1.09831,750000,940000
2019-10-09 09:27:09.438000,1.09832,1.09829,1870000,3620000
2019-10-09 09:27:09.744000,1.0983,1.09829,3370000,600000
2019-10-09 09:27:09.796000,1.0983,1.09826,4790000,1760000
2019-10-09 09:27:09.897000,1.09828,1.09826,1500000,940000
2019-10-09 09:27:09.999000,1.09826,1.09824,750000,2200000
2019-10-09 09:27:10.100000,1.09826,1.09824,1500000,1000000
2019-10-09 09:27:10.243000,1.09826,1.09823,1500000,2440000
2019-10-09 09:27:10.345000,1.09825,1.09823,750000,3190000
2019-10-09 09:27:11.015000,1.09824,1.09823,750000,1690000
2019-10-09 09:27:11.265000,1.09822,1.09819,750000,6700000
2019-10-09 09:27:12.278000,1.09823,1.0982,2620000,1000000
2019-10-09 09:27:12.380000,1.09823,1.09822,750000,560000
2019-10-09 09:27:12.642000,1.09824,1.09822,750000,1010000
2019-10-09 09:27:12.743000,1.09823,1.09822,750000,750000
2019-10-09 09:27:13.201000,1.09824,1.09821,2250000,2970000
2019-10-09 09:27:13.303000,1.09824,1.09822,750000,1000000
2019-10-09 09:27:14.261000,1.09824,1.09821,820000,2950000
2019-10-09 09:27:23.886000,1.09825,1.09822,3000000,1690000
2019-10-09 09:27:23.988000,1.09824,1.09823,750000,750000
2019-10-09 09:27:24.089000,1.09824,1.09821,750000,4370000
2019-10-09 09:27:27.098000,1.09825,1.09823,2250000,750000
2019-10-09 09:27:27.211000,1.09825,1.09822,2250000,3940000
2019-10-09 09:27:29.447000,1.09824,1.09822,750000,2440000
2019-10-09 09:27:29.548000,1.09825,1.09823,2620000,750000
2019-10-09 09:27:29.649000,1.09825,1.09822,2250000,3190000
2019-10-09 09:27:35.335000,1.09826,1.09825,1120000,2440000
2019-10-09 09:27:35.437000,1.09828,1.09826,2440000,750000
2019-10-09 09:27:35.504000,1.09826,1.09824,750000,2140000
2019-10-09 09:27:37.797000,1.09827,1.09823,2500000,4820000
2019-10-09 09:27:39.685000,1.09827,1.09825,3190000,940000
2019-10-09 09:27:39.824000,1.09829,1.09826,2700000,1750000
2019-10-09 09:27:40.280000,1.09828,1.09826,750000,2440000
2019-10-09 09:27:40.661000,1.09826,1.09825,750000,2510000
2019-10-09 09:27:40.763000,1.09827,1.09824,2440000,750000
2019-10-09 09:27:41.167000,1.09827,1.09824,3660000,750000
2019-10-09 09:27:41.476000,1.09827,1.09824,2440000,750000
2019-10-09 09:27:41.898000,1.09826,1.09824,1500000,750000
2019-10-09 09:27:43.530000,1.09824,1.09823,750000,1500000
2019-10-09 09:27:43.667000,1.09825,1.09823,1870000,750000
2019-10-09 09:27:43.768000,1.09825,1.09824,750000,750000
2019-10-09 09:27:43.870000,1.09826,1.09824,3370000,750000
2019-10-09 09:27:43.972000,1.09825,1.09823,1500000,2140000
2019-10-09 09:27:44.950000,1.09825,1.09824,750000,750000
2019-10-09 09:27:45.203000,1.09826,1.09824,2250000,750000
2019-10-09 09:27:45.389000,1.09826,1.09823,2250000,940000
2019-10-09 09:27:48.229000,1.09824,1.09823,750000,940000
2019-10-09 09:27:50.065000,1.09825,1.09824,750000,750000
2019-10-09 09:27:50.233000,1.09825,1.09823,750000,2060000
2019-10-09 09:27:53.617000,1.09826,1.09823,2700000,1570000
2019-10-09 09:27:54.409000,1.09825,1.09823,750000,1570000
2019-10-09 09:28:04.355000,1.09825,1.09822,750000,3940000
2019-10-09 09:28:04.998000,1.09825,1.09823,750000,1500000
2019-10-09 09:28:06.813000,1.09825,1.09822,750000,3190000
2019-10-09 09:28:08.175000,1.09826,1.09822,820000,3940000
2019-10-09 09:28:11.570000,1.09826,1.09823,1120000,750000
2019-10-09 09:28:11.703000,1.09826,1.09822,1120000,4760000
2019-10-09 09:28:11.856000,1.09826,1.09823,500000,750000
2019-10-09 09:28:11.958000,1.09826,1.09822,4010000,3190000
2019-10-09 09:28:12.970000,1.09826,1.09823,1200000,940000
2019-10-09 09:28:13.589000,1.09825,1.09823,750000,750000
2019-10-09 09:28:13.690000,1.09825,1.09822,2620000,940000
2019-10-09 09:28:13.797000,1.09825,1.09822,3100000,940000
2019-10-09 09:28:14.675000,1.09825,1.09822,3070000,940000
2019-10-09 09:28:15.776000,1.09824,1.09822,750000,1690000
2019-10-09 09:28:15.879000,1.09825,1.09822,2250000,940000
2019-10-09 09:28:16.069000,1.09825,1.09823,1870000,940000
2019-10-09 09:28:16.171000,1.09825,1.09824,1500000,750000
2019-10-09 09:28:16.324000,1.09824,1.09823,750000,750000
2019-10-09 09:28:16.425000,1.09825,1.09823,3000000,750000
2019-10-09 09:28:16.564000,1.09825,1.09823,3000000,750000
2019-10-09 09:28:18.807000,1.09824,1.09823,750000,750000
2019-10-09 09:28:18.940000,1.09825,1.09823,2700000,750000
2019-10-09 09:28:21.072000,1.09824,1.09823,500000,750000
2019-10-09 09:28:21.647000,1.09825,1.09822,1950000,1690000
2019-10-09 09:28:22.592000,1.09824,1.09822,750000,2440000
2019-10-09 09:28:22.693000,1.09825,1.09822,820000,2440000
2019-10-09 09:28:24.960000,1.09825,1.09823,940000,1690000
2019-10-09 09:28:25.061000,1.09825,1.09822,750000,2060000
2019-10-09 09:28:25.163000,1.09824,1.09822,750000,2810000
2019-10-09 09:28:25.270000,1.09825,1.09822,750000,2810000
2019-10-09 09:28:25.422000,1.09824,1.09822,750000,2060000
2019-10-09 09:28:30.496000,1.09824,1.09822,1870000,1750000
2019-10-09 09:28:31.477000,1.09824,1.09822,1570000,2440000
2019-10-09 09:28:33.600000,1.09824,1.09823,750000,750000
2019-10-09 09:28:33.702000,1.09824,1.09822,750000,3190000
2019-10-09 09:28:35.984000,1.09824,1.09823,750000,750000
2019-10-09 09:28:38.503000,1.09826,1.09823,3270000,1690000
2019-10-09 09:28:38.554000,1.09826,1.09825,1000000,940000
2019-10-09 09:28:38.656000,1.09827,1.09825,2320000,2500000
2019-10-09 09:28:38.909000,1.09827,1.09824,1950000,1370000
2019-10-09 09:28:39.130000,1.09827,1.09824,1220000,750000
2019-10-09 09:28:39.454000,1.09827,1.09823,1200000,5500000
2019-10-09 09:28:39.556000,1.09827,1.09823,2720000,8500000
2019-10-09 09:28:39.657000,1.09827,1.09823,1950000,4750000
2019-10-09 09:28:39.958000,1.09828,1.09825,3070000,940000
2019-10-09 09:28:40.065000,1.09827,1.09825,750000,940000
2019-10-09 09:28:40.167000,1.09827,1.09825,600000,940000
2019-10-09 09:28:40.269000,1.09827,1.09824,600000,1370000
2019-10-09 09:28:40.471000,1.09826,1.09824,1200000,500000
2019-10-09 09:28:40.573000,1.09826,1.09822,1200000,8120000
2019-10-09 09:28:41.602000,1.09825,1.09823,750000,2440000
2019-10-09 09:28:41.703000,1.09826,1.09823,1570000,1000000
2019-10-09 09:28:42.738000,1.09825,1.09823,750000,1690000
2019-10-09 09:28:42.890000,1.09823,1.09822,750000,2440000
2019-10-09 09:28:45.243000,1.09824,1.09822,750000,560000
2019-10-09 09:28:45.345000,1.09825,1.09822,2910000,750000
2019-10-09 09:28:45.446000,1.09823,1.09822,750000,940000
2019-10-09 09:28:46.065000,1.09825,1.09822,3100000,940000
2019-10-09 09:28:46.254000,1.09825,1.09821,2700000,4000000
2019-10-09 09:28:47.463000,1.09824,1.09821,750000,4000000
2019-10-09 09:28:48.165000,1.09824,1.09821,750000,5500000
2019-10-09 09:28:50.549000,1.09824,1.09821,1970000,1690000
2019-10-09 09:28:50.651000,1.09823,1.09822,1120000,750000
2019-10-09 09:28:50.753000,1.09821,1.0982,750000,2440000
2019-10-09 09:28:50.855000,1.09821,1.09818,1950000,4000000
2019-10-09 09:28:50.957000,1.0982,1.09818,500000,2500000
2019-10-09 09:28:51.160000,1.09821,1.09818,820000,4000000
2019-10-09 09:28:51.262000,1.09821,1.09818,1760000,750000
2019-10-09 09:28:51.313000,1.09819,1.09817,940000,2440000
2019-10-09 09:28:51.429000,1.09814,1.09813,750000,820000
2019-10-09 09:28:51.533000,1.09814,1.09811,1200000,1820000
2019-10-09 09:28:52.091000,1.09813,1.09811,600000,4390000
2019-10-09 09:28:52.194000,1.09813,1.0981,3000000,4710000
2019-10-09 09:28:52.296000,1.09812,1.09808,3820000,4000000
2019-10-09 09:28:52.398000,1.09809,1.09807,1570000,750000
2019-10-09 09:28:52.502000,1.09808,1.09805,750000,2440000
2019-10-09 09:28:52.610000,1.09806,1.09805,750000,750000
2019-10-09 09:28:52.712000,1.09805,1.09804,750000,750000
2019-10-09 09:28:52.763000,1.09806,1.09804,2510000,750000
2019-10-09 09:28:52.865000,1.09805,1.09803,500000,2510000
2019-10-09 09:28:53.269000,1.09804,1.09802,750000,4640000
2019-10-09 09:28:53.522000,1.09803,1.09802,750000,1870000
2019-10-09 09:28:53.623000,1.09804,1.09801,1120000,3190000
2019-10-09 09:28:54.227000,1.09804,1.098,1970000,4790000
2019-10-09 09:28:54.564000,1.09801,1.098,940000,1890000
2019-10-09 09:28:54.615000,1.09799,1.09797,820000,3060000
2019-10-09 09:28:54.818000,1.09799,1.09796,1220000,4390000
2019-10-09 09:28:54.969000,1.09799,1.09796,1970000,6960000
2019-10-09 09:28:55.926000,1.09799,1.09797,1970000,750000
2019-10-09 09:28:56.028000,1.09799,1.09796,2700000,940000
2019-10-09 09:28:56.350000,1.09799,1.09797,600000,750000
2019-10-09 09:28:56.451000,1.09798,1.09796,600000,940000
2019-10-09 09:28:56.552000,1.09799,1.09796,750000,1000000
2019-10-09 09:28:56.756000,1.09799,1.09796,750000,2460000
2019-10-09 09:28:56.858000,1.09799,1.09797,750000,750000
2019-10-09 09:28:57.124000,1.09799,1.09796,750000,4330000
2019-10-09 09:28:57.238000,1.09799,1.09796,1220000,2060000
2019-10-09 09:28:58.429000,1.098,1.09796,600000,6230000
2019-10-09 09:28:58.581000,1.098,1.09797,600000,750000
2019-10-09 09:28:58.723000,1.098,1.09796,600000,3190000
2019-10-09 09:28:58.875000,1.098,1.09797,600000,1500000
2019-10-09 09:28:58.976000,1.098,1.09796,600000,4330000
2019-10-09 09:28:59.517000,1.09799,1.09796,600000,2440000
2019-10-09 09:29:00.615000,1.09799,1.09797,600000,750000
2019-10-09 09:29:01.446000,1.098,1.09796,3100000,7330000
2019-10-09 09:29:01.547000,1.098,1.09796,3070000,5440000
2019-10-09 09:29:01.655000,1.09802,1.09801,750000,1500000
2019-10-09 09:29:01.757000,1.09803,1.09802,750000,940000
2019-10-09 09:29:01.858000,1.09805,1.09803,750000,1500000
2019-10-09 09:29:01.959000,1.09806,1.09804,2140000,560000
2019-10-09 09:29:02.175000,1.09806,1.09803,1410000,1750000
2019-10-09 09:29:02.772000,1.09804,1.09802,600000,1750000
2019-10-09 09:29:02.875000,1.09805,1.09802,2620000,1750000
2019-10-09 09:29:03.306000,1.09804,1.09802,750000,3720000
2019-10-09 09:29:03.408000,1.09805,1.09802,3370000,1750000
2019-10-09 09:29:03.669000,1.09804,1.09802,500000,2140000
2019-10-09 09:29:03.770000,1.09805,1.09802,4200000,1760000
2019-10-09 09:29:03.872000,1.09805,1.09802,3470000,1690000
2019-10-09 09:29:03.973000,1.09805,1.09802,3370000,1690000
2019-10-09 09:29:05.369000,1.09804,1.09802,750000,940000
2019-10-09 09:29:06.259000,1.09803,1.09801,750000,1370000
2019-10-09 09:29:06.360000,1.09801,1.098,750000,2250000
2019-10-09 09:29:06.560000,1.098,1.09797,1220000,560000
2019-10-09 09:29:06.661000,1.098,1.09797,1200000,640000
2019-10-09 09:29:06.974000,1.098,1.09796,3260000,3940000
2019-10-09 09:29:07.025000,1.09798,1.09796,750000,3940000
2019-10-09 09:29:07.512000,1.09798,1.09796,750000,2500000
2019-10-09 09:29:07.563000,1.098,1.09796,1570000,1750000
2019-10-09 09:29:08.640000,1.09799,1.09796,1500000,2440000
2019-10-09 09:29:08.843000,1.09799,1.09796,750000,1820000
2019-10-09 09:29:08.995000,1.098,1.09798,2060000,750000
2019-10-09 09:29:09.096000,1.098,1.09797,1010000,1500000
2019-10-09 09:29:10.317000,1.09799,1.09798,750000,750000
2019-10-09 09:29:11.715000,1.098,1.09798,1690000,750000
2019-10-09 09:29:12.190000,1.09799,1.09797,750000,1500000
2019-10-09 09:29:12.292000,1.09798,1.09796,750000,10030000
2019-10-09 09:29:12.431000,1.09799,1.09796,820000,3640000
2019-10-09 09:29:12.533000,1.09797,1.09796,750000,1890000
2019-10-09 09:29:12.634000,1.09797,1.09795,1120000,1760000
2019-10-09 09:29:12.992000,1.09797,1.09795,750000,1000000
2019-10-09 09:29:13.130000,1.09798,1.09795,1870000,4000000
2019-10-09 09:29:15.603000,1.09799,1.09796,3000000,5440000
2019-10-09 09:29:15.705000,1.09799,1.09796,750000,2570000
2019-10-09 09:29:16.285000,1.09798,1.09797,500000,940000
2019-10-09 09:29:17.138000,1.09799,1.09796,600000,1010000
2019-10-09 09:29:17.290000,1.09798,1.09795,750000,4820000
2019-10-09 09:29:17.429000,1.09799,1.09795,1950000,4750000
2019-10-09 09:29:17.985000,1.09799,1.09796,1310000,1000000
2019-10-09 09:29:18.087000,1.09798,1.09795,500000,5500000
2019-10-09 09:29:18.810000,1.09799,1.09795,1760000,5500000
2019-10-09 09:29:19.461000,1.09799,1.09795,1570000,4750000
2019-10-09 09:29:19.751000,1.09799,1.09797,750000,750000
2019-10-09 09:29:19.853000,1.098,1.09796,2140000,2440000
2019-10-09 09:29:19.954000,1.098,1.09796,2510000,2540000
2019-10-09 09:29:20.096000,1.098,1.09796,2140000,1310000
2019-10-09 09:29:20.248000,1.09799,1.09796,750000,2060000
2019-10-09 09:29:20.350000,1.09799,1.09797,820000,500000
2019-10-09 09:29:20.451000,1.09799,1.09796,1200000,4310000
2019-10-09 09:29:20.553000,1.09798,1.09796,500000,2810000
2019-10-09 09:29:20.914000,1.09798,1.09794,2700000,1370000
2019-10-09 09:29:21.016000,1.09798,1.09794,1950000,4000000
2019-10-09 09:29:22.369000,1.09796,1.09794,500000,560000
2019-10-09 09:29:22.521000,1.09796,1.09793,1870000,6250000
2019-10-09 09:29:24.008000,1.09797,1.09795,820000,940000
2019-10-09 09:29:24.109000,1.09798,1.09795,600000,1690000
2019-10-09 09:29:24.261000,1.09797,1.09795,600000,3940000
2019-10-09 09:29:24.470000,1.09797,1.09796,600000,750000
2019-10-09 09:29:24.521000,1.09798,1.09796,600000,750000
2019-10-09 09:29:24.673000,1.09797,1.09796,940000,750000
2019-10-09 09:29:24.774000,1.09796,1.09793,1120000,4130000
2019-10-09 09:29:24.876000,1.09796,1.09794,500000,1690000
2019-10-09 09:29:25.063000,1.09797,1.09794,2700000,2060000
2019-10-09 09:29:25.165000,1.09796,1.09794,560000,940000
2019-10-09 09:29:25.418000,1.09797,1.09793,3450000,4470000
2019-10-09 09:29:25.621000,1.09797,1.09793,4010000,3250000
2019-10-09 09:29:26.275000,1.09796,1.09793,500000,2950000
2019-10-09 09:29:26.841000,1.09797,1.09793,940000,5200000
2019-10-09 09:29:27.211000,1.09798,1.09796,900000,3250000
2019-10-09 09:29:27.313000,1.098,1.09796,1120000,8950000
2019-10-09 09:29:27.415000,1.098,1.09796,3100000,5200000
2019-10-09 09:29:27.959000,1.098,1.09796,3820000,4470000
2019-10-09 09:29:28.298000,1.098,1.09796,3850000,8200000
2019-10-09 09:29:28.403000,1.098,1.09796,5720000,4390000
2019-10-09 09:29:28.505000,1.098,1.09797,4600000,750000
2019-10-09 09:29:30.091000,1.098,1.09797,4200000,820000
2019-10-09 09:29:30.394000,1.09799,1.09797,750000,2320000
2019-10-09 09:29:30.510000,1.098,1.09796,4070000,6000000
2019-10-09 09:29:30.611000,1.09799,1.09797,750000,1500000
2019-10-09 09:29:30.713000,1.098,1.09796,1690000,4760000
2019-10-09 09:29:30.859000,1.09799,1.09796,750000,7040000
2019-10-09 09:29:31.032000,1.09799,1.09796,750000,5810000
2019-10-09 09:29:31.623000,1.098,1.09796,1690000,3640000
2019-10-09 09:29:31.926000,1.098,1.09797,1690000,750000
2019-10-09 09:29:32.028000,1.09801,1.098,820000,940000
2019-10-09 09:29:32.134000,1.09803,1.098,750000,5160000
2019-10-09 09:29:32.235000,1.09804,1.098,2890000,7410000
2019-10-09 09:29:32.336000,1.09803,1.09801,750000,750000
2019-10-09 09:29:32.538000,1.09804,1.09801,1690000,500000
2019-10-09 09:29:32.589000,1.09804,1.09801,1500000,2870000
2019-10-09 09:29:32.911000,1.09804,1.09801,1500000,1390000
2019-10-09 09:29:33.223000,1.09805,1.09801,3070000,940000
2019-10-09 09:29:33.324000,1.09804,1.09803,750000,500000
2019-10-09 09:29:33.679000,1.09804,1.09802,750000,940000
2019-10-09 09:29:34.558000,1.09804,1.09803,750000,500000
2019-10-09 09:29:34.680000,1.09805,1.09804,750000,1500000
2019-10-09 09:29:34.731000,1.09807,1.09806,1950000,750000
2019-10-09 09:29:34.835000,1.09807,1.09806,750000,750000
2019-10-09 09:29:34.937000,1.09807,1.09804,4690000,1120000
2019-10-09 09:29:35.038000,1.09806,1.09804,750000,750000
2019-10-09 09:29:35.140000,1.09807,1.09804,4010000,750000
2019-10-09 09:29:36.087000,1.09806,1.09804,500000,750000
2019-10-09 09:29:37.366000,1.09806,1.09803,500000,1690000
2019-10-09 09:29:38.340000,1.09806,1.09804,500000,750000
2019-10-09 09:29:38.824000,1.09807,1.09804,1010000,750000
2019-10-09 09:29:39.498000,1.09807,1.09805,1120000,2250000
2019-10-09 09:29:39.653000,1.09807,1.09806,750000,2250000
2019-10-09 09:29:39.755000,1.09808,1.09805,2440000,1120000
2019-10-09 09:29:39.907000,1.09807,1.09804,750000,2810000
2019-10-09 09:29:41.548000,1.09808,1.09805,820000,5810000
2019-10-09 09:29:41.650000,1.09808,1.09807,750000,750000
2019-10-09 09:29:41.701000,1.09808,1.09805,750000,12640000
2019-10-09 09:29:41.854000,1.09808,1.09806,750000,1500000
2019-10-09 09:29:42.050000,1.09808,1.09805,750000,11140000
2019-10-09 09:29:42.640000,1.09808,1.09806,750000,750000
2019-10-09 09:29:42.691000,1.0981,1.09807,1500000,2060000
2019-10-09 09:29:42.843000,1.09811,1.09807,4760000,2060000
2019-10-09 09:29:42.945000,1.0981,1.09808,750000,1500000
2019-10-09 09:29:43.047000,1.09812,1.09808,4370000,1570000
2019-10-09 09:29:43.834000,1.09812,1.09809,2320000,560000
2019-10-09 09:29:43.935000,1.09813,1.09809,2870000,2570000
2019-10-09 09:29:44.428000,1.09813,1.09809,3320000,940000
2019-10-09 09:29:44.673000,1.09813,1.09809,2510000,1690000
2019-10-09 09:29:44.775000,1.09813,1.09809,2950000,2440000
2019-10-09 09:29:45.031000,1.09811,1.09808,750000,1500000
2019-10-09 09:29:47.529000,1.09811,1.09807,1500000,4010000
2019-10-09 09:29:47.882000,1.09811,1.09807,1950000,6660000
2019-10-09 09:29:48.069000,1.09811,1.09807,1500000,5140000
2019-10-09 09:29:48.888000,1.0981,1.09807,750000,4690000
2019-10-09 09:29:48.989000,1.09811,1.09807,1870000,4010000
2019-10-09 09:29:49.295000,1.09811,1.09808,1870000,750000
2019-10-09 09:29:50.178000,1.09811,1.09807,1500000,6640000
2019-10-09 09:29:50.280000,1.09812,1.0981,1500000,560000
2019-10-09 09:29:50.487000,1.09811,1.09809,750000,3640000
2019-10-09 09:29:50.589000,1.09812,1.09809,1500000,3260000
2019-10-09 09:29:51.125000,1.09812,1.09809,750000,2720000
2019-10-09 09:29:51.327000,1.09811,1.09809,750000,940000
2019-10-09 09:29:51.429000,1.09812,1.09809,750000,940000
2019-10-09 09:29:51.531000,1.09813,1.09809,750000,2890000
2019-10-09 09:29:51.633000,1.09813,1.0981,820000,500000
2019-10-09 09:29:51.739000,1.09812,1.09809,2060000,820000
2019-10-09 09:29:51.840000,1.09811,1.09808,750000,1000000
2019-10-09 09:29:51.942000,1.09811,1.09807,1000000,10770000
2019-10-09 09:29:52.267000,1.09811,1.09809,600000,560000
2019-10-09 09:29:52.368000,1.09812,1.09809,1690000,940000
2019-10-09 09:29:53.478000,1.09812,1.09809,2570000,750000
2019-10-09 09:29:55.019000,1.09813,1.0981,3820000,940000
2019-10-09 09:29:55.227000,1.09813,1.09809,3660000,3700000
2019-10-09 09:29:55.328000,1.09813,1.09809,2910000,1200000
2019-10-09 09:29:55.430000,1.09813,1.09809,3640000,3000000
2019-10-09 09:29:57.195000,1.09811,1.09809,750000,1500000
2019-10-09 09:29:58.158000,1.09813,1.09809,2140000,3190000
2019-10-09 09:29:58.208000,1.09811,1.09808,750000,4200000
2019-10-09 09:29:58.563000,1.09812,1.09808,2440000,4390000
2019-10-09 09:29:58.665000,1.09814,1.0981,4310000,3260000
2019-10-09 09:29:58.817000,1.09813,1.0981,750000,2810000
2019-10-09 09:29:59.304000,1.09813,1.09811,750000,820000
2019-10-09 09:29:59.405000,1.09813,1.0981,750000,6350000
2019-10-09 09:29:59.647000,1.09814,1.0981,640000,5540000
2019-10-09 09:29:59.913000,1.09814,1.09811,600000,2200000
2019-10-09 09:30:00.062000,1.09815,1.09812,1500000,940000
2019-10-09 09:30:00.164000,1.09815,1.09813,2160000,750000
2019-10-09 09:30:00.266000,1.09815,1.09811,2060000,7010000
2019-10-09 09:30:00.419000,1.09815,1.09812,940000,750000
2019-10-09 09:30:00.526000,1.09815,1.09811,4450000,3750000
2019-10-09 09:30:00.627000,1.09814,1.09811,1390000,1000000
2019-10-09 09:30:01.864000,1.09812,1.0981,940000,3370000
2019-10-09 09:30:01.965000,1.09812,1.09808,2440000,5660000
2019-10-09 09:30:02.068000,1.09812,1.09808,750000,2950000
2019-10-09 09:30:02.169000,1.09812,1.09809,940000,500000
2019-10-09 09:30:02.270000,1.09811,1.09808,750000,3810000
2019-10-09 09:30:02.372000,1.09811,1.09808,940000,3720000
2019-10-09 09:30:02.524000,1.09811,1.09808,1870000,2440000
2019-10-09 09:30:02.662000,1.09811,1.09809,750000,750000
2019-10-09 09:30:02.763000,1.09813,1.0981,2000000,1690000
2019-10-09 09:30:02.870000,1.09813,1.09811,2670000,750000
2019-10-09 09:30:03.023000,1.09814,1.09811,1740000,750000
2019-10-09 09:30:03.125000,1.09813,1.09812,570000,750000
2019-10-09 09:30:03.248000,1.09814,1.09811,2550000,2440000
2019-10-09 09:30:04.180000,1.09814,1.09811,1170000,3190000
2019-10-09 09:30:05.388000,1.09815,1.09811,3070000,3720000
2019-10-09 09:30:05.489000,1.09815,1.09811,3190000,2140000
2019-10-09 09:30:05.591000,1.09815,1.09811,2620000,1820000
2019-10-09 09:30:08.998000,1.09815,1.09812,2720000,940000
2019-10-09 09:30:09.351000,1.09812,1.0981,1690000,3450000
2019-10-09 09:30:09.452000,1.09812,1.09809,1690000,750000
2019-10-09 09:30:09.656000,1.09812,1.09808,3190000,3640000
2019-10-09 09:30:09.928000,1.09812,1.09809,3260000,750000
2019-10-09 09:30:10.047000,1.09812,1.09808,2510000,3560000
2019-10-09 09:30:10.760000,1.09812,1.09809,3190000,750000
2019-10-09 09:30:11.037000,1.09812,1.09809,4410000,750000
2019-10-09 09:30:11.865000,1.09812,1.09809,3560000,750000
2019-10-09 09:30:14.282000,1.09812,1.09809,1500000,1940000
2019-10-09 09:30:15.293000,1.09812,1.09809,1690000,750000
2019-10-09 09:30:15.394000,1.09812,1.09808,1690000,3260000
2019-10-09 09:30:15.495000,1.09812,1.09809,1760000,750000
2019-10-09 09:30:15.640000,1.09812,1.09808,1690000,3260000
2019-10-09 09:30:17.610000,1.09812,1.09809,3400000,1120000
2019-10-09 09:30:17.711000,1.09812,1.09808,3120000,2140000
2019-10-09 09:30:17.832000,1.09812,1.09808,2650000,2140000
2019-10-09 09:30:17.933000,1.09812,1.09808,2800000,5960000
2019-10-09 09:30:18.125000,1.09812,1.09809,2610000,940000
2019-10-09 09:30:18.437000,1.09812,1.09809,1710000,1690000
2019-10-09 09:30:18.539000,1.09812,1.0981,1710000,750000
2019-10-09 09:30:18.640000,1.09812,1.09809,2090000,2810000
2019-10-09 09:30:18.743000,1.09813,1.0981,1500000,1690000
2019-10-09 09:30:18.845000,1.09814,1.09812,2320000,500000
2019-10-09 09:30:18.947000,1.09814,1.09811,3250000,940000
2019-10-09 09:30:19.798000,1.09814,1.09811,3190000,1000000
2019-10-09 09:30:19.899000,1.09815,1.09814,3370000,2250000
2019-10-09 09:30:19.950000,1.09816,1.09814,6710000,750000
2019-10-09 09:30:20.153000,1.09815,1.09814,750000,750000
2019-10-09 09:30:21.913000,1.09815,1.09813,750000,750000
2019-10-09 09:30:22.812000,1.09816,1.09814,660000,1500000
2019-10-09 09:30:22.913000,1.09817,1.09814,4750000,750000
2019-10-09 09:30:23.019000,1.09817,1.09813,4000000,3450000
2019-10-09 09:30:27.397000,1.09817,1.09814,5600000,500000
2019-10-09 09:30:27.499000,1.09817,1.09813,4100000,1950000
2019-10-09 09:30:28.862000,1.09816,1.09812,940000,2510000
2019-10-09 09:30:28.964000,1.09815,1.09813,750000,750000
2019-10-09 09:30:29.600000,1.09816,1.09813,3190000,750000
2019-10-09 09:30:31.386000,1.09816,1.09814,3640000,750000
2019-10-09 09:30:31.512000,1.09816,1.09813,2510000,1690000
2019-10-09 09:30:31.613000,1.09816,1.09812,2570000,2890000
2019-10-09 09:30:31.714000,1.09815,1.09813,750000,1500000
2019-10-09 09:30:31.815000,1.09816,1.09813,940000,1500000
2019-10-09 09:30:32.111000,1.09816,1.09814,940000,750000
2019-10-09 09:30:32.253000,1.09816,1.09813,940000,1500000
2019-10-09 09:30:33.141000,1.09815,1.09813,1870000,750000
2019-10-09 09:30:33.259000,1.09815,1.09812,1950000,3260000
2019-10-09 09:30:33.968000,1.09815,1.09811,3260000,4690000
2019-10-09 09:30:34.059000,1.09812,1.09811,1500000,3750000
2019-10-09 09:30:34.114000,1.09808,1.09806,8140000,750000
2019-10-09 09:30:34.165000,1.09804,1.09803,3000000,1390000
2019-10-09 09:30:34.267000,1.09801,1.09799,3000000,3560000
2019-10-09 09:30:34.354000,1.09799,1.09797,1500000,2620000
2019-10-09 09:30:34.428000,1.09797,1.09796,2250000,500000
2019-10-09 09:30:34.492000,1.09794,1.09793,1500000,2140000
2019-10-09 09:30:34.542000,1.09794,1.09792,2440000,1500000
2019-10-09 09:30:34.644000,1.09793,1.09791,3190000,750000
2019-10-09 09:30:34.746000,1.09793,1.09792,750000,750000
2019-10-09 09:30:34.857000,1.09793,1.0979,940000,3320000
2019-10-09 09:30:34.980000,1.0979,1.09788,750000,2630000
2019-10-09 09:30:35.082000,1.09789,1.09787,750000,940000
2019-10-09 09:30:35.184000,1.09787,1.09785,750000,750000
2019-10-09 09:30:35.317000,1.09789,1.09787,1390000,750000
2019-10-09 09:30:35.419000,1.09789,1.09787,1120000,750000
2019-10-09 09:30:35.520000,1.09791,1.0979,750000,3560000
2019-10-09 09:30:35.573000,1.09796,1.09794,1770000,1500000
2019-10-09 09:30:35.691000,1.09796,1.09794,620000,2500000
2019-10-09 09:30:35.794000,1.09798,1.09797,600000,750000
2019-10-09 09:30:35.895000,1.098,1.09798,2720000,750000
2019-10-09 09:30:35.997000,1.09801,1.09799,1200000,1120000
2019-10-09 09:30:36.100000,1.098,1.09798,500000,1310000
2019-10-09 09:30:36.151000,1.09801,1.098,940000,750000
2019-10-09 09:30:36.203000,1.09803,1.09801,600000,1500000
2019-10-09 09:30:36.254000,1.09804,1.09801,3640000,1500000
2019-10-09 09:30:36.405000,1.09803,1.09801,600000,2810000
2019-10-09 09:30:36.506000,1.09804,1.09801,2320000,2120000
2019-10-09 09:30:36.557000,1.09804,1.09801,1200000,2810000
2019-10-09 09:30:36.658000,1.09803,1.09801,1200000,2250000
2019-10-09 09:30:36.709000,1.09801,1.098,1120000,600000
2019-10-09 09:30:36.811000,1.098,1.09798,1310000,820000
2019-10-09 09:30:36.954000,1.09799,1.09798,940000,750000
2019-10-09 09:30:37.055000,1.09799,1.09797,1690000,940000
2019-10-09 09:30:37.657000,1.09799,1.09796,750000,1760000
2019-10-09 09:30:37.810000,1.09799,1.09797,750000,750000
2019-10-09 09:30:37.912000,1.09799,1.09796,750000,1690000
2019-10-09 09:30:38.126000,1.09799,1.09796,5950000,820000
2019-10-09 09:30:38.228000,1.09797,1.09793,1870000,4450000
2019-10-09 09:30:38.329000,1.09797,1.09793,1010000,1310000
2019-10-09 09:30:38.380000,1.09797,1.09794,1570000,1000000
2019-10-09 09:30:38.431000,1.09796,1.09793,600000,5510000
2019-10-09 09:30:38.560000,1.09798,1.09793,3350000,3940000
2019-10-09 09:30:38.661000,1.09797,1.09794,560000,750000
2019-10-09 09:30:38.762000,1.09797,1.09793,2510000,2060000
2019-10-09 09:30:38.813000,1.09797,1.09794,600000,1750000
2019-10-09 09:30:38.915000,1.09797,1.09794,600000,2500000
2019-10-09 09:30:39.016000,1.09797,1.09794,750000,2500000
2019-10-09 09:30:39.130000,1.09797,1.09793,820000,4370000
2019-10-09 09:30:39.232000,1.09796,1.09793,600000,1310000
2019-10-09 09:30:39.283000,1.09797,1.09793,1390000,1310000
2019-10-09 09:30:39.435000,1.09797,1.09793,1410000,1310000
2019-10-09 09:30:39.536000,1.09797,1.09793,2510000,1310000
2019-10-09 09:30:39.587000,1.09797,1.09793,1950000,1370000
2019-10-09 09:30:39.742000,1.09797,1.09793,2510000,5060000
2019-10-09 09:30:39.793000,1.09797,1.09793,1950000,1370000
2019-10-09 09:30:40.053000,1.09797,1.09793,2540000,1310000
2019-10-09 09:30:40.207000,1.09796,1.09792,1950000,2060000
2019-10-09 09:30:40.308000,1.09795,1.09791,1570000,2810000
2019-10-09 09:30:40.413000,1.09795,1.09791,1200000,1370000
2019-10-09 09:30:40.515000,1.09794,1.09791,750000,2870000
2019-10-09 09:30:40.566000,1.09792,1.0979,1950000,3020000
2019-10-09 09:30:40.616000,1.09792,1.09788,2140000,1310000
2019-10-09 09:30:40.667000,1.0979,1.09787,1500000,3190000
2019-10-09 09:30:40.870000,1.09789,1.09787,750000,940000
2019-10-09 09:30:41.008000,1.0979,1.09786,2140000,5060000
2019-10-09 09:30:41.211000,1.09789,1.09786,500000,940000
2019-10-09 09:30:41.622000,1.0979,1.09786,2510000,1690000
2019-10-09 09:30:41.825000,1.09789,1.09786,750000,2440000
2019-10-09 09:30:41.926000,1.0979,1.09786,2510000,3940000
2019-10-09 09:30:42.703000,1.09789,1.09786,750000,2440000
2019-10-09 09:30:43.008000,1.0979,1.09786,1760000,5440000
2019-10-09 09:30:43.059000,1.09793,1.09791,1780000,940000
2019-10-09 09:30:43.110000,1.09794,1.09792,2890000,750000
2019-10-09 09:30:43.213000,1.09794,1.09791,2160000,500000
2019-10-09 09:30:43.317000,1.09794,1.09791,2140000,500000
2019-10-09 09:30:43.623000,1.09793,1.09791,820000,500000
2019-10-09 09:30:43.881000,1.09791,1.0979,600000,750000
2019-10-09 09:30:43.932000,1.0979,1.09788,940000,750000
2019-10-09 09:30:44.135000,1.09791,1.09787,3660000,1120000
2019-10-09 09:30:44.237000,1.09791,1.09787,5510000,500000
2019-10-09 09:30:44.288000,1.09789,1.09787,1570000,750000
2019-10-09 09:30:45.792000,1.0979,1.09788,1950000,940000
2019-10-09 09:30:45.895000,1.09792,1.09791,750000,750000
2019-10-09 09:30:45.997000,1.09793,1.09792,750000,940000
2019-10-09 09:30:46.048000,1.09795,1.09792,2720000,940000
2019-10-09 09:30:46.567000,1.09793,1.09792,600000,940000
2019-10-09 09:30:47.239000,1.09792,1.0979,1200000,600000
2019-10-09 09:30:47.341000,1.09791,1.09788,2320000,1850000
2019-10-09 09:30:47.443000,1.09792,1.09788,3640000,750000
2019-10-09 09:30:47.569000,1.0979,1.09787,820000,1690000
2019-10-09 09:30:47.721000,1.09791,1.09787,1950000,1690000
2019-10-09 09:30:47.823000,1.0979,1.09787,750000,6190000
2019-10-09 09:30:48.816000,1.09789,1.09787,1500000,940000
2019-10-09 09:30:49.070000,1.09788,1.09786,750000,2120000
2019-10-09 09:30:49.171000,1.09789,1.09786,2320000,1370000
2019-10-09 09:30:49.361000,1.09789,1.09786,2910000,4040000
2019-10-09 09:30:49.463000,1.09789,1.09786,2890000,3950000
2019-10-09 09:30:49.688000,1.09789,1.09786,2910000,2800000
2019-10-09 09:30:49.839000,1.09789,1.09786,2890000,1000000
2019-10-09 09:30:50.127000,1.09789,1.09786,3070000,940000
2019-10-09 09:30:50.380000,1.09788,1.09785,750000,4320000
2019-10-09 09:30:50.533000,1.09787,1.09785,600000,1690000
2019-10-09 09:30:50.634000,1.09787,1.09785,750000,940000
2019-10-09 09:30:50.736000,1.09788,1.09786,600000,940000
2019-10-09 09:30:51.080000,1.09789,1.09785,1950000,3250000
2019-10-09 09:30:51.210000,1.09789,1.09787,600000,2870000
2019-10-09 09:30:51.311000,1.0979,1.09787,1760000,1190000
2019-10-09 09:30:51.564000,1.0979,1.09786,2140000,1500000
2019-10-09 09:30:51.751000,1.09789,1.09787,600000,1690000
2019-10-09 09:30:51.803000,1.0979,1.09786,1760000,4500000
2019-10-09 09:30:51.905000,1.09789,1.09786,820000,2310000
2019-10-09 09:30:52.208000,1.0979,1.09786,2700000,1190000
2019-10-09 09:30:52.322000,1.09789,1.09786,1570000,2500000
2019-10-09 09:30:52.424000,1.0979,1.09785,2700000,7820000
2019-10-09 09:30:52.525000,1.0979,1.09787,1220000,2440000
2019-10-09 09:30:52.627000,1.0979,1.09787,1950000,940000
2019-10-09 09:30:52.728000,1.0979,1.09786,1970000,2500000
2019-10-09 09:30:52.838000,1.0979,1.09788,1220000,1500000
2019-10-09 09:30:52.889000,1.09795,1.09792,2950000,560000
2019-10-09 09:30:52.990000,1.09794,1.09791,750000,1370000
2019-10-09 09:30:53.193000,1.09794,1.0979,2700000,1750000
2019-10-09 09:30:53.301000,1.09793,1.0979,750000,2500000
2019-10-09 09:30:53.403000,1.09794,1.09791,1950000,940000
2019-10-09 09:30:53.605000,1.09794,1.0979,2720000,1750000
2019-10-09 09:30:53.955000,1.09792,1.09788,1200000,8690000
2019-10-09 09:30:54.006000,1.09792,1.0979,1200000,1000000
2019-10-09 09:30:54.108000,1.09793,1.0979,1200000,4070000
2019-10-09 09:30:54.209000,1.09793,1.0979,820000,2500000
2019-10-09 09:30:54.310000,1.09794,1.09791,820000,4370000
2019-10-09 09:30:54.716000,1.09794,1.09791,1200000,2500000
2019-10-09 09:30:54.818000,1.09794,1.09791,1220000,1750000
2019-10-09 09:30:54.919000,1.09794,1.09791,820000,1750000
2019-10-09 09:30:55.071000,1.09794,1.0979,1200000,6620000
2019-10-09 09:30:55.491000,1.09795,1.09793,600000,2440000
2019-10-09 09:30:55.542000,1.09797,1.09793,3160000,4380000
2019-10-09 09:30:55.643000,1.09797,1.09793,2700000,2880000
2019-10-09 09:30:55.826000,1.09797,1.09793,2890000,3630000
2019-10-09 09:30:55.877000,1.09796,1.09793,600000,2810000
2019-10-09 09:30:55.928000,1.09797,1.09793,3640000,2810000
2019-10-09 09:30:56.029000,1.09796,1.09793,750000,2810000
2019-10-09 09:30:56.130000,1.09795,1.09793,750000,2250000
2019-10-09 09:30:56.181000,1.09797,1.09793,4390000,2250000
2019-10-09 09:30:56.283000,1.09797,1.09794,4410000,1130000
2019-10-09 09:30:56.384000,1.09797,1.09793,4410000,2250000
2019-10-09 09:30:56.485000,1.09796,1.09791,3640000,4220000
2019-10-09 09:30:56.549000,1.09795,1.09791,1370000,2720000
2019-10-09 09:30:56.651000,1.09794,1.09792,1570000,1000000
2019-10-09 09:30:56.752000,1.09796,1.09794,750000,750000
2019-10-09 09:30:56.854000,1.09797,1.09793,4010000,1690000
2019-10-09 09:30:56.956000,1.09796,1.09792,2350000,1370000
2019-10-09 09:30:57.418000,1.09795,1.09791,1220000,2950000
2019-10-09 09:30:57.602000,1.09795,1.09791,1200000,2870000
2019-10-09 09:30:57.805000,1.09794,1.09791,600000,1820000
2019-10-09 09:30:57.906000,1.09794,1.0979,600000,4410000
2019-10-09 09:30:58.009000,1.09793,1.0979,600000,5930000
2019-10-09 09:30:58.149000,1.09793,1.0979,600000,4790000
2019-10-09 09:30:58.200000,1.09795,1.09791,3820000,1000000
2019-10-09 09:30:58.301000,1.09795,1.09791,4220000,1000000
2019-10-09 09:30:58.827000,1.09794,1.0979,2510000,3580000
2019-10-09 09:30:58.957000,1.09794,1.0979,1220000,2500000
2019-10-09 09:30:59.058000,1.09795,1.09791,3820000,2870000
2019-10-09 09:30:59.210000,1.09795,1.09793,1870000,750000
2019-10-09 09:30:59.312000,1.09798,1.09794,3560000,2140000
2019-10-09 09:30:59.363000,1.09797,1.09794,750000,2390000
2019-10-09 09:30:59.469000,1.09797,1.09795,750000,1760000
2019-10-09 09:30:59.520000,1.09799,1.09795,2620000,1820000
2019-10-09 09:31:00.160000,1.098,1.09797,750000,1370000
2019-10-09 09:31:00.262000,1.09803,1.09799,2250000,1450000
2019-10-09 09:31:00.414000,1.09802,1.09799,750000,1760000
2019-10-09 09:31:00.518000,1.09802,1.09798,4500000,640000
2019-10-09 09:31:00.620000,1.09801,1.09797,750000,1820000
2019-10-09 09:31:00.722000,1.09802,1.098,750000,940000
2019-10-09 09:31:00.874000,1.09804,1.098,2140000,4310000
2019-10-09 09:31:01.012000,1.09803,1.09801,750000,2250000
2019-10-09 09:31:01.113000,1.09804,1.098,1010000,4690000
2019-10-09 09:31:01.265000,1.09801,1.098,750000,1500000
2019-10-09 09:31:01.367000,1.09801,1.09797,2250000,3640000
2019-10-09 09:31:01.855000,1.098,1.09796,750000,7290000
2019-10-09 09:31:02.057000,1.09801,1.09796,4790000,770000
2019-10-09 09:31:02.159000,1.098,1.09796,1220000,1200000
2019-10-09 09:31:02.261000,1.098,1.09796,640000,4330000
2019-10-09 09:31:02.375000,1.098,1.09795,2910000,6220000
2019-10-09 09:31:02.477000,1.09799,1.09796,600000,1120000
2019-10-09 09:31:02.578000,1.09799,1.09796,1220000,750000
2019-10-09 09:31:02.680000,1.09799,1.09796,600000,1140000
2019-10-09 09:31:03.696000,1.09799,1.09795,1390000,3210000
2019-10-09 09:31:03.799000,1.09799,1.09796,2910000,750000
2019-10-09 09:31:03.942000,1.09799,1.09795,820000,2060000
2019-10-09 09:31:04.043000,1.09798,1.09796,600000,1690000
2019-10-09 09:31:04.145000,1.09799,1.09795,600000,2870000
2019-10-09 09:31:04.246000,1.09799,1.09795,1390000,2120000
2019-10-09 09:31:04.348000,1.09799,1.09795,660000,2120000
2019-10-09 09:31:04.606000,1.09799,1.09795,600000,3620000
2019-10-09 09:31:04.758000,1.09799,1.09795,1390000,2060000
2019-10-09 09:31:04.808000,1.09798,1.09795,600000,2950000
2019-10-09 09:31:04.909000,1.09799,1.09795,1200000,2870000
2019-10-09 09:31:05.113000,1.09799,1.09795,1220000,2870000
2019-10-09 09:31:05.214000,1.09799,1.09795,3720000,1750000
2019-10-09 09:31:05.317000,1.09796,1.09795,750000,1500000
2019-10-09 09:31:05.368000,1.09796,1.09793,750000,4500000
2019-10-09 09:31:05.469000,1.09796,1.09791,2320000,5590000
2019-10-09 09:31:05.571000,1.09796,1.09791,3290000,1690000
2019-10-09 09:31:05.672000,1.09795,1.09792,1200000,1120000
2019-10-09 09:31:05.774000,1.09795,1.09791,1640000,6770000
2019-10-09 09:31:05.825000,1.09795,1.09793,520000,940000
2019-10-09 09:31:05.926000,1.09796,1.09793,1570000,1750000
2019-10-09 09:31:06.028000,1.09795,1.09792,1200000,3320000
2019-10-09 09:31:06.130000,1.09796,1.09792,2700000,750000
2019-10-09 09:31:06.233000,1.09796,1.09791,3850000,8520000
2019-10-09 09:31:06.610000,1.09794,1.09793,600000,560000
2019-10-09 09:31:06.711000,1.09795,1.09793,600000,560000
2019-10-09 09:31:07.266000,1.09795,1.09792,2350000,1500000
2019-10-09 09:31:07.368000,1.09795,1.09792,2320000,1500000
2019-10-09 09:31:07.469000,1.09795,1.09792,2350000,1500000
2019-10-09 09:31:07.571000,1.09795,1.09792,1950000,1500000
2019-10-09 09:31:08.242000,1.09793,1.0979,1500000,5910000
2019-10-09 09:31:08.345000,1.09793,1.0979,750000,1750000
2019-10-09 09:31:08.666000,1.09795,1.09791,3450000,3250000
2019-10-09 09:31:08.767000,1.09797,1.09794,3000000,940000
2019-10-09 09:31:08.868000,1.09798,1.09795,1500000,940000
2019-10-09 09:31:09.253000,1.09795,1.09794,750000,750000
2019-10-09 09:31:09.304000,1.09795,1.09791,750000,2570000
2019-10-09 09:31:09.406000,1.09795,1.0979,1570000,9320000
2019-10-09 09:31:09.509000,1.09794,1.09791,1200000,2510000
2019-10-09 09:31:09.840000,1.09796,1.09793,1200000,2620000
2019-10-09 09:31:09.992000,1.09795,1.09793,750000,1200000
2019-10-09 09:31:10.093000,1.09795,1.09794,750000,750000
2019-10-09 09:31:10.194000,1.09795,1.09793,750000,820000
2019-10-09 09:31:10.516000,1.09797,1.09794,1120000,1750000
2019-10-09 09:31:10.668000,1.09797,1.09795,1500000,1070000
2019-10-09 09:31:10.770000,1.09797,1.09794,750000,3250000
2019-10-09 09:31:10.821000,1.09799,1.09795,1570000,4000000
2019-10-09 09:31:11.779000,1.09799,1.09796,1220000,2440000
2019-10-09 09:31:11.896000,1.09799,1.09796,750000,2440000
2019-10-09 09:31:12.151000,1.09798,1.09796,600000,940000
2019-10-09 09:31:12.252000,1.09799,1.09796,820000,940000
2019-10-09 09:31:13.893000,1.09801,1.09798,500000,2120000
2019-10-09 09:31:13.997000,1.09801,1.09799,750000,1120000
2019-10-09 09:31:14.048000,1.09804,1.09801,2510000,750000
2019-10-09 09:31:14.200000,1.09803,1.09801,600000,1750000
2019-10-09 09:31:14.301000,1.09804,1.098,2160000,3190000
2019-10-09 09:31:14.402000,1.09804,1.098,3640000,1690000
2019-10-09 09:31:14.568000,1.09804,1.098,5870000,1820000
2019-10-09 09:31:14.671000,1.09804,1.098,3260000,1750000
2019-10-09 09:31:15.076000,1.09804,1.09801,3250000,2440000
2019-10-09 09:31:15.184000,1.09804,1.098,820000,2500000
2019-10-09 09:31:15.437000,1.09805,1.098,4760000,4820000
2019-10-09 09:31:15.741000,1.09804,1.09801,750000,2510000
2019-10-09 09:31:15.916000,1.09805,1.09801,5440000,2510000
2019-10-09 09:31:16.019000,1.09804,1.09801,820000,2440000
2019-10-09 09:31:16.272000,1.09805,1.09802,4780000,750000
2019-10-09 09:31:16.374000,1.09805,1.09802,1450000,1200000
2019-10-09 09:31:16.425000,1.09806,1.09805,750000,750000
2019-10-09 09:31:16.476000,1.09808,1.09805,750000,940000
2019-10-09 09:31:16.598000,1.09809,1.09805,4020000,1500000
2019-10-09 09:31:16.649000,1.09806,1.09805,500000,1500000
2019-10-09 09:31:16.750000,1.09807,1.09803,2890000,1500000
2019-10-09 09:31:16.852000,1.09807,1.09804,940000,2620000
2019-10-09 09:31:16.954000,1.09809,1.09805,1690000,2510000
2019-10-09 09:31:17.152000,1.09808,1.09805,750000,3260000
2019-10-09 09:31:17.254000,1.09809,1.09805,1500000,5950000
2019-10-09 09:31:17.557000,1.09809,1.09806,2200000,1500000
2019-10-09 09:31:17.659000,1.09808,1.09805,1390000,1690000
2019-10-09 09:31:17.821000,1.09808,1.09806,1390000,750000
2019-10-09 09:31:17.922000,1.09807,1.09805,600000,940000
2019-10-09 09:31:18.024000,1.09807,1.09804,750000,750000
2019-10-09 09:31:18.125000,1.09807,1.09803,3290000,1690000
2019-10-09 09:31:18.429000,1.09806,1.09804,2320000,750000
2019-10-09 09:31:18.563000,1.09806,1.09803,1790000,750000
2019-10-09 09:31:18.665000,1.09805,1.09801,500000,2010000
2019-10-09 09:31:18.716000,1.09803,1.09801,750000,940000
2019-10-09 09:31:18.817000,1.09803,1.098,1500000,3960000
2019-10-09 09:31:18.969000,1.09803,1.098,1200000,1750000
2019-10-09 09:31:19.070000,1.09803,1.098,1220000,1750000
2019-10-09 09:31:19.172000,1.09803,1.09801,820000,1750000
2019-10-09 09:31:20.281000,1.09803,1.09801,1390000,750000
2019-10-09 09:31:20.383000,1.09803,1.098,1200000,940000
2019-10-09 09:31:20.485000,1.09803,1.098,820000,3250000
2019-10-09 09:31:20.586000,1.09804,1.098,600000,6620000
2019-10-09 09:31:21.030000,1.09805,1.09802,600000,750000
2019-10-09 09:31:21.131000,1.09806,1.09801,7040000,4870000
2019-10-09 09:31:21.351000,1.09804,1.09801,850000,500000
2019-10-09 09:31:21.503000,1.09805,1.09801,1850000,2500000
2019-10-09 09:31:21.605000,1.09804,1.09801,1200000,940000
2019-10-09 09:31:22.294000,1.09804,1.098,600000,1750000
2019-10-09 09:31:22.396000,1.09803,1.098,1790000,1500000
2019-10-09 09:31:22.497000,1.09803,1.098,1390000,750000
2019-10-09 09:31:22.599000,1.09803,1.098,1410000,750000
2019-10-09 09:31:22.817000,1.098,1.09797,820000,6250000
2019-10-09 09:31:22.923000,1.09801,1.09797,1200000,3250000
2019-10-09 09:31:23.024000,1.09801,1.09797,1200000,2500000
2019-10-09 09:31:23.489000,1.09802,1.098,600000,560000
2019-10-09 09:31:23.591000,1.09803,1.09801,600000,750000
2019-10-09 09:31:23.793000,1.09804,1.09803,1760000,1120000
2019-10-09 09:31:23.895000,1.09807,1.09805,1570000,750000
2019-10-09 09:31:24.048000,1.09808,1.09805,2890000,1750000
2019-10-09 09:31:24.645000,1.09808,1.09805,1970000,1000000
2019-10-09 09:31:24.747000,1.09808,1.09806,2700000,750000
2019-10-09 09:31:24.848000,1.09806,1.09804,4310000,750000
2019-10-09 09:31:24.899000,1.09805,1.09802,600000,940000
2019-10-09 09:31:25.102000,1.09805,1.09801,1760000,2060000
2019-10-09 09:31:25.152000,1.09804,1.09802,600000,500000
2019-10-09 09:31:25.276000,1.09805,1.09801,640000,4310000
2019-10-09 09:31:25.377000,1.09805,1.09801,660000,560000
2019-10-09 09:31:25.587000,1.09805,1.09801,640000,560000
2019-10-09 09:31:25.739000,1.09806,1.09802,3720000,1870000
2019-10-09 09:31:25.840000,1.09805,1.09801,640000,940000
2019-10-09 09:31:25.974000,1.09805,1.09801,1410000,2440000
2019-10-09 09:31:27.328000,1.09804,1.098,3260000,4690000
2019-10-09 09:31:27.430000,1.09803,1.098,1200000,1690000
2019-10-09 09:31:27.810000,1.09803,1.09801,1200000,1500000
2019-10-09 09:31:28.523000,1.09803,1.098,1200000,2060000
2019-10-09 09:31:28.574000,1.09802,1.098,600000,2500000
2019-10-09 09:31:28.676000,1.09803,1.098,600000,2500000
2019-10-09 09:31:29.030000,1.09803,1.09801,600000,940000
2019-10-09 09:31:29.080000,1.09804,1.09803,750000,2810000
2019-10-09 09:31:29.170000,1.09806,1.09805,750000,2250000
2019-10-09 09:31:29.222000,1.09808,1.09806,3070000,750000
2019-10-09 09:31:29.477000,1.09809,1.09806,1200000,1690000
2019-10-09 09:31:29.681000,1.09809,1.09806,1220000,2440000
2019-10-09 09:31:29.934000,1.09808,1.09805,1570000,1690000
2019-10-09 09:31:30.071000,1.09807,1.09805,600000,1690000
2019-10-09 09:31:30.173000,1.09808,1.09805,820000,1750000
2019-10-09 09:31:30.476000,1.09807,1.09805,600000,1750000
2019-10-09 09:31:30.578000,1.09808,1.09805,1570000,1750000
2019-10-09 09:31:30.781000,1.09809,1.09805,1950000,4750000
2019-10-09 09:31:30.882000,1.09808,1.09805,600000,4820000
2019-10-09 09:31:31.275000,1.0981,1.09808,600000,1000000
2019-10-09 09:31:31.326000,1.09812,1.0981,3000000,1310000
2019-10-09 09:31:31.442000,1.09813,1.09811,600000,1310000
2019-10-09 09:31:31.493000,1.09817,1.09814,830000,940000
2019-10-09 09:31:31.594000,1.09817,1.09814,2700000,1690000
2019-10-09 09:31:31.645000,1.09815,1.09811,750000,1470000
2019-10-09 09:31:31.797000,1.09816,1.09812,1390000,940000
2019-10-09 09:31:31.909000,1.09816,1.09813,1390000,1500000
2019-10-09 09:31:31.960000,1.09818,1.09814,1600000,1000000
2019-10-09 09:31:32.061000,1.09817,1.09813,600000,6820000
2019-10-09 09:31:32.163000,1.09816,1.09814,600000,750000
2019-10-09 09:31:32.264000,1.09816,1.09812,600000,5810000
2019-10-09 09:31:32.366000,1.09816,1.09814,600000,940000
2019-10-09 09:31:32.502000,1.09815,1.09813,600000,1750000
2019-10-09 09:31:32.603000,1.09817,1.09813,3470000,1750000
2019-10-09 09:31:32.705000,1.09815,1.09813,600000,1750000
2019-10-09 09:31:32.808000,1.09816,1.09813,600000,1750000
2019-10-09 09:31:32.910000,1.09816,1.09813,640000,940000
2019-10-09 09:31:33.062000,1.09816,1.09813,660000,940000
2019-10-09 09:31:33.194000,1.09814,1.09811,750000,1750000
2019-10-09 09:31:33.297000,1.09812,1.0981,600000,2870000
2019-10-09 09:31:33.398000,1.09814,1.0981,600000,3620000
2019-10-09 09:31:33.500000,1.09815,1.09811,3000000,1000000
2019-10-09 09:31:33.602000,1.09815,1.09812,600000,940000
2019-10-09 09:31:33.704000,1.09815,1.09811,820000,1000000
2019-10-09 09:31:33.806000,1.09815,1.0981,850000,11500000
2019-10-09 09:31:34.045000,1.09813,1.0981,600000,8570000
2019-10-09 09:31:34.146000,1.09814,1.09811,1220000,1690000
2019-10-09 09:31:34.806000,1.09813,1.09811,750000,1000000
2019-10-09 09:31:35.222000,1.09814,1.09811,1950000,1000000
2019-10-09 09:31:35.324000,1.09814,1.09811,2250000,1690000
2019-10-09 09:31:35.618000,1.09814,1.09811,750000,3290000
2019-10-09 09:31:35.720000,1.09815,1.09811,1010000,2440000
2019-10-09 09:31:35.872000,1.09815,1.09812,940000,1220000
2019-10-09 09:31:35.973000,1.09815,1.09811,1690000,5510000
2019-10-09 09:31:36.268000,1.09815,1.09812,1690000,750000
2019-10-09 09:31:36.467000,1.09815,1.09813,940000,940000
2019-10-09 09:31:36.569000,1.09818,1.09815,4070000,500000
2019-10-09 09:31:36.670000,1.09815,1.09813,1500000,2540000
2019-10-09 09:31:36.771000,1.09815,1.09812,1690000,750000
2019-10-09 09:31:37.530000,1.09816,1.09814,1500000,750000
2019-10-09 09:31:37.679000,1.09816,1.09813,3940000,820000
2019-10-09 09:31:37.781000,1.09816,1.09811,4470000,3190000
2019-10-09 09:31:37.882000,1.09815,1.09812,640000,750000
2019-10-09 09:31:38.084000,1.09815,1.09811,640000,5440000
2019-10-09 09:31:38.236000,1.09814,1.09811,600000,2510000
2019-10-09 09:31:38.586000,1.09814,1.09811,1970000,2440000
2019-10-09 09:31:39.409000,1.09814,1.09811,1200000,940000
2019-10-09 09:31:39.748000,1.09814,1.09811,600000,1690000
2019-10-09 09:31:39.849000,1.09814,1.09812,750000,940000
2019-10-09 09:31:40.090000,1.09814,1.09813,750000,750000
2019-10-09 09:31:40.141000,1.09816,1.09813,520000,3560000
2019-10-09 09:31:40.244000,1.09815,1.09813,750000,750000
2019-10-09 09:31:40.346000,1.09815,1.09811,1200000,5120000
2019-10-09 09:31:40.447000,1.09815,1.09811,1570000,4310000
2019-10-09 09:31:40.548000,1.09815,1.09811,1220000,2440000
2019-10-09 09:31:40.816000,1.09814,1.09811,2350000,940000
2019-10-09 09:31:40.918000,1.09814,1.09811,1570000,940000
2019-10-09 09:31:41.666000,1.09814,1.09811,1450000,3190000
2019-10-09 09:31:41.868000,1.09814,1.09811,3450000,3190000
2019-10-09 09:31:43.160000,1.09813,1.09811,600000,2440000
2019-10-09 09:31:43.262000,1.09814,1.09811,820000,940000
2019-10-09 09:31:43.853000,1.09813,1.09811,600000,1000000
2019-10-09 09:31:43.955000,1.09815,1.09811,2140000,1690000
2019-10-09 09:31:44.107000,1.09814,1.09811,600000,2440000
2019-10-09 09:31:45.275000,1.09813,1.09812,600000,750000
2019-10-09 09:31:45.376000,1.09814,1.09812,3450000,750000
2019-10-09 09:31:45.526000,1.09814,1.09812,3470000,750000
2019-10-09 09:31:45.627000,1.09814,1.09812,3450000,750000
2019-10-09 09:31:45.728000,1.09813,1.09811,600000,3190000
2019-10-09 09:31:45.880000,1.09814,1.09812,3450000,750000
2019-10-09 09:31:47.981000,1.09814,1.09812,4970000,750000
2019-10-09 09:31:48.235000,1.09814,1.09812,1200000,1500000
2019-10-09 09:31:48.471000,1.09815,1.09814,600000,750000
2019-10-09 09:31:48.574000,1.09817,1.09815,660000,1500000
2019-10-09 09:31:48.676000,1.09817,1.09815,940000,1500000
2019-10-09 09:31:48.778000,1.09818,1.09816,1470000,750000
2019-10-09 09:31:49.239000,1.09817,1.09815,640000,1500000
2019-10-09 09:31:49.614000,1.09817,1.09816,1200000,750000
2019-10-09 09:31:49.935000,1.09817,1.09815,600000,750000
2019-10-09 09:31:50.745000,1.09818,1.09815,3260000,750000
2019-10-09 09:31:50.847000,1.09817,1.09815,600000,750000
2019-10-09 09:31:50.999000,1.09818,1.09815,3100000,1000000
2019-10-09 09:31:51.101000,1.09818,1.09815,2320000,1000000
2019-10-09 09:31:51.835000,1.09817,1.09815,750000,1000000
2019-10-09 09:31:52.037000,1.09817,1.09815,1200000,750000
2019-10-09 09:31:52.166000,1.09816,1.09815,600000,750000
2019-10-09 09:31:52.267000,1.09817,1.09814,600000,3560000
2019-10-09 09:31:52.370000,1.09817,1.09815,1200000,750000
2019-10-09 09:31:52.674000,1.09817,1.09816,820000,750000
2019-10-09 09:31:52.978000,1.09818,1.09816,820000,940000
2019-10-09 09:31:53.080000,1.0982,1.09819,2140000,1690000
2019-10-09 09:31:53.182000,1.09821,1.0982,560000,2250000
2019-10-09 09:31:53.233000,1.09822,1.0982,2250000,3620000
2019-10-09 09:31:53.455000,1.09823,1.09821,1500000,1690000
2019-10-09 09:31:53.557000,1.09824,1.09821,1220000,2500000
2019-10-09 09:31:53.658000,1.09824,1.09821,1200000,1690000
2019-10-09 09:31:53.759000,1.09824,1.09821,2720000,1690000
2019-10-09 09:31:54.270000,1.09821,1.09819,750000,560000
2019-10-09 09:31:54.371000,1.09819,1.09818,750000,750000
2019-10-09 09:31:54.473000,1.0982,1.09815,3660000,5120000
2019-10-09 09:31:54.705000,1.09819,1.09817,600000,750000
2019-10-09 09:31:54.807000,1.09819,1.09816,600000,3190000
2019-10-09 09:31:54.909000,1.0982,1.09819,600000,750000
2019-10-09 09:31:54.960000,1.09822,1.09819,3000000,2120000
2019-10-09 09:31:55.061000,1.09822,1.0982,1570000,750000
2019-10-09 09:31:55.162000,1.09821,1.09818,640000,3000000
2019-10-09 09:31:55.708000,1.09821,1.09819,1410000,750000
2019-10-09 09:31:55.810000,1.0982,1.09817,640000,750000
2019-10-09 09:31:55.917000,1.0982,1.09817,1790000,1500000
2019-10-09 09:31:56.070000,1.09819,1.09816,1200000,2440000
2019-10-09 09:31:56.171000,1.09819,1.09816,1220000,1690000
2019-10-09 09:31:56.620000,1.09817,1.09815,600000,2500000
2019-10-09 09:31:57.056000,1.09818,1.09816,600000,940000
2019-10-09 09:31:57.260000,1.09819,1.09816,1950000,940000
2019-10-09 09:31:57.362000,1.09817,1.09815,600000,3620000
2019-10-09 09:31:57.580000,1.09818,1.09815,600000,4370000
2019-10-09 09:31:57.736000,1.09818,1.09815,600000,2500000
2019-10-09 09:31:57.838000,1.09819,1.09815,2160000,3250000
2019-10-09 09:31:58.290000,1.09817,1.09815,1500000,2250000
2019-10-09 09:31:58.391000,1.09816,1.09815,640000,750000
2019-10-09 09:31:58.509000,1.09815,1.09813,600000,3000000
2019-10-09 09:31:58.662000,1.09815,1.09814,600000,750000
2019-10-09 09:31:58.815000,1.09815,1.09813,600000,1500000
2019-10-09 09:31:59.523000,1.09815,1.09814,820000,750000
2019-10-09 09:31:59.625000,1.09815,1.09813,820000,750000
2019-10-09 09:32:00.078000,1.09814,1.09812,600000,750000
2019-10-09 09:32:00.179000,1.09815,1.09811,2140000,2060000
2019-10-09 09:32:00.309000,1.09813,1.09811,750000,1750000
2019-10-09 09:32:02.486000,1.09813,1.09811,750000,560000
2019-10-09 09:32:03.934000,1.09812,1.0981,1600000,1500000
2019-10-09 09:32:04.036000,1.09808,1.09806,750000,1370000
2019-10-09 09:32:04.137000,1.09807,1.09805,2720000,4690000
2019-10-09 09:32:04.292000,1.09805,1.09804,820000,750000
2019-10-09 09:32:04.396000,1.09805,1.09804,2250000,750000
2019-10-09 09:32:04.447000,1.09805,1.09803,3660000,750000
2019-10-09 09:32:04.549000,1.09804,1.09801,1200000,5350000
2019-10-09 09:32:04.702000,1.09804,1.09801,1760000,1000000
2019-10-09 09:32:04.803000,1.09804,1.09801,1790000,1750000
2019-10-09 09:32:04.904000,1.09804,1.09801,1760000,2500000
2019-10-09 09:32:05.050000,1.09804,1.09801,1790000,1000000
2019-10-09 09:32:05.151000,1.09803,1.09801,600000,2440000
2019-10-09 09:32:05.252000,1.09803,1.098,2320000,2810000
2019-10-09 09:32:05.354000,1.09803,1.098,2350000,2810000
2019-10-09 09:32:05.751000,1.09803,1.098,1570000,2440000
2019-10-09 09:32:05.853000,1.09802,1.098,1200000,1500000
2019-10-09 09:32:05.954000,1.098,1.09799,820000,2440000
2019-10-09 09:32:06.056000,1.098,1.09798,750000,1500000
2019-10-09 09:32:06.107000,1.09799,1.09796,750000,2510000
2019-10-09 09:32:06.259000,1.09799,1.09797,1970000,750000
2019-10-09 09:32:06.369000,1.09799,1.09796,1970000,1690000
2019-10-09 09:32:06.421000,1.098,1.09798,600000,3620000
2019-10-09 09:32:06.473000,1.09802,1.098,600000,940000
2019-10-09 09:32:06.574000,1.09803,1.098,1200000,1690000
2019-10-09 09:32:06.965000,1.09802,1.098,600000,1690000
2019-10-09 09:32:07.066000,1.098,1.09797,1200000,1690000
2019-10-09 09:32:07.167000,1.098,1.09796,1010000,4000000
2019-10-09 09:32:07.269000,1.098,1.09796,3850000,2500000
2019-10-09 09:32:07.639000,1.09799,1.09796,600000,940000
2019-10-09 09:32:07.691000,1.09796,1.09795,820000,2440000
2019-10-09 09:32:07.792000,1.09795,1.09793,2140000,750000
2019-10-09 09:32:07.894000,1.09795,1.09794,1200000,750000
2019-10-09 09:32:07.995000,1.09794,1.09792,1570000,940000
2019-10-09 09:32:08.130000,1.09794,1.09791,1200000,1310000
2019-10-09 09:32:08.536000,1.09794,1.09792,1950000,1500000
2019-10-09 09:32:08.669000,1.09794,1.09791,1950000,1310000
2019-10-09 09:32:08.822000,1.09794,1.09791,1970000,1310000
2019-10-09 09:32:09.491000,1.09793,1.0979,1970000,3250000
2019-10-09 09:32:09.592000,1.09792,1.0979,820000,750000
2019-10-09 09:32:09.795000,1.09793,1.0979,1950000,2440000
2019-10-09 09:32:09.896000,1.09792,1.09791,600000,940000
2019-10-09 09:32:10.366000,1.09793,1.09791,1200000,940000
2019-10-09 09:32:10.467000,1.09792,1.0979,600000,2500000
2019-10-09 09:32:10.568000,1.09793,1.0979,600000,4000000
2019-10-09 09:32:10.669000,1.09793,1.0979,600000,4000000
2019-10-09 09:32:10.821000,1.09793,1.0979,1950000,2870000
2019-10-09 09:32:10.922000,1.09792,1.0979,600000,2440000
2019-10-09 09:32:11.040000,1.09793,1.0979,600000,3250000
2019-10-09 09:32:11.800000,1.09793,1.0979,600000,2440000
2019-10-09 09:32:12.058000,1.09793,1.09791,600000,750000
2019-10-09 09:32:12.159000,1.09791,1.09788,1500000,7820000
2019-10-09 09:32:12.312000,1.09791,1.09788,1570000,1690000
2019-10-09 09:32:12.446000,1.09791,1.0979,600000,940000
2019-10-09 09:32:12.497000,1.09794,1.0979,6470000,4000000
2019-10-09 09:32:12.548000,1.09794,1.09793,640000,1500000
2019-10-09 09:32:12.599000,1.09795,1.09794,2060000,1500000
2019-10-09 09:32:12.701000,1.09795,1.09793,640000,1500000
2019-10-09 09:32:12.823000,1.09794,1.09792,750000,750000
2019-10-09 09:32:12.927000,1.09793,1.0979,750000,3190000
2019-10-09 09:32:13.028000,1.09793,1.09791,600000,750000
2019-10-09 09:32:13.130000,1.09793,1.09791,600000,750000
2019-10-09 09:32:13.232000,1.09792,1.0979,750000,1690000
2019-10-09 09:32:13.880000,1.09792,1.0979,1220000,1310000
2019-10-09 09:32:13.983000,1.09793,1.0979,1950000,1310000
2019-10-09 09:32:14.034000,1.09791,1.09788,750000,850000
2019-10-09 09:32:14.085000,1.09791,1.09787,3470000,2440000
2019-10-09 09:32:14.365000,1.09791,1.09788,600000,2500000
2019-10-09 09:32:14.466000,1.09793,1.0979,3660000,750000
2019-10-09 09:32:14.568000,1.09792,1.09788,600000,3620000
2019-10-09 09:32:14.669000,1.09792,1.09789,1790000,750000
2019-10-09 09:32:14.770000,1.09792,1.09788,1760000,4310000
2019-10-09 09:32:14.892000,1.09792,1.09791,750000,750000
2019-10-09 09:32:15.208000,1.09792,1.0979,820000,3190000
2019-10-09 09:32:15.552000,1.09794,1.09791,2140000,750000
2019-10-09 09:32:16.249000,1.09794,1.09793,1500000,940000
2019-10-09 09:32:16.351000,1.09796,1.09795,1200000,1500000
2019-10-09 09:32:16.402000,1.09798,1.09796,2700000,1500000
2019-10-09 09:32:16.608000,1.09799,1.09795,2980000,4190000
2019-10-09 09:32:16.659000,1.09797,1.09796,750000,750000
2019-10-09 09:32:16.863000,1.09797,1.09795,820000,940000
2019-10-09 09:32:20.012000,1.09798,1.09795,3120000,1000000
2019-10-09 09:32:20.398000,1.09798,1.09796,1410000,3560000
2019-10-09 09:32:20.587000,1.09801,1.09797,1950000,3620000
2019-10-09 09:32:20.689000,1.098,1.09797,1570000,2120000
2019-10-09 09:32:20.790000,1.098,1.09796,1390000,4690000
2019-10-09 09:32:20.942000,1.09799,1.09796,600000,1120000
2019-10-09 09:32:21.479000,1.09799,1.09796,600000,4130000
2019-10-09 09:32:21.631000,1.09799,1.09796,1390000,1120000
2019-10-09 09:32:21.732000,1.09798,1.09796,600000,1120000
2019-10-09 09:32:21.893000,1.09799,1.09796,1390000,500000
2019-10-09 09:32:21.995000,1.09798,1.09796,600000,500000
2019-10-09 09:32:22.098000,1.09799,1.09796,750000,4000000
2019-10-09 09:32:22.200000,1.09799,1.09796,1220000,4000000
2019-10-09 09:32:22.301000,1.09799,1.09796,1200000,3630000
2019-10-09 09:32:22.453000,1.098,1.09797,1390000,1000000
2019-10-09 09:32:22.555000,1.098,1.09799,600000,940000
2019-10-09 09:32:22.670000,1.09802,1.09799,600000,1310000
2019-10-09 09:32:22.772000,1.09802,1.09799,600000,2060000
2019-10-09 09:32:22.874000,1.09802,1.098,600000,750000
2019-10-09 09:32:25.897000,1.09804,1.098,2910000,2440000
2019-10-09 09:32:25.998000,1.09804,1.09802,750000,1000000
2019-10-09 09:32:26.099000,1.09805,1.09803,2140000,750000
2019-10-09 09:32:26.150000,1.09805,1.09801,2890000,2440000
2019-10-09 09:32:26.201000,1.09803,1.09801,600000,2810000
2019-10-09 09:32:26.560000,1.09804,1.09801,1200000,1690000
2019-10-09 09:32:26.758000,1.09804,1.09801,1220000,1690000
2019-10-09 09:32:26.859000,1.09802,1.098,3250000,1500000
2019-10-09 09:32:26.961000,1.098,1.09796,1690000,1010000
2019-10-09 09:32:27.088000,1.098,1.09796,2910000,940000
2019-10-09 09:32:27.190000,1.09798,1.09796,750000,940000
2019-10-09 09:32:27.292000,1.09797,1.09795,750000,940000
2019-10-09 09:32:27.395000,1.09796,1.09793,500000,1000000
2019-10-09 09:32:27.446000,1.09796,1.09792,1120000,3510000
2019-10-09 09:32:27.548000,1.09795,1.09791,820000,3060000
2019-10-09 09:32:27.853000,1.09795,1.09792,1220000,560000
2019-10-09 09:32:28.759000,1.09794,1.09791,600000,1690000
2019-10-09 09:32:28.861000,1.09795,1.09791,2890000,5060000
2019-10-09 09:32:28.962000,1.09795,1.09791,2910000,5810000
2019-10-09 09:32:29.064000,1.09795,1.09791,2140000,10310000
2019-10-09 09:32:29.317000,1.09795,1.09792,2890000,750000
2019-10-09 09:32:29.577000,1.09794,1.09792,750000,1500000
2019-10-09 09:32:30.584000,1.09795,1.09791,3390000,940000
2019-10-09 09:32:32.434000,1.09793,1.09791,600000,1310000
2019-10-09 09:32:32.584000,1.09794,1.09791,1200000,2060000
2019-10-09 09:32:32.836000,1.09793,1.09791,600000,2810000
2019-10-09 09:32:33.215000,1.09794,1.09791,2270000,2500000
2019-10-09 09:32:33.266000,1.09791,1.0979,750000,1690000
2019-10-09 09:32:33.318000,1.09791,1.09789,3450000,750000
2019-10-09 09:32:33.419000,1.09792,1.0979,1970000,750000
2019-10-09 09:32:33.522000,1.09791,1.09789,600000,1690000
2019-10-09 09:32:33.573000,1.09793,1.09789,3640000,1690000
2019-10-09 09:32:33.675000,1.09793,1.09789,4410000,1010000
2019-10-09 09:32:33.776000,1.09793,1.09789,3640000,1310000
2019-10-09 09:32:33.888000,1.09793,1.09789,3700000,1120000
2019-10-09 09:32:33.989000,1.09793,1.09789,2510000,2060000
2019-10-09 09:32:34.091000,1.09792,1.09789,600000,1390000
2019-10-09 09:32:34.224000,1.09792,1.09791,600000,750000
2019-10-09 09:32:34.490000,1.09792,1.0979,600000,1870000
2019-10-09 09:32:34.592000,1.09793,1.0979,2510000,1120000
2019-10-09 09:32:34.752000,1.09792,1.0979,600000,1120000
2019-10-09 09:32:35.101000,1.09793,1.0979,2890000,1120000
2019-10-09 09:32:35.203000,1.09793,1.0979,2910000,1120000
2019-10-09 09:32:35.476000,1.09791,1.09789,3250000,750000
2019-10-09 09:32:35.527000,1.0979,1.09787,1070000,750000
2019-10-09 09:32:35.679000,1.0979,1.09789,600000,750000
2019-10-09 09:32:35.730000,1.09792,1.09789,600000,940000
2019-10-09 09:32:35.832000,1.09791,1.09788,850000,2890000
2019-10-09 09:32:35.934000,1.0979,1.09787,750000,1870000
2019-10-09 09:32:36.165000,1.0979,1.09788,1200000,750000
2019-10-09 09:32:36.266000,1.09789,1.09787,750000,1120000
2019-10-09 09:32:36.418000,1.09789,1.09786,940000,1870000
2019-10-09 09:32:36.620000,1.0979,1.09788,1760000,500000
2019-10-09 09:32:36.722000,1.09792,1.0979,2320000,750000
2019-10-09 09:32:36.825000,1.09791,1.09789,750000,1120000
2019-10-09 09:32:37.028000,1.0979,1.09787,1750000,2250000
2019-10-09 09:32:37.129000,1.09789,1.09786,1390000,3900000
2019-10-09 09:32:37.332000,1.09789,1.09785,2140000,3190000
2019-10-09 09:32:37.847000,1.09789,1.09786,2140000,750000
2019-10-09 09:32:37.948000,1.09789,1.09785,1760000,3190000
2019-10-09 09:32:38.101000,1.09789,1.09785,2160000,4760000
2019-10-09 09:32:38.202000,1.09789,1.09785,2140000,3190000
2019-10-09 09:32:38.304000,1.09787,1.09785,3560000,1500000
2019-10-09 09:32:38.450000,1.09785,1.09782,2890000,750000
2019-10-09 09:32:38.552000,1.09786,1.09783,850000,5060000
2019-10-09 09:32:38.655000,1.09786,1.09784,1750000,2070000
2019-10-09 09:32:38.757000,1.09786,1.09782,2570000,1500000
2019-10-09 09:32:39.063000,1.09784,1.09782,750000,1570000
2019-10-09 09:32:39.166000,1.09784,1.09781,940000,2700000
2019-10-09 09:32:39.983000,1.09785,1.09781,4690000,3260000
2019-10-09 09:32:40.084000,1.09784,1.09781,600000,1010000
2019-10-09 09:32:40.185000,1.09785,1.09782,3660000,750000
2019-10-09 09:32:40.287000,1.09785,1.09782,3190000,750000
2019-10-09 09:32:40.535000,1.09784,1.09782,750000,750000
2019-10-09 09:32:40.908000,1.09785,1.09782,1690000,1500000
2019-10-09 09:32:41.010000,1.09786,1.09784,2700000,1310000
2019-10-09 09:32:41.127000,1.09785,1.09784,750000,560000
2019-10-09 09:32:41.229000,1.09785,1.09783,1870000,750000
2019-10-09 09:32:41.331000,1.09785,1.09782,3070000,1010000
2019-10-09 09:32:42.222000,1.09785,1.09782,2350000,2250000
2019-10-09 09:32:42.323000,1.09785,1.09782,1950000,2250000
2019-10-09 09:32:42.424000,1.09785,1.09782,1970000,1500000
2019-10-09 09:32:42.542000,1.09785,1.09782,1950000,1500000
2019-10-09 09:32:43.359000,1.09786,1.09784,600000,2620000
2019-10-09 09:32:43.474000,1.09786,1.09783,820000,2070000
2019-10-09 09:32:43.576000,1.09786,1.09784,1570000,1870000
2019-10-09 09:32:44.133000,1.09785,1.09784,600000,750000
2019-10-09 09:32:44.258000,1.09786,1.09784,2890000,750000
2019-10-09 09:32:44.408000,1.09785,1.09782,750000,1690000
2019-10-09 09:32:44.920000,1.09784,1.09781,600000,1450000
2019-10-09 09:32:45.072000,1.09785,1.09781,2160000,940000
2019-10-09 09:32:45.173000,1.09783,1.09781,600000,3190000
2019-10-09 09:32:47.314000,1.09784,1.09781,1950000,940000
2019-10-09 09:32:47.517000,1.09784,1.09781,640000,2500000
2019-10-09 09:32:48.954000,1.09784,1.09781,1200000,940000
2019-10-09 09:32:49.108000,1.09784,1.09781,820000,2500000
2019-10-09 09:32:49.210000,1.09784,1.09781,820000,940000
2019-10-09 09:32:49.514000,1.09783,1.09781,600000,940000
2019-10-09 09:32:50.377000,1.09784,1.09781,1570000,940000
2019-10-09 09:32:51.122000,1.09785,1.09781,3640000,2810000
2019-10-09 09:32:51.264000,1.09784,1.09781,600000,940000
2019-10-09 09:32:51.372000,1.09783,1.09781,500000,940000
2019-10-09 09:32:51.473000,1.09784,1.09781,500000,1310000
2019-10-09 09:32:51.799000,1.09785,1.09781,4390000,940000
2019-10-09 09:32:52.235000,1.09783,1.09781,500000,940000
2019-10-09 09:32:52.336000,1.09784,1.09781,2060000,820000
2019-10-09 09:32:52.589000,1.09783,1.09781,500000,820000
2019-10-09 09:32:52.690000,1.09784,1.09781,1310000,820000
2019-10-09 09:32:54.125000,1.09783,1.09781,750000,3000000
2019-10-09 09:32:54.227000,1.09784,1.09781,2060000,1500000
2019-10-09 09:32:54.380000,1.09783,1.09781,750000,1950000
2019-10-09 09:32:54.748000,1.09784,1.09781,1310000,1570000
2019-10-09 09:32:54.849000,1.09783,1.09781,750000,2500000
2019-10-09 09:32:55.063000,1.09784,1.09781,1310000,5500000
2019-10-09 09:32:55.288000,1.09783,1.09781,500000,2200000
2019-10-09 09:32:55.537000,1.09784,1.09781,940000,6320000
2019-10-09 09:32:56.280000,1.09785,1.09783,940000,940000
2019-10-09 09:32:56.432000,1.09783,1.09782,500000,750000
2019-10-09 09:32:56.635000,1.09784,1.09781,500000,4310000
2019-10-09 09:32:56.738000,1.09784,1.09782,1870000,750000
2019-10-09 09:32:57.880000,1.09783,1.09782,500000,750000
2019-10-09 09:32:57.990000,1.09784,1.09782,4120000,750000
2019-10-09 09:33:01.013000,1.09783,1.09782,500000,750000
2019-10-09 09:33:01.568000,1.09784,1.09782,1120000,2250000
2019-10-09 09:33:01.670000,1.09783,1.09781,500000,1500000
2019-10-09 09:33:01.772000,1.09784,1.09781,560000,3750000
2019-10-09 09:33:02.026000,1.09783,1.09781,500000,1500000
2019-10-09 09:33:02.127000,1.09783,1.09781,1120000,3000000
2019-10-09 09:33:02.260000,1.09783,1.0978,1500000,3190000
2019-10-09 09:33:02.310000,1.09781,1.0978,1310000,1500000
2019-10-09 09:33:02.361000,1.09779,1.09778,500000,2250000
2019-10-09 09:33:02.463000,1.0978,1.09777,850000,820000
2019-10-09 09:33:03.227000,1.0978,1.09777,1200000,750000
2019-10-09 09:33:03.534000,1.09779,1.09777,500000,750000
2019-10-09 09:33:03.686000,1.09778,1.09776,500000,750000
2019-10-09 09:33:03.787000,1.09779,1.09776,3640000,2250000
2019-10-09 09:33:04.469000,1.09778,1.09776,500000,3070000
2019-10-09 09:33:04.929000,1.09779,1.09776,560000,1500000
2019-10-09 09:33:05.064000,1.0978,1.09777,2060000,940000
2019-10-09 09:33:05.368000,1.09782,1.09779,750000,750000
2019-10-09 09:33:05.469000,1.09784,1.09781,6640000,750000
2019-10-09 09:33:05.571000,1.09784,1.0978,11220000,750000
2019-10-09 09:33:05.956000,1.09783,1.09781,640000,750000
2019-10-09 09:33:06.058000,1.09783,1.0978,1390000,1500000
2019-10-09 09:33:06.108000,1.09781,1.0978,560000,750000
2019-10-09 09:33:06.210000,1.09782,1.09779,600000,1690000
2019-10-09 09:33:06.311000,1.09784,1.0978,4070000,2870000
2019-10-09 09:33:06.645000,1.09782,1.0978,500000,3820000
2019-10-09 09:33:06.746000,1.09784,1.0978,4040000,4760000
2019-10-09 09:33:07.311000,1.09783,1.09781,820000,1500000
2019-10-09 09:33:07.412000,1.09783,1.0978,820000,4760000
2019-10-09 09:33:07.657000,1.09783,1.09781,820000,750000
2019-10-09 09:33:07.758000,1.09783,1.0978,750000,6640000
2019-10-09 09:33:08.066000,1.09783,1.09781,750000,750000
2019-10-09 09:33:08.201000,1.09783,1.0978,750000,4310000
2019-10-09 09:33:08.746000,1.09783,1.0978,750000,6290000
2019-10-09 09:33:08.848000,1.09783,1.09782,750000,750000
2019-10-09 09:33:09.153000,1.09784,1.09782,750000,1120000
2019-10-09 09:33:09.457000,1.09784,1.0978,1310000,8510000
2019-10-09 09:33:09.558000,1.09783,1.09781,500000,750000
2019-10-09 09:33:09.868000,1.09784,1.09781,1390000,750000
2019-10-09 09:33:10.856000,1.09783,1.09781,500000,1870000
2019-10-09 09:33:11.007000,1.09785,1.09781,4470000,3820000
2019-10-09 09:33:11.677000,1.09783,1.09781,500000,1500000
2019-10-09 09:33:11.817000,1.09784,1.09781,2140000,750000
2019-10-09 09:33:11.918000,1.09784,1.0978,1390000,5810000
2019-10-09 09:33:12.069000,1.09784,1.09781,1390000,750000
2019-10-09 09:33:12.238000,1.09784,1.0978,1390000,5810000
2019-10-09 09:33:12.650000,1.09784,1.09781,1310000,1120000
2019-10-09 09:33:13.418000,1.09784,1.09781,1790000,500000
2019-10-09 09:33:13.998000,1.09784,1.09781,1310000,500000
2019-10-09 09:33:15.501000,1.09784,1.09782,1310000,750000
2019-10-09 09:33:15.602000,1.09784,1.09781,1310000,4870000
2019-10-09 09:33:16.456000,1.09784,1.09782,560000,500000
2019-10-09 09:33:16.558000,1.09785,1.09783,3320000,750000
2019-10-09 09:33:16.659000,1.09784,1.09781,560000,3820000
2019-10-09 09:33:16.811000,1.09783,1.09781,750000,1870000
2019-10-09 09:33:17.237000,1.09782,1.09781,500000,2620000
2019-10-09 09:33:17.338000,1.09783,1.09781,1120000,1120000
2019-10-09 09:33:17.641000,1.09782,1.0978,3560000,6750000
2019-10-09 09:33:17.743000,1.09782,1.09781,2320000,750000
2019-10-09 09:33:17.867000,1.09782,1.0978,2250000,2060000
2019-10-09 09:33:18.019000,1.09782,1.09781,2250000,750000
2019-10-09 09:33:18.120000,1.09782,1.0978,1500000,2060000
2019-10-09 09:33:18.221000,1.09783,1.09781,750000,560000
2019-10-09 09:33:18.322000,1.09782,1.09781,750000,560000
2019-10-09 09:33:18.509000,1.09784,1.09781,2350000,560000
2019-10-09 09:33:19.092000,1.09784,1.09781,3070000,1390000
2019-10-09 09:33:19.769000,1.09783,1.09781,500000,2620000
2019-10-09 09:33:19.922000,1.09781,1.0978,560000,3750000
2019-10-09 09:33:19.973000,1.09779,1.09778,750000,1870000
2019-10-09 09:33:20.330000,1.09778,1.09777,500000,820000
2019-10-09 09:33:20.482000,1.09778,1.09777,500000,500000
2019-10-09 09:33:20.584000,1.09779,1.09777,1570000,500000
2019-10-09 09:33:21.061000,1.09777,1.09775,750000,1310000
2019-10-09 09:33:21.212000,1.09777,1.09774,1310000,4020000
2019-10-09 09:33:21.321000,1.09778,1.09775,3190000,2250000
2019-10-09 09:33:21.422000,1.09777,1.09776,560000,750000
2019-10-09 09:33:21.538000,1.09777,1.09775,640000,750000
2019-10-09 09:33:21.857000,1.09778,1.09776,4750000,750000
2019-10-09 09:33:21.958000,1.09778,1.09775,3620000,1500000
2019-10-09 09:33:22.545000,1.09777,1.09776,560000,500000
2019-10-09 09:33:23.833000,1.09776,1.09775,750000,2250000
2019-10-09 09:33:23.934000,1.09776,1.09775,750000,1120000
2019-10-09 09:33:24.428000,1.09777,1.09776,750000,750000
2019-10-09 09:33:24.632000,1.09777,1.09775,750000,1880000
2019-10-09 09:33:26.781000,1.09777,1.09776,1310000,750000
2019-10-09 09:33:27.124000,1.09774,1.09773,750000,750000
2019-10-09 09:33:27.226000,1.09774,1.09772,750000,1120000
2019-10-09 09:33:27.327000,1.09776,1.09774,3700000,1120000
2019-10-09 09:33:27.429000,1.09779,1.09776,2510000,500000
2019-10-09 09:33:27.823000,1.09779,1.09776,1600000,1690000
2019-10-09 09:33:27.925000,1.09779,1.09776,1120000,3190000
2019-10-09 09:33:28.794000,1.09779,1.09776,1600000,1310000
2019-10-09 09:33:29.051000,1.09779,1.09776,1120000,560000
2019-10-09 09:33:29.736000,1.09778,1.09776,600000,1120000
2019-10-09 09:33:29.837000,1.09775,1.09774,750000,2700000
2019-10-09 09:33:29.939000,1.09775,1.09773,1870000,750000
2019-10-09 09:33:30.045000,1.09775,1.09772,1870000,500000
2019-10-09 09:33:30.324000,1.09776,1.09772,560000,1950000
2019-10-09 09:33:30.376000,1.09777,1.09774,560000,600000
2019-10-09 09:33:30.479000,1.09778,1.09775,1310000,750000
2019-10-09 09:33:31.501000,1.09777,1.09775,940000,1500000
2019-10-09 09:33:31.603000,1.09776,1.09775,750000,750000
2019-10-09 09:33:32.104000,1.09778,1.09775,3250000,1120000
2019-10-09 09:33:33.057000,1.09778,1.09776,1450000,750000
2019-10-09 09:33:33.210000,1.09777,1.09775,500000,2330000
2019-10-09 09:33:33.261000,1.09778,1.09775,750000,2810000
2019-10-09 09:33:33.363000,1.09778,1.09776,2060000,750000
2019-10-09 09:33:33.762000,1.09778,1.09775,1690000,3370000
2019-10-09 09:33:34.329000,1.09778,1.09776,1690000,750000
2019-10-09 09:33:34.430000,1.09776,1.09775,1500000,1120000
2019-10-09 09:33:34.481000,1.09774,1.09771,750000,2120000
2019-10-09 09:33:34.582000,1.09774,1.09771,1120000,1390000
2019-10-09 09:33:34.789000,1.09774,1.09772,750000,750000
2019-10-09 09:33:34.890000,1.09774,1.09771,750000,3640000
2019-10-09 09:33:35.042000,1.09775,1.09774,600000,750000
2019-10-09 09:33:35.144000,1.09775,1.09773,750000,1370000
2019-10-09 09:33:35.308000,1.09775,1.09773,750000,820000
2019-10-09 09:33:35.935000,1.09775,1.09772,2500000,560000
2019-10-09 09:33:36.045000,1.09771,1.0977,2810000,3000000
2019-10-09 09:33:36.096000,1.09768,1.09767,500000,1120000
2019-10-09 09:33:36.198000,1.09768,1.09766,1500000,600000
2019-10-09 09:33:36.728000,1.09768,1.09765,1870000,1990000
2019-10-09 09:33:36.829000,1.09768,1.09766,1870000,670000
2019-10-09 09:33:37.708000,1.09768,1.09765,1500000,2740000
2019-10-09 09:33:37.810000,1.09768,1.09766,750000,670000
2019-10-09 09:33:38.078000,1.09769,1.09766,2060000,2920000
2019-10-09 09:33:38.179000,1.09769,1.09767,2060000,750000
2019-10-09 09:33:38.483000,1.09771,1.09768,820000,4000000
2019-10-09 09:33:38.635000,1.09772,1.09768,3260000,5440000
2019-10-09 09:33:38.772000,1.09772,1.09771,750000,3000000
2019-10-09 09:33:38.824000,1.09771,1.09769,500000,3370000
2019-10-09 09:33:38.925000,1.09772,1.0977,2060000,750000
2019-10-09 09:33:39.027000,1.09772,1.09769,560000,2870000
2019-10-09 09:33:39.129000,1.09773,1.09771,1570000,750000
2019-10-09 09:33:39.231000,1.09774,1.09771,3190000,940000
2019-10-09 09:33:39.489000,1.09774,1.09772,750000,750000
2019-10-09 09:33:39.590000,1.09774,1.09773,750000,500000
2019-10-09 09:33:39.896000,1.09773,1.09772,750000,1500000
2019-10-09 09:33:40.729000,1.09774,1.09772,1870000,820000
2019-10-09 09:33:41.885000,1.09775,1.09772,1310000,1500000
2019-10-09 09:33:41.987000,1.09774,1.09772,1500000,1870000
2019-10-09 09:33:42.038000,1.09777,1.09775,640000,750000
2019-10-09 09:33:42.355000,1.09778,1.09775,1500000,2060000
2019-10-09 09:33:42.714000,1.09779,1.09775,2060000,2140000
2019-10-09 09:33:42.816000,1.09779,1.09777,1500000,750000
2019-10-09 09:33:42.918000,1.09778,1.09777,750000,1500000
2019-10-09 09:33:43.511000,1.09779,1.09777,1120000,1500000
2019-10-09 09:33:43.613000,1.09778,1.09777,750000,750000
2019-10-09 09:33:43.714000,1.09778,1.09776,750000,1690000
2019-10-09 09:33:44.215000,1.09777,1.09775,4000000,2250000
2019-10-09 09:33:44.317000,1.09773,1.09772,1120000,1500000
2019-10-09 09:33:44.418000,1.09772,1.0977,1120000,750000
2019-10-09 09:33:44.469000,1.09771,1.09769,750000,3370000
2019-10-09 09:33:44.595000,1.09771,1.0977,500000,750000
2019-10-09 09:33:44.697000,1.09771,1.09769,750000,4200000
2019-10-09 09:33:46.306000,1.09772,1.09768,2620000,2570000
2019-10-09 09:33:46.593000,1.09772,1.09769,1500000,4380000
2019-10-09 09:33:47.280000,1.09772,1.0977,750000,1000000
2019-10-09 09:33:49.382000,1.09775,1.09774,3640000,940000
2019-10-09 09:33:49.433000,1.09777,1.09775,4500000,1120000
2019-10-09 09:33:49.606000,1.09778,1.09775,1120000,2810000
2019-10-09 09:33:49.759000,1.09777,1.09775,500000,2250000
2019-10-09 09:33:50.012000,1.09778,1.09775,2060000,1870000
2019-10-09 09:33:50.164000,1.09776,1.09774,1120000,1570000
2019-10-09 09:33:50.392000,1.09777,1.09773,3350000,600000
2019-10-09 09:33:50.645000,1.09777,1.09772,4450000,5140000
2019-10-09 09:33:50.746000,1.09777,1.09773,7450000,750000
2019-10-09 09:33:51.002000,1.09777,1.09772,4450000,5140000
2019-10-09 09:33:51.105000,1.09777,1.09773,5200000,750000
2019-10-09 09:33:51.268000,1.09777,1.09772,4450000,5140000
2019-10-09 09:33:51.519000,1.09777,1.09775,940000,500000
2019-10-09 09:33:52.042000,1.09776,1.09774,500000,2440000
2019-10-09 09:33:52.194000,1.09777,1.09774,1200000,3560000
2019-10-09 09:33:52.295000,1.09777,1.09775,1500000,500000
2019-10-09 09:33:52.578000,1.09777,1.09774,750000,3260000
2019-10-09 09:33:53.057000,1.09777,1.09774,750000,5200000
2019-10-09 09:33:53.385000,1.09777,1.09774,1120000,1310000
2019-10-09 09:33:53.617000,1.09777,1.09774,4750000,750000
2019-10-09 09:33:53.719000,1.09777,1.09773,4750000,2510000
2019-10-09 09:33:54.076000,1.09777,1.09773,2810000,2510000
2019-10-09 09:33:55.047000,1.09777,1.09774,820000,5200000
2019-10-09 09:33:55.149000,1.09778,1.09775,820000,2200000
2019-10-09 09:33:56.344000,1.09778,1.09774,750000,8200000
2019-10-09 09:33:56.446000,1.09777,1.09775,750000,1870000
2019-10-09 09:33:57.002000,1.09776,1.09775,750000,1120000
2019-10-09 09:33:57.053000,1.09776,1.09773,940000,1500000
2019-10-09 09:33:57.562000,1.09776,1.09774,940000,750000
2019-10-09 09:33:57.663000,1.09776,1.09773,940000,1870000
2019-10-09 09:33:58.157000,1.09777,1.09773,3560000,1760000
2019-10-09 09:33:58.208000,1.09777,1.09775,500000,2620000
2019-10-09 09:33:58.461000,1.09778,1.09774,3000000,4820000
2019-10-09 09:33:58.562000,1.09777,1.09776,750000,750000
2019-10-09 09:33:58.657000,1.09779,1.09776,2250000,2870000
2019-10-09 09:33:59.011000,1.09778,1.09775,750000,2870000
2019-10-09 09:33:59.113000,1.09777,1.09775,750000,2540000
2019-10-09 09:33:59.214000,1.09778,1.09775,1120000,940000
2019-10-09 09:33:59.668000,1.09779,1.09774,3260000,6700000
2019-10-09 09:33:59.769000,1.09779,1.09776,3070000,1000000
2019-10-09 09:33:59.871000,1.09777,1.09775,750000,3190000
2019-10-09 09:33:59.973000,1.09778,1.09774,3450000,2500000
2019-10-09 09:34:00.095000,1.09777,1.09774,750000,2970000
2019-10-09 09:34:00.198000,1.09778,1.09774,4010000,2910000
2019-10-09 09:34:00.452000,1.09777,1.09774,750000,7820000
2019-10-09 09:34:00.566000,1.09778,1.09775,750000,1310000
2019-10-09 09:34:00.668000,1.09778,1.09775,750000,1450000
2019-10-09 09:34:01.869000,1.09777,1.09775,560000,1690000
2019-10-09 09:34:02.071000,1.09778,1.09776,2120000,750000
2019-10-09 09:34:02.173000,1.09778,1.09775,2120000,1690000
2019-10-09 09:34:02.329000,1.09778,1.09776,1120000,2250000
2019-10-09 09:34:02.531000,1.09778,1.09775,1310000,1500000
2019-10-09 09:34:02.632000,1.09777,1.09775,750000,1500000
2019-10-09 09:34:02.733000,1.09778,1.09775,1760000,2620000
2019-10-09 09:34:02.935000,1.09778,1.09776,2620000,750000
2019-10-09 09:34:03.070000,1.09778,1.09775,1690000,1200000
2019-10-09 09:34:03.580000,1.09777,1.09774,750000,4010000
2019-10-09 09:34:03.681000,1.09777,1.09776,750000,500000
2019-10-09 09:34:03.783000,1.09777,1.09774,750000,2140000
2019-10-09 09:34:04.137000,1.09776,1.09774,750000,2810000
2019-10-09 09:34:04.240000,1.09776,1.09774,2500000,1870000
2019-10-09 09:34:04.342000,1.09776,1.09773,1820000,2510000
2019-10-09 09:34:04.503000,1.09776,1.09774,1820000,750000
2019-10-09 09:34:04.611000,1.09775,1.09773,940000,940000
2019-10-09 09:34:04.713000,1.09775,1.09771,1310000,5510000
2019-10-09 09:34:04.866000,1.09776,1.09772,3320000,1500000
2019-10-09 09:34:05.679000,1.09776,1.09773,4070000,750000
2019-10-09 09:34:05.899000,1.09776,1.09772,3320000,1870000
2019-10-09 09:34:06,1.09776,1.09773,4070000,750000
2019-10-09 09:34:06.186000,1.09776,1.09772,3320000,1870000
2019-10-09 09:34:06.308000,1.09776,1.09773,4070000,750000
2019-10-09 09:34:06.588000,1.09776,1.09772,3320000,1870000
2019-10-09 09:34:06.938000,1.09776,1.09773,4070000,750000
2019-10-09 09:34:07.090000,1.09776,1.09772,3350000,750000
2019-10-09 09:34:08.419000,1.09774,1.09772,1570000,750000
2019-10-09 09:34:08.521000,1.09773,1.09771,500000,940000
2019-10-09 09:34:09.156000,1.09774,1.09771,820000,940000
2019-10-09 09:34:09.267000,1.09774,1.09771,1600000,1690000
2019-10-09 09:34:09.504000,1.09771,1.0977,500000,1870000
2019-10-09 09:34:09.656000,1.09772,1.0977,820000,1500000
2019-10-09 09:34:09.987000,1.09773,1.0977,1200000,940000
2019-10-09 09:34:11.639000,1.09774,1.0977,8320000,4330000
2019-10-09 09:34:11.798000,1.09774,1.0977,8350000,4330000
2019-10-09 09:34:12.122000,1.0977,1.09769,1120000,2640000
2019-10-09 09:34:12.173000,1.0977,1.09768,1120000,4500000
2019-10-09 09:34:12.325000,1.09769,1.09768,600000,750000
2019-10-09 09:34:12.426000,1.09769,1.09767,820000,1500000
2019-10-09 09:34:12.918000,1.0977,1.09767,2510000,2250000
2019-10-09 09:34:13.020000,1.0977,1.09767,1410000,1870000
2019-10-09 09:34:13.122000,1.09771,1.09767,5760000,2620000
2019-10-09 09:34:13.223000,1.0977,1.09767,660000,1870000
2019-10-09 09:34:13.375000,1.09771,1.09767,5690000,1570000
2019-10-09 09:34:15.566000,1.0977,1.09768,600000,3190000
2019-10-09 09:34:15.617000,1.09772,1.09769,3560000,750000
2019-10-09 09:34:15.720000,1.09772,1.0977,3290000,1120000
2019-10-09 09:34:15.852000,1.09771,1.09769,3620000,750000
2019-10-09 09:34:16.307000,1.09771,1.09768,4260000,1500000
2019-10-09 09:34:16.408000,1.0977,1.09769,940000,750000
2019-10-09 09:34:16.631000,1.09771,1.09768,4260000,2250000
2019-10-09 09:34:17.672000,1.0977,1.09769,940000,750000
2019-10-09 09:34:17.773000,1.09771,1.09768,3410000,1500000
2019-10-09 09:34:19.073000,1.09771,1.09769,2120000,750000
2019-10-09 09:34:19.174000,1.09771,1.09768,2120000,1500000
2019-10-09 09:34:19.326000,1.09771,1.09769,2120000,750000
2019-10-09 09:34:19.447000,1.09771,1.09768,2120000,1500000
2019-10-09 09:34:19.582000,1.09771,1.09769,2870000,750000
2019-10-09 09:34:19.835000,1.09771,1.09768,2870000,750000
2019-10-09 09:34:20.140000,1.09771,1.09769,2870000,750000
2019-10-09 09:34:20.283000,1.09771,1.09768,2870000,2250000
2019-10-09 09:34:20.769000,1.09771,1.09769,2870000,750000
2019-10-09 09:34:21.063000,1.09771,1.09768,2870000,1500000
2019-10-09 09:34:21.248000,1.09771,1.09769,1500000,1750000
2019-10-09 09:34:21.351000,1.09773,1.09772,750000,750000
2019-10-09 09:34:21.402000,1.09775,1.09772,4120000,940000
2019-10-09 09:34:21.504000,1.09776,1.09773,1570000,750000
2019-10-09 09:34:21.605000,1.09777,1.09775,1870000,750000
2019-10-09 09:34:21.808000,1.09776,1.09774,1500000,1120000
2019-10-09 09:34:21.939000,1.09775,1.09772,750000,2510000
2019-10-09 09:34:22.345000,1.09775,1.09773,2060000,750000
2019-10-09 09:34:22.447000,1.09777,1.09774,5140000,750000
2019-10-09 09:34:22.548000,1.09777,1.09773,4010000,1500000
2019-10-09 09:34:22.783000,1.09777,1.09774,8890000,750000
2019-10-09 09:34:22.934000,1.09777,1.09773,7040000,1950000
2019-10-09 09:34:23.036000,1.09776,1.09774,600000,750000
2019-10-09 09:34:23.137000,1.09776,1.09773,600000,1950000
2019-10-09 09:34:23.238000,1.09776,1.09774,600000,750000
2019-10-09 09:34:23.340000,1.09776,1.09773,600000,1950000
2019-10-09 09:34:24.064000,1.09777,1.09773,4760000,1500000
2019-10-09 09:34:24.399000,1.09776,1.09773,600000,2700000
2019-10-09 09:34:24.501000,1.09775,1.09772,750000,3470000
2019-10-09 09:34:24.602000,1.09775,1.09772,1690000,1500000
2019-10-09 09:34:24.719000,1.09775,1.09773,820000,750000
2019-10-09 09:34:24.871000,1.09775,1.09772,750000,3190000
2019-10-09 09:34:25.168000,1.09775,1.09773,1500000,750000
2019-10-09 09:34:25.320000,1.09775,1.09772,1500000,3190000
2019-10-09 09:34:25.444000,1.09775,1.09772,1500000,4410000
2019-10-09 09:34:25.879000,1.09777,1.09773,6260000,1120000
2019-10-09 09:34:26.841000,1.09777,1.09775,1970000,750000
2019-10-09 09:34:26.943000,1.09777,1.09775,2440000,940000
2019-10-09 09:34:27.514000,1.09777,1.09774,820000,4760000
2019-10-09 09:34:27.616000,1.09777,1.09775,750000,500000
2019-10-09 09:34:28.459000,1.09777,1.09774,750000,4760000
2019-10-09 09:34:28.611000,1.09777,1.09775,750000,750000
2019-10-09 09:34:30.364000,1.09778,1.09775,1690000,1870000
2019-10-09 09:34:30.789000,1.09778,1.09774,1690000,5890000
2019-10-09 09:34:31.340000,1.09778,1.09775,1690000,750000
2019-10-09 09:34:31.572000,1.09779,1.09776,5220000,750000
2019-10-09 09:34:32.009000,1.09779,1.09776,2810000,1500000
2019-10-09 09:34:32.183000,1.09779,1.09777,750000,750000
2019-10-09 09:34:33.092000,1.09779,1.09776,1120000,3260000
2019-10-09 09:34:33.295000,1.09779,1.09777,1200000,500000
2019-10-09 09:34:33.557000,1.09779,1.09776,1200000,3260000
2019-10-09 09:34:34.898000,1.0978,1.09777,3560000,1500000
2019-10-09 09:34:35,1.09782,1.09779,1500000,5440000
2019-10-09 09:34:35.161000,1.09783,1.0978,560000,1120000
2019-10-09 09:34:35.263000,1.09782,1.0978,750000,3260000
2019-10-09 09:34:35.313000,1.09784,1.0978,1310000,4760000
2019-10-09 09:34:35.415000,1.09784,1.0978,2540000,8890000
2019-10-09 09:34:35.576000,1.09784,1.0978,1310000,4760000
2019-10-09 09:34:35.701000,1.09783,1.0978,500000,7010000
2019-10-09 09:34:36.508000,1.09784,1.0978,940000,3640000
2019-10-09 09:34:36.609000,1.09784,1.09781,940000,750000
2019-10-09 09:34:37.140000,1.09784,1.09781,1790000,750000
2019-10-09 09:34:38.212000,1.09783,1.0978,600000,4760000
2019-10-09 09:34:38.819000,1.09784,1.09781,940000,750000
2019-10-09 09:34:39.022000,1.09783,1.09781,560000,750000
2019-10-09 09:34:39.353000,1.09783,1.0978,500000,4010000
2019-10-09 09:34:39.659000,1.09783,1.09781,500000,750000
2019-10-09 09:34:39.971000,1.09784,1.0978,2510000,3560000
2019-10-09 09:34:40.242000,1.09784,1.0978,4070000,3370000
2019-10-09 09:34:40.343000,1.09784,1.0978,1760000,4310000
2019-10-09 09:34:40.497000,1.09783,1.0978,1000000,4310000
2019-10-09 09:34:40.548000,1.09784,1.09781,3260000,750000
2019-10-09 09:34:40.699000,1.09785,1.09782,7370000,750000
2019-10-09 09:34:41.100000,1.09785,1.09781,5950000,750000
2019-10-09 09:34:41.252000,1.09783,1.09781,500000,1500000
2019-10-09 09:34:41.353000,1.09785,1.09781,5950000,750000
2019-10-09 09:34:41.505000,1.09785,1.09783,2510000,750000
2019-10-09 09:34:41.607000,1.09786,1.09784,3820000,750000
2019-10-09 09:34:41.714000,1.09785,1.09782,2120000,750000
2019-10-09 09:34:41.815000,1.09786,1.09783,1390000,750000
2019-10-09 09:34:42.018000,1.09786,1.09782,1310000,2320000
2019-10-09 09:34:42.521000,1.09787,1.09784,1760000,1500000
2019-10-09 09:34:42.622000,1.09788,1.09784,6700000,3700000
2019-10-09 09:34:42.778000,1.09786,1.09783,2120000,750000
2019-10-09 09:34:42.880000,1.09786,1.09784,750000,750000
2019-10-09 09:34:42.981000,1.09787,1.09783,560000,5510000
2019-10-09 09:34:43.082000,1.09785,1.09783,560000,1010000
2019-10-09 09:34:43.760000,1.09786,1.09782,4260000,4870000
2019-10-09 09:34:43.862000,1.09785,1.09783,2540000,750000
2019-10-09 09:34:43.964000,1.09785,1.09782,1760000,750000
2019-10-09 09:34:44.117000,1.09784,1.09782,750000,750000
2019-10-09 09:34:44.319000,1.09784,1.09782,1450000,1500000
2019-10-09 09:34:44.439000,1.09785,1.09782,2970000,1500000
2019-10-09 09:34:44.642000,1.09785,1.09782,3260000,1500000
2019-10-09 09:34:44.745000,1.09784,1.09782,820000,1500000
2019-10-09 09:34:44.846000,1.09785,1.09782,2510000,1500000
2019-10-09 09:34:45.020000,1.09784,1.09782,600000,1500000
2019-10-09 09:34:45.121000,1.09785,1.09782,2440000,1500000
2019-10-09 09:34:46.332000,1.09786,1.09783,2120000,750000
2019-10-09 09:34:47.792000,1.09786,1.09783,1760000,2250000
2019-10-09 09:34:47.893000,1.09787,1.09785,2140000,750000
2019-10-09 09:34:47.995000,1.09787,1.09784,4010000,1500000
2019-10-09 09:34:48.214000,1.09787,1.09785,2890000,750000
2019-10-09 09:34:48.315000,1.09786,1.09784,600000,1500000
2019-10-09 09:34:49.056000,1.09787,1.09784,2890000,1500000
2019-10-09 09:34:49.562000,1.09786,1.09784,820000,750000
2019-10-09 09:34:49.664000,1.09786,1.09783,3070000,2250000
2019-10-09 09:34:49.765000,1.09785,1.09784,600000,750000
2019-10-09 09:34:49.866000,1.09785,1.09783,600000,1500000
2019-10-09 09:34:50.099000,1.09786,1.09784,1010000,750000
2019-10-09 09:34:50.207000,1.09787,1.09783,7100000,2250000
2019-10-09 09:34:50.961000,1.09786,1.09784,1760000,750000
2019-10-09 09:34:51.079000,1.09786,1.09783,640000,2250000
2019-10-09 09:34:52.512000,1.09787,1.09785,600000,940000
2019-10-09 09:34:52.614000,1.09788,1.09786,800000,750000
2019-10-09 09:34:52.866000,1.0979,1.09789,3040000,750000
2019-10-09 09:34:53.017000,1.09788,1.09787,200000,1870000
2019-10-09 09:34:53.068000,1.0979,1.09788,940000,1500000
2019-10-09 09:34:53.333000,1.0979,1.09788,1410000,1500000
2019-10-09 09:34:53.667000,1.0979,1.09788,1390000,750000
2019-10-09 09:34:53.768000,1.0979,1.09786,2570000,5620000
2019-10-09 09:34:54.413000,1.09789,1.09787,640000,750000
2019-10-09 09:34:54.880000,1.09791,1.09789,2600000,750000
2019-10-09 09:34:54.982000,1.09792,1.0979,940000,1690000
2019-10-09 09:34:55.482000,1.09792,1.09791,560000,750000
2019-10-09 09:34:56.946000,1.09793,1.0979,3320000,1500000
2019-10-09 09:35:00.950000,1.09794,1.0979,5690000,2320000
2019-10-09 09:35:01.468000,1.09795,1.09791,7260000,750000
2019-10-09 09:35:01.569000,1.09795,1.09792,1220000,750000
