time,ask,bid,ask_volume,bid_volume
2017-07-19 09:25:00.852000,1.15363,1.15359,4200000,5170000
2017-07-19 09:25:01.263000,1.15364,1.15362,1310000,4870000
2017-07-19 09:25:01.315000,1.15367,1.15363,4950000,1200000
2017-07-19 09:25:02.173000,1.15367,1.15364,1870000,1000000
2017-07-19 09:25:02.708000,1.15368,1.15365,3750000,1000000
2017-07-19 09:25:03.537000,1.15368,1.15365,2140000,1000000
2017-07-19 09:25:05.488000,1.15368,1.15365,3070000,1240000
2017-07-19 09:25:06.978000,1.15366,1.15365,1000000,1240000
2017-07-19 09:25:09.380000,1.15367,1.15365,1100000,2250000
2017-07-19 09:25:09.950000,1.15367,1.15364,1270000,5920000
2017-07-19 09:25:10.992000,1.15366,1.15364,1000000,4950000
2017-07-19 09:25:11.524000,1.15366,1.15363,1410000,3370000
2017-07-19 09:25:13.982000,1.15367,1.15363,5550000,1120000
2017-07-19 09:25:14.517000,1.15367,1.15364,2810000,4500000
2017-07-19 09:25:15.374000,1.15367,1.15364,2810000,4870000
2017-07-19 09:25:15.989000,1.15367,1.15364,2920000,1120000
2017-07-19 09:25:16.625000,1.15367,1.15364,2360000,1120000
2017-07-19 09:25:17.167000,1.15366,1.15364,1610000,1870000
2017-07-19 09:25:19.937000,1.15367,1.15364,2320000,1120000
2017-07-19 09:25:20.470000,1.15367,1.15364,2320000,1870000
2017-07-19 09:25:22.077000,1.15367,1.15364,1000000,1120000
2017-07-19 09:25:24.025000,1.15368,1.15364,11150000,2060000
2017-07-19 09:25:25.815000,1.15368,1.15364,5470000,1500000
2017-07-19 09:25:26.323000,1.15368,1.15365,1870000,4500000
2017-07-19 09:25:27.097000,1.15366,1.15365,1000000,1000000
2017-07-19 09:25:27.149000,1.15369,1.15365,4610000,1870000
2017-07-19 09:25:27.406000,1.1537,1.15367,1000000,4870000
2017-07-19 09:25:29.318000,1.15372,1.15368,3820000,1120000
2017-07-19 09:25:31.522000,1.15372,1.15369,2320000,3370000
2017-07-19 09:25:31.830000,1.15373,1.15371,1500000,9370000
2017-07-19 09:25:31.932000,1.15374,1.15371,1000000,9370000
2017-07-19 09:25:32.826000,1.15373,1.15371,1000000,9370000
2017-07-19 09:25:33.441000,1.15374,1.15372,4690000,3750000
2017-07-19 09:25:34.129000,1.15374,1.15371,2250000,7870000
2017-07-19 09:25:34.697000,1.15374,1.15372,1870000,3750000
2017-07-19 09:25:36.843000,1.15374,1.15372,4010000,4500000
2017-07-19 09:25:37.353000,1.15374,1.15371,5140000,4500000
2017-07-19 09:25:37.507000,1.15373,1.15371,2810000,3750000
2017-07-19 09:25:38.011000,1.15373,1.15371,1870000,3750000
2017-07-19 09:25:38.809000,1.15373,1.1537,3190000,8620000
2017-07-19 09:25:39.334000,1.15373,1.1537,3560000,8620000
2017-07-19 09:25:40.572000,1.15374,1.15371,2620000,8060000
2017-07-19 09:25:40.726000,1.15376,1.15372,1760000,6450000
2017-07-19 09:25:41.067000,1.15377,1.15374,2810000,1680000
2017-07-19 09:25:41.956000,1.15377,1.15375,3000000,4110000
2017-07-19 09:25:43.036000,1.15377,1.15374,3000000,9370000
2017-07-19 09:25:43.557000,1.15377,1.15375,1000000,1000000
2017-07-19 09:25:45.577000,1.15378,1.15375,5060000,1690000
2017-07-19 09:25:45.628000,1.15379,1.15375,3110000,6750000
2017-07-19 09:25:46.038000,1.15377,1.15376,1000000,3750000
2017-07-19 09:25:46.547000,1.15378,1.15375,3000000,5400000
2017-07-19 09:25:47.233000,1.15378,1.15375,4870000,2060000
2017-07-19 09:25:57.067000,1.15375,1.15373,2250000,4090000
2017-07-19 09:25:57.393000,1.15372,1.1537,1500000,1190000
2017-07-19 09:25:57.906000,1.15373,1.1537,3220000,1000000
2017-07-19 09:25:58.419000,1.15373,1.15369,4690000,2250000
2017-07-19 09:25:58.734000,1.15374,1.15372,1000000,1690000
2017-07-19 09:25:59.845000,1.15374,1.15371,1200000,1310000
2017-07-19 09:26:00.385000,1.15375,1.15371,3000000,4460000
2017-07-19 09:26:00.641000,1.15376,1.15373,1500000,1500000
2017-07-19 09:26:01.276000,1.15377,1.15373,4570000,1500000
2017-07-19 09:26:07.235000,1.15375,1.15374,2440000,2140000
2017-07-19 09:26:07.746000,1.15377,1.15373,2620000,2250000
2017-07-19 09:26:11.051000,1.15377,1.15374,1000000,1570000
2017-07-19 09:26:11.596000,1.15378,1.15375,2620000,1000000
2017-07-19 09:26:12.023000,1.15378,1.15377,1000000,1000000
2017-07-19 09:26:12.227000,1.15379,1.15375,1200000,9190000
2017-07-19 09:26:13.290000,1.15379,1.15375,3450000,7310000
2017-07-19 09:26:13.833000,1.15379,1.15376,3070000,1000000
2017-07-19 09:26:14.039000,1.15378,1.15375,5510000,1290000
2017-07-19 09:26:14.478000,1.15376,1.15373,3000000,6940000
2017-07-19 09:26:14.633000,1.15375,1.15371,1100000,10950000
2017-07-19 09:26:15.142000,1.15376,1.15373,1870000,1000000
2017-07-19 09:26:15.670000,1.15377,1.15373,5620000,1870000
2017-07-19 09:26:16.689000,1.15375,1.15373,1500000,1870000
2017-07-19 09:26:16.846000,1.15373,1.15372,3970000,2620000
2017-07-19 09:26:16.898000,1.15372,1.1537,1120000,1500000
2017-07-19 09:26:17.304000,1.15371,1.15367,1650000,5850000
2017-07-19 09:26:17.458000,1.15369,1.15367,1570000,1690000
2017-07-19 09:26:17.714000,1.15371,1.15367,3520000,10310000
2017-07-19 09:26:18.613000,1.15371,1.15368,3000000,1690000
2017-07-19 09:26:19.127000,1.15371,1.15368,1540000,1500000
2017-07-19 09:26:20.974000,1.15371,1.15368,3370000,2620000
2017-07-19 09:26:21.487000,1.1537,1.15368,1500000,2620000
2017-07-19 09:26:24.579000,1.1537,1.15367,3000000,5320000
2017-07-19 09:26:25.089000,1.15371,1.15367,4870000,17700001
2017-07-19 09:26:25.554000,1.15369,1.15367,1500000,9060000
2017-07-19 09:26:25.913000,1.15368,1.15366,1570000,1000000
2017-07-19 09:26:27.260000,1.1537,1.15368,2440000,1500000
2017-07-19 09:26:27.363000,1.15372,1.15369,2250000,3070000
2017-07-19 09:26:27.517000,1.15373,1.15371,1760000,1000000
2017-07-19 09:26:27.619000,1.15373,1.15369,1760000,1500000
2017-07-19 09:26:28.498000,1.15372,1.15368,1000000,6670000
2017-07-19 09:26:31.963000,1.15373,1.15369,1950000,1500000
2017-07-19 09:26:32.186000,1.15371,1.15369,1000000,1000000
2017-07-19 09:26:32.699000,1.15371,1.15368,2250000,4950000
2017-07-19 09:26:33.535000,1.15371,1.15369,1500000,1950000
2017-07-19 09:26:34.115000,1.15372,1.15369,3000000,2140000
2017-07-19 09:26:34.636000,1.15372,1.15371,1000000,1000000
2017-07-19 09:26:38.025000,1.15373,1.1537,3750000,1760000
2017-07-19 09:26:38.969000,1.15373,1.15371,3190000,1120000
2017-07-19 09:26:39.479000,1.15372,1.1537,2700000,1570000
2017-07-19 09:26:39.986000,1.15372,1.1537,3820000,1570000
2017-07-19 09:26:40.294000,1.1537,1.15367,1760000,4200000
2017-07-19 09:26:40.500000,1.15371,1.15369,3750000,1390000
2017-07-19 09:26:41.042000,1.1537,1.15369,1570000,1100000
2017-07-19 09:26:41.986000,1.15371,1.15369,1000000,1320000
2017-07-19 09:26:42.685000,1.15371,1.15369,1500000,1390000
2017-07-19 09:26:43.249000,1.15371,1.15369,1500000,2060000
2017-07-19 09:26:46.963000,1.1537,1.15368,1500000,5700000
2017-07-19 09:26:47.168000,1.15372,1.15369,2890000,1200000
2017-07-19 09:26:47.729000,1.15371,1.15369,1500000,1700000
2017-07-19 09:26:47.833000,1.15373,1.15371,2620000,3450000
2017-07-19 09:26:48.378000,1.15372,1.15371,1570000,1200000
2017-07-19 09:26:48.916000,1.15374,1.15371,3370000,2140000
2017-07-19 09:26:49.427000,1.15374,1.15372,4310000,1120000
2017-07-19 09:26:49.957000,1.15374,1.15373,1000000,1120000
2017-07-19 09:26:50.529000,1.15376,1.15372,6040000,7570000
2017-07-19 09:26:50.892000,1.15375,1.15372,1500000,11210000
2017-07-19 09:26:51.659000,1.15376,1.15375,1250000,1000000
2017-07-19 09:26:52.195000,1.15377,1.15374,4160000,3710000
2017-07-19 09:26:53.431000,1.15377,1.15375,1250000,1310000
2017-07-19 09:26:53.941000,1.15378,1.15375,2250000,2140000
2017-07-19 09:26:54.460000,1.15377,1.15376,1500000,2620000
2017-07-19 09:26:54.971000,1.15377,1.15375,1570000,3070000
2017-07-19 09:26:55.887000,1.15377,1.15375,2440000,1500000
2017-07-19 09:26:56.722000,1.15377,1.15374,1120000,6600000
2017-07-19 09:27:00.175000,1.15377,1.15374,3190000,7090000
2017-07-19 09:27:03.200000,1.15377,1.15374,2250000,5660000
2017-07-19 09:27:03.728000,1.15376,1.15374,1570000,2250000
2017-07-19 09:27:03.934000,1.15373,1.1537,1500000,1950000
2017-07-19 09:27:05.578000,1.15373,1.1537,1570000,1500000
2017-07-19 09:27:07.148000,1.15373,1.15372,1500000,1000000
2017-07-19 09:27:07.690000,1.15372,1.15369,2620000,1120000
2017-07-19 09:27:08.254000,1.15372,1.15368,1690000,1310000
2017-07-19 09:27:08.779000,1.15372,1.15368,1500000,9040000
2017-07-19 09:27:12.235000,1.15372,1.15371,1570000,1000000
2017-07-19 09:27:12.768000,1.15373,1.15371,1000000,9220000
2017-07-19 09:27:13.177000,1.15375,1.15373,1310000,2250000
2017-07-19 09:27:13.705000,1.15376,1.15374,1690000,1200000
2017-07-19 09:27:14.201000,1.15377,1.15374,3260000,1120000
2017-07-19 09:27:14.713000,1.15377,1.15374,4390000,2700000
2017-07-19 09:27:15.216000,1.15377,1.15373,3070000,10390000
2017-07-19 09:27:15.523000,1.15376,1.15373,1500000,6750000
2017-07-19 09:27:15.676000,1.15374,1.15372,1870000,1000000
2017-07-19 09:27:16.187000,1.15374,1.15371,3370000,1500000
2017-07-19 09:27:16.738000,1.15373,1.15372,1500000,1000000
2017-07-19 09:27:17.248000,1.15372,1.1537,1500000,1120000
2017-07-19 09:27:17.719000,1.15371,1.15369,2250000,1570000
2017-07-19 09:27:23.393000,1.15372,1.15368,1500000,2250000
2017-07-19 09:27:28.320000,1.15371,1.15369,1000000,1000000
2017-07-19 09:27:32.013000,1.15371,1.15368,1500000,2060000
2017-07-19 09:27:32.168000,1.15369,1.15366,1500000,3940000
2017-07-19 09:27:32.495000,1.15371,1.15368,1220000,1100000
2017-07-19 09:27:32.801000,1.15369,1.15366,1500000,2320000
2017-07-19 09:27:33.322000,1.15369,1.15366,3190000,1690000
2017-07-19 09:27:36.076000,1.15368,1.15366,4010000,1000000
2017-07-19 09:27:37.440000,1.15368,1.15366,3070000,1000000
2017-07-19 09:27:37.967000,1.15368,1.15364,3070000,6110000
2017-07-19 09:27:38.606000,1.15368,1.15364,7120000,1120000
2017-07-19 09:27:41.446000,1.15367,1.15365,1500000,5620000
2017-07-19 09:27:41.498000,1.15368,1.15367,2510000,1000000
2017-07-19 09:27:41.810000,1.1537,1.15369,1500000,1120000
2017-07-19 09:27:42.761000,1.1537,1.15368,1000000,1200000
2017-07-19 09:27:43.804000,1.15371,1.15368,4690000,1200000
2017-07-19 09:27:44.954000,1.1537,1.15368,1000000,1100000
2017-07-19 09:27:45.310000,1.15368,1.15366,1500000,1200000
2017-07-19 09:27:45.619000,1.15367,1.15364,1500000,1120000
2017-07-19 09:27:46.056000,1.15368,1.15367,1000000,1000000
2017-07-19 09:27:47.372000,1.15367,1.15364,1000000,5140000
2017-07-19 09:27:50.777000,1.15368,1.15364,6370000,2620000
2017-07-19 09:27:52.086000,1.15368,1.15367,1310000,1500000
2017-07-19 09:27:52.138000,1.1537,1.15367,6000000,1570000
2017-07-19 09:27:52.683000,1.15371,1.15367,6750000,1200000
2017-07-19 09:27:53.898000,1.15369,1.15367,2250000,1500000
2017-07-19 09:27:54.433000,1.15369,1.15366,3090000,2170000
2017-07-19 09:27:54.953000,1.15369,1.15367,1500000,1500000
2017-07-19 09:27:56.227000,1.15367,1.15366,1100000,1250000
2017-07-19 09:27:56.381000,1.15367,1.15364,3370000,1500000
2017-07-19 09:27:56.889000,1.15367,1.15363,5890000,6070000
2017-07-19 09:27:57.400000,1.15366,1.15363,3750000,1010000
2017-07-19 09:27:59.130000,1.15365,1.15363,1500000,1010000
2017-07-19 09:27:59.986000,1.15365,1.15364,1500000,1000000
2017-07-19 09:28:00.494000,1.15366,1.15364,1200000,1000000
2017-07-19 09:28:01.587000,1.15365,1.15363,1500000,1500000
2017-07-19 09:28:02.792000,1.15366,1.15363,1570000,1500000
2017-07-19 09:28:05.009000,1.15365,1.15363,1500000,3000000
2017-07-19 09:28:05.533000,1.15366,1.15363,2250000,5060000
2017-07-19 09:28:06.303000,1.15366,1.15364,2360000,1100000
2017-07-19 09:28:07.531000,1.15366,1.15364,1150000,1100000
2017-07-19 09:28:08.988000,1.15365,1.15364,1500000,1100000
2017-07-19 09:28:15.025000,1.15366,1.15363,2360000,2620000
2017-07-19 09:28:17.866000,1.15366,1.15363,1650000,1870000
2017-07-19 09:28:18.376000,1.15366,1.15363,3900000,2620000
2017-07-19 09:28:19.630000,1.15366,1.15363,3220000,1500000
2017-07-19 09:28:20.137000,1.15366,1.15363,2440000,2250000
2017-07-19 09:28:20.639000,1.15365,1.15363,1060000,1500000
2017-07-19 09:28:21.034000,1.15363,1.15361,1000000,13310000
2017-07-19 09:28:21.545000,1.15362,1.1536,5890000,1570000
2017-07-19 09:28:22.666000,1.15362,1.15359,2770000,1100000
2017-07-19 09:28:24.133000,1.15362,1.15358,4010000,7090000
2017-07-19 09:28:24.641000,1.15362,1.15359,2370000,4950000
2017-07-19 09:28:25.708000,1.15362,1.15359,2370000,2510000
2017-07-19 09:28:26.229000,1.15362,1.15361,2370000,1000000
2017-07-19 09:28:26.759000,1.15363,1.1536,2700000,2320000
2017-07-19 09:28:27.781000,1.15361,1.1536,1000000,1120000
2017-07-19 09:28:29.577000,1.15362,1.15359,4390000,3260000
2017-07-19 09:28:30.117000,1.15361,1.15359,1500000,2140000
2017-07-19 09:28:31.153000,1.15362,1.15359,3070000,1100000
2017-07-19 09:28:32.326000,1.15362,1.1536,3070000,1000000
2017-07-19 09:28:33.395000,1.15362,1.1536,3260000,1100000
2017-07-19 09:28:33.984000,1.15363,1.1536,2400000,1000000
2017-07-19 09:28:34.772000,1.15363,1.15361,2890000,1000000
2017-07-19 09:28:35.816000,1.15363,1.15361,5890000,1000000
2017-07-19 09:28:36.229000,1.15363,1.15358,5770000,2320000
2017-07-19 09:28:36.745000,1.15363,1.15358,10950000,9070000
2017-07-19 09:28:37.412000,1.15362,1.15358,1100000,3560000
2017-07-19 09:28:39.887000,1.15362,1.15358,2700000,5440000
2017-07-19 09:28:40.859000,1.1536,1.15358,2620000,2810000
2017-07-19 09:28:40.962000,1.15359,1.15357,1120000,3000000
2017-07-19 09:28:41.655000,1.1536,1.15357,1000000,4310000
2017-07-19 09:28:42.180000,1.1536,1.15358,1950000,1500000
2017-07-19 09:28:42.714000,1.15359,1.15358,1500000,1000000
2017-07-19 09:28:43.129000,1.15359,1.15355,4760000,2810000
2017-07-19 09:28:43.681000,1.15358,1.15354,7200000,1120000
2017-07-19 09:28:45.726000,1.15358,1.15354,4720000,1500000
2017-07-19 09:28:46.136000,1.15358,1.15356,5620000,5100000
2017-07-19 09:28:46.291000,1.15361,1.15358,3820000,1350000
2017-07-19 09:28:46.867000,1.1536,1.15356,6150000,3190000
2017-07-19 09:28:47.022000,1.15361,1.15358,4500000,3000000
2017-07-19 09:28:47.074000,1.15362,1.15358,2700000,2250000
2017-07-19 09:28:47.583000,1.15362,1.15359,3640000,1500000
2017-07-19 09:28:49.846000,1.15362,1.15359,7010000,2440000
2017-07-19 09:28:50.959000,1.15359,1.15358,1000000,1000000
2017-07-19 09:28:51.011000,1.15358,1.15356,1310000,3450000
2017-07-19 09:28:51.776000,1.15358,1.15355,1690000,1690000
2017-07-19 09:28:52.310000,1.15358,1.15354,2620000,8550000
2017-07-19 09:28:52.859000,1.15358,1.15354,3560000,2050000
2017-07-19 09:28:53.267000,1.15357,1.15354,2620000,4240000
2017-07-19 09:28:54.755000,1.15357,1.15354,1620000,1120000
2017-07-19 09:28:56.453000,1.15355,1.15353,1620000,1310000
2017-07-19 09:28:56.964000,1.15354,1.15352,4390000,1250000
2017-07-19 09:28:57.153000,1.15353,1.1535,1470000,1310000
2017-07-19 09:28:57.669000,1.15353,1.15349,4180000,1690000
2017-07-19 09:28:58.292000,1.15352,1.15348,2020000,5250000
2017-07-19 09:28:58.802000,1.15351,1.15347,1390000,10440000
2017-07-19 09:28:59.608000,1.1535,1.15348,1000000,1120000
2017-07-19 09:29:00.116000,1.15351,1.15348,2400000,1000000
2017-07-19 09:29:00.641000,1.15352,1.15349,8190000,1000000
2017-07-19 09:29:01.152000,1.15352,1.15349,1690000,2140000
2017-07-19 09:29:01.665000,1.15353,1.1535,4390000,1000000
2017-07-19 09:29:02.174000,1.15351,1.1535,1000000,1000000
2017-07-19 09:29:02.959000,1.15351,1.15349,1000000,6070000
2017-07-19 09:29:03.470000,1.15351,1.15349,1000000,1470000
2017-07-19 09:29:03.994000,1.15353,1.1535,6710000,1200000
2017-07-19 09:29:05.016000,1.15352,1.15349,1950000,4950000
2017-07-19 09:29:05.265000,1.15355,1.15352,4010000,4050000
2017-07-19 09:29:05.318000,1.15355,1.15352,1570000,1570000
2017-07-19 09:29:06.147000,1.15356,1.15352,8250000,7950000
2017-07-19 09:29:06.663000,1.15355,1.15351,3000000,3820000
2017-07-19 09:29:07.123000,1.15352,1.15351,1000000,1120000
2017-07-19 09:29:07.175000,1.15352,1.15349,1500000,2960000
2017-07-19 09:29:07.380000,1.15353,1.15352,2250000,2440000
2017-07-19 09:29:07.886000,1.15353,1.1535,1500000,5700000
2017-07-19 09:29:08.469000,1.15353,1.1535,1870000,7200000
2017-07-19 09:29:08.775000,1.15353,1.1535,1120000,7950000
2017-07-19 09:29:09.291000,1.15353,1.15351,1120000,2550000
2017-07-19 09:29:10.199000,1.15353,1.15351,1730000,1470000
2017-07-19 09:29:10.736000,1.15354,1.15352,1690000,2550000
2017-07-19 09:29:12.412000,1.15354,1.15352,1200000,2550000
2017-07-19 09:29:12.928000,1.15353,1.15351,1120000,3670000
2017-07-19 09:29:13.438000,1.15353,1.15351,1120000,2250000
2017-07-19 09:29:13.981000,1.15353,1.1535,1310000,2060000
2017-07-19 09:29:14.521000,1.15353,1.15351,1200000,1000000
2017-07-19 09:29:15.038000,1.15353,1.1535,1120000,3340000
2017-07-19 09:29:15.345000,1.15354,1.15353,2060000,1120000
2017-07-19 09:29:15.825000,1.15354,1.15351,3190000,5810000
2017-07-19 09:29:16.537000,1.15354,1.15351,2250000,5250000
2017-07-19 09:29:20.244000,1.15355,1.15352,2140000,6300000
2017-07-19 09:29:20.790000,1.15354,1.15352,1100000,4910000
2017-07-19 09:29:21.332000,1.15355,1.15352,1950000,3220000
2017-07-19 09:29:23.137000,1.15354,1.15352,1000000,1300000
2017-07-19 09:29:24.212000,1.15355,1.15352,1570000,1300000
2017-07-19 09:29:24.263000,1.15353,1.15351,1000000,2060000
2017-07-19 09:29:24.875000,1.15354,1.15352,1690000,1000000
2017-07-19 09:29:26.169000,1.15355,1.15352,2700000,2100000
2017-07-19 09:29:26.955000,1.15354,1.15353,1000000,1250000
2017-07-19 09:29:27.499000,1.15355,1.15353,1000000,1120000
2017-07-19 09:29:28.401000,1.15355,1.15352,5740000,1250000
2017-07-19 09:29:29.581000,1.15354,1.15351,1250000,7200000
2017-07-19 09:29:31.089000,1.15353,1.15351,1000000,5510000
2017-07-19 09:29:31.624000,1.15354,1.15351,1250000,4690000
2017-07-19 09:29:36.635000,1.15354,1.15352,1000000,1100000
2017-07-19 09:29:37.586000,1.15355,1.15352,2290000,2320000
2017-07-19 09:29:42.760000,1.15353,1.15352,1000000,1500000
2017-07-19 09:29:42.863000,1.15352,1.1535,1120000,1310000
2017-07-19 09:29:43.069000,1.15354,1.15351,3490000,8250000
2017-07-19 09:29:43.172000,1.15354,1.15351,3560000,5620000
2017-07-19 09:29:43.366000,1.15352,1.15351,2250000,1000000
2017-07-19 09:29:44.268000,1.15353,1.15351,2810000,1500000
2017-07-19 09:29:45.086000,1.15353,1.1535,3450000,2060000
2017-07-19 09:29:46.472000,1.15352,1.1535,2440000,2250000
2017-07-19 09:29:47.005000,1.15352,1.15349,2440000,5060000
2017-07-19 09:29:47.533000,1.15352,1.15349,1690000,5060000
2017-07-19 09:29:50.880000,1.15351,1.15348,1000000,8620000
2017-07-19 09:29:51.206000,1.15348,1.15346,1000000,1870000
2017-07-19 09:29:51.564000,1.15351,1.15348,1750000,1000000
2017-07-19 09:29:52.220000,1.1535,1.15348,1000000,2890000
2017-07-19 09:29:52.887000,1.1535,1.15349,1000000,1000000
2017-07-19 09:29:55.608000,1.15351,1.15349,2500000,7500000
2017-07-19 09:29:55.660000,1.15352,1.15351,1000000,4350000
2017-07-19 09:29:55.814000,1.1535,1.15349,2250000,1690000
2017-07-19 09:29:55.992000,1.15351,1.15348,3190000,4310000
2017-07-19 09:29:58.624000,1.15352,1.15349,4460000,1000000
2017-07-19 09:30:01.817000,1.15351,1.15348,1690000,2060000
2017-07-19 09:30:07.100000,1.1535,1.15348,1000000,1250000
2017-07-19 09:30:07.610000,1.15351,1.15348,2700000,2230000
2017-07-19 09:30:08.749000,1.15351,1.15348,3450000,3730000
2017-07-19 09:30:09.443000,1.15351,1.15348,1950000,2980000
2017-07-19 09:30:09.950000,1.15351,1.15349,3260000,1250000
2017-07-19 09:30:10.461000,1.15351,1.15348,2620000,2440000
2017-07-19 09:30:11.906000,1.15351,1.15347,2140000,2060000
2017-07-19 09:30:13.531000,1.15351,1.15348,1240000,1250000
2017-07-19 09:30:14.401000,1.15351,1.15349,2250000,1250000
2017-07-19 09:30:14.506000,1.15349,1.15348,1000000,1250000
2017-07-19 09:30:14.726000,1.15351,1.15348,1760000,1250000
2017-07-19 09:30:15.442000,1.15351,1.15348,2440000,4010000
2017-07-19 09:30:15.953000,1.15351,1.15348,1870000,2440000
2017-07-19 09:30:16.471000,1.15351,1.15349,1200000,1000000
2017-07-19 09:30:22.835000,1.15352,1.15349,2210000,1000000
2017-07-19 09:30:23.242000,1.15352,1.15348,3070000,3000000
2017-07-19 09:30:24.114000,1.15351,1.15348,1000000,3000000
2017-07-19 09:30:24.636000,1.15351,1.15349,1010000,1000000
2017-07-19 09:30:25.155000,1.1535,1.15349,1250000,1000000
2017-07-19 09:30:25.744000,1.1535,1.15347,1310000,4500000
2017-07-19 09:30:25.795000,1.15352,1.15347,13240000,5060000
2017-07-19 09:30:26.320000,1.15351,1.15348,1000000,1460000
2017-07-19 09:30:26.818000,1.15349,1.15347,1000000,6750000
2017-07-19 09:30:27.350000,1.1535,1.15348,5290000,1000000
2017-07-19 09:30:27.861000,1.15349,1.15348,1120000,1000000
2017-07-19 09:30:28.378000,1.1535,1.15348,1200000,1000000
2017-07-19 09:30:28.911000,1.1535,1.15347,1120000,2250000
2017-07-19 09:30:29.855000,1.15348,1.15345,1100000,3560000
2017-07-19 09:30:33.123000,1.15348,1.15344,1870000,2250000
2017-07-19 09:30:34.263000,1.15348,1.15344,1500000,2700000
2017-07-19 09:30:34.582000,1.15348,1.15347,1000000,1000000
2017-07-19 09:30:35.117000,1.15349,1.15347,1200000,1000000
2017-07-19 09:30:36.920000,1.15349,1.15347,3370000,1000000
2017-07-19 09:30:37.460000,1.15348,1.15344,1120000,1000000
2017-07-19 09:30:38.332000,1.15348,1.15344,5510000,1690000
2017-07-19 09:30:39.630000,1.15348,1.15345,9300000,1250000
2017-07-19 09:30:40.236000,1.15348,1.15345,2740000,1250000
2017-07-19 09:30:40.767000,1.15348,1.15346,1120000,1120000
2017-07-19 09:30:41.555000,1.15349,1.15346,2440000,2060000
2017-07-19 09:30:44.549000,1.15349,1.15346,2810000,1310000
2017-07-19 09:30:45.728000,1.15349,1.15346,3940000,1310000
2017-07-19 09:30:47.074000,1.15348,1.15345,1120000,1010000
2017-07-19 09:30:47.330000,1.15347,1.15344,1690000,3560000
2017-07-19 09:30:47.847000,1.15347,1.15344,1240000,4690000
2017-07-19 09:30:48.353000,1.15348,1.15344,3970000,3940000
2017-07-19 09:30:48.659000,1.1535,1.15348,1000000,1100000
2017-07-19 09:30:49.187000,1.15351,1.15349,2170000,1250000
2017-07-19 09:30:49.700000,1.15349,1.15348,1000000,1760000
2017-07-19 09:30:50.238000,1.1535,1.15348,1000000,2440000
2017-07-19 09:30:51.104000,1.1535,1.15348,1040000,2060000
2017-07-19 09:30:52.567000,1.1535,1.15349,1050000,1500000
2017-07-19 09:30:52.619000,1.15351,1.15349,1120000,1500000
2017-07-19 09:30:54.312000,1.15352,1.1535,4870000,1500000
2017-07-19 09:30:54.415000,1.15354,1.15352,1250000,4010000
2017-07-19 09:30:54.520000,1.15355,1.15354,1000000,1000000
2017-07-19 09:30:54.928000,1.15358,1.15356,1500000,1200000
2017-07-19 09:30:54.980000,1.15359,1.15357,3750000,2120000
2017-07-19 09:30:55.569000,1.15358,1.15356,5660000,1010000
2017-07-19 09:30:55.620000,1.15357,1.15355,1160000,2060000
2017-07-19 09:30:56.081000,1.15356,1.15354,1150000,1500000
2017-07-19 09:30:56.584000,1.15357,1.15354,1160000,2440000
2017-07-19 09:30:57.100000,1.15357,1.15354,1540000,3190000
2017-07-19 09:30:57.676000,1.15357,1.15354,1050000,3260000
2017-07-19 09:30:59.786000,1.15358,1.15357,1300000,3750000
2017-07-19 09:30:59.839000,1.15359,1.15358,1250000,1500000
2017-07-19 09:31:00.146000,1.15362,1.15358,2700000,3370000
2017-07-19 09:31:02.201000,1.15362,1.15359,1610000,1000000
2017-07-19 09:31:04.078000,1.15362,1.15359,1050000,2250000
2017-07-19 09:31:04.642000,1.15361,1.15359,1000000,3560000
2017-07-19 09:31:05.178000,1.15362,1.15359,1910000,3560000
2017-07-19 09:31:05.806000,1.15362,1.1536,2000000,1250000
2017-07-19 09:31:06.418000,1.15361,1.15359,1270000,3560000
2017-07-19 09:31:06.712000,1.15359,1.15358,1200000,1250000
2017-07-19 09:31:06.867000,1.15358,1.15356,1010000,1000000
2017-07-19 09:31:06.919000,1.15357,1.15355,1870000,2440000
2017-07-19 09:31:07.467000,1.15357,1.15354,3670000,2250000
2017-07-19 09:31:07.981000,1.15356,1.15354,1190000,2250000
2017-07-19 09:31:08.505000,1.15355,1.15353,1120000,2890000
2017-07-19 09:31:12.857000,1.15357,1.15353,5830000,1120000
2017-07-19 09:31:14.636000,1.15356,1.15354,1970000,1250000
2017-07-19 09:31:15.145000,1.15355,1.15353,1000000,1200000
2017-07-19 09:31:19.337000,1.15356,1.15353,1310000,1250000
2017-07-19 09:31:19.389000,1.15356,1.15353,1220000,1250000
2017-07-19 09:31:20.634000,1.15356,1.15352,1220000,4840000
2017-07-19 09:31:20.992000,1.15354,1.15352,1250000,1010000
2017-07-19 09:31:21.096000,1.15353,1.1535,1100000,2060000
2017-07-19 09:31:22.464000,1.15353,1.1535,2440000,2810000
2017-07-19 09:31:24.214000,1.15352,1.15349,1800000,3190000
2017-07-19 09:31:24.724000,1.15351,1.15348,1690000,1500000
2017-07-19 09:31:25.081000,1.1535,1.15348,3370000,1000000
2017-07-19 09:31:25.184000,1.15348,1.15345,4390000,2440000
2017-07-19 09:31:25.235000,1.15346,1.15345,1000000,1250000
2017-07-19 09:31:25.422000,1.15346,1.15342,4420000,4010000
2017-07-19 09:31:25.476000,1.15344,1.15342,1870000,1010000
2017-07-19 09:31:25.785000,1.15343,1.1534,3450000,3940000
2017-07-19 09:31:26.296000,1.15342,1.1534,2250000,1500000
2017-07-19 09:31:26.841000,1.15342,1.15339,4500000,1000000
2017-07-19 09:31:29.436000,1.15341,1.15339,2250000,2700000
2017-07-19 09:31:30.878000,1.15342,1.15338,5250000,9600000
2017-07-19 09:31:32.012000,1.15341,1.15339,1000000,1000000
2017-07-19 09:31:32.119000,1.15339,1.15337,8250000,2440000
2017-07-19 09:31:32.172000,1.15337,1.15336,1000000,1250000
2017-07-19 09:31:32.274000,1.15337,1.15334,2060000,3190000
2017-07-19 09:31:32.839000,1.15336,1.15334,2250000,1500000
2017-07-19 09:31:33.349000,1.15337,1.15333,10390000,4910000
2017-07-19 09:31:33.878000,1.15337,1.15333,9640000,3410000
2017-07-19 09:31:34.401000,1.15336,1.15332,1570000,3260000
2017-07-19 09:31:34.967000,1.15336,1.15332,3190000,3260000
2017-07-19 09:31:35.491000,1.15338,1.15336,21450001,2250000
2017-07-19 09:31:35.747000,1.15339,1.15337,1000000,5060000
2017-07-19 09:31:36.258000,1.1534,1.15338,2060000,1500000
2017-07-19 09:31:36.793000,1.15339,1.15338,1000000,1500000
2017-07-19 09:31:37.252000,1.15341,1.15338,2470000,1500000
2017-07-19 09:31:37.811000,1.15341,1.15337,2850000,6260000
2017-07-19 09:31:40.390000,1.15341,1.15337,1500000,5000000
2017-07-19 09:31:40.925000,1.15341,1.15339,2620000,1500000
2017-07-19 09:31:44.241000,1.15343,1.15341,5170000,5840000
2017-07-19 09:31:44.753000,1.15344,1.15343,2440000,1500000
2017-07-19 09:31:45.600000,1.15345,1.15342,2440000,3000000
2017-07-19 09:31:46.129000,1.15345,1.15343,2470000,1000000
2017-07-19 09:31:46.639000,1.15345,1.15342,2250000,3000000
2017-07-19 09:31:47.189000,1.15345,1.15342,5250000,5620000
2017-07-19 09:31:47.785000,1.15345,1.15343,1000000,3000000
2017-07-19 09:31:48.043000,1.15348,1.15346,1690000,1690000
2017-07-19 09:31:48.559000,1.15348,1.15346,8440000,1250000
2017-07-19 09:31:48.611000,1.15347,1.15345,1000000,2060000
2017-07-19 09:31:48.714000,1.15348,1.15347,3000000,1500000
2017-07-19 09:31:49.842000,1.1535,1.15347,3150000,3000000
2017-07-19 09:31:50.352000,1.1535,1.15347,2020000,3940000
2017-07-19 09:31:51.023000,1.15349,1.15346,2320000,2060000
2017-07-19 09:31:51.536000,1.15349,1.15346,5620000,11060000
2017-07-19 09:31:52.076000,1.15349,1.15347,4500000,1000000
2017-07-19 09:31:52.180000,1.15348,1.15346,1500000,3900000
2017-07-19 09:31:52.283000,1.15348,1.15345,7160000,2770000
2017-07-19 09:31:53.369000,1.15348,1.15344,4690000,2400000
2017-07-19 09:31:53.929000,1.15346,1.15344,1000000,2210000
2017-07-19 09:31:55.087000,1.15346,1.15345,1000000,1090000
2017-07-19 09:31:56.991000,1.15346,1.15344,1000000,1050000
2017-07-19 09:31:57.919000,1.15345,1.15343,1000000,2290000
2017-07-19 09:31:59.342000,1.15349,1.15348,5700000,1500000
2017-07-19 09:31:59.554000,1.15352,1.15348,4500000,1000000
2017-07-19 09:32:01.582000,1.15351,1.15348,2250000,1870000
2017-07-19 09:32:03.808000,1.15351,1.15347,1500000,6300000
2017-07-19 09:32:07.577000,1.15351,1.15348,1690000,1000000
2017-07-19 09:32:08.350000,1.15352,1.15348,3560000,4870000
2017-07-19 09:32:08.860000,1.15353,1.15349,4690000,4200000
2017-07-19 09:32:09.408000,1.15353,1.15349,7690000,1000000
2017-07-19 09:32:13.218000,1.15352,1.1535,3190000,1120000
2017-07-19 09:32:13.270000,1.15355,1.15352,1310000,3190000
2017-07-19 09:32:13.732000,1.15356,1.15353,1500000,1570000
2017-07-19 09:32:14.263000,1.15356,1.15353,1000000,3070000
2017-07-19 09:32:14.794000,1.15356,1.15353,1000000,4950000
2017-07-19 09:32:16.510000,1.15357,1.15356,3000000,7310000
2017-07-19 09:32:16.562000,1.1536,1.15356,7540000,8980000
2017-07-19 09:32:16.716000,1.15359,1.15357,2250000,1250000
2017-07-19 09:32:16.768000,1.15358,1.15355,2060000,1250000
2017-07-19 09:32:16.871000,1.15358,1.15353,8060000,3820000
2017-07-19 09:32:17.417000,1.15358,1.15353,5060000,2620000
2017-07-19 09:32:18.075000,1.15357,1.15353,5510000,1500000
2017-07-19 09:32:18.743000,1.15356,1.15353,2060000,1500000
2017-07-19 09:32:19.283000,1.15356,1.15353,1120000,3940000
2017-07-19 09:32:20.229000,1.15357,1.15354,3000000,1000000
2017-07-19 09:32:20.905000,1.15356,1.15353,1000000,3450000
2017-07-19 09:32:21.436000,1.15356,1.15353,1620000,4760000
2017-07-19 09:32:21.844000,1.15357,1.15354,2140000,5920000
2017-07-19 09:32:22.402000,1.15358,1.15354,3560000,1500000
2017-07-19 09:32:22.923000,1.15356,1.15354,1000000,2590000
2017-07-19 09:32:26.642000,1.15355,1.15354,1870000,1000000
2017-07-19 09:32:26.798000,1.15354,1.15352,1870000,2890000
2017-07-19 09:32:27.936000,1.15355,1.15351,11440000,3820000
2017-07-19 09:32:28.268000,1.15352,1.1535,3560000,1070000
2017-07-19 09:32:28.900000,1.15353,1.15352,1500000,3000000
2017-07-19 09:32:28.952000,1.15355,1.15353,4870000,1500000
2017-07-19 09:32:29.488000,1.15356,1.15353,1100000,3820000
2017-07-19 09:32:30.577000,1.15357,1.15354,6560000,1270000
2017-07-19 09:32:31.102000,1.15357,1.15354,2250000,6560000
2017-07-19 09:32:31.614000,1.15357,1.15354,3750000,1200000
2017-07-19 09:32:32.209000,1.15357,1.15353,2320000,8020000
2017-07-19 09:32:33.551000,1.15356,1.15353,3370000,2060000
2017-07-19 09:32:33.602000,1.15356,1.15353,4870000,2550000
2017-07-19 09:32:35.021000,1.15356,1.15353,3450000,1200000
2017-07-19 09:32:35.556000,1.15356,1.15353,1200000,4200000
2017-07-19 09:32:36.794000,1.15357,1.15356,6190000,6750000
2017-07-19 09:32:36.897000,1.15359,1.15356,2620000,1760000
2017-07-19 09:32:36.999000,1.15358,1.15355,2620000,10010000
2017-07-19 09:32:37.546000,1.15358,1.15355,2250000,1500000
2017-07-19 09:32:38.212000,1.15358,1.15354,3370000,5510000
2017-07-19 09:32:38.939000,1.15357,1.15355,1000000,3560000
2017-07-19 09:32:38.991000,1.15358,1.15355,1870000,3220000
2017-07-19 09:32:39.163000,1.15358,1.15357,1690000,3370000
2017-07-19 09:32:41.818000,1.1536,1.15357,1690000,3190000
2017-07-19 09:32:42.339000,1.1536,1.15357,3370000,5620000
2017-07-19 09:32:42.870000,1.15359,1.15357,1000000,2250000
2017-07-19 09:32:45.026000,1.1536,1.15357,3000000,7870000
2017-07-19 09:32:45.270000,1.15363,1.15362,1690000,5440000
2017-07-19 09:32:45.423000,1.15364,1.15362,3000000,2360000
2017-07-19 09:32:45.934000,1.15365,1.15362,1000000,8320000
2017-07-19 09:32:46.088000,1.15364,1.15361,1250000,3450000
2017-07-19 09:32:46.610000,1.15363,1.1536,3000000,6750000
2017-07-19 09:32:47.120000,1.15363,1.15359,3750000,5320000
2017-07-19 09:32:47.636000,1.15362,1.15359,1000000,3820000
2017-07-19 09:32:48.177000,1.15364,1.15362,1990000,1000000
2017-07-19 09:32:48.638000,1.15365,1.15363,3940000,1000000
2017-07-19 09:32:49.155000,1.15365,1.15363,1000000,2440000
2017-07-19 09:32:49.462000,1.15364,1.15362,2250000,2060000
2017-07-19 09:32:49.514000,1.15363,1.15361,1000000,4160000
2017-07-19 09:32:49.617000,1.15362,1.1536,1570000,5210000
2017-07-19 09:32:50.944000,1.15361,1.15359,1000000,4540000
2017-07-19 09:32:51.046000,1.1536,1.15358,1000000,3370000
2017-07-19 09:32:51.625000,1.15361,1.15357,3370000,3260000
2017-07-19 09:32:53.128000,1.15361,1.15358,5060000,1310000
2017-07-19 09:32:53.654000,1.1536,1.15358,1000000,2060000
2017-07-19 09:32:54.176000,1.15361,1.15358,4690000,1690000
2017-07-19 09:32:54.696000,1.1536,1.15357,1000000,6940000
2017-07-19 09:32:55.289000,1.1536,1.15357,1000000,9560000
2017-07-19 09:32:55.833000,1.15361,1.15358,3190000,1310000
2017-07-19 09:32:55.982000,1.15363,1.15362,1120000,1570000
2017-07-19 09:32:56.034000,1.15366,1.15363,1000000,6750000
2017-07-19 09:32:56.546000,1.15366,1.15364,1000000,1000000
2017-07-19 09:32:57.314000,1.15365,1.15363,1000000,6710000
2017-07-19 09:32:57.825000,1.15366,1.15364,1000000,1000000
2017-07-19 09:32:58.538000,1.15366,1.15364,1000000,3190000
2017-07-19 09:32:58.874000,1.15363,1.15362,1500000,1000000
2017-07-19 09:32:59.029000,1.15364,1.15361,1000000,6560000
2017-07-19 09:32:59.441000,1.15366,1.15363,3190000,1500000
2017-07-19 09:32:59.984000,1.15365,1.15363,1000000,2850000
2017-07-19 09:33:00.526000,1.15366,1.15363,5440000,1240000
2017-07-19 09:33:01.600000,1.15365,1.15362,3190000,7160000
2017-07-19 09:33:03.167000,1.15365,1.15363,1000000,1500000
2017-07-19 09:33:05.978000,1.15367,1.15366,3750000,1570000
2017-07-19 09:33:06.151000,1.15369,1.15367,1500000,5250000
2017-07-19 09:33:06.509000,1.15367,1.15366,1000000,4500000
2017-07-19 09:33:06.662000,1.15366,1.15365,3190000,1250000
2017-07-19 09:33:06.713000,1.15366,1.15363,3190000,1390000
2017-07-19 09:33:07.710000,1.15366,1.15362,3190000,9840000
2017-07-19 09:33:08.240000,1.15366,1.15362,5060000,2250000
2017-07-19 09:33:09.955000,1.15366,1.15362,1570000,1500000
2017-07-19 09:33:11.534000,1.15365,1.15362,1000000,1120000
2017-07-19 09:33:12.965000,1.15365,1.15362,2620000,1310000
2017-07-19 09:33:13.016000,1.15363,1.15361,1000000,2290000
2017-07-19 09:33:13.550000,1.15363,1.1536,1500000,3220000
2017-07-19 09:33:14.019000,1.15359,1.15358,4880000,1690000
2017-07-19 09:33:14.212000,1.15358,1.15354,3000000,1870000
2017-07-19 09:33:14.772000,1.15358,1.15357,1000000,1350000
2017-07-19 09:33:14.875000,1.1536,1.15357,1500000,4910000
2017-07-19 09:33:16.724000,1.15361,1.15358,1000000,2890000
2017-07-19 09:33:17.291000,1.15362,1.15358,1000000,2960000
2017-07-19 09:33:17.804000,1.15363,1.15362,1100000,1000000
2017-07-19 09:33:18.024000,1.15365,1.15363,1500000,2440000
2017-07-19 09:33:18.537000,1.15364,1.15363,1000000,1500000
2017-07-19 09:33:18.794000,1.15362,1.1536,3670000,4120000
2017-07-19 09:33:19.068000,1.15355,1.15353,1000000,5810000
2017-07-19 09:33:19.579000,1.15356,1.15354,1000000,1390000
2017-07-19 09:33:20.525000,1.15356,1.15353,1200000,1570000
2017-07-19 09:33:21.551000,1.15356,1.15354,1660000,1000000
2017-07-19 09:33:21.857000,1.15353,1.15352,1000000,1690000
2017-07-19 09:33:22.494000,1.15354,1.15352,1200000,1220000
2017-07-19 09:33:22.987000,1.15354,1.15351,1000000,1120000
2017-07-19 09:33:23.090000,1.15352,1.15351,1000000,1690000
2017-07-19 09:33:24.105000,1.15352,1.15349,1100000,3560000
2017-07-19 09:33:25.279000,1.15353,1.15349,4200000,3190000
2017-07-19 09:33:25.697000,1.15354,1.15351,2890000,5440000
2017-07-19 09:33:25.852000,1.15355,1.15353,1500000,1120000
2017-07-19 09:33:26.363000,1.15356,1.15353,3000000,1120000
2017-07-19 09:33:26.884000,1.15355,1.15353,1000000,1870000
2017-07-19 09:33:27.525000,1.15356,1.15353,4200000,1120000
2017-07-19 09:33:28.379000,1.15355,1.15352,3750000,1870000
2017-07-19 09:33:28.431000,1.15353,1.15352,2250000,1690000
2017-07-19 09:33:28.584000,1.15353,1.1535,4570000,1120000
2017-07-19 09:33:29.043000,1.15351,1.15349,1000000,1310000
2017-07-19 09:33:30.360000,1.15353,1.15348,5810000,8210000
2017-07-19 09:33:31.429000,1.15352,1.15348,1000000,8140000
2017-07-19 09:33:31.960000,1.15353,1.15348,4870000,6190000
2017-07-19 09:33:32.474000,1.15353,1.15348,5250000,6190000
2017-07-19 09:33:33.822000,1.15352,1.15348,3070000,1870000
2017-07-19 09:33:37.322000,1.1535,1.15348,1200000,1310000
2017-07-19 09:33:37.791000,1.15349,1.15347,2250000,3190000
2017-07-19 09:33:37.937000,1.15348,1.15346,2620000,2250000
2017-07-19 09:33:37.989000,1.15347,1.15343,5170000,1500000
2017-07-19 09:33:38.505000,1.15347,1.15343,9670000,1690000
2017-07-19 09:33:39.021000,1.15347,1.15343,10420000,1370000
2017-07-19 09:33:39.527000,1.15346,1.15343,2770000,1120000
2017-07-19 09:33:40.397000,1.15345,1.15343,1570000,1120000
2017-07-19 09:33:40.907000,1.15345,1.15342,1200000,1870000
2017-07-19 09:33:41.456000,1.15345,1.15343,2700000,1400000
2017-07-19 09:33:42.901000,1.15345,1.15342,1200000,3750000
2017-07-19 09:33:43.426000,1.15345,1.15342,1200000,2250000
2017-07-19 09:33:43.604000,1.15344,1.15342,1470000,3190000
2017-07-19 09:33:43.962000,1.15343,1.1534,5700000,1250000
2017-07-19 09:33:44.261000,1.15343,1.15342,1310000,1000000
2017-07-19 09:33:44.363000,1.15344,1.15342,1000000,7690000
2017-07-19 09:33:44.722000,1.15346,1.15342,7840000,8620000
2017-07-19 09:33:45.234000,1.15346,1.15342,3820000,6190000
2017-07-19 09:33:47.859000,1.15346,1.15342,7010000,7120000
2017-07-19 09:33:49.297000,1.15346,1.15342,4010000,4120000
2017-07-19 09:33:51.095000,1.15346,1.15343,2620000,2020000
2017-07-19 09:33:52.180000,1.15346,1.15343,1950000,3040000
2017-07-19 09:33:52.742000,1.15346,1.15343,1950000,2400000
2017-07-19 09:33:53.057000,1.15347,1.15345,1660000,4950000
2017-07-19 09:33:53.589000,1.15347,1.15344,5700000,1000000
2017-07-19 09:33:54.008000,1.15347,1.15345,1120000,2320000
2017-07-19 09:33:54.588000,1.15347,1.15344,1950000,1120000
2017-07-19 09:33:55.305000,1.15347,1.15343,2320000,4120000
2017-07-19 09:33:56.089000,1.15347,1.15343,4500000,7120000
2017-07-19 09:33:56.629000,1.15345,1.15344,3260000,1000000
2017-07-19 09:33:57.044000,1.15345,1.15343,4090000,1500000
2017-07-19 09:33:59.097000,1.15347,1.15346,1250000,3000000
2017-07-19 09:33:59.200000,1.15349,1.15347,3190000,2250000
2017-07-19 09:33:59.835000,1.15349,1.15347,1500000,2250000
2017-07-19 09:34:00.116000,1.15349,1.15345,1570000,6640000
2017-07-19 09:34:00.168000,1.15349,1.15345,6260000,6070000
2017-07-19 09:34:00.685000,1.15348,1.15344,2140000,3000000
2017-07-19 09:34:00.995000,1.15349,1.15347,1010000,1500000
2017-07-19 09:34:01.697000,1.15348,1.15347,1000000,1000000
2017-07-19 09:34:01.901000,1.15348,1.15345,1000000,3520000
2017-07-19 09:34:02.893000,1.15349,1.15346,1000000,1000000
2017-07-19 09:34:03.395000,1.15349,1.15347,1010000,1120000
2017-07-19 09:34:03.927000,1.1535,1.15347,1500000,9410000
2017-07-19 09:34:06.049000,1.15351,1.15348,1350000,1120000
2017-07-19 09:34:09.873000,1.1535,1.15348,1000000,1000000
2017-07-19 09:34:12.356000,1.15349,1.15347,1000000,1310000
2017-07-19 09:34:12.459000,1.15349,1.15345,1500000,2810000
2017-07-19 09:34:12.665000,1.15346,1.15344,1000000,4200000
2017-07-19 09:34:13.174000,1.15347,1.15344,1120000,2250000
2017-07-19 09:34:14.369000,1.15346,1.15343,1250000,5440000
2017-07-19 09:34:15.222000,1.15347,1.15344,2400000,1000000
2017-07-19 09:34:16.505000,1.15347,1.15344,3940000,1000000
2017-07-19 09:34:18.327000,1.15347,1.15344,1950000,1000000
2017-07-19 09:34:18.914000,1.15348,1.15345,1310000,3000000
2017-07-19 09:34:19.424000,1.15348,1.15344,2060000,1250000
2017-07-19 09:34:19.941000,1.15348,1.15343,2810000,10310000
2017-07-19 09:34:20.530000,1.15347,1.15343,1570000,3970000
2017-07-19 09:34:21.061000,1.15347,1.15343,2440000,3560000
2017-07-19 09:34:21.217000,1.15347,1.15343,2440000,2890000
2017-07-19 09:34:22.841000,1.15348,1.15345,1390000,1220000
2017-07-19 09:34:24.824000,1.15348,1.15344,1690000,3000000
2017-07-19 09:34:27.552000,1.15348,1.15346,1200000,3720000
2017-07-19 09:34:27.604000,1.1535,1.15347,4690000,2340000
2017-07-19 09:34:28.109000,1.1535,1.15347,1120000,2530000
2017-07-19 09:34:28.807000,1.15351,1.15348,4010000,1120000
2017-07-19 09:34:28.909000,1.15352,1.1535,4310000,3750000
2017-07-19 09:34:29.166000,1.15353,1.1535,1000000,1690000
2017-07-19 09:34:29.707000,1.15352,1.15349,1250000,2620000
2017-07-19 09:34:30.119000,1.15351,1.15349,1500000,1200000
2017-07-19 09:34:30.760000,1.1535,1.15349,1500000,1010000
2017-07-19 09:34:30.864000,1.15348,1.15347,1870000,2440000
2017-07-19 09:34:31.031000,1.15348,1.15344,3560000,3940000
2017-07-19 09:34:34.927000,1.15348,1.15346,3940000,1870000
2017-07-19 09:34:35.440000,1.15347,1.15345,1250000,2890000
2017-07-19 09:34:35.976000,1.15347,1.15344,4310000,1000000
2017-07-19 09:34:37.705000,1.15347,1.15343,6940000,3750000
2017-07-19 09:34:38.227000,1.15346,1.15343,1000000,2250000
2017-07-19 09:34:41.379000,1.15345,1.15343,1500000,1690000
2017-07-19 09:34:41.889000,1.15345,1.15342,2510000,11040000
2017-07-19 09:34:42.351000,1.15346,1.15344,1010000,1500000
2017-07-19 09:34:42.859000,1.15347,1.15344,2400000,1100000
2017-07-19 09:34:43.391000,1.15346,1.15344,1000000,1100000
2017-07-19 09:34:44.390000,1.15347,1.15344,2700000,1500000
2017-07-19 09:34:44.758000,1.15348,1.15347,1090000,1000000
2017-07-19 09:34:44.912000,1.15347,1.15345,1000000,7800000
2017-07-19 09:34:45.168000,1.15349,1.15347,3070000,3090000
2017-07-19 09:34:45.271000,1.1535,1.15348,2250000,1500000
2017-07-19 09:34:45.948000,1.15351,1.15348,1100000,1500000
2017-07-19 09:34:46.963000,1.15348,1.15347,1100000,3410000
2017-07-19 09:34:47.016000,1.15347,1.15345,1000000,1250000
2017-07-19 09:34:47.273000,1.15348,1.15347,2440000,1220000
2017-07-19 09:34:47.428000,1.1535,1.15347,1500000,1570000
2017-07-19 09:34:48.413000,1.15351,1.15348,1870000,1100000
2017-07-19 09:34:48.949000,1.15352,1.15347,4870000,7990000
2017-07-19 09:34:49.450000,1.15352,1.15348,5440000,1990000
2017-07-19 09:34:51.142000,1.15349,1.15348,1000000,1200000
2017-07-19 09:34:52.298000,1.1535,1.15347,2250000,3000000
2017-07-19 09:34:54.592000,1.15351,1.15349,1500000,1870000
2017-07-19 09:34:54.746000,1.15353,1.15352,1250000,1120000
2017-07-19 09:34:54.902000,1.15355,1.15353,5620000,1000000
2017-07-19 09:34:55.427000,1.15355,1.15353,1310000,1000000
2017-07-19 09:34:56.593000,1.15353,1.15352,1000000,1000000
2017-07-19 09:34:56.645000,1.15353,1.1535,1500000,1950000
2017-07-19 09:34:57.233000,1.15353,1.15351,1870000,1000000
2017-07-19 09:34:57.610000,1.15351,1.1535,1000000,1500000
2017-07-19 09:34:59.591000,1.15351,1.15348,1500000,4800000
2017-07-19 09:35:00.867000,1.15352,1.15351,1690000,1650000
2017-07-19 09:35:01.122000,1.15355,1.15351,6820000,2590000
2017-07-19 09:35:01.663000,1.15355,1.15352,3820000,1120000
2017-07-19 09:35:02.956000,1.15353,1.15352,1500000,1000000
2017-07-19 09:35:03.009000,1.15352,1.1535,1000000,1150000
2017-07-19 09:35:03.574000,1.15351,1.15349,1000000,1870000
2017-07-19 09:35:04.466000,1.15352,1.15349,1500000,1870000
2017-07-19 09:35:05.947000,1.15352,1.15349,4310000,1690000
2017-07-19 09:35:06.406000,1.15351,1.15349,1340000,1000000
2017-07-19 09:35:06.951000,1.15351,1.1535,1090000,1500000
2017-07-19 09:35:07.003000,1.15352,1.15349,1120000,4310000
2017-07-19 09:35:07.105000,1.15353,1.15351,2700000,1500000
2017-07-19 09:35:08.279000,1.15353,1.1535,4200000,2440000
2017-07-19 09:35:08.587000,1.15352,1.15348,2250000,1870000
2017-07-19 09:35:09.097000,1.15349,1.15346,2250000,4690000
2017-07-19 09:35:09.201000,1.15348,1.15346,2810000,1500000
2017-07-19 09:35:10.254000,1.15348,1.15344,4570000,3820000
2017-07-19 09:35:11.035000,1.15348,1.15344,3750000,1510000
2017-07-19 09:35:11.566000,1.15348,1.15344,3640000,2590000
2017-07-19 09:35:11.618000,1.15348,1.15347,1310000,1500000
2017-07-19 09:35:11.774000,1.1535,1.15347,3560000,1100000
2017-07-19 09:35:12.842000,1.1535,1.15348,1100000,1120000
2017-07-19 09:35:14.234000,1.15351,1.15348,4950000,1390000
2017-07-19 09:35:14.782000,1.15352,1.15347,9560000,1120000
2017-07-19 09:35:15.255000,1.1535,1.15347,1250000,2620000
2017-07-19 09:35:15.619000,1.15349,1.15346,1250000,12370000
2017-07-19 09:35:15.721000,1.15351,1.15347,2320000,3000000
2017-07-19 09:35:19.235000,1.1535,1.15347,2320000,1120000
2017-07-19 09:35:19.440000,1.15348,1.15344,4120000,4610000
2017-07-19 09:35:19.594000,1.15348,1.15347,1120000,1000000
2017-07-19 09:35:19.696000,1.1535,1.15347,3560000,2660000
2017-07-19 09:35:20.210000,1.1535,1.15346,4200000,2000000
2017-07-19 09:35:20.720000,1.1535,1.15346,1500000,7800000
2017-07-19 09:35:21.234000,1.1535,1.15347,1000000,1500000
2017-07-19 09:35:21.753000,1.1535,1.15347,5140000,1000000
2017-07-19 09:35:22.009000,1.15347,1.15345,1500000,2890000
2017-07-19 09:35:22.315000,1.15345,1.15344,1000000,1120000
2017-07-19 09:35:22.847000,1.15346,1.15344,1000000,1120000
2017-07-19 09:35:24.186000,1.15346,1.15343,2810000,1010000
2017-07-19 09:35:25.534000,1.15345,1.15343,1010000,4120000
2017-07-19 09:35:26.651000,1.15346,1.15343,2250000,2810000
2017-07-19 09:35:27.220000,1.15344,1.15343,1120000,1120000
2017-07-19 09:35:28.473000,1.15344,1.15342,1120000,1000000
2017-07-19 09:35:29.872000,1.15343,1.15341,1000000,3370000
2017-07-19 09:35:30.383000,1.15343,1.15342,1000000,1000000
2017-07-19 09:35:30.892000,1.15343,1.15341,1000000,5700000
2017-07-19 09:35:32.668000,1.15344,1.15341,1690000,5890000
2017-07-19 09:35:33.403000,1.15343,1.15341,1250000,5890000
2017-07-19 09:35:34.076000,1.15344,1.15343,1250000,1000000
2017-07-19 09:35:38.698000,1.15344,1.15342,1000000,1950000
2017-07-19 09:35:40.040000,1.15344,1.15341,2250000,4390000
2017-07-19 09:35:40.788000,1.15343,1.15342,1000000,2320000
2017-07-19 09:35:42.773000,1.15344,1.15342,2250000,2440000
2017-07-19 09:35:43.308000,1.15343,1.15342,1000000,1500000
2017-07-19 09:35:45.930000,1.15343,1.15342,1000000,1100000
2017-07-19 09:35:46.457000,1.15342,1.15341,1500000,1250000
2017-07-19 09:35:46.509000,1.15342,1.1534,4500000,1250000
2017-07-19 09:35:47.038000,1.1534,1.15339,1000000,1000000
2017-07-19 09:35:48.310000,1.1534,1.15337,1000000,2440000
2017-07-19 09:35:49.742000,1.1534,1.15337,1120000,3190000
2017-07-19 09:36:03.805000,1.15339,1.15337,1000000,2890000
2017-07-19 09:36:05.552000,1.15339,1.15338,1000000,1000000
2017-07-19 09:36:06.361000,1.1534,1.15337,1870000,2060000
2017-07-19 09:36:08.089000,1.1534,1.15338,1250000,1000000
2017-07-19 09:36:09.133000,1.15341,1.15337,4500000,1500000
2017-07-19 09:36:09.779000,1.15341,1.15337,4420000,2250000
2017-07-19 09:36:10.327000,1.1534,1.15337,1000000,1120000
2017-07-19 09:36:11.858000,1.15341,1.15337,5320000,1310000
2017-07-19 09:36:12.367000,1.1534,1.15338,1500000,1120000
2017-07-19 09:36:15.131000,1.1534,1.15337,1500000,4570000
2017-07-19 09:36:15.655000,1.1534,1.15338,1500000,1500000
2017-07-19 09:36:18.993000,1.15341,1.1534,1000000,1100000
2017-07-19 09:36:19.044000,1.15343,1.1534,2890000,1100000
2017-07-19 09:36:19.147000,1.15341,1.1534,1570000,1310000
2017-07-19 09:36:19.656000,1.15341,1.15338,2510000,3070000
2017-07-19 09:36:20.258000,1.15341,1.15339,2160000,1250000
2017-07-19 09:36:20.782000,1.15341,1.15338,4220000,2400000
2017-07-19 09:36:28.251000,1.1534,1.15337,3560000,4570000
2017-07-19 09:36:29.542000,1.15337,1.15336,1500000,3190000
2017-07-19 09:36:29.747000,1.15336,1.15333,2510000,2510000
2017-07-19 09:36:30.666000,1.15335,1.15333,1500000,1690000
2017-07-19 09:36:31.191000,1.15336,1.15333,1200000,1100000
2017-07-19 09:36:31.498000,1.15336,1.15335,1500000,1000000
2017-07-19 09:36:31.861000,1.15339,1.15337,2470000,1000000
2017-07-19 09:36:32.117000,1.15336,1.15335,1000000,1950000
2017-07-19 09:36:33.741000,1.15336,1.15333,1120000,2440000
2017-07-19 09:36:36.139000,1.15337,1.15333,4310000,2440000
2017-07-19 09:36:36.688000,1.15336,1.15333,1500000,3150000
2017-07-19 09:36:38.950000,1.15335,1.15332,1120000,2740000
2017-07-19 09:36:39.001000,1.15335,1.15332,1500000,5830000
2017-07-19 09:36:40.420000,1.15335,1.15334,1500000,3750000
2017-07-19 09:36:40.931000,1.15336,1.15334,1250000,1250000
2017-07-19 09:36:41.493000,1.15335,1.15332,1500000,4760000
2017-07-19 09:36:42.031000,1.15335,1.15332,1500000,4500000
2017-07-19 09:36:42.552000,1.15335,1.15333,1500000,1310000
2017-07-19 09:36:43.102000,1.15336,1.15332,1500000,2620000
2017-07-19 09:36:51.119000,1.15335,1.15332,1500000,2440000
2017-07-19 09:36:53.895000,1.15336,1.15332,6660000,4310000
2017-07-19 09:36:54.403000,1.15336,1.15332,1950000,3560000
2017-07-19 09:36:54.796000,1.15334,1.15332,1000000,2620000
2017-07-19 09:36:55.135000,1.15331,1.15329,1500000,2700000
2017-07-19 09:36:55.644000,1.15332,1.1533,2250000,1120000
2017-07-19 09:36:56.195000,1.15331,1.15329,2250000,5210000
2017-07-19 09:36:57.163000,1.15331,1.1533,1000000,1250000
2017-07-19 09:36:57.521000,1.15334,1.15332,1500000,1100000
2017-07-19 09:36:58.044000,1.15334,1.15332,2250000,2320000
2017-07-19 09:36:58.555000,1.15334,1.15331,1690000,1690000
2017-07-19 09:36:58.759000,1.15334,1.1533,2920000,7310000
2017-07-19 09:36:59.290000,1.15334,1.15331,3110000,1250000
2017-07-19 09:36:59.799000,1.15333,1.1533,4610000,3640000
2017-07-19 09:37:01.215000,1.15332,1.15331,1000000,1250000
2017-07-19 09:37:01.727000,1.15333,1.1533,1000000,3820000
2017-07-19 09:37:01.934000,1.15334,1.15332,1500000,1000000
2017-07-19 09:37:02.356000,1.15336,1.15334,1420000,1870000
2017-07-19 09:37:02.863000,1.15336,1.15333,1420000,3640000
2017-07-19 09:37:03.592000,1.15336,1.15334,2170000,1310000
2017-07-19 09:37:04.128000,1.15336,1.15333,1100000,1200000
2017-07-19 09:37:07.181000,1.15335,1.15332,1570000,3940000
2017-07-19 09:37:07.437000,1.15333,1.1533,5140000,1010000
2017-07-19 09:37:07.947000,1.15332,1.15331,1120000,1000000
2017-07-19 09:37:08.455000,1.15332,1.15329,5510000,1800000
2017-07-19 09:37:09.015000,1.15332,1.15329,1950000,1120000
2017-07-19 09:37:09.526000,1.15332,1.15328,1200000,5060000
2017-07-19 09:37:09.630000,1.15332,1.1533,1100000,1500000
2017-07-19 09:37:10.461000,1.15332,1.15329,1570000,4690000
2017-07-19 09:37:10.768000,1.15329,1.15327,1200000,1690000
2017-07-19 09:37:10.870000,1.15331,1.15327,3450000,4310000
2017-07-19 09:37:11.400000,1.15331,1.15327,1120000,2810000
2017-07-19 09:37:13.442000,1.1533,1.15327,1250000,5440000
2017-07-19 09:37:13.969000,1.15331,1.15328,2810000,2320000
2017-07-19 09:37:17.551000,1.15331,1.15327,2850000,6370000
2017-07-19 09:37:22.648000,1.1533,1.15329,1000000,1000000
2017-07-19 09:37:22.906000,1.15332,1.15331,3000000,1570000
2017-07-19 09:37:23.215000,1.15334,1.15332,1870000,1000000
2017-07-19 09:37:23.472000,1.15332,1.1533,3560000,1690000
2017-07-19 09:37:23.728000,1.15333,1.15332,4240000,1000000
2017-07-19 09:37:23.882000,1.15334,1.15332,1500000,1000000
2017-07-19 09:37:26.229000,1.15333,1.15331,1000000,3260000
2017-07-19 09:37:26.281000,1.15331,1.1533,1000000,1250000
2017-07-19 09:37:26.863000,1.1533,1.15328,1000000,3560000
2017-07-19 09:37:30.159000,1.1533,1.15328,1000000,1050000
2017-07-19 09:37:36.822000,1.1533,1.15327,1750000,3820000
2017-07-19 09:37:37.251000,1.1533,1.15326,1750000,13070000
2017-07-19 09:37:37.762000,1.1533,1.15327,2810000,4970000
2017-07-19 09:37:37.960000,1.1533,1.15327,3260000,7220000
2017-07-19 09:37:39.985000,1.1533,1.15326,1870000,10890000
2017-07-19 09:37:41.980000,1.1533,1.15327,1010000,5660000
2017-07-19 09:37:42.592000,1.15332,1.15328,5140000,2660000
2017-07-19 09:37:43.309000,1.15331,1.15327,3820000,1250000
2017-07-19 09:37:44.086000,1.1533,1.15327,1120000,5700000
2017-07-19 09:37:45.123000,1.15331,1.15326,6340000,7420000
2017-07-19 09:37:45.430000,1.15325,1.15323,1000000,3750000
2017-07-19 09:37:45.944000,1.15326,1.15323,1500000,3560000
2017-07-19 09:37:50.434000,1.15325,1.15323,1100000,4050000
2017-07-19 09:37:50.638000,1.15324,1.15322,1000000,7760000
2017-07-19 09:37:52.132000,1.15325,1.15322,1500000,1100000
2017-07-19 09:37:54.100000,1.15326,1.15323,5060000,1500000
2017-07-19 09:37:54.623000,1.15326,1.15322,3370000,5290000
2017-07-19 09:37:55.169000,1.15326,1.15322,3370000,3300000
2017-07-19 09:37:55.701000,1.15326,1.15323,4310000,1200000
2017-07-19 09:38:01.594000,1.15326,1.15324,1120000,1250000
2017-07-19 09:38:02.108000,1.15326,1.15323,1870000,1100000
2017-07-19 09:38:02.858000,1.15326,1.15322,1120000,3220000
2017-07-19 09:38:03.366000,1.15325,1.15322,1000000,3370000
2017-07-19 09:38:03.622000,1.15323,1.15322,1000000,1000000
2017-07-19 09:38:04.181000,1.15324,1.15321,5060000,1000000
2017-07-19 09:38:05.732000,1.15323,1.1532,3370000,3750000
2017-07-19 09:38:06.072000,1.15325,1.15322,1000000,4720000
2017-07-19 09:38:06.609000,1.15326,1.15323,4310000,1150000
2017-07-19 09:38:07.151000,1.15325,1.15323,1000000,1610000
2017-07-19 09:38:07.811000,1.15326,1.15323,3940000,1150000
2017-07-19 09:38:08.319000,1.15325,1.15323,1000000,1420000
2017-07-19 09:38:08.976000,1.15326,1.15323,3000000,2170000
2017-07-19 09:38:09.522000,1.15325,1.15323,1000000,2320000
2017-07-19 09:38:10.098000,1.15326,1.15323,1500000,2320000
2017-07-19 09:38:11.320000,1.15326,1.15322,2320000,3790000
2017-07-19 09:38:12.112000,1.15326,1.15323,2320000,1000000
2017-07-19 09:38:16.115000,1.15326,1.15322,2320000,6220000
2017-07-19 09:38:17.548000,1.15326,1.15323,1100000,1500000
2017-07-19 09:38:18.129000,1.15326,1.15322,1100000,5100000
2017-07-19 09:38:18.647000,1.15326,1.15322,3900000,5470000
2017-07-19 09:38:19.147000,1.15327,1.15326,4500000,1910000
2017-07-19 09:38:19.454000,1.1533,1.15328,11510000,1000000
2017-07-19 09:38:19.985000,1.1533,1.15328,3370000,1350000
2017-07-19 09:38:20.503000,1.1533,1.15328,1250000,2290000
2017-07-19 09:38:21.181000,1.15331,1.15328,3940000,1350000
2017-07-19 09:38:22.859000,1.1533,1.15328,1000000,2100000
2017-07-19 09:38:23.381000,1.15331,1.15327,5440000,5100000
2017-07-19 09:38:24.979000,1.15331,1.15327,3260000,5470000
2017-07-19 09:38:25.133000,1.1533,1.15327,1250000,3220000
2017-07-19 09:38:25.643000,1.15331,1.15328,1100000,3370000
2017-07-19 09:38:26.245000,1.15327,1.15326,1200000,10590000
2017-07-19 09:38:26.552000,1.15325,1.15322,5890000,1500000
2017-07-19 09:38:28.151000,1.15324,1.15321,1370000,5510000
2017-07-19 09:38:31.895000,1.15324,1.15322,1310000,1620000
2017-07-19 09:38:32.323000,1.15327,1.15325,6190000,7350000
2017-07-19 09:38:32.427000,1.15329,1.15327,3000000,1200000
2017-07-19 09:38:32.937000,1.15329,1.15327,1000000,1570000
2017-07-19 09:38:33.483000,1.1533,1.15327,4690000,2250000
2017-07-19 09:38:33.994000,1.15329,1.15327,5060000,1000000
2017-07-19 09:38:34.603000,1.1533,1.15327,2440000,1500000
2017-07-19 09:38:35.711000,1.15329,1.15327,1000000,2250000
2017-07-19 09:38:36.243000,1.15328,1.15327,1000000,1000000
2017-07-19 09:38:36.897000,1.15329,1.15326,5440000,2440000
2017-07-19 09:38:37.055000,1.15327,1.15326,1250000,1250000
2017-07-19 09:38:37.208000,1.15327,1.15324,1500000,4310000
2017-07-19 09:38:38.156000,1.15326,1.15323,1000000,4910000
2017-07-19 09:38:39.383000,1.15327,1.15322,6000000,11290000
2017-07-19 09:38:40.628000,1.15327,1.15324,4120000,1000000
2017-07-19 09:38:41.902000,1.15327,1.15326,1000000,2100000
2017-07-19 09:38:41.953000,1.15329,1.15327,2440000,1500000
2017-07-19 09:38:42.107000,1.1533,1.15327,1500000,2850000
2017-07-19 09:38:42.159000,1.15331,1.15328,4310000,1220000
2017-07-19 09:38:42.473000,1.15334,1.15332,2250000,1000000
2017-07-19 09:38:43.290000,1.15335,1.15333,7390000,1000000
2017-07-19 09:38:43.587000,1.15334,1.1533,1690000,3970000
2017-07-19 09:38:44.519000,1.15332,1.1533,1870000,1420000
2017-07-19 09:38:44.721000,1.15332,1.15328,3600000,2810000
2017-07-19 09:38:45.387000,1.15331,1.15328,1000000,2810000
2017-07-19 09:38:46.054000,1.1533,1.15327,1120000,6900000
2017-07-19 09:38:46.311000,1.15332,1.15328,3970000,1350000
2017-07-19 09:38:46.669000,1.15332,1.1533,1500000,1500000
2017-07-19 09:38:47.184000,1.15331,1.15329,1000000,1990000
2017-07-19 09:38:47.696000,1.15331,1.1533,2250000,1120000
2017-07-19 09:38:48.842000,1.15331,1.15329,1120000,1250000
2017-07-19 09:38:49.374000,1.15331,1.1533,1870000,1250000
2017-07-19 09:38:49.875000,1.15331,1.15329,1870000,1200000
2017-07-19 09:38:50.386000,1.15331,1.1533,1870000,1000000
2017-07-19 09:38:51.620000,1.15331,1.15329,1870000,1250000
2017-07-19 09:38:54.435000,1.15333,1.15331,3940000,1000000
2017-07-19 09:38:54.950000,1.15333,1.15331,2250000,1500000
2017-07-19 09:38:55.053000,1.15335,1.15332,4350000,1500000
2017-07-19 09:38:56.250000,1.15336,1.15332,3370000,4840000
2017-07-19 09:38:56.407000,1.15334,1.15332,1500000,4050000
2017-07-19 09:38:56.935000,1.15335,1.15332,1310000,1010000
2017-07-19 09:38:58.588000,1.15335,1.15333,3000000,1000000
2017-07-19 09:38:59.129000,1.15334,1.15333,1500000,1000000
2017-07-19 09:38:59.335000,1.15332,1.1533,1500000,1310000
2017-07-19 09:38:59.653000,1.15334,1.1533,3560000,1120000
2017-07-19 09:39:00.167000,1.15334,1.1533,2620000,1500000
2017-07-19 09:39:00.689000,1.15333,1.1533,1000000,3000000
2017-07-19 09:39:01.881000,1.15333,1.15329,8360000,6110000
2017-07-19 09:39:03.205000,1.15333,1.15329,4690000,2620000
2017-07-19 09:39:03.308000,1.15332,1.15328,1570000,3220000
2017-07-19 09:39:03.887000,1.15332,1.15328,1950000,9300000
2017-07-19 09:39:04.478000,1.15332,1.15328,4200000,1570000
2017-07-19 09:39:05.245000,1.15331,1.15328,1000000,1800000
2017-07-19 09:39:06.592000,1.1533,1.15327,1250000,2810000
2017-07-19 09:39:06.749000,1.15328,1.15326,2250000,1190000
2017-07-19 09:39:06.801000,1.15329,1.15325,8250000,5060000
2017-07-19 09:39:06.904000,1.15328,1.15327,1000000,1000000
2017-07-19 09:39:06.956000,1.1533,1.15327,3940000,1100000
2017-07-19 09:39:08.263000,1.1533,1.15326,5810000,2470000
2017-07-19 09:39:09.133000,1.15329,1.15327,1500000,1000000
2017-07-19 09:39:09.679000,1.15328,1.15326,2510000,2440000
2017-07-19 09:39:11.556000,1.15327,1.15326,1500000,1000000
2017-07-19 09:39:13.326000,1.15327,1.15325,1500000,1120000
2017-07-19 09:39:13.700000,1.15328,1.15326,1250000,5060000
2017-07-19 09:39:13.957000,1.1533,1.15326,2250000,6000000
2017-07-19 09:39:15.994000,1.15328,1.15326,1120000,1100000
2017-07-19 09:39:16.301000,1.15326,1.15325,1250000,1000000
2017-07-19 09:39:17.090000,1.15327,1.15324,1000000,3000000
2017-07-19 09:39:17.244000,1.15327,1.15324,1000000,3000000
2017-07-19 09:39:17.815000,1.15328,1.15324,2700000,6370000
2017-07-19 09:39:18.581000,1.15328,1.15325,3450000,4500000
2017-07-19 09:39:19.119000,1.15328,1.15324,3450000,3000000
2017-07-19 09:39:19.171000,1.15327,1.15324,2060000,2320000
2017-07-19 09:39:19.719000,1.15327,1.15324,1250000,2620000
2017-07-19 09:39:21.219000,1.15327,1.15323,4310000,9000000
2017-07-19 09:39:22.179000,1.15325,1.15322,1500000,7350000
2017-07-19 09:39:22.230000,1.15325,1.15322,1500000,8850000
2017-07-19 09:39:22.384000,1.15324,1.15322,11810000,1190000
2017-07-19 09:39:22.486000,1.15321,1.15319,1000000,5810000
2017-07-19 09:39:23.017000,1.15321,1.15319,1000000,1310000
2017-07-19 09:39:23.222000,1.15322,1.15321,2060000,2250000
2017-07-19 09:39:23.528000,1.15324,1.15322,4310000,1000000
2017-07-19 09:39:23.631000,1.15323,1.15318,5400000,12410000
2017-07-19 09:39:24.145000,1.15323,1.15318,8590000,9940000
2017-07-19 09:39:24.199000,1.15323,1.15321,1840000,1500000
2017-07-19 09:39:25.022000,1.15323,1.15322,1100000,1000000
2017-07-19 09:39:25.579000,1.15323,1.15321,1100000,6190000
2017-07-19 09:39:26.157000,1.15323,1.15322,1100000,1000000
2017-07-19 09:39:26.747000,1.15324,1.15321,1500000,1500000
2017-07-19 09:39:27.983000,1.15322,1.15321,1250000,1000000
2017-07-19 09:39:28.136000,1.15323,1.15319,4460000,1000000
2017-07-19 09:39:28.767000,1.15323,1.15318,2140000,7910000
2017-07-19 09:39:29.292000,1.15323,1.15318,1570000,7910000
2017-07-19 09:39:30.692000,1.15322,1.15319,2250000,1000000
2017-07-19 09:39:32.828000,1.15322,1.15319,1100000,1690000
2017-07-19 09:39:33.370000,1.15319,1.15318,2320000,6560000
2017-07-19 09:39:33.422000,1.15316,1.15314,2810000,1000000
2017-07-19 09:39:33.575000,1.15315,1.15312,1390000,2250000
2017-07-19 09:39:34.423000,1.15316,1.15311,4950000,10780000
2017-07-19 09:39:35.292000,1.15315,1.15311,1390000,11160000
2017-07-19 09:39:35.838000,1.15315,1.15311,1170000,3560000
2017-07-19 09:39:36.439000,1.15316,1.15312,4200000,1120000
2017-07-19 09:39:42.709000,1.15314,1.15312,1100000,2620000
2017-07-19 09:39:43.226000,1.15313,1.15312,1000000,1500000
2017-07-19 09:39:43.380000,1.15315,1.15313,1870000,1000000
2017-07-19 09:39:44.830000,1.15315,1.15311,1100000,5660000
2017-07-19 09:39:45.340000,1.15315,1.15312,1500000,1000000
2017-07-19 09:39:46.073000,1.15314,1.15311,1100000,3410000
2017-07-19 09:39:46.627000,1.15314,1.15312,1100000,1000000
2017-07-19 09:39:47.134000,1.15314,1.15311,1000000,4160000
2017-07-19 09:39:47.646000,1.15315,1.15311,3070000,3410000
2017-07-19 09:39:48.177000,1.15315,1.15312,2510000,1000000
2017-07-19 09:39:50.548000,1.15314,1.15312,1000000,2250000
2017-07-19 09:39:51.585000,1.15315,1.15312,3000000,2250000
2017-07-19 09:39:53.119000,1.15316,1.15314,1650000,1000000
2017-07-19 09:39:53.486000,1.15317,1.15314,1250000,1720000
2017-07-19 09:39:54.354000,1.15317,1.15314,1250000,3970000
2017-07-19 09:39:54.984000,1.15317,1.15315,1250000,1690000
2017-07-19 09:39:55.036000,1.15318,1.15317,6260000,1000000
2017-07-19 09:39:56.503000,1.15319,1.15316,1500000,3940000
2017-07-19 09:39:57.082000,1.1532,1.15317,5620000,1500000
2017-07-19 09:39:57.745000,1.15318,1.15316,2620000,1690000
2017-07-19 09:39:57.798000,1.15319,1.15317,4010000,1500000
2017-07-19 09:39:58.320000,1.1532,1.15316,8620000,1870000
2017-07-19 09:39:58.845000,1.15319,1.15316,2250000,2620000
2017-07-19 09:39:59.382000,1.15319,1.15316,1500000,5250000
2017-07-19 09:39:59.917000,1.15319,1.15317,1500000,1000000
2017-07-19 09:40:00.461000,1.15318,1.15316,1000000,1250000
2017-07-19 09:40:00.513000,1.15318,1.15314,5360000,4690000
2017-07-19 09:40:01.128000,1.15318,1.15315,6860000,1000000
2017-07-19 09:40:01.670000,1.15317,1.15316,1000000,1500000
2017-07-19 09:40:02.221000,1.15318,1.15317,1000000,1000000
2017-07-19 09:40:02.736000,1.15317,1.15316,1000000,1000000
2017-07-19 09:40:04.152000,1.15317,1.15315,1000000,2210000
2017-07-19 09:40:05.600000,1.15317,1.15315,1000000,1950000
2017-07-19 09:40:06.624000,1.15317,1.15315,1000000,9790000
2017-07-19 09:40:07.383000,1.15316,1.15314,1000000,3260000
2017-07-19 09:40:07.931000,1.15316,1.15315,1000000,1000000
2017-07-19 09:40:08.443000,1.15316,1.15313,1000000,6300000
2017-07-19 09:40:09.679000,1.15316,1.15313,2250000,6300000
2017-07-19 09:40:10.182000,1.15316,1.15313,2250000,8550000
2017-07-19 09:40:12.103000,1.15316,1.15314,2250000,2060000
2017-07-19 09:40:12.638000,1.15316,1.15313,2250000,5170000
2017-07-19 09:40:12.795000,1.15318,1.15317,3940000,1000000
2017-07-19 09:40:13.319000,1.15317,1.15316,1000000,1950000
2017-07-19 09:40:14.168000,1.15318,1.15315,3190000,2550000
2017-07-19 09:40:14.720000,1.15316,1.15314,1000000,4760000
2017-07-19 09:40:18.692000,1.15317,1.15316,1000000,1120000
2017-07-19 09:40:19.233000,1.15317,1.15315,1000000,1990000
2017-07-19 09:40:19.743000,1.15316,1.15314,1000000,1000000
2017-07-19 09:40:20.050000,1.15317,1.15316,1500000,1910000
2017-07-19 09:40:20.152000,1.15319,1.15317,3750000,1570000
2017-07-19 09:40:20.255000,1.15317,1.15316,1500000,2470000
2017-07-19 09:40:20.570000,1.15319,1.15317,4310000,1200000
2017-07-19 09:40:21.596000,1.15318,1.15316,1000000,3670000
2017-07-19 09:40:22.364000,1.15318,1.15316,1000000,2920000
2017-07-19 09:40:24.690000,1.15318,1.15317,1000000,1570000
2017-07-19 09:40:26.895000,1.15313,1.15312,2250000,1500000
2017-07-19 09:40:26.947000,1.1531,1.15308,1500000,2440000
2017-07-19 09:40:26.999000,1.15312,1.1531,1200000,1250000
2017-07-19 09:40:27.204000,1.15311,1.15308,1000000,5100000
2017-07-19 09:40:27.461000,1.15309,1.15306,2250000,3410000
2017-07-19 09:40:28.038000,1.15309,1.15305,2250000,8040000
2017-07-19 09:40:28.550000,1.15309,1.15306,2250000,4350000
2017-07-19 09:40:29.390000,1.1531,1.15305,2620000,13440000
2017-07-19 09:40:30.522000,1.1531,1.15305,4120000,10440000
2017-07-19 09:40:32.071000,1.15308,1.15306,1000000,6390000
2017-07-19 09:40:33.430000,1.15309,1.15305,2320000,18690001
2017-07-19 09:40:34.620000,1.15309,1.15306,3900000,1500000
2017-07-19 09:40:44.349000,1.15308,1.15306,1370000,4110000
2017-07-19 09:40:44.895000,1.15309,1.15306,6190000,12470000
2017-07-19 09:40:45.490000,1.15309,1.15306,6260000,1500000
2017-07-19 09:40:46.032000,1.15308,1.15306,1000000,2250000
2017-07-19 09:40:47.481000,1.15309,1.15306,3820000,8620000
2017-07-19 09:40:47.939000,1.1531,1.15307,1120000,3000000
2017-07-19 09:40:48.093000,1.15309,1.15307,1500000,1250000
2017-07-19 09:40:48.603000,1.15308,1.15305,1500000,11470000
2017-07-19 09:40:49.552000,1.15308,1.15305,5250000,14720000
2017-07-19 09:40:50.261000,1.15308,1.15306,1500000,1000000
2017-07-19 09:40:50.838000,1.15309,1.15305,10120000,15470000
2017-07-19 09:40:51.389000,1.15308,1.15306,4570000,1000000
2017-07-19 09:40:52.086000,1.15308,1.15305,4570000,13410000
2017-07-19 09:40:53.147000,1.15308,1.15306,1200000,1000000
2017-07-19 09:40:53.719000,1.15308,1.15305,1200000,14160000
2017-07-19 09:40:54.191000,1.15306,1.15305,2250000,1250000
2017-07-19 09:40:54.294000,1.15305,1.15301,5250000,3190000
2017-07-19 09:40:54.843000,1.15305,1.15301,6560000,1690000
2017-07-19 09:40:55.354000,1.15304,1.15301,1500000,2440000
2017-07-19 09:40:56.104000,1.15303,1.15301,1870000,1120000
2017-07-19 09:40:56.632000,1.15303,1.15301,5250000,3940000
2017-07-19 09:40:57.782000,1.15303,1.15301,1250000,6190000
2017-07-19 09:40:58.469000,1.15303,1.153,4500000,20040001
2017-07-19 09:40:59.013000,1.15303,1.15301,1250000,5060000
2017-07-19 09:41:04.804000,1.15304,1.15301,4120000,1420000
2017-07-19 09:41:06.222000,1.15303,1.15301,1200000,2100000
2017-07-19 09:41:08.169000,1.15304,1.15301,7570000,4350000
2017-07-19 09:41:08.693000,1.15302,1.153,9820000,1200000
2017-07-19 09:41:09.244000,1.15302,1.15299,11440000,1690000
2017-07-19 09:41:09.449000,1.15302,1.15301,9000000,1000000
2017-07-19 09:41:09.826000,1.15302,1.15299,7500000,1690000
2017-07-19 09:41:10.841000,1.15302,1.15299,2620000,1150000
2017-07-19 09:41:11.336000,1.15303,1.15301,6560000,1500000
2017-07-19 09:41:11.955000,1.15303,1.15301,7870000,3000000
2017-07-19 09:41:12.490000,1.15304,1.153,1720000,10910000
2017-07-19 09:41:12.993000,1.15304,1.15301,3750000,3000000
2017-07-19 09:41:13.591000,1.15304,1.15301,10310000,5250000
2017-07-19 09:41:13.979000,1.15302,1.153,3750000,3370000
2017-07-19 09:41:14.668000,1.15302,1.153,3750000,3370000
2017-07-19 09:41:15.486000,1.15302,1.15301,3750000,1000000
2017-07-19 09:41:16,1.15303,1.15301,3190000,3000000
2017-07-19 09:41:16.180000,1.15303,1.15299,3750000,1350000
2017-07-19 09:41:16.232000,1.15303,1.15301,1000000,3000000
2017-07-19 09:41:16.745000,1.15302,1.15299,1500000,4870000
2017-07-19 09:41:17.255000,1.15304,1.15301,6560000,1100000
2017-07-19 09:41:18.589000,1.15302,1.15299,1010000,2210000
2017-07-19 09:41:19.113000,1.15303,1.153,1950000,2060000
2017-07-19 09:41:19.763000,1.15302,1.153,1000000,1870000
2017-07-19 09:41:20.779000,1.15303,1.153,1800000,5440000
2017-07-19 09:41:21.319000,1.15304,1.153,1570000,9000000
2017-07-19 09:41:21.841000,1.15304,1.15301,2890000,1690000
2017-07-19 09:41:28.081000,1.15302,1.15301,2060000,1250000
2017-07-19 09:41:28.184000,1.15301,1.15299,1250000,2140000
2017-07-19 09:41:28.696000,1.153,1.15298,1500000,1010000
2017-07-19 09:41:29.622000,1.15301,1.15297,5440000,3450000
2017-07-19 09:41:31.810000,1.153,1.15296,3370000,4240000
2017-07-19 09:41:33.260000,1.153,1.15299,1250000,2250000
2017-07-19 09:41:33.570000,1.15304,1.15301,10950000,1000000
2017-07-19 09:41:33.724000,1.15304,1.153,4570000,4590000
2017-07-19 09:41:34.238000,1.15304,1.15301,2250000,3750000
2017-07-19 09:41:34.755000,1.15305,1.15304,4570000,20139999
2017-07-19 09:41:34.807000,1.15308,1.15306,1120000,1500000
2017-07-19 09:41:35.317000,1.15308,1.15306,2440000,1650000
2017-07-19 09:41:36.350000,1.15308,1.15306,1000000,3000000
2017-07-19 09:41:36.886000,1.15308,1.15305,1000000,6450000
2017-07-19 09:41:37.417000,1.15308,1.15306,1120000,1000000
2017-07-19 09:41:38.089000,1.15308,1.15305,1120000,6750000
2017-07-19 09:41:38.809000,1.15307,1.15306,1000000,1000000
2017-07-19 09:41:39.421000,1.15308,1.15305,1000000,7120000
2017-07-19 09:41:39.931000,1.15309,1.15306,8660000,3000000
2017-07-19 09:41:40.451000,1.15308,1.15306,2250000,1870000
2017-07-19 09:41:41.232000,1.15307,1.15306,1000000,2620000
2017-07-19 09:41:41.704000,1.15306,1.15304,4540000,1500000
2017-07-19 09:41:41.807000,1.15305,1.15303,1500000,1250000
2017-07-19 09:41:42.169000,1.15305,1.15301,4090000,8250000
2017-07-19 09:41:42.713000,1.15305,1.15301,6900000,1120000
2017-07-19 09:41:43.257000,1.15304,1.15301,1120000,1500000
2017-07-19 09:41:45.445000,1.15305,1.15301,8140000,1570000
2017-07-19 09:41:46.059000,1.15305,1.15301,4390000,9820000
2017-07-19 09:41:48.925000,1.15305,1.15301,1250000,1390000
2017-07-19 09:41:49.959000,1.15305,1.15302,3190000,1000000
2017-07-19 09:41:50.518000,1.15305,1.15301,1690000,2890000
2017-07-19 09:41:51.051000,1.15305,1.15302,3940000,1000000
2017-07-19 09:41:51.832000,1.15305,1.15303,1690000,1690000
2017-07-19 09:41:52.088000,1.15306,1.15304,1310000,1000000
2017-07-19 09:41:52.634000,1.15306,1.15303,6000000,1250000
2017-07-19 09:41:58.266000,1.15305,1.15303,1620000,1250000
2017-07-19 09:41:58.779000,1.15306,1.15302,3000000,9040000
2017-07-19 09:41:59.598000,1.15306,1.15302,1500000,11360000
2017-07-19 09:41:59.904000,1.15306,1.15304,3000000,1000000
2017-07-19 09:41:59.955000,1.15306,1.15302,3750000,8440000
2017-07-19 09:42:00.762000,1.15305,1.15302,1870000,4800000
2017-07-19 09:42:01.132000,1.15306,1.15303,3600000,4950000
2017-07-19 09:42:01.439000,1.15307,1.15305,5440000,1000000
2017-07-19 09:42:01.847000,1.15306,1.15304,1250000,9370000
2017-07-19 09:42:02.396000,1.15306,1.15304,1250000,7120000
2017-07-19 09:42:02.897000,1.15305,1.15304,3190000,3370000
2017-07-19 09:42:03.051000,1.15305,1.15303,1500000,9070000
2017-07-19 09:42:03.675000,1.15305,1.15304,1500000,3750000
2017-07-19 09:42:04.199000,1.15305,1.15303,1500000,9000000
2017-07-19 09:42:05.365000,1.15305,1.15304,2060000,3750000
2017-07-19 09:42:07.407000,1.15305,1.15303,2810000,7760000
2017-07-19 09:42:07.916000,1.15305,1.15304,4310000,3750000
2017-07-19 09:42:09.186000,1.15305,1.15303,3000000,9190000
2017-07-19 09:42:09.696000,1.15305,1.15304,1500000,3750000
2017-07-19 09:42:11.039000,1.15306,1.15304,6190000,4500000
2017-07-19 09:42:11.678000,1.15305,1.15304,1870000,3370000
2017-07-19 09:42:11.922000,1.15307,1.15306,1250000,1500000
2017-07-19 09:42:12.178000,1.15307,1.15305,1200000,7500000
2017-07-19 09:42:12.691000,1.15308,1.15305,3370000,8250000
2017-07-19 09:42:13.514000,1.15308,1.15305,5810000,1120000
2017-07-19 09:42:17.562000,1.15307,1.15306,1100000,2440000
2017-07-19 09:42:18.688000,1.15309,1.15306,3880000,3370000
2017-07-19 09:42:23.887000,1.15309,1.15306,3130000,1870000
2017-07-19 09:42:25.711000,1.15308,1.15306,1150000,3000000
2017-07-19 09:42:27.018000,1.15307,1.15306,1000000,1250000
2017-07-19 09:42:27.521000,1.15308,1.15305,7310000,1000000
2017-07-19 09:42:27.674000,1.15306,1.15304,1500000,1000000
2017-07-19 09:42:28.184000,1.15306,1.15303,2250000,1000000
2017-07-19 09:42:29.678000,1.15306,1.15302,1500000,6000000
2017-07-19 09:42:31.049000,1.15306,1.15302,1570000,6000000
2017-07-19 09:42:33.111000,1.15306,1.15302,4950000,1690000
2017-07-19 09:42:33.618000,1.15306,1.15302,5020000,1500000
2017-07-19 09:42:34.119000,1.15306,1.15303,3450000,1000000
2017-07-19 09:42:35.337000,1.15305,1.15301,1870000,16719999
2017-07-19 09:42:38.144000,1.15305,1.15302,2660000,1310000
2017-07-19 09:42:38.688000,1.15305,1.15301,2250000,1850000
2017-07-19 09:42:38.842000,1.15306,1.15302,1690000,4720000
2017-07-19 09:42:39.361000,1.15305,1.15302,3000000,1310000
2017-07-19 09:42:40.517000,1.15305,1.15302,1000000,3970000
2017-07-19 09:42:41.068000,1.15306,1.15302,2320000,4910000
2017-07-19 09:42:41.594000,1.15306,1.15303,1010000,1250000
2017-07-19 09:42:42.158000,1.15307,1.15302,4500000,4990000
2017-07-19 09:42:42.673000,1.15307,1.15302,5250000,9410000
2017-07-19 09:42:43.744000,1.15307,1.15305,1500000,4420000
2017-07-19 09:42:44.050000,1.1531,1.15307,1690000,1760000
2017-07-19 09:42:44.591000,1.1531,1.15307,1690000,3260000
2017-07-19 09:42:45.100000,1.1531,1.15307,1330000,2620000
2017-07-19 09:42:45.637000,1.1531,1.15308,1330000,1350000
2017-07-19 09:42:46.179000,1.15311,1.15307,3130000,5850000
2017-07-19 09:42:48.188000,1.15311,1.15307,3130000,4990000
2017-07-19 09:42:51.245000,1.15311,1.15308,3620000,1000000
2017-07-19 09:42:51.754000,1.15309,1.15307,1000000,1570000
2017-07-19 09:42:52.881000,1.1531,1.15307,2640000,1420000
2017-07-19 09:42:53.704000,1.1531,1.15307,1700000,1570000
2017-07-19 09:42:56.310000,1.1531,1.15306,2500000,3640000
2017-07-19 09:42:56.869000,1.15308,1.15306,1000000,3750000
2017-07-19 09:42:57.217000,1.15307,1.15303,6790000,8810000
2017-07-19 09:42:57.322000,1.15309,1.15306,6040000,1000000
2017-07-19 09:42:57.833000,1.15308,1.15306,1000000,5440000
2017-07-19 09:42:58.377000,1.15308,1.15305,1000000,3450000
2017-07-19 09:42:59.561000,1.15307,1.15305,1000000,1100000
2017-07-19 09:43:00.111000,1.15306,1.15305,1500000,1000000
2017-07-19 09:43:00.967000,1.15307,1.15306,1870000,1000000
2017-07-19 09:43:01.121000,1.1531,1.15306,5000000,6970000
2017-07-19 09:43:03.787000,1.15308,1.15306,1000000,1000000
2017-07-19 09:43:05.245000,1.15308,1.15305,1500000,1570000
2017-07-19 09:43:05.757000,1.15309,1.15306,1120000,8510000
2017-07-19 09:43:06.286000,1.15309,1.15307,1120000,1310000
2017-07-19 09:43:06.878000,1.1531,1.15307,1760000,1390000
2017-07-19 09:43:07.973000,1.1531,1.15306,2250000,3000000
2017-07-19 09:43:08.481000,1.15309,1.15305,1100000,4760000
2017-07-19 09:43:08.993000,1.15308,1.15306,1000000,1840000
2017-07-19 09:43:09.515000,1.15309,1.15306,3000000,1840000
2017-07-19 09:43:10.134000,1.15309,1.15305,1000000,2360000
2017-07-19 09:43:10.236000,1.15306,1.15305,1000000,1950000
2017-07-19 09:43:10.749000,1.15308,1.15304,4570000,1570000
2017-07-19 09:43:11.123000,1.15308,1.15306,1000000,2340000
2017-07-19 09:43:12.919000,1.15307,1.15305,1870000,4310000
2017-07-19 09:43:13.022000,1.15307,1.15303,3110000,2810000
2017-07-19 09:43:13.564000,1.15306,1.15303,3000000,1120000
2017-07-19 09:43:14.559000,1.15305,1.15302,1000000,3750000
2017-07-19 09:43:17.235000,1.15305,1.15301,1200000,3880000
2017-07-19 09:43:17.490000,1.15307,1.15306,4090000,3750000
2017-07-19 09:43:17.643000,1.15309,1.15306,1120000,1440000
2017-07-19 09:43:18.032000,1.1531,1.15309,2250000,1870000
2017-07-19 09:43:18.351000,1.15313,1.1531,1570000,4780000
2017-07-19 09:43:18.861000,1.15314,1.15311,6450000,3750000
2017-07-19 09:43:19.376000,1.15311,1.1531,1000000,7030000
2017-07-19 09:43:19.430000,1.15309,1.15307,1250000,1690000
2017-07-19 09:43:20.046000,1.1531,1.15309,1010000,1000000
2017-07-19 09:43:20.098000,1.15313,1.15312,2620000,3000000
2017-07-19 09:43:20.316000,1.15321,1.1532,2700000,1000000
2017-07-19 09:43:20.827000,1.15322,1.1532,1000000,5250000
2017-07-19 09:43:21.354000,1.15321,1.1532,2440000,1120000
2017-07-19 09:43:21.717000,1.15319,1.15315,3370000,10310000
2017-07-19 09:43:22.907000,1.15318,1.15315,1310000,13120000
2017-07-19 09:43:23.263000,1.1532,1.15316,2320000,3190000
2017-07-19 09:43:23.519000,1.1532,1.15318,2320000,1000000
2017-07-19 09:43:24.065000,1.1532,1.15317,3070000,1000000
2017-07-19 09:43:24.576000,1.1532,1.15318,1500000,1000000
2017-07-19 09:43:24.882000,1.15318,1.15316,1070000,1120000
2017-07-19 09:43:25.829000,1.15318,1.15316,1120000,2060000
2017-07-19 09:43:26.573000,1.15319,1.15316,2620000,1690000
2017-07-19 09:43:26.943000,1.15319,1.15317,2250000,1000000
2017-07-19 09:43:27.453000,1.1532,1.15317,1570000,1310000
2017-07-19 09:43:28.274000,1.1532,1.15318,3820000,1000000
2017-07-19 09:43:29.704000,1.15319,1.15317,1000000,3560000
2017-07-19 09:43:32.039000,1.1532,1.15317,2700000,1760000
2017-07-19 09:43:32.622000,1.1532,1.15317,3560000,2140000
2017-07-19 09:43:34.585000,1.1532,1.15319,1000000,1120000
2017-07-19 09:43:35.418000,1.15321,1.15319,3750000,1100000
2017-07-19 09:43:36.667000,1.15321,1.15317,8290000,1460000
2017-07-19 09:43:36.719000,1.1532,1.15317,2290000,2140000
2017-07-19 09:43:37.026000,1.15317,1.15315,1000000,9560000
2017-07-19 09:43:37.078000,1.15318,1.15315,1120000,4310000
2017-07-19 09:43:37.952000,1.15319,1.15316,4720000,3070000
2017-07-19 09:43:38.463000,1.15319,1.15317,2620000,1250000
2017-07-19 09:43:39.726000,1.1532,1.15318,3820000,1000000
2017-07-19 09:43:40.140000,1.15319,1.15316,7310000,1760000
2017-07-19 09:43:40.243000,1.15317,1.15314,3370000,6000000
2017-07-19 09:43:40.823000,1.15315,1.15313,2250000,1000000
2017-07-19 09:43:41.640000,1.15315,1.15311,1570000,11810000
2017-07-19 09:43:43.515000,1.15315,1.15312,1500000,1000000
2017-07-19 09:43:45.901000,1.15315,1.15312,2440000,1690000
2017-07-19 09:43:54.286000,1.15315,1.15312,2320000,1120000
2017-07-19 09:43:55.419000,1.15315,1.15313,2470000,1000000
2017-07-19 09:43:55.817000,1.15312,1.15311,1000000,1200000
2017-07-19 09:43:56.330000,1.15309,1.15308,1120000,1390000
2017-07-19 09:43:56.874000,1.15309,1.15306,1120000,4010000
2017-07-19 09:43:57.437000,1.15309,1.15307,1000000,2250000
2017-07-19 09:43:57.490000,1.1531,1.15307,1950000,2250000
2017-07-19 09:44:00.680000,1.15309,1.15308,1000000,1000000
2017-07-19 09:44:01.953000,1.15308,1.15307,1000000,1000000
2017-07-19 09:44:02.004000,1.1531,1.15308,4240000,1000000
2017-07-19 09:44:03.987000,1.1531,1.15308,2700000,1000000
2017-07-19 09:44:04.538000,1.1531,1.15308,2700000,1000000
2017-07-19 09:44:05.043000,1.15309,1.15306,2250000,1120000
2017-07-19 09:44:05.095000,1.15307,1.15306,1870000,1250000
2017-07-19 09:44:05.351000,1.15305,1.15303,4870000,1200000
2017-07-19 09:44:05.454000,1.15303,1.15301,1250000,2140000
2017-07-19 09:44:05.984000,1.15304,1.15301,11230000,1000000
2017-07-19 09:44:06.512000,1.15303,1.15301,1250000,2060000
2017-07-19 09:44:07.339000,1.15304,1.153,11340000,7840000
2017-07-19 09:44:07.646000,1.15299,1.15297,3750000,1950000
2017-07-19 09:44:08.004000,1.153,1.15297,9190000,1390000
2017-07-19 09:44:10.645000,1.153,1.15297,5440000,1870000
2017-07-19 09:44:10.697000,1.15301,1.15299,9370000,1600000
2017-07-19 09:44:11.004000,1.15303,1.15302,3000000,1100000
2017-07-19 09:44:11.524000,1.15304,1.15302,1120000,1470000
2017-07-19 09:44:11.678000,1.15305,1.15303,5250000,1010000
2017-07-19 09:44:12.190000,1.15304,1.15302,1000000,1200000
2017-07-19 09:44:12.874000,1.15304,1.15303,1100000,1000000
2017-07-19 09:44:13.483000,1.15304,1.15302,1470000,1000000
2017-07-19 09:44:14.105000,1.15305,1.15302,8140000,1120000
2017-07-19 09:44:14.641000,1.15305,1.15301,9640000,5620000
2017-07-19 09:44:17.618000,1.15305,1.15301,7110000,1120000
2017-07-19 09:44:20.065000,1.15302,1.15301,1000000,1000000
2017-07-19 09:44:20.117000,1.15302,1.153,1500000,4690000
2017-07-19 09:44:20.270000,1.153,1.15297,1000000,2620000
2017-07-19 09:44:20.790000,1.153,1.15295,7200000,14910000
2017-07-19 09:44:21.435000,1.153,1.15295,13200000,16030001
2017-07-19 09:44:22.945000,1.15298,1.15295,1000000,17910000
2017-07-19 09:44:22.999000,1.15296,1.15294,1470000,5810000
2017-07-19 09:44:23.103000,1.15294,1.15292,1000000,3940000
2017-07-19 09:44:23.258000,1.15293,1.15291,1000000,1500000
2017-07-19 09:44:23.785000,1.15295,1.15291,5060000,9190000
2017-07-19 09:44:24.441000,1.15296,1.15293,8360000,2250000
2017-07-19 09:44:24.651000,1.15296,1.15294,1690000,3070000
2017-07-19 09:44:25.164000,1.15296,1.15295,1000000,2620000
2017-07-19 09:44:25.736000,1.15298,1.15293,4310000,6970000
2017-07-19 09:44:27.188000,1.15296,1.15293,1000000,2510000
2017-07-19 09:44:27.393000,1.15297,1.15296,1000000,8340000
2017-07-19 09:44:28.618000,1.15299,1.15296,3940000,4220000
2017-07-19 09:44:29.128000,1.15299,1.15295,2250000,10070000
2017-07-19 09:44:29.763000,1.15299,1.15295,2250000,13590000
2017-07-19 09:44:29.815000,1.15299,1.15295,1100000,9320000
2017-07-19 09:44:30.882000,1.15299,1.15295,1760000,6390000
2017-07-19 09:44:31.776000,1.15299,1.15296,1570000,1540000
2017-07-19 09:44:31.980000,1.153,1.15299,1690000,2250000
2017-07-19 09:44:32.537000,1.153,1.15297,1120000,2440000
2017-07-19 09:44:33.166000,1.15301,1.15298,1120000,4010000
2017-07-19 09:44:33.679000,1.15301,1.15298,1000000,5440000
2017-07-19 09:44:34.204000,1.15301,1.15298,1000000,2810000
2017-07-19 09:44:34.358000,1.15301,1.15298,1000000,2060000
2017-07-19 09:44:35.213000,1.15301,1.15298,1000000,2700000
2017-07-19 09:44:35.634000,1.15302,1.15301,1000000,1000000
2017-07-19 09:44:37.174000,1.15303,1.153,2320000,4990000
2017-07-19 09:44:39.442000,1.15303,1.153,1500000,4240000
2017-07-19 09:44:39.953000,1.15303,1.15299,1000000,3300000
2017-07-19 09:44:40.658000,1.15303,1.153,2250000,1220000
2017-07-19 09:44:41.708000,1.15303,1.153,1120000,1300000
2017-07-19 09:44:42.189000,1.15305,1.15303,7500000,1000000
2017-07-19 09:44:42.344000,1.15307,1.15305,1000000,7030000
2017-07-19 09:44:44.269000,1.15306,1.15303,2250000,1310000
2017-07-19 09:44:44.781000,1.15305,1.15302,1870000,4420000
2017-07-19 09:44:46.112000,1.15305,1.15302,2250000,1270000
2017-07-19 09:44:46.317000,1.15305,1.15303,1500000,1950000
2017-07-19 09:44:46.729000,1.15306,1.15302,1870000,2020000
2017-07-19 09:44:46.985000,1.15306,1.15302,2620000,2470000
2017-07-19 09:44:47.529000,1.15306,1.15302,2620000,1540000
2017-07-19 09:44:48.039000,1.15306,1.15302,2620000,1540000
2017-07-19 09:44:48.345000,1.15305,1.15302,1870000,1200000
2017-07-19 09:44:49.592000,1.15305,1.15301,3000000,2890000
2017-07-19 09:44:50.344000,1.15305,1.15301,3000000,2140000
2017-07-19 09:44:50.845000,1.15305,1.15301,3000000,4010000
2017-07-19 09:44:51.972000,1.15305,1.15302,3750000,1250000
2017-07-19 09:44:52.769000,1.15305,1.15302,3070000,1250000
2017-07-19 09:44:53.911000,1.15305,1.15302,4950000,1250000
2017-07-19 09:44:54.449000,1.15305,1.15301,7120000,2510000
2017-07-19 09:44:55.434000,1.15305,1.15302,3370000,1250000
2017-07-19 09:44:56.169000,1.15305,1.15301,4120000,4010000
2017-07-19 09:44:56.868000,1.15305,1.15302,3370000,1000000
2017-07-19 09:44:57.021000,1.15306,1.15304,5250000,1650000
2017-07-19 09:44:57.373000,1.15307,1.15306,1310000,1120000
2017-07-19 09:44:58.553000,1.15309,1.15306,5440000,2040000
2017-07-19 09:44:58.604000,1.15312,1.1531,7690000,1000000
2017-07-19 09:44:59.131000,1.15311,1.1531,1000000,2620000
2017-07-19 09:44:59.285000,1.1531,1.15307,2250000,2890000
