time,ask,bid,ask_volume,bid_volume
2019-07-10 09:25:00.180000,1.1222,1.12217,1000000,1760000
2019-07-10 09:25:00.804000,1.12221,1.12217,5510000,1250000
2019-07-10 09:25:00.905000,1.1222,1.12217,1000000,4690000
2019-07-10 09:25:01.688000,1.12221,1.12217,4390000,1250000
2019-07-10 09:25:01.968000,1.1222,1.12217,1000000,3940000
2019-07-10 09:25:03.668000,1.12221,1.12217,5140000,1690000
2019-07-10 09:25:06.371000,1.1222,1.12219,1000000,1000000
2019-07-10 09:25:06.473000,1.12224,1.12221,5890000,1250000
2019-07-10 09:25:12.287000,1.12225,1.12223,4820000,1000000
2019-07-10 09:25:12.390000,1.12225,1.12223,1000000,4760000
2019-07-10 09:25:12.441000,1.12227,1.12223,2140000,4690000
2019-07-10 09:25:12.543000,1.12227,1.12223,1760000,5160000
2019-07-10 09:25:13.219000,1.12227,1.12223,1790000,1760000
2019-07-10 09:25:13.321000,1.12225,1.12223,1000000,2810000
2019-07-10 09:25:13.726000,1.12226,1.12222,1000000,5320000
2019-07-10 09:25:13.934000,1.12227,1.12223,1390000,3190000
2019-07-10 09:25:14.087000,1.12227,1.12224,8510000,1120000
2019-07-10 09:25:14.189000,1.12226,1.12223,1000000,2440000
2019-07-10 09:25:14.343000,1.12226,1.12224,1000000,1000000
2019-07-10 09:25:14.586000,1.12226,1.12222,1000000,7010000
2019-07-10 09:25:14.890000,1.12227,1.12222,3640000,9450000
2019-07-10 09:25:15.365000,1.12225,1.12223,1120000,1250000
2019-07-10 09:25:15.467000,1.12224,1.12221,3000000,1000000
2019-07-10 09:25:15.569000,1.12224,1.1222,1100000,1500000
2019-07-10 09:25:15.670000,1.12223,1.1222,1000000,2010000
2019-07-10 09:25:16.117000,1.12224,1.1222,5620000,2010000
2019-07-10 09:25:16.415000,1.12222,1.12219,1500000,4450000
2019-07-10 09:25:16.670000,1.12221,1.12219,1250000,1250000
2019-07-10 09:25:16.772000,1.12221,1.12217,1350000,5120000
2019-07-10 09:25:18.378000,1.12222,1.12219,8600000,1000000
2019-07-10 09:25:20.508000,1.12223,1.12221,5700000,2850000
2019-07-10 09:25:20.612000,1.12226,1.12223,1260000,1500000
2019-07-10 09:25:20.663000,1.12226,1.12223,1250000,1500000
2019-07-10 09:25:21.733000,1.12228,1.12227,3820000,1000000
2019-07-10 09:25:21.866000,1.1223,1.12227,3340000,1690000
2019-07-10 09:25:21.969000,1.1223,1.12228,1500000,1000000
2019-07-10 09:25:22.173000,1.12232,1.12228,5890000,1000000
2019-07-10 09:25:22.312000,1.12232,1.12228,5320000,1750000
2019-07-10 09:25:24.078000,1.12231,1.12227,2060000,5140000
2019-07-10 09:25:24.180000,1.12231,1.12228,1310000,1000000
2019-07-10 09:25:24.880000,1.12231,1.12227,2060000,2140000
2019-07-10 09:25:25.083000,1.12231,1.12228,1690000,1000000
2019-07-10 09:25:25.217000,1.12231,1.12229,1310000,1000000
2019-07-10 09:25:25.268000,1.12231,1.12227,1000000,4390000
2019-07-10 09:25:26.316000,1.12231,1.12229,1000000,1000000
2019-07-10 09:25:27.164000,1.12232,1.12231,3190000,1000000
2019-07-10 09:25:27.266000,1.12234,1.12232,1240000,1120000
2019-07-10 09:25:27.520000,1.12234,1.12231,1000000,2740000
2019-07-10 09:25:27.622000,1.12235,1.12232,3760000,1000000
2019-07-10 09:25:28.181000,1.12235,1.12231,3190000,1760000
2019-07-10 09:25:28.852000,1.12234,1.12231,1000000,1760000
2019-07-10 09:25:28.953000,1.12235,1.12231,2440000,1760000
2019-07-10 09:25:29.074000,1.12235,1.12232,3190000,1000000
2019-07-10 09:25:29.176000,1.12235,1.12231,1690000,2510000
2019-07-10 09:25:29.355000,1.12234,1.12231,1000000,3260000
2019-07-10 09:25:29.540000,1.12234,1.12232,1000000,1000000
2019-07-10 09:25:29.670000,1.12235,1.12231,2510000,1250000
2019-07-10 09:25:29.772000,1.12235,1.12232,5510000,1000000
2019-07-10 09:25:30.309000,1.12235,1.12231,1250000,2890000
2019-07-10 09:25:30.411000,1.12235,1.12231,2890000,6660000
2019-07-10 09:25:30.978000,1.12233,1.1223,2000000,1390000
2019-07-10 09:25:31.536000,1.12232,1.12229,1120000,7010000
2019-07-10 09:25:31.660000,1.12233,1.1223,2190000,1000000
2019-07-10 09:25:33.080000,1.12233,1.12231,2060000,1000000
2019-07-10 09:25:33.283000,1.12233,1.12231,2190000,1000000
2019-07-10 09:25:33.385000,1.12233,1.1223,2190000,2250000
2019-07-10 09:25:33.504000,1.12232,1.12231,1120000,1000000
2019-07-10 09:25:33.689000,1.12232,1.1223,1120000,3000000
2019-07-10 09:25:33.840000,1.12232,1.1223,1120000,4220000
2019-07-10 09:25:34.666000,1.12233,1.1223,2190000,2700000
2019-07-10 09:25:34.767000,1.12233,1.1223,3120000,3470000
2019-07-10 09:25:34.869000,1.12233,1.1223,3200000,3450000
2019-07-10 09:25:34.971000,1.12235,1.12233,2320000,3100000
2019-07-10 09:25:35.073000,1.12236,1.12234,2000000,1250000
2019-07-10 09:25:35.236000,1.12237,1.12234,2000000,5440000
2019-07-10 09:25:35.388000,1.12237,1.12235,1500000,1000000
2019-07-10 09:25:35.491000,1.12238,1.12237,1500000,1000000
2019-07-10 09:25:35.593000,1.12238,1.12236,1000000,1000000
2019-07-10 09:25:35.941000,1.12238,1.12234,1690000,5510000
2019-07-10 09:25:36.042000,1.12238,1.12235,3940000,1500000
2019-07-10 09:25:36.627000,1.12237,1.12235,1000000,1000000
2019-07-10 09:25:36.756000,1.12237,1.12234,2250000,1690000
2019-07-10 09:25:39.399000,1.12237,1.12235,1500000,1000000
2019-07-10 09:25:40.104000,1.12238,1.12236,1950000,1000000
2019-07-10 09:25:40.206000,1.12238,1.12236,1500000,1000000
2019-07-10 09:25:40.685000,1.12237,1.12234,4440000,1970000
2019-07-10 09:25:40.786000,1.12237,1.12234,4140000,1000000
2019-07-10 09:25:40.888000,1.12236,1.12234,1500000,1200000
2019-07-10 09:25:41.826000,1.12237,1.12234,1500000,1250000
2019-07-10 09:25:42.429000,1.12237,1.12236,1500000,1000000
2019-07-10 09:25:49.779000,1.12237,1.12234,1250000,1000000
2019-07-10 09:25:50.050000,1.12237,1.12235,3260000,1000000
2019-07-10 09:25:50.255000,1.12236,1.12235,1000000,1000000
2019-07-10 09:25:50.407000,1.12237,1.12233,4410000,2890000
2019-07-10 09:25:50.560000,1.12233,1.12231,1500000,3450000
2019-07-10 09:25:50.686000,1.12233,1.12231,1750000,1500000
2019-07-10 09:25:52.119000,1.12235,1.12232,1390000,1500000
2019-07-10 09:25:52.220000,1.12235,1.12233,1500000,1000000
2019-07-10 09:25:52.322000,1.12235,1.12234,1000000,1000000
2019-07-10 09:25:52.574000,1.12235,1.12232,1000000,3660000
2019-07-10 09:25:52.676000,1.12235,1.12232,1500000,4690000
2019-07-10 09:25:52.930000,1.12235,1.12233,1100000,1000000
2019-07-10 09:25:53.339000,1.12236,1.12233,3190000,1500000
2019-07-10 09:25:53.975000,1.12236,1.12233,1510000,1500000
2019-07-10 09:25:56.679000,1.12235,1.12234,1000000,1000000
2019-07-10 09:25:56.731000,1.12236,1.12232,2260000,1250000
2019-07-10 09:25:56.833000,1.12235,1.12232,2640000,1000000
2019-07-10 09:25:57.353000,1.12235,1.12233,8890000,1000000
2019-07-10 09:25:57.455000,1.12236,1.12233,2450000,1000000
2019-07-10 09:26:05.505000,1.12236,1.12234,2450000,1000000
2019-07-10 09:26:05.655000,1.12236,1.12233,1650000,1690000
2019-07-10 09:26:07.144000,1.12235,1.12231,1200000,12100000
2019-07-10 09:26:07.195000,1.12232,1.1223,1500000,1820000
2019-07-10 09:26:07.297000,1.12233,1.1223,2440000,1690000
2019-07-10 09:26:07.459000,1.12232,1.1223,1000000,1690000
2019-07-10 09:26:07.560000,1.12233,1.12229,6410000,2140000
2019-07-10 09:26:07.967000,1.12231,1.12228,1690000,1250000
2019-07-10 09:26:08.068000,1.1223,1.12227,1120000,2570000
2019-07-10 09:26:08.218000,1.1223,1.12228,2440000,1250000
2019-07-10 09:26:08.880000,1.12228,1.12227,1500000,3560000
2019-07-10 09:26:09.150000,1.12228,1.12226,3000000,1000000
2019-07-10 09:26:09.657000,1.12228,1.12225,5170000,3560000
2019-07-10 09:26:09.803000,1.12226,1.12225,1000000,1120000
2019-07-10 09:26:09.854000,1.12226,1.12223,1100000,3190000
2019-07-10 09:26:12.951000,1.12225,1.12223,1000000,2140000
2019-07-10 09:26:13.243000,1.12226,1.12223,3070000,2140000
2019-07-10 09:26:15.888000,1.12228,1.12226,6450000,1000000
2019-07-10 09:26:15.990000,1.12228,1.12226,1000000,1500000
2019-07-10 09:26:18.405000,1.12228,1.12225,2140000,3070000
2019-07-10 09:26:18.507000,1.12227,1.12223,8640000,1310000
2019-07-10 09:26:19.392000,1.12226,1.12224,1500000,1000000
2019-07-10 09:26:20.105000,1.12225,1.12224,1000000,1000000
2019-07-10 09:26:20.206000,1.12226,1.12224,2320000,1000000
2019-07-10 09:26:21.034000,1.12227,1.12226,3450000,1500000
2019-07-10 09:26:21.085000,1.12229,1.12226,3260000,2250000
2019-07-10 09:26:25.128000,1.12229,1.12227,1120000,1000000
2019-07-10 09:26:25.230000,1.12229,1.12226,1120000,7310000
2019-07-10 09:26:25.536000,1.12229,1.12227,1870000,1500000
2019-07-10 09:26:25.719000,1.1223,1.12228,1500000,1000000
2019-07-10 09:26:25.821000,1.12231,1.12228,4950000,1760000
2019-07-10 09:26:25.941000,1.1223,1.12228,1570000,3560000
2019-07-10 09:26:26.427000,1.12231,1.12229,6750000,1000000
2019-07-10 09:26:26.540000,1.12231,1.12229,5250000,1000000
2019-07-10 09:26:28.132000,1.12231,1.12228,4570000,1690000
2019-07-10 09:26:28.973000,1.1223,1.12228,1000000,1500000
2019-07-10 09:26:29.226000,1.12231,1.12228,5510000,1500000
2019-07-10 09:26:30.608000,1.12228,1.12227,1870000,1690000
2019-07-10 09:26:30.710000,1.12228,1.12226,3370000,1500000
2019-07-10 09:26:30.812000,1.12228,1.12225,3370000,1690000
2019-07-10 09:26:30.939000,1.12228,1.12225,4370000,1250000
2019-07-10 09:26:31.143000,1.12228,1.12225,4720000,2440000
2019-07-10 09:26:31.244000,1.12227,1.12225,1000000,1690000
2019-07-10 09:26:31.403000,1.12228,1.12227,1120000,1000000
2019-07-10 09:26:32.859000,1.12229,1.12228,2510000,1000000
2019-07-10 09:26:33.011000,1.12229,1.12227,2450000,1500000
2019-07-10 09:26:33.936000,1.12229,1.12227,2140000,1690000
2019-07-10 09:26:36.797000,1.12227,1.12225,1120000,1250000
2019-07-10 09:26:36.912000,1.12225,1.12223,7500000,1750000
2019-07-10 09:26:37.015000,1.12224,1.12221,1200000,1250000
2019-07-10 09:26:37.117000,1.12223,1.12221,2320000,2440000
2019-07-10 09:26:43.053000,1.12223,1.12222,1100000,1000000
2019-07-10 09:26:43.161000,1.12223,1.12221,1500000,5440000
2019-07-10 09:26:43.263000,1.12224,1.12221,2700000,2440000
2019-07-10 09:26:43.365000,1.12223,1.12221,1000000,3190000
2019-07-10 09:26:43.467000,1.12223,1.12222,1500000,1000000
2019-07-10 09:26:43.569000,1.12224,1.12221,3070000,3940000
2019-07-10 09:26:43.671000,1.12223,1.12221,1000000,1250000
2019-07-10 09:26:43.773000,1.12224,1.12221,3070000,1250000
2019-07-10 09:26:44.087000,1.12223,1.12221,1500000,3940000
2019-07-10 09:26:44.203000,1.12224,1.12221,1950000,1690000
2019-07-10 09:26:44.864000,1.12224,1.12222,1570000,1000000
2019-07-10 09:26:45.168000,1.12225,1.12221,3040000,1690000
2019-07-10 09:26:45.633000,1.12224,1.12222,1200000,1000000
2019-07-10 09:26:46.518000,1.12225,1.12223,6040000,1000000
2019-07-10 09:26:46.620000,1.12224,1.12222,2100000,1500000
2019-07-10 09:26:48.464000,1.12225,1.12222,2450000,2440000
2019-07-10 09:26:49.035000,1.12225,1.12223,1700000,1000000
2019-07-10 09:26:49.137000,1.12225,1.12222,1700000,1250000
2019-07-10 09:26:49.463000,1.12225,1.12222,1200000,1690000
2019-07-10 09:26:51.125000,1.12226,1.12223,3290000,1000000
2019-07-10 09:26:51.227000,1.12226,1.12223,2510000,1000000
2019-07-10 09:26:51.328000,1.12226,1.12223,1820000,1690000
2019-07-10 09:26:51.661000,1.12225,1.12223,1220000,2440000
2019-07-10 09:26:52.025000,1.12226,1.12223,5320000,1690000
2019-07-10 09:26:56.217000,1.12226,1.12222,4390000,3940000
2019-07-10 09:26:56.321000,1.12226,1.12223,5390000,1500000
2019-07-10 09:26:56.422000,1.12225,1.12223,1600000,2250000
2019-07-10 09:26:56.524000,1.12226,1.12223,3890000,2250000
2019-07-10 09:26:57.271000,1.12225,1.12223,1100000,1000000
2019-07-10 09:26:59.332000,1.12225,1.12223,1100000,1500000
2019-07-10 09:26:59.485000,1.12226,1.12223,1850000,1500000
2019-07-10 09:26:59.627000,1.12227,1.12226,1570000,1000000
2019-07-10 09:26:59.729000,1.12229,1.12227,5140000,1000000
2019-07-10 09:26:59.831000,1.1223,1.12227,1200000,3190000
2019-07-10 09:26:59.983000,1.12229,1.12227,4120000,1000000
2019-07-10 09:27:00.091000,1.12228,1.12225,2920000,1750000
2019-07-10 09:27:00.194000,1.12227,1.12223,4160000,1750000
2019-07-10 09:27:00.296000,1.12225,1.12223,1310000,1250000
2019-07-10 09:27:00.399000,1.12225,1.12222,1970000,1750000
2019-07-10 09:27:00.501000,1.12225,1.12223,1950000,1750000
2019-07-10 09:27:02.463000,1.12226,1.12224,4390000,1000000
2019-07-10 09:27:02.616000,1.12225,1.12224,1000000,1250000
2019-07-10 09:27:05.174000,1.12226,1.12223,1760000,1250000
2019-07-10 09:27:06.713000,1.12226,1.12223,3790000,1370000
2019-07-10 09:27:06.815000,1.12226,1.12222,5570000,5120000
2019-07-10 09:27:10.808000,1.12226,1.12224,1570000,1000000
2019-07-10 09:27:12.303000,1.12226,1.12224,2350000,1000000
2019-07-10 09:27:12.405000,1.12226,1.12223,2720000,1690000
2019-07-10 09:27:12.867000,1.12225,1.12222,1570000,4120000
2019-07-10 09:27:12.969000,1.12224,1.12221,5890000,1000000
2019-07-10 09:27:13.071000,1.12224,1.1222,4850000,1500000
2019-07-10 09:27:13.384000,1.12223,1.12221,1690000,1000000
2019-07-10 09:27:13.736000,1.12223,1.12222,1100000,1500000
2019-07-10 09:27:13.838000,1.12224,1.12222,8890000,1000000
2019-07-10 09:27:13.940000,1.12224,1.12222,5910000,1500000
2019-07-10 09:27:14.041000,1.12224,1.12222,1570000,1000000
2019-07-10 09:27:14.143000,1.12225,1.12222,2140000,1000000
2019-07-10 09:27:14.245000,1.12225,1.12222,1790000,1000000
2019-07-10 09:27:14.348000,1.12227,1.12225,1000000,3000000
2019-07-10 09:27:14.451000,1.1223,1.12227,1150000,1500000
2019-07-10 09:27:14.503000,1.12231,1.12227,6350000,3000000
2019-07-10 09:27:14.654000,1.1223,1.12228,1010000,2290000
2019-07-10 09:27:14.756000,1.12232,1.12228,4690000,1690000
2019-07-10 09:27:14.865000,1.12232,1.12228,4710000,1690000
2019-07-10 09:27:15.189000,1.12232,1.12228,4690000,1690000
2019-07-10 09:27:15.957000,1.12232,1.12228,3660000,1690000
2019-07-10 09:27:16.058000,1.12232,1.12228,3640000,1690000
2019-07-10 09:27:16.160000,1.12232,1.12228,3660000,1690000
2019-07-10 09:27:16.455000,1.12232,1.12229,3290000,1000000
2019-07-10 09:27:16.557000,1.12232,1.12229,3560000,1000000
2019-07-10 09:27:16.660000,1.12232,1.12229,2910000,1000000
2019-07-10 09:27:17.101000,1.12232,1.12229,2700000,3940000
2019-07-10 09:27:17.152000,1.12233,1.12231,1310000,1000000
2019-07-10 09:27:17.254000,1.12234,1.12233,1390000,1000000
2019-07-10 09:27:17.406000,1.12236,1.12233,2140000,1000000
2019-07-10 09:27:17.458000,1.12237,1.12235,6820000,1000000
2019-07-10 09:27:17.559000,1.12237,1.12233,3220000,1750000
2019-07-10 09:27:18.581000,1.12237,1.12233,5720000,1750000
2019-07-10 09:27:21.971000,1.12237,1.12235,4070000,1000000
2019-07-10 09:27:22.169000,1.12238,1.12236,3410000,1000000
2019-07-10 09:27:22.271000,1.12238,1.12236,2700000,1000000
2019-07-10 09:27:22.372000,1.12238,1.12234,3820000,9250000
2019-07-10 09:27:22.525000,1.12238,1.12236,1100000,1690000
2019-07-10 09:27:22.628000,1.12239,1.12236,1100000,1250000
2019-07-10 09:27:22.730000,1.12238,1.12236,1010000,1500000
2019-07-10 09:27:22.850000,1.12237,1.12234,1100000,1250000
2019-07-10 09:27:23.054000,1.12237,1.12233,3640000,4310000
2019-07-10 09:27:24.537000,1.12237,1.12234,1760000,1000000
2019-07-10 09:27:24.638000,1.12238,1.12235,2910000,1500000
2019-07-10 09:27:24.740000,1.12238,1.12237,1390000,1000000
2019-07-10 09:27:24.791000,1.12239,1.12236,2320000,1250000
2019-07-10 09:27:24.893000,1.12238,1.12235,1870000,2060000
2019-07-10 09:27:24.944000,1.12236,1.12235,1000000,1310000
2019-07-10 09:27:25.046000,1.12236,1.12234,1000000,1690000
2019-07-10 09:27:30.900000,1.12236,1.12235,1100000,1000000
2019-07-10 09:27:32.205000,1.12236,1.12234,1570000,2440000
2019-07-10 09:27:34.866000,1.12236,1.12233,4200000,2810000
2019-07-10 09:27:35.004000,1.12236,1.12233,2700000,4560000
2019-07-10 09:27:35.666000,1.12236,1.12233,1570000,2060000
2019-07-10 09:27:38.287000,1.12237,1.12234,10040000,1000000
2019-07-10 09:27:40.989000,1.12235,1.12233,6970000,1000000
2019-07-10 09:27:41.091000,1.12233,1.12231,2700000,1500000
2019-07-10 09:27:41.193000,1.12233,1.12231,2890000,1250000
2019-07-10 09:27:41.294000,1.12232,1.12231,1000000,1250000
2019-07-10 09:27:42.133000,1.12231,1.12228,1000000,1870000
2019-07-10 09:27:42.236000,1.12232,1.12228,8890000,4690000
2019-07-10 09:27:42.352000,1.12231,1.12228,1250000,1500000
2019-07-10 09:27:42.749000,1.12231,1.12228,2760000,2250000
2019-07-10 09:27:43.203000,1.12231,1.12228,1760000,1000000
2019-07-10 09:27:43.327000,1.12229,1.12227,3950000,1250000
2019-07-10 09:27:43.480000,1.12228,1.12226,1570000,1000000
2019-07-10 09:27:43.582000,1.12229,1.12227,4910000,1000000
2019-07-10 09:27:43.684000,1.12229,1.12227,2890000,1000000
2019-07-10 09:27:43.785000,1.12229,1.12226,2890000,1000000
2019-07-10 09:27:44.975000,1.1223,1.12227,7350000,1000000
2019-07-10 09:27:45.128000,1.12229,1.12227,1100000,1250000
2019-07-10 09:27:45.179000,1.12229,1.12226,1100000,1870000
2019-07-10 09:27:45.322000,1.12231,1.12228,1350000,1500000
2019-07-10 09:27:45.424000,1.12231,1.12228,1310000,1500000
2019-07-10 09:27:53.195000,1.12232,1.1223,2620000,1000000
2019-07-10 09:27:53.341000,1.12232,1.12228,3000000,3510000
2019-07-10 09:27:58.129000,1.12232,1.12231,1000000,1000000
2019-07-10 09:27:58.333000,1.12231,1.12229,1100000,1310000
2019-07-10 09:27:58.486000,1.12232,1.12228,5910000,4390000
2019-07-10 09:27:59.258000,1.12232,1.12228,3940000,1760000
2019-07-10 09:28:00.112000,1.12231,1.12227,1000000,8390000
2019-07-10 09:28:00.238000,1.1223,1.12227,2620000,3260000
2019-07-10 09:28:05.304000,1.1223,1.12229,1120000,1000000
2019-07-10 09:28:06.241000,1.1223,1.12228,1120000,1500000
2019-07-10 09:28:06.545000,1.1223,1.12227,1870000,1250000
2019-07-10 09:28:06.849000,1.1223,1.12228,2620000,1000000
2019-07-10 09:28:07.943000,1.1223,1.12227,1200000,1250000
2019-07-10 09:28:08.295000,1.1223,1.12227,2540000,1000000
2019-07-10 09:28:08.429000,1.1223,1.12227,3560000,1000000
2019-07-10 09:28:09.357000,1.1223,1.12228,1310000,1000000
2019-07-10 09:28:12.292000,1.12232,1.12229,4760000,1500000
2019-07-10 09:28:12.706000,1.12231,1.12229,1000000,1000000
2019-07-10 09:28:12.858000,1.12232,1.12229,3190000,1000000
2019-07-10 09:28:12.960000,1.12232,1.12229,6660000,1000000
2019-07-10 09:28:13.365000,1.12231,1.12228,1250000,1690000
2019-07-10 09:28:13.503000,1.12228,1.12226,1500000,7010000
2019-07-10 09:28:13.606000,1.12229,1.12227,3120000,3000000
2019-07-10 09:28:13.708000,1.12229,1.12227,2620000,3750000
2019-07-10 09:28:13.810000,1.12229,1.12228,3370000,1000000
2019-07-10 09:28:13.913000,1.12229,1.12227,2620000,3750000
2019-07-10 09:28:14.856000,1.12228,1.12227,1000000,1500000
2019-07-10 09:28:14.958000,1.12229,1.12227,2250000,3750000
2019-07-10 09:28:16.578000,1.12229,1.12228,2250000,1000000
2019-07-10 09:28:16.630000,1.12228,1.12226,1000000,1250000
2019-07-10 09:28:17.449000,1.12229,1.12227,2500000,1500000
2019-07-10 09:28:17.551000,1.1223,1.12227,1690000,1500000
2019-07-10 09:28:17.653000,1.1223,1.12229,3000000,1000000
2019-07-10 09:28:17.892000,1.1223,1.12229,1000000,1000000
2019-07-10 09:28:17.994000,1.12231,1.12229,6000000,1500000
2019-07-10 09:28:18.353000,1.12231,1.12228,5620000,2440000
2019-07-10 09:28:18.454000,1.1223,1.12229,1500000,1000000
2019-07-10 09:28:18.598000,1.12231,1.12228,5100000,1690000
2019-07-10 09:28:19.186000,1.12231,1.12228,5100000,2570000
2019-07-10 09:28:19.542000,1.12231,1.1223,5620000,1250000
2019-07-10 09:28:21.744000,1.12234,1.12232,5620000,1690000
2019-07-10 09:28:21.846000,1.12235,1.12233,3450000,1000000
2019-07-10 09:28:21.947000,1.12235,1.12233,3370000,1000000
2019-07-10 09:28:22.049000,1.12235,1.12233,3370000,1250000
2019-07-10 09:28:22.343000,1.12234,1.12233,1000000,1250000
2019-07-10 09:28:22.547000,1.12235,1.12233,1120000,1000000
2019-07-10 09:28:22.953000,1.12234,1.12233,1000000,1250000
2019-07-10 09:28:23.301000,1.12235,1.12234,1120000,1000000
2019-07-10 09:28:23.403000,1.12234,1.12233,1000000,1690000
2019-07-10 09:28:23.504000,1.12235,1.12233,1870000,1690000
2019-07-10 09:28:23.606000,1.12234,1.12232,1000000,1640000
2019-07-10 09:28:24.487000,1.12235,1.12233,4120000,1000000
2019-07-10 09:28:24.600000,1.12235,1.12231,3370000,4470000
2019-07-10 09:28:25.445000,1.12234,1.12231,1000000,2760000
2019-07-10 09:28:25.548000,1.12235,1.12231,4870000,2200000
2019-07-10 09:28:25.649000,1.12235,1.12231,4750000,2200000
2019-07-10 09:28:27.072000,1.12235,1.12231,4690000,2140000
2019-07-10 09:28:27.124000,1.12233,1.12231,2960000,1010000
2019-07-10 09:28:27.242000,1.12233,1.12229,4500000,2570000
2019-07-10 09:28:27.344000,1.12233,1.12229,6940000,2140000
2019-07-10 09:28:28.135000,1.12232,1.12229,1000000,5140000
2019-07-10 09:28:28.236000,1.12233,1.12229,3940000,4390000
2019-07-10 09:28:30.013000,1.12232,1.12229,2250000,2140000
2019-07-10 09:28:30.115000,1.12231,1.1223,1000000,1000000
2019-07-10 09:28:30.217000,1.12233,1.1223,5560000,1000000
2019-07-10 09:28:30.740000,1.12233,1.1223,7310000,1000000
2019-07-10 09:28:33.559000,1.12231,1.1223,1000000,1000000
2019-07-10 09:28:33.660000,1.12232,1.1223,1000000,1000000
2019-07-10 09:28:33.762000,1.12232,1.12228,1000000,5600000
2019-07-10 09:28:34.217000,1.1223,1.12228,1750000,2700000
2019-07-10 09:28:34.319000,1.12228,1.12227,2250000,1000000
2019-07-10 09:28:34.371000,1.12228,1.12226,2250000,1690000
2019-07-10 09:28:34.728000,1.12229,1.12227,3000000,1000000
2019-07-10 09:28:34.874000,1.12229,1.12228,1120000,1000000
2019-07-10 09:28:36.672000,1.12229,1.12227,1870000,2700000
2019-07-10 09:28:36.773000,1.12228,1.12227,1500000,2250000
2019-07-10 09:28:37.360000,1.12229,1.12227,2620000,2250000
2019-07-10 09:28:37.463000,1.1223,1.12227,2940000,4750000
2019-07-10 09:28:40.358000,1.1223,1.12226,6690000,2890000
2019-07-10 09:28:40.612000,1.1223,1.12227,6540000,1000000
2019-07-10 09:28:41.178000,1.1223,1.12226,10290000,1760000
2019-07-10 09:28:41.331000,1.12228,1.12226,1000000,1760000
2019-07-10 09:28:41.640000,1.12229,1.12226,4120000,2510000
2019-07-10 09:28:41.743000,1.12228,1.12225,3000000,2570000
2019-07-10 09:28:41.845000,1.12227,1.12225,1000000,1690000
2019-07-10 09:28:42.356000,1.12228,1.12225,4500000,2440000
2019-07-10 09:28:42.458000,1.12227,1.12225,1000000,2440000
2019-07-10 09:28:42.559000,1.12228,1.12225,3750000,1250000
2019-07-10 09:28:42.712000,1.12227,1.12224,1000000,3320000
2019-07-10 09:28:42.814000,1.12227,1.12224,3750000,1250000
2019-07-10 09:28:42.916000,1.12226,1.12224,3000000,1690000
2019-07-10 09:28:43.605000,1.12225,1.12224,1000000,1500000
2019-07-10 09:28:43.758000,1.12226,1.12225,1000000,3000000
2019-07-10 09:28:43.861000,1.12227,1.12226,1000000,1390000
2019-07-10 09:28:44.014000,1.12229,1.12226,4320000,2140000
2019-07-10 09:28:44.841000,1.12228,1.12225,5190000,1750000
2019-07-10 09:28:44.943000,1.12227,1.12225,1120000,1500000
2019-07-10 09:28:45.559000,1.12227,1.12226,1120000,1250000
2019-07-10 09:28:46.833000,1.12227,1.12224,1120000,6160000
2019-07-10 09:28:46.935000,1.12226,1.12224,1690000,1500000
2019-07-10 09:28:47.377000,1.12225,1.12224,1000000,1100000
2019-07-10 09:28:47.931000,1.12226,1.12224,2440000,2100000
2019-07-10 09:28:49.457000,1.12226,1.12224,3190000,1220000
2019-07-10 09:28:49.508000,1.12226,1.12223,3190000,1200000
2019-07-10 09:28:49.609000,1.12226,1.12223,9040000,1970000
2019-07-10 09:28:49.712000,1.12226,1.12223,2250000,2140000
2019-07-10 09:28:49.814000,1.12226,1.12223,1690000,2100000
2019-07-10 09:28:52.157000,1.12227,1.12225,1690000,1000000
2019-07-10 09:28:52.208000,1.12228,1.12226,6190000,1000000
2019-07-10 09:28:52.259000,1.12229,1.12228,1000000,1000000
2019-07-10 09:28:52.310000,1.1223,1.12228,1310000,1000000
2019-07-10 09:28:52.442000,1.12231,1.12228,2370000,1220000
2019-07-10 09:28:55.867000,1.12231,1.12229,1870000,1970000
2019-07-10 09:28:55.969000,1.12231,1.12229,2000000,1390000
2019-07-10 09:28:56.172000,1.12231,1.12229,1870000,1410000
2019-07-10 09:28:57.085000,1.12231,1.12228,3500000,2200000
2019-07-10 09:28:57.311000,1.1223,1.12227,2940000,1570000
2019-07-10 09:28:57.805000,1.1223,1.12228,1870000,1000000
2019-07-10 09:28:58.066000,1.12231,1.12229,1500000,1000000
2019-07-10 09:28:58.269000,1.12232,1.12229,8740000,1200000
2019-07-10 09:28:58.371000,1.12231,1.12229,1000000,1000000
2019-07-10 09:28:58.475000,1.12232,1.12229,8660000,1000000
2019-07-10 09:28:59.086000,1.12231,1.12229,1000000,1000000
2019-07-10 09:28:59.211000,1.12232,1.12229,9410000,1000000
2019-07-10 09:29:00.156000,1.12231,1.12229,1000000,1500000
2019-07-10 09:29:00.280000,1.12233,1.12232,1690000,1000000
2019-07-10 09:29:00.382000,1.12235,1.12232,6750000,6040000
2019-07-10 09:29:01.095000,1.12234,1.12231,1000000,4850000
2019-07-10 09:29:01.248000,1.12235,1.12231,4500000,4850000
2019-07-10 09:29:01.452000,1.12235,1.12234,6220000,1250000
2019-07-10 09:29:01.503000,1.12236,1.12233,1870000,3100000
2019-07-10 09:29:01.894000,1.12236,1.12233,1000000,2950000
2019-07-10 09:29:03.285000,1.12236,1.12233,1500000,1760000
2019-07-10 09:29:05.301000,1.12236,1.12234,1000000,1000000
2019-07-10 09:29:05.403000,1.12237,1.12234,12410000,1000000
2019-07-10 09:29:05.659000,1.12236,1.12234,1000000,1000000
2019-07-10 09:29:05.760000,1.12237,1.12233,11660000,2140000
2019-07-10 09:29:06.555000,1.12236,1.12233,1000000,2890000
2019-07-10 09:29:07.654000,1.12237,1.12233,7910000,2140000
2019-07-10 09:29:07.756000,1.12237,1.12233,4870000,2950000
2019-07-10 09:29:08.567000,1.12237,1.12233,5060000,2140000
2019-07-10 09:29:08.836000,1.12236,1.12233,1000000,1390000
2019-07-10 09:29:09.251000,1.12236,1.12233,1000000,1410000
2019-07-10 09:29:09.354000,1.12237,1.12233,4310000,1390000
2019-07-10 09:29:10.561000,1.12234,1.12232,4120000,1910000
2019-07-10 09:29:10.663000,1.12234,1.1223,7750000,1760000
2019-07-10 09:29:10.765000,1.12234,1.1223,8690000,1600000
2019-07-10 09:29:10.866000,1.12234,1.1223,7690000,2510000
2019-07-10 09:29:11.186000,1.12233,1.1223,1000000,2510000
2019-07-10 09:29:11.827000,1.12234,1.1223,9190000,1760000
2019-07-10 09:29:11.975000,1.12233,1.1223,1500000,2510000
2019-07-10 09:29:12.077000,1.12234,1.1223,8440000,1760000
2019-07-10 09:29:12.393000,1.12234,1.1223,7690000,1790000
2019-07-10 09:29:12.495000,1.12235,1.12232,6870000,2700000
2019-07-10 09:29:12.597000,1.12235,1.12232,2940000,4470000
2019-07-10 09:29:14.886000,1.12234,1.12231,1870000,1410000
2019-07-10 09:29:16.737000,1.12234,1.12231,2370000,2290000
2019-07-10 09:29:16.997000,1.12234,1.12231,2370000,1010000
2019-07-10 09:29:18.391000,1.12232,1.12229,1000000,4100000
2019-07-10 09:29:18.494000,1.12233,1.12229,3000000,3470000
2019-07-10 09:29:19.514000,1.12232,1.12229,1000000,4220000
2019-07-10 09:29:20.140000,1.12233,1.12229,3000000,2720000
2019-07-10 09:29:20.940000,1.12232,1.12229,1000000,3470000
2019-07-10 09:29:21.298000,1.12231,1.12229,1000000,1970000
2019-07-10 09:29:21.462000,1.1223,1.12227,1000000,3540000
2019-07-10 09:29:21.564000,1.1223,1.12229,1000000,1000000
2019-07-10 09:29:23.507000,1.12231,1.12229,3190000,1000000
2019-07-10 09:29:25.363000,1.1223,1.12229,1000000,1000000
2019-07-10 09:29:25.553000,1.12231,1.12229,2440000,1000000
2019-07-10 09:29:26.245000,1.12231,1.1223,2440000,1000000
2019-07-10 09:29:27.746000,1.12231,1.12229,2440000,1000000
2019-07-10 09:29:28.648000,1.12231,1.1223,1000000,1000000
2019-07-10 09:29:28.786000,1.12231,1.12229,1500000,1500000
2019-07-10 09:29:31.117000,1.12231,1.12227,1000000,5600000
2019-07-10 09:29:31.567000,1.12231,1.12229,1500000,1000000
2019-07-10 09:29:31.669000,1.12231,1.1223,1500000,1000000
2019-07-10 09:29:35.168000,1.12231,1.12229,1690000,1000000
2019-07-10 09:29:35.987000,1.12231,1.1223,1000000,1000000
2019-07-10 09:29:36.090000,1.12233,1.12231,2620000,1000000
2019-07-10 09:29:36.226000,1.12233,1.12232,1000000,1010000
2019-07-10 09:29:36.329000,1.12234,1.12231,1000000,3110000
2019-07-10 09:29:36.431000,1.12235,1.12231,3940000,1610000
2019-07-10 09:29:36.534000,1.12234,1.12232,1690000,1000000
2019-07-10 09:29:36.738000,1.12233,1.12231,1000000,1000000
2019-07-10 09:29:36.841000,1.12233,1.1223,2810000,1100000
2019-07-10 09:29:36.926000,1.12231,1.12229,1000000,2350000
2019-07-10 09:29:37.404000,1.12231,1.12229,1000000,1200000
2019-07-10 09:29:40.323000,1.12231,1.12228,1000000,1390000
2019-07-10 09:29:40.526000,1.12229,1.12227,1000000,2720000
2019-07-10 09:29:40.628000,1.12228,1.12227,1000000,1250000
2019-07-10 09:29:40.729000,1.12229,1.12227,1690000,1100000
2019-07-10 09:29:40.831000,1.12229,1.12226,1250000,2700000
2019-07-10 09:29:40.932000,1.12229,1.12227,1250000,1000000
2019-07-10 09:29:41.034000,1.12229,1.12226,1250000,2700000
2019-07-10 09:29:42.012000,1.1223,1.12226,7420000,2140000
2019-07-10 09:29:42.113000,1.12229,1.12226,1250000,4200000
2019-07-10 09:29:42.266000,1.12229,1.12228,1250000,1000000
2019-07-10 09:29:42.542000,1.12229,1.12227,1250000,1000000
2019-07-10 09:29:42.818000,1.1223,1.12226,6250000,2700000
2019-07-10 09:29:44.124000,1.12229,1.12227,1690000,1000000
2019-07-10 09:29:45.647000,1.12229,1.12226,1250000,3450000
2019-07-10 09:29:45.749000,1.1223,1.12227,7000000,1000000
2019-07-10 09:29:46.358000,1.1223,1.12228,1250000,1500000
2019-07-10 09:29:46.459000,1.12231,1.12228,2620000,2510000
2019-07-10 09:29:46.561000,1.12231,1.12228,1500000,2160000
2019-07-10 09:29:47.176000,1.12232,1.12228,10100000,2700000
2019-07-10 09:29:49.367000,1.12232,1.1223,8660000,1000000
2019-07-10 09:29:49.469000,1.12233,1.12231,1500000,1000000
2019-07-10 09:29:49.571000,1.12233,1.1223,1950000,1760000
2019-07-10 09:29:49.673000,1.12233,1.1223,1690000,1750000
2019-07-10 09:29:54.092000,1.12232,1.1223,1690000,1000000
2019-07-10 09:29:54.194000,1.12231,1.12229,1690000,1000000
2019-07-10 09:29:54.295000,1.12231,1.12227,1690000,4390000
2019-07-10 09:29:54.702000,1.12231,1.12228,1690000,1000000
2019-07-10 09:29:54.804000,1.12231,1.12228,5720000,1000000
2019-07-10 09:29:54.944000,1.12229,1.12227,1350000,1000000
2019-07-10 09:29:55.046000,1.12229,1.12226,2510000,1000000
2019-07-10 09:29:55.864000,1.12228,1.12226,1000000,1500000
2019-07-10 09:29:55.966000,1.12229,1.12227,3790000,1000000
2019-07-10 09:29:56.576000,1.1223,1.12227,1000000,2620000
2019-07-10 09:29:57.168000,1.12231,1.12229,1120000,1000000
2019-07-10 09:29:57.297000,1.12232,1.12229,3710000,1000000
2019-07-10 09:29:58.645000,1.12232,1.12229,4410000,1000000
2019-07-10 09:29:59.515000,1.12231,1.12228,1000000,2510000
2019-07-10 09:30:01.005000,1.12231,1.12227,1690000,4240000
2019-07-10 09:30:03.980000,1.12231,1.12228,2610000,1000000
2019-07-10 09:30:07.345000,1.12231,1.12228,1000000,3250000
2019-07-10 09:30:07.447000,1.12232,1.12229,1250000,1250000
2019-07-10 09:30:07.550000,1.12232,1.12228,1990000,2890000
2019-07-10 09:30:07.952000,1.12232,1.1223,1690000,1000000
2019-07-10 09:30:08.155000,1.12232,1.12228,1250000,5140000
2019-07-10 09:30:08.411000,1.12232,1.12229,1250000,1000000
2019-07-10 09:30:10.782000,1.12232,1.1223,1500000,1000000
2019-07-10 09:30:10.883000,1.12232,1.12229,1000000,1250000
2019-07-10 09:30:12.327000,1.12232,1.12231,1000000,1000000
2019-07-10 09:30:12.430000,1.12234,1.12231,1310000,1500000
2019-07-10 09:30:12.532000,1.12233,1.12232,1250000,1000000
2019-07-10 09:30:12.671000,1.12234,1.12231,1370000,1690000
2019-07-10 09:30:12.774000,1.12233,1.1223,1500000,1610000
2019-07-10 09:30:13.130000,1.12233,1.12229,4690000,6260000
2019-07-10 09:30:14.025000,1.12232,1.12229,1000000,6940000
2019-07-10 09:30:14.127000,1.1223,1.12229,1500000,1570000
2019-07-10 09:30:14.229000,1.12229,1.12228,1310000,1000000
2019-07-10 09:30:14.331000,1.12229,1.12227,1690000,1000000
2019-07-10 09:30:15.263000,1.12229,1.12226,1310000,1500000
2019-07-10 09:30:15.416000,1.12229,1.12226,1310000,2720000
2019-07-10 09:30:15.570000,1.12229,1.12226,2060000,1200000
2019-07-10 09:30:18.081000,1.12229,1.12225,5620000,7950000
2019-07-10 09:30:22.438000,1.12229,1.12226,3190000,1000000
2019-07-10 09:30:22.540000,1.12227,1.12225,1250000,1220000
2019-07-10 09:30:22.592000,1.12226,1.12223,2850000,3260000
2019-07-10 09:30:22.695000,1.12225,1.12222,3190000,1000000
2019-07-10 09:30:22.940000,1.12224,1.12222,1000000,1000000
2019-07-10 09:30:23.042000,1.12225,1.12222,3260000,1200000
2019-07-10 09:30:23.569000,1.12224,1.12222,1000000,1200000
2019-07-10 09:30:23.772000,1.12224,1.12221,1000000,1390000
2019-07-10 09:30:23.874000,1.12224,1.12222,2250000,1000000
2019-07-10 09:30:24.077000,1.12226,1.12223,5810000,1000000
2019-07-10 09:30:28.427000,1.12226,1.12224,1310000,1000000
2019-07-10 09:30:32.603000,1.12228,1.12226,4200000,1000000
2019-07-10 09:30:32.705000,1.1223,1.12228,2570000,2250000
2019-07-10 09:30:32.807000,1.12231,1.12228,1250000,1500000
2019-07-10 09:30:33.288000,1.12232,1.12229,6700000,1000000
2019-07-10 09:30:33.492000,1.12232,1.12228,6700000,2250000
2019-07-10 09:30:33.593000,1.12231,1.12229,1250000,1000000
2019-07-10 09:30:33.913000,1.12232,1.12228,6700000,2250000
2019-07-10 09:30:34.547000,1.1223,1.12227,1870000,1410000
2019-07-10 09:30:34.649000,1.1223,1.12227,1250000,1000000
2019-07-10 09:30:34.760000,1.1223,1.12226,1310000,2890000
2019-07-10 09:30:35.340000,1.1223,1.12226,1820000,1870000
2019-07-10 09:30:35.902000,1.1223,1.12227,1750000,1000000
2019-07-10 09:30:37.132000,1.12231,1.12228,14320000,1000000
2019-07-10 09:30:37.233000,1.12231,1.12227,10570000,1500000
2019-07-10 09:30:37.436000,1.12231,1.12228,10570000,1000000
2019-07-10 09:30:37.572000,1.1223,1.12228,3560000,1000000
2019-07-10 09:30:37.673000,1.1223,1.12227,2810000,1500000
2019-07-10 09:30:44.933000,1.1223,1.12228,1120000,1000000
2019-07-10 09:30:45.035000,1.12231,1.12229,1500000,1000000
2019-07-10 09:30:47.207000,1.12232,1.12229,7610000,1500000
2019-07-10 09:30:48.309000,1.12231,1.12228,1000000,2500000
2019-07-10 09:30:49.978000,1.1223,1.12228,1000000,1940000
2019-07-10 09:30:50.079000,1.12231,1.12227,2250000,4640000
2019-07-10 09:30:50.939000,1.12232,1.12229,4800000,1250000
2019-07-10 09:30:51.431000,1.12231,1.12229,1000000,1250000
2019-07-10 09:30:51.533000,1.12232,1.12228,4800000,3250000
2019-07-10 09:30:51.865000,1.12231,1.12229,1000000,1250000
2019-07-10 09:30:52.640000,1.12232,1.12228,5740000,2440000
2019-07-10 09:30:54.631000,1.12232,1.12229,5740000,1000000
2019-07-10 09:30:54.733000,1.12231,1.12229,1000000,1000000
2019-07-10 09:30:54.835000,1.12231,1.12228,1000000,4690000
2019-07-10 09:30:54.987000,1.12231,1.12229,1000000,1000000
2019-07-10 09:30:55.165000,1.12231,1.12228,1000000,4690000
2019-07-10 09:30:55.640000,1.12231,1.12229,1000000,1000000
2019-07-10 09:30:56.643000,1.12231,1.12228,1570000,5140000
2019-07-10 09:30:57.160000,1.1223,1.12228,1000000,5440000
2019-07-10 09:30:57.350000,1.12231,1.12228,1570000,5140000
2019-07-10 09:30:57.527000,1.12231,1.12229,2700000,1000000
2019-07-10 09:30:58.730000,1.1223,1.12229,1000000,1000000
2019-07-10 09:30:58.832000,1.12231,1.12229,2250000,1000000
2019-07-10 09:30:58.933000,1.12231,1.12228,1120000,4690000
2019-07-10 09:30:59.388000,1.1223,1.12228,1000000,4690000
2019-07-10 09:30:59.490000,1.12231,1.12229,4720000,1000000
2019-07-10 09:30:59.592000,1.12231,1.12228,1870000,4690000
2019-07-10 09:30:59.693000,1.12231,1.12229,1120000,1000000
2019-07-10 09:30:59.795000,1.12231,1.12228,1120000,5440000
2019-07-10 09:30:59.896000,1.12231,1.12229,1000000,1120000
2019-07-10 09:31:00.204000,1.12232,1.12229,2810000,2470000
2019-07-10 09:31:00.305000,1.12233,1.12231,1000000,1000000
2019-07-10 09:31:00.407000,1.12233,1.12231,1000000,6320000
2019-07-10 09:31:00.509000,1.12235,1.12234,2250000,1250000
2019-07-10 09:31:00.665000,1.12238,1.12235,2500000,1100000
2019-07-10 09:31:01.570000,1.12238,1.12236,1310000,2250000
2019-07-10 09:31:01.672000,1.12239,1.12237,1310000,2350000
2019-07-10 09:31:02.250000,1.1224,1.12237,2870000,1570000
2019-07-10 09:31:02.566000,1.1224,1.12237,2870000,2450000
2019-07-10 09:31:02.669000,1.1224,1.12237,1870000,2720000
2019-07-10 09:31:03.794000,1.12241,1.12237,3370000,3450000
2019-07-10 09:31:04.991000,1.12241,1.12237,6310000,2640000
2019-07-10 09:31:06.977000,1.12238,1.12237,1000000,1950000
2019-07-10 09:31:07.079000,1.12238,1.12235,1250000,3570000
2019-07-10 09:31:07.180000,1.12238,1.12235,1250000,2450000
2019-07-10 09:31:08.238000,1.12239,1.12236,1870000,1690000
2019-07-10 09:31:09.528000,1.1224,1.12236,3770000,2970000
2019-07-10 09:31:09.630000,1.12239,1.12236,4150000,2700000
2019-07-10 09:31:09.834000,1.12239,1.12236,1500000,2140000
2019-07-10 09:31:11.006000,1.1224,1.12236,3940000,4410000
2019-07-10 09:31:12.317000,1.1224,1.12237,1310000,1600000
2019-07-10 09:31:12.773000,1.12239,1.12237,1000000,1120000
2019-07-10 09:31:12.875000,1.12238,1.12236,1000000,1700000
2019-07-10 09:31:15.887000,1.12239,1.12236,4870000,1510000
2019-07-10 09:31:18.035000,1.1224,1.12237,2440000,1200000
2019-07-10 09:31:18.136000,1.12239,1.12237,1120000,3070000
2019-07-10 09:31:18.602000,1.12239,1.12238,1120000,1000000
2019-07-10 09:31:18.952000,1.1224,1.12238,4310000,1000000
2019-07-10 09:31:19.486000,1.1224,1.12237,8060000,1200000
2019-07-10 09:31:20.800000,1.1224,1.12237,7310000,1970000
2019-07-10 09:31:21.013000,1.12239,1.12237,1120000,3070000
2019-07-10 09:31:21.158000,1.1224,1.12237,5810000,2320000
2019-07-10 09:31:21.310000,1.1224,1.12238,2810000,2750000
2019-07-10 09:31:21.412000,1.12242,1.1224,1200000,6750000
2019-07-10 09:31:21.463000,1.12243,1.1224,1250000,3070000
2019-07-10 09:31:22.855000,1.12242,1.1224,1000000,4760000
2019-07-10 09:31:23.197000,1.12243,1.1224,1690000,3000000
2019-07-10 09:31:23.902000,1.12241,1.1224,1500000,1010000
2019-07-10 09:31:24.039000,1.1224,1.12239,1000000,1000000
2019-07-10 09:31:24.192000,1.12241,1.12239,3190000,1000000
2019-07-10 09:31:24.295000,1.12242,1.12239,3560000,1000000
2019-07-10 09:31:24.397000,1.12242,1.12239,2060000,1450000
2019-07-10 09:31:25.695000,1.12242,1.12239,1870000,1390000
2019-07-10 09:31:26.555000,1.12243,1.12239,3190000,2890000
2019-07-10 09:31:27.012000,1.12243,1.12239,1690000,3660000
2019-07-10 09:31:27.478000,1.12242,1.12239,1000000,3260000
2019-07-10 09:31:28.770000,1.12241,1.12239,1000000,1390000
2019-07-10 09:31:29.335000,1.12241,1.12239,1000000,3640000
2019-07-10 09:31:29.918000,1.12241,1.12239,1000000,2890000
2019-07-10 09:31:30.378000,1.12243,1.12239,4310000,1010000
2019-07-10 09:31:30.991000,1.1224,1.12239,1120000,1690000
2019-07-10 09:31:31.118000,1.12239,1.12237,1500000,1500000
2019-07-10 09:31:31.221000,1.12238,1.12237,1000000,1000000
2019-07-10 09:31:31.324000,1.12239,1.12237,1500000,1970000
2019-07-10 09:31:31.426000,1.12238,1.12237,1000000,1000000
2019-07-10 09:31:31.630000,1.12239,1.12237,1250000,1390000
2019-07-10 09:31:32.038000,1.12239,1.12237,1500000,1370000
2019-07-10 09:31:32.190000,1.12239,1.12237,1500000,1250000
2019-07-10 09:31:32.407000,1.12238,1.12236,1000000,1510000
2019-07-10 09:31:32.509000,1.12239,1.12236,2060000,1850000
2019-07-10 09:31:32.814000,1.1224,1.12237,1100000,2140000
2019-07-10 09:31:33.297000,1.12239,1.12237,1000000,2440000
2019-07-10 09:31:33.433000,1.12239,1.12237,1000000,4410000
2019-07-10 09:31:33.535000,1.1224,1.12237,3600000,2910000
2019-07-10 09:31:33.850000,1.12239,1.12237,1500000,1690000
2019-07-10 09:31:33.901000,1.12238,1.12236,1000000,4390000
2019-07-10 09:31:34.003000,1.12239,1.12237,1000000,1690000
2019-07-10 09:31:34.105000,1.1224,1.12237,3370000,1010000
2019-07-10 09:31:38.137000,1.1224,1.12238,1000000,1200000
2019-07-10 09:31:38.238000,1.12241,1.12238,1310000,1570000
2019-07-10 09:31:38.340000,1.1224,1.12238,1120000,3450000
2019-07-10 09:31:39.039000,1.12241,1.12238,1000000,1690000
2019-07-10 09:31:39.242000,1.12241,1.12238,2250000,2500000
2019-07-10 09:31:39.462000,1.12242,1.12238,4120000,3350000
2019-07-10 09:31:39.564000,1.12241,1.12239,1000000,2290000
2019-07-10 09:31:39.666000,1.12242,1.12238,3000000,7470000
2019-07-10 09:31:39.858000,1.12241,1.12239,1500000,1760000
2019-07-10 09:31:39.909000,1.1224,1.12238,1000000,7010000
2019-07-10 09:31:40.316000,1.12241,1.12238,1500000,5970000
2019-07-10 09:31:44.443000,1.1224,1.12239,1000000,1010000
2019-07-10 09:31:44.567000,1.12241,1.12239,3750000,1250000
2019-07-10 09:31:44.719000,1.1224,1.12239,1000000,1000000
2019-07-10 09:31:44.885000,1.12241,1.12238,5060000,2820000
2019-07-10 09:31:46.558000,1.12242,1.12239,3560000,1200000
2019-07-10 09:31:46.660000,1.12242,1.12239,3560000,1970000
2019-07-10 09:31:49.468000,1.12243,1.1224,3000000,1760000
2019-07-10 09:31:49.520000,1.12244,1.12242,5060000,1500000
2019-07-10 09:31:49.640000,1.12246,1.12243,2500000,1800000
2019-07-10 09:31:49.692000,1.12246,1.12243,2440000,1570000
2019-07-10 09:31:50.034000,1.12246,1.12243,3190000,2450000
2019-07-10 09:31:51.196000,1.12247,1.12244,1250000,2890000
2019-07-10 09:31:51.330000,1.12247,1.12244,1250000,3660000
2019-07-10 09:31:52.029000,1.12249,1.12248,2060000,1000000
2019-07-10 09:31:52.080000,1.12251,1.12249,5510000,2000000
2019-07-10 09:31:52.196000,1.12253,1.1225,3100000,2750000
2019-07-10 09:31:52.299000,1.12253,1.1225,1000000,3390000
2019-07-10 09:31:52.705000,1.12252,1.1225,1000000,2820000
2019-07-10 09:31:53.096000,1.12254,1.12251,5120000,3820000
2019-07-10 09:31:53.429000,1.12252,1.12249,2250000,1760000
2019-07-10 09:31:54.528000,1.1225,1.12248,1000000,4970000
2019-07-10 09:31:54.630000,1.12251,1.12248,2250000,3070000
2019-07-10 09:31:54.833000,1.12252,1.1225,4390000,2000000
2019-07-10 09:31:55.451000,1.12253,1.1225,2440000,1500000
2019-07-10 09:31:55.553000,1.12252,1.1225,1000000,1500000
2019-07-10 09:31:55.674000,1.12253,1.1225,2440000,1500000
2019-07-10 09:31:56.023000,1.12252,1.1225,1000000,1500000
2019-07-10 09:31:56.159000,1.12253,1.1225,1690000,1500000
2019-07-10 09:31:56.265000,1.12252,1.1225,1000000,1500000
2019-07-10 09:31:56.367000,1.12251,1.12249,1500000,1250000
2019-07-10 09:31:56.468000,1.12251,1.12249,2500000,1690000
2019-07-10 09:31:56.570000,1.12251,1.12249,1000000,1250000
2019-07-10 09:31:58.510000,1.12252,1.12249,4310000,1000000
2019-07-10 09:31:58.613000,1.12253,1.12249,3700000,6970000
2019-07-10 09:31:58.715000,1.12253,1.1225,3620000,2350000
2019-07-10 09:31:59.048000,1.12253,1.1225,3620000,1120000
2019-07-10 09:31:59.254000,1.12251,1.12249,2250000,2260000
2019-07-10 09:32:00.127000,1.12251,1.12249,1000000,1570000
2019-07-10 09:32:01.637000,1.12252,1.12249,1500000,1760000
2019-07-10 09:32:01.739000,1.12252,1.1225,1500000,1000000
2019-07-10 09:32:01.841000,1.12252,1.12249,1000000,5140000
2019-07-10 09:32:02.162000,1.12251,1.12249,1000000,1760000
2019-07-10 09:32:02.420000,1.1225,1.12248,2620000,1100000
2019-07-10 09:32:02.471000,1.12248,1.12247,1000000,1760000
2019-07-10 09:32:02.573000,1.12248,1.12245,2440000,1100000
2019-07-10 09:32:02.709000,1.12247,1.12245,1000000,1500000
2019-07-10 09:32:03.754000,1.12247,1.12244,1500000,7950000
2019-07-10 09:32:04.036000,1.12246,1.12244,1000000,2700000
2019-07-10 09:32:04.751000,1.12247,1.12245,2250000,1100000
2019-07-10 09:32:04.853000,1.12247,1.12244,3000000,2890000
2019-07-10 09:32:06.726000,1.12246,1.12244,1000000,1760000
2019-07-10 09:32:07.965000,1.12247,1.12244,1500000,4010000
2019-07-10 09:32:08.925000,1.12248,1.12244,8440000,4010000
2019-07-10 09:32:08.976000,1.12248,1.12247,4500000,1000000
2019-07-10 09:32:09.078000,1.12252,1.12249,5060000,1570000
2019-07-10 09:32:09.231000,1.12251,1.12249,1000000,1100000
2019-07-10 09:32:09.332000,1.12252,1.12248,4240000,6260000
2019-07-10 09:32:09.435000,1.12252,1.12249,5090000,1200000
2019-07-10 09:32:09.999000,1.1225,1.12248,1000000,4760000
2019-07-10 09:32:10.101000,1.1225,1.12248,1500000,3260000
2019-07-10 09:32:10.463000,1.12252,1.12248,4690000,3640000
2019-07-10 09:32:10.565000,1.12252,1.12248,3190000,4040000
2019-07-10 09:32:12.244000,1.12253,1.1225,2440000,1000000
2019-07-10 09:32:12.346000,1.12253,1.12249,1690000,2140000
2019-07-10 09:32:12.519000,1.12253,1.1225,1690000,1000000
2019-07-10 09:32:12.621000,1.12253,1.12249,1690000,2140000
2019-07-10 09:32:13.317000,1.12253,1.1225,2440000,1000000
2019-07-10 09:32:13.418000,1.12252,1.12249,1000000,2140000
2019-07-10 09:32:14.731000,1.12251,1.12249,1000000,2510000
2019-07-10 09:32:14.833000,1.12252,1.12249,1000000,1390000
2019-07-10 09:32:15.547000,1.12252,1.12249,1000000,2160000
2019-07-10 09:32:15.648000,1.12252,1.12249,1000000,2140000
2019-07-10 09:32:17.091000,1.12252,1.12248,1690000,8510000
2019-07-10 09:32:17.210000,1.12252,1.12249,1870000,1500000
2019-07-10 09:32:17.751000,1.12249,1.12247,1000000,10200000
2019-07-10 09:32:17.854000,1.12248,1.12246,1500000,1940000
2019-07-10 09:32:18.006000,1.12248,1.12246,1500000,1120000
2019-07-10 09:32:18.930000,1.12249,1.12246,8890000,2000000
2019-07-10 09:32:19.032000,1.12249,1.12246,6640000,1000000
2019-07-10 09:32:19.686000,1.12249,1.12246,7080000,1250000
2019-07-10 09:32:20.931000,1.12249,1.12246,7500000,1250000
2019-07-10 09:32:21.033000,1.12249,1.12247,4130000,4720000
2019-07-10 09:32:21.236000,1.12249,1.12248,1000000,1200000
2019-07-10 09:32:21.338000,1.12249,1.12247,1000000,1570000
2019-07-10 09:32:21.490000,1.12249,1.12246,1000000,1760000
2019-07-10 09:32:21.723000,1.1225,1.12246,5870000,4790000
2019-07-10 09:32:21.825000,1.12251,1.12248,4000000,2440000
2019-07-10 09:32:21.928000,1.12252,1.12249,2840000,2320000
2019-07-10 09:32:22.081000,1.12253,1.1225,2090000,2570000
2019-07-10 09:32:22.184000,1.12253,1.1225,1250000,1450000
2019-07-10 09:32:22.813000,1.12252,1.12249,1000000,7100000
2019-07-10 09:32:22.915000,1.12252,1.12249,1000000,8070000
2019-07-10 09:32:23.739000,1.12251,1.12249,1000000,7410000
2019-07-10 09:32:23.841000,1.12252,1.1225,1000000,1220000
2019-07-10 09:32:24.719000,1.12251,1.1225,1000000,1000000
2019-07-10 09:32:24.822000,1.12251,1.12249,1000000,8140000
2019-07-10 09:32:24.923000,1.12251,1.12249,1000000,8140000
2019-07-10 09:32:25.139000,1.12252,1.12249,1500000,6640000
2019-07-10 09:32:25.705000,1.12252,1.1225,1000000,1000000
2019-07-10 09:32:26.706000,1.12252,1.12249,1000000,8890000
2019-07-10 09:32:27.182000,1.12252,1.1225,1000000,1000000
2019-07-10 09:32:27.283000,1.12252,1.12249,1000000,5890000
2019-07-10 09:32:27.410000,1.12251,1.1225,1000000,1250000
2019-07-10 09:32:27.512000,1.12252,1.1225,1000000,1100000
2019-07-10 09:32:27.563000,1.12251,1.12249,4000000,1570000
2019-07-10 09:32:27.665000,1.12252,1.12248,9040000,2640000
2019-07-10 09:32:28.581000,1.12249,1.12248,1000000,1200000
2019-07-10 09:32:28.682000,1.1225,1.12248,1000000,2290000
2019-07-10 09:32:28.785000,1.12251,1.12248,2250000,2290000
2019-07-10 09:32:29.033000,1.1225,1.12248,1000000,2290000
2019-07-10 09:32:29.605000,1.1225,1.12248,1000000,1010000
2019-07-10 09:32:32.065000,1.12249,1.12247,1000000,1450000
2019-07-10 09:32:32.225000,1.1225,1.12247,1870000,1640000
2019-07-10 09:32:32.378000,1.1225,1.12249,1500000,1120000
2019-07-10 09:32:32.530000,1.12251,1.12249,1690000,1250000
2019-07-10 09:32:33.364000,1.12253,1.12249,5060000,2140000
2019-07-10 09:32:33.466000,1.12253,1.1225,1310000,1390000
2019-07-10 09:32:34.950000,1.12252,1.12249,1000000,5200000
2019-07-10 09:32:37.415000,1.12251,1.12249,1000000,5870000
2019-07-10 09:32:37.527000,1.1225,1.12249,2250000,1250000
2019-07-10 09:32:37.686000,1.1225,1.12247,1000000,1500000
2019-07-10 09:32:37.788000,1.1225,1.12246,1000000,4450000
2019-07-10 09:32:37.941000,1.1225,1.12247,1000000,1660000
2019-07-10 09:32:38.044000,1.1225,1.12247,1500000,5410000
2019-07-10 09:32:38.174000,1.12251,1.12247,2440000,3890000
2019-07-10 09:32:38.327000,1.1225,1.12249,1000000,1000000
2019-07-10 09:32:38.716000,1.12251,1.12248,2250000,1120000
2019-07-10 09:32:38.970000,1.1225,1.12248,1000000,1250000
2019-07-10 09:32:39.205000,1.12251,1.12248,2250000,1250000
2019-07-10 09:32:41.391000,1.1225,1.12247,1000000,1690000
2019-07-10 09:32:41.509000,1.12249,1.12247,2350000,1000000
2019-07-10 09:32:41.610000,1.12248,1.12246,1000000,1120000
2019-07-10 09:32:41.712000,1.12249,1.12246,4950000,1120000
2019-07-10 09:32:41.864000,1.12249,1.12246,5850000,1120000
2019-07-10 09:32:41.983000,1.12249,1.12245,5140000,3190000
2019-07-10 09:32:43.556000,1.12249,1.12246,1500000,1690000
2019-07-10 09:32:43.658000,1.1225,1.12248,4500000,1750000
2019-07-10 09:32:43.811000,1.12251,1.12249,1000000,1250000
2019-07-10 09:32:43.914000,1.12253,1.12249,4600000,5570000
2019-07-10 09:32:44.017000,1.12253,1.1225,1690000,1250000
2019-07-10 09:32:44.137000,1.12252,1.1225,1000000,1250000
2019-07-10 09:32:45.667000,1.12251,1.12249,1000000,6360000
2019-07-10 09:32:46.186000,1.12251,1.12249,1000000,4450000
2019-07-10 09:32:46.339000,1.12253,1.1225,1820000,1690000
2019-07-10 09:32:46.980000,1.12252,1.12249,1200000,1010000
2019-07-10 09:32:49.281000,1.12251,1.12249,1000000,2440000
2019-07-10 09:32:49.382000,1.12252,1.12249,1570000,1690000
2019-07-10 09:32:49.506000,1.12251,1.12249,1000000,3190000
2019-07-10 09:32:49.683000,1.12252,1.12249,1500000,1690000
2019-07-10 09:32:50.839000,1.1225,1.12247,1000000,3360000
2019-07-10 09:32:51.044000,1.12251,1.12248,1690000,1500000
2019-07-10 09:32:51.146000,1.1225,1.12249,1000000,1000000
2019-07-10 09:32:51.249000,1.12251,1.12248,1250000,3000000
2019-07-10 09:32:51.351000,1.1225,1.12249,1000000,1000000
2019-07-10 09:32:51.663000,1.12251,1.12248,1250000,2250000
2019-07-10 09:32:52.226000,1.1225,1.12248,1000000,2250000
2019-07-10 09:32:52.327000,1.1225,1.12249,1500000,1000000
2019-07-10 09:32:52.604000,1.1225,1.12248,1000000,2250000
2019-07-10 09:32:52.837000,1.12251,1.12248,1690000,2250000
2019-07-10 09:32:52.939000,1.12252,1.12249,2250000,1000000
2019-07-10 09:32:55.920000,1.12253,1.1225,3040000,1000000
2019-07-10 09:32:56.073000,1.12252,1.1225,1000000,1690000
2019-07-10 09:32:56.175000,1.12253,1.1225,1350000,1690000
2019-07-10 09:32:56.613000,1.12252,1.1225,1000000,2440000
2019-07-10 09:32:56.716000,1.12253,1.1225,5250000,3560000
2019-07-10 09:32:56.819000,1.12253,1.12251,5250000,1000000
2019-07-10 09:32:56.922000,1.12253,1.1225,6820000,2060000
2019-07-10 09:32:57.075000,1.12251,1.1225,1000000,1250000
2019-07-10 09:32:57.176000,1.12252,1.1225,2250000,1250000
2019-07-10 09:32:57.369000,1.12251,1.12249,1000000,4560000
2019-07-10 09:32:57.471000,1.12252,1.12249,2320000,1750000
2019-07-10 09:32:57.573000,1.12251,1.12249,1000000,1750000
2019-07-10 09:32:57.816000,1.12252,1.12249,2250000,1750000
2019-07-10 09:32:58.899000,1.12253,1.12251,5320000,1000000
2019-07-10 09:32:59.001000,1.12253,1.1225,6750000,1690000
2019-07-10 09:32:59.154000,1.12253,1.1225,6600000,1690000
2019-07-10 09:32:59.357000,1.12253,1.1225,3000000,1250000
2019-07-10 09:32:59.459000,1.12251,1.12249,1500000,5570000
2019-07-10 09:33:00.628000,1.12252,1.12249,1000000,1940000
2019-07-10 09:33:00.729000,1.12251,1.12249,1000000,2440000
2019-07-10 09:33:01.800000,1.1225,1.12248,1000000,2620000
2019-07-10 09:33:01.901000,1.1225,1.12248,1000000,2870000
2019-07-10 09:33:02.003000,1.12251,1.12248,3190000,3370000
2019-07-10 09:33:02.131000,1.1225,1.12248,1000000,2810000
2019-07-10 09:33:02.232000,1.12251,1.12248,2250000,2810000
2019-07-10 09:33:03.216000,1.12251,1.12248,1000000,6000000
2019-07-10 09:33:03.395000,1.12252,1.12248,1000000,6070000
2019-07-10 09:33:04.543000,1.12253,1.1225,3820000,3190000
2019-07-10 09:33:05.984000,1.12254,1.1225,6670000,1250000
2019-07-10 09:33:06.829000,1.12254,1.12251,8700000,1000000
2019-07-10 09:33:06.932000,1.12255,1.12253,1250000,1000000
2019-07-10 09:33:07.034000,1.12256,1.12255,1000000,1000000
2019-07-10 09:33:07.136000,1.12258,1.12254,6490000,2440000
2019-07-10 09:33:07.238000,1.12257,1.12254,1000000,4690000
2019-07-10 09:33:07.561000,1.12256,1.12254,1000000,1000000
2019-07-10 09:33:07.714000,1.12257,1.12253,3190000,6260000
2019-07-10 09:33:07.912000,1.12256,1.12253,1000000,6940000
2019-07-10 09:33:08.041000,1.12256,1.12254,1000000,1000000
2019-07-10 09:33:09.108000,1.12257,1.12255,1000000,1000000
2019-07-10 09:33:09.261000,1.12257,1.12253,1250000,9640000
2019-07-10 09:33:09.535000,1.12257,1.12254,1250000,2250000
2019-07-10 09:33:09.637000,1.12257,1.12253,1250000,8890000
2019-07-10 09:33:09.750000,1.12256,1.12254,1000000,1500000
2019-07-10 09:33:10.257000,1.12256,1.12253,1200000,1390000
2019-07-10 09:33:11.268000,1.12254,1.12252,1500000,1250000
2019-07-10 09:33:11.369000,1.12253,1.1225,2890000,3570000
2019-07-10 09:33:11.638000,1.12252,1.1225,1000000,1750000
2019-07-10 09:33:11.779000,1.12253,1.1225,1500000,1750000
2019-07-10 09:33:14.667000,1.12252,1.1225,1000000,4510000
2019-07-10 09:33:14.718000,1.12254,1.12251,2440000,1120000
2019-07-10 09:33:14.820000,1.12254,1.12252,1000000,2250000
2019-07-10 09:33:14.922000,1.12256,1.12252,8240000,1970000
2019-07-10 09:33:15.073000,1.12256,1.12252,8260000,1200000
2019-07-10 09:33:15.776000,1.12256,1.12252,3110000,1250000
2019-07-10 09:33:15.878000,1.12255,1.12252,1000000,1250000
2019-07-10 09:33:15.979000,1.12256,1.12252,5920000,1250000
2019-07-10 09:33:16.216000,1.12256,1.12252,5950000,2140000
2019-07-10 09:33:16.578000,1.12256,1.12252,3790000,1760000
2019-07-10 09:33:16.899000,1.12254,1.12252,1000000,1250000
2019-07-10 09:33:17.053000,1.12254,1.12251,5320000,2140000
2019-07-10 09:33:17.769000,1.12253,1.12251,1000000,1250000
2019-07-10 09:33:17.871000,1.12252,1.12249,1000000,7070000
2019-07-10 09:33:17.974000,1.12253,1.12249,1500000,5570000
2019-07-10 09:33:18.277000,1.12253,1.12252,1500000,1000000
2019-07-10 09:33:19.244000,1.12253,1.12251,2250000,1000000
2019-07-10 09:33:23.722000,1.12254,1.12252,2700000,6620000
2019-07-10 09:33:23.825000,1.12258,1.12256,1500000,3320000
2019-07-10 09:33:23.927000,1.1226,1.12258,6190000,1000000
2019-07-10 09:33:24.030000,1.12261,1.1226,7500000,1500000
2019-07-10 09:33:24.108000,1.12263,1.12262,2250000,1000000
2019-07-10 09:33:24.210000,1.12263,1.12262,1240000,1000000
2019-07-10 09:33:24.312000,1.12263,1.12261,2050000,4570000
2019-07-10 09:33:24.415000,1.12264,1.12262,4520000,1000000
2019-07-10 09:33:24.985000,1.12263,1.12261,2740000,1570000
2019-07-10 09:33:25.242000,1.12262,1.1226,1000000,1410000
2019-07-10 09:33:25.344000,1.12262,1.12259,1000000,9470000
2019-07-10 09:33:25.447000,1.12262,1.1226,1000000,1410000
2019-07-10 09:33:25.550000,1.12262,1.1226,1000000,1390000
2019-07-10 09:33:25.713000,1.12264,1.12261,5440000,1100000
2019-07-10 09:33:26.509000,1.12263,1.12261,1000000,1200000
2019-07-10 09:33:26.995000,1.12263,1.12261,1000000,1600000
2019-07-10 09:33:27.300000,1.12263,1.1226,1500000,4510000
2019-07-10 09:33:27.452000,1.12264,1.12261,5440000,1100000
2019-07-10 09:33:27.555000,1.12264,1.12261,1500000,2290000
2019-07-10 09:33:27.707000,1.12264,1.12262,1000000,7540000
2019-07-10 09:33:27.759000,1.12266,1.12264,1250000,1220000
2019-07-10 09:33:27.861000,1.12266,1.12262,1690000,6790000
2019-07-10 09:33:28.079000,1.12266,1.12263,1250000,1220000
2019-07-10 09:33:28.635000,1.12266,1.12262,1690000,8290000
2019-07-10 09:33:28.737000,1.12266,1.12262,2500000,4470000
2019-07-10 09:33:28.839000,1.12267,1.12264,3920000,1000000
2019-07-10 09:33:28.890000,1.12267,1.12264,1690000,1250000
2019-07-10 09:33:29.397000,1.12267,1.12265,1250000,2350000
2019-07-10 09:33:29.805000,1.12268,1.12263,2500000,9660000
2019-07-10 09:33:29.958000,1.12268,1.12263,4070000,6640000
2019-07-10 09:33:30.061000,1.12268,1.12264,7070000,1000000
2019-07-10 09:33:30.198000,1.12267,1.12263,1250000,5890000
2019-07-10 09:33:31.067000,1.12267,1.12265,1250000,1000000
2019-07-10 09:33:31.169000,1.12268,1.12265,4010000,1000000
2019-07-10 09:33:31.278000,1.12267,1.12264,1250000,1000000
2019-07-10 09:33:31.430000,1.12267,1.12264,1000000,2570000
2019-07-10 09:33:31.532000,1.12268,1.12264,2250000,1350000
2019-07-10 09:33:32.081000,1.12267,1.12265,1000000,1010000
2019-07-10 09:33:32.184000,1.12268,1.12264,2320000,2350000
2019-07-10 09:33:34.629000,1.12268,1.12264,3940000,5320000
2019-07-10 09:33:35.222000,1.12268,1.12265,1760000,1000000
2019-07-10 09:33:35.526000,1.12268,1.12264,1760000,2440000
2019-07-10 09:33:35.780000,1.12266,1.12264,1000000,2440000
2019-07-10 09:33:36.937000,1.12266,1.12265,1000000,1000000
2019-07-10 09:33:37.089000,1.12266,1.12264,1000000,3640000
2019-07-10 09:33:37.364000,1.12266,1.12265,1000000,1000000
2019-07-10 09:33:37.466000,1.12266,1.12264,1000000,2890000
2019-07-10 09:33:37.517000,1.12268,1.12264,3940000,1390000
2019-07-10 09:33:38.291000,1.12268,1.12265,4760000,1000000
2019-07-10 09:33:38.596000,1.12268,1.12264,2440000,2140000
2019-07-10 09:33:38.885000,1.12267,1.12264,1000000,2140000
2019-07-10 09:33:39.824000,1.12268,1.12264,3940000,1760000
2019-07-10 09:33:41.417000,1.12268,1.12265,3190000,1000000
2019-07-10 09:33:41.534000,1.12268,1.12263,2440000,10100000
2019-07-10 09:33:42.727000,1.12267,1.12264,1000000,2890000
2019-07-10 09:33:43.906000,1.12267,1.12265,1000000,1000000
2019-07-10 09:33:44.459000,1.12267,1.12264,1000000,3640000
2019-07-10 09:33:44.613000,1.12266,1.12264,1000000,2890000
2019-07-10 09:33:44.716000,1.12264,1.12263,2250000,2250000
2019-07-10 09:33:44.817000,1.12264,1.12261,5100000,1250000
2019-07-10 09:33:45.037000,1.12264,1.12261,6320000,1690000
2019-07-10 09:33:45.655000,1.12264,1.12261,5290000,1690000
2019-07-10 09:33:46.198000,1.12263,1.12261,1000000,1310000
2019-07-10 09:33:46.439000,1.12264,1.12261,4690000,1310000
2019-07-10 09:33:46.793000,1.12264,1.12261,7690000,2940000
2019-07-10 09:33:46.931000,1.12264,1.12261,9250000,2940000
2019-07-10 09:33:47.033000,1.12265,1.12263,3260000,1870000
2019-07-10 09:33:47.246000,1.12265,1.12264,2440000,1000000
2019-07-10 09:33:47.348000,1.12265,1.12262,2620000,6850000
2019-07-10 09:33:48.135000,1.12263,1.12262,1000000,1200000
2019-07-10 09:33:48.249000,1.12265,1.12262,8500000,1000000
2019-07-10 09:33:48.351000,1.12264,1.12261,1000000,1760000
2019-07-10 09:33:50.007000,1.12263,1.12261,1500000,1870000
2019-07-10 09:33:50.109000,1.12262,1.1226,1000000,1000000
2019-07-10 09:33:50.211000,1.12262,1.12259,1000000,1390000
2019-07-10 09:33:50.314000,1.12261,1.12259,1000000,1390000
2019-07-10 09:33:50.630000,1.1226,1.12258,1000000,2720000
2019-07-10 09:33:50.733000,1.12259,1.12258,1500000,1000000
2019-07-10 09:33:50.835000,1.1226,1.12257,3190000,1000000
2019-07-10 09:33:50.938000,1.1226,1.12257,1250000,4440000
2019-07-10 09:33:51.072000,1.12261,1.12258,1100000,3070000
2019-07-10 09:33:51.752000,1.12261,1.12259,1760000,1120000
2019-07-10 09:33:52.835000,1.12261,1.12258,1010000,5700000
2019-07-10 09:33:52.937000,1.12261,1.12259,1760000,1120000
2019-07-10 09:33:53.215000,1.1226,1.12257,1000000,3390000
2019-07-10 09:33:53.318000,1.1226,1.12257,1250000,1500000
2019-07-10 09:33:54.567000,1.12259,1.12256,1000000,7410000
2019-07-10 09:33:54.772000,1.1226,1.12256,2500000,2320000
2019-07-10 09:33:54.873000,1.1226,1.12257,3250000,1000000
2019-07-10 09:33:55.213000,1.1226,1.12256,3100000,4570000
2019-07-10 09:33:55.315000,1.1226,1.12258,2120000,1500000
2019-07-10 09:33:55.467000,1.12258,1.12256,1000000,4950000
2019-07-10 09:33:55.518000,1.12259,1.12257,1250000,1950000
2019-07-10 09:33:55.672000,1.1226,1.12256,2570000,1500000
2019-07-10 09:33:56.457000,1.1226,1.12256,2200000,2720000
2019-07-10 09:33:56.913000,1.1226,1.12256,2570000,1500000
2019-07-10 09:33:57.268000,1.12261,1.12257,11950000,1500000
2019-07-10 09:33:57.370000,1.12261,1.12258,5950000,1570000
2019-07-10 09:33:57.627000,1.12261,1.12258,1250000,3000000
2019-07-10 09:33:59.342000,1.12262,1.12258,4220000,6470000
2019-07-10 09:33:59.596000,1.12262,1.1226,2100000,1870000
2019-07-10 09:33:59.647000,1.12264,1.12262,3940000,2250000
2019-07-10 09:33:59.749000,1.12265,1.12262,1690000,2720000
2019-07-10 09:34:03.037000,1.12266,1.12262,1690000,3290000
2019-07-10 09:34:03.148000,1.12266,1.12263,1690000,1600000
2019-07-10 09:34:03.917000,1.12265,1.12263,1000000,1220000
2019-07-10 09:34:04.019000,1.12266,1.12263,1690000,1220000
2019-07-10 09:34:04.070000,1.12266,1.12262,4690000,1760000
2019-07-10 09:34:04.172000,1.12264,1.12261,1000000,1760000
2019-07-10 09:34:05.288000,1.12263,1.12261,1000000,1100000
2019-07-10 09:34:05.389000,1.12264,1.12261,1690000,1100000
2019-07-10 09:34:08.135000,1.12264,1.1226,1250000,4010000
2019-07-10 09:34:09.116000,1.12264,1.1226,1250000,4040000
2019-07-10 09:34:09.619000,1.12263,1.1226,1000000,4160000
2019-07-10 09:34:10.201000,1.12264,1.1226,3260000,4910000
2019-07-10 09:34:10.522000,1.12263,1.1226,1000000,4160000
2019-07-10 09:34:11.732000,1.12263,1.1226,1750000,3040000
2019-07-10 09:34:11.834000,1.12263,1.1226,1750000,1390000
2019-07-10 09:34:19.538000,1.12263,1.12259,5250000,3450000
2019-07-10 09:34:19.640000,1.12262,1.12259,1310000,1220000
2019-07-10 09:34:19.741000,1.12262,1.12258,1310000,6040000
2019-07-10 09:34:20.005000,1.12262,1.12259,1310000,1220000
2019-07-10 09:34:20.107000,1.12262,1.12258,1310000,6040000
2019-07-10 09:34:20.310000,1.12262,1.12259,1120000,1410000
2019-07-10 09:34:20.848000,1.12263,1.12259,2940000,1010000
2019-07-10 09:34:22.310000,1.12262,1.1226,1120000,2250000
2019-07-10 09:34:22.412000,1.12262,1.12261,1120000,1120000
2019-07-10 09:34:22.514000,1.12262,1.1226,1120000,2510000
2019-07-10 09:34:24.376000,1.12262,1.12259,1310000,3070000
2019-07-10 09:34:25.224000,1.12262,1.12258,5720000,4220000
2019-07-10 09:34:25.326000,1.12261,1.12258,1250000,3820000
2019-07-10 09:34:25.428000,1.12262,1.12258,2720000,3100000
2019-07-10 09:34:26.707000,1.12262,1.12258,2810000,4910000
2019-07-10 09:34:27.382000,1.1226,1.12258,1500000,3040000
2019-07-10 09:34:27.484000,1.1226,1.12256,6000000,6040000
2019-07-10 09:34:27.586000,1.1226,1.12256,5810000,3260000
2019-07-10 09:34:27.734000,1.12259,1.12256,1820000,2510000
2019-07-10 09:34:28.091000,1.12259,1.12256,1500000,1010000
2019-07-10 09:34:30.656000,1.12258,1.12256,1000000,1390000
2019-07-10 09:34:30.875000,1.12259,1.12255,1500000,7600000
2019-07-10 09:34:31.733000,1.12258,1.12255,1000000,9850000
2019-07-10 09:34:32.086000,1.12259,1.12256,2250000,1010000
2019-07-10 09:34:32.342000,1.12259,1.12257,1500000,1120000
2019-07-10 09:34:32.444000,1.12262,1.12259,5190000,1000000
2019-07-10 09:34:32.597000,1.12263,1.12259,3190000,3640000
2019-07-10 09:34:33.638000,1.12263,1.12259,2440000,6040000
2019-07-10 09:34:33.739000,1.12263,1.12259,2440000,7910000
2019-07-10 09:34:37.846000,1.12263,1.1226,3940000,2700000
2019-07-10 09:34:39.127000,1.12262,1.12259,1500000,3790000
2019-07-10 09:34:39.279000,1.12261,1.12259,1120000,2700000
2019-07-10 09:34:39.381000,1.1226,1.12258,1000000,8720000
2019-07-10 09:34:39.483000,1.12261,1.12259,1250000,2160000
2019-07-10 09:34:39.916000,1.12262,1.12259,1120000,2290000
2019-07-10 09:34:40.221000,1.12262,1.12258,4310000,4160000
2019-07-10 09:34:40.475000,1.12261,1.12258,1000000,2540000
2019-07-10 09:34:41.039000,1.12262,1.12258,3190000,1350000
2019-07-10 09:34:41.166000,1.12261,1.12259,1000000,1600000
2019-07-10 09:34:41.268000,1.12262,1.12259,7870000,2470000
2019-07-10 09:34:42.016000,1.12261,1.12259,1000000,1600000
2019-07-10 09:34:42.149000,1.12262,1.12261,1000000,1500000
2019-07-10 09:34:42.251000,1.12263,1.1226,1250000,5470000
2019-07-10 09:34:42.352000,1.12264,1.12261,1000000,3790000
2019-07-10 09:34:42.454000,1.12264,1.12262,1000000,1600000
2019-07-10 09:34:44.227000,1.12265,1.12263,3000000,1570000
2019-07-10 09:34:44.394000,1.12264,1.12263,1000000,1570000
2019-07-10 09:34:45.043000,1.12264,1.12262,1750000,1200000
2019-07-10 09:34:45.312000,1.12264,1.12261,1250000,1790000
2019-07-10 09:34:45.414000,1.12264,1.12261,1370000,2720000
2019-07-10 09:34:45.465000,1.12265,1.12262,6600000,2700000
2019-07-10 09:34:45.567000,1.12265,1.12262,1250000,5040000
2019-07-10 09:34:46.099000,1.12265,1.12262,1690000,1850000
2019-07-10 09:34:46.225000,1.12264,1.12262,1000000,1100000
2019-07-10 09:34:46.336000,1.12264,1.12261,1000000,6600000
2019-07-10 09:34:47.890000,1.12263,1.12261,1000000,2540000
2019-07-10 09:34:47.991000,1.12263,1.1226,1870000,8540000
2019-07-10 09:34:48.094000,1.12262,1.12261,1000000,1100000
2019-07-10 09:34:48.146000,1.12262,1.1226,1000000,1100000
2019-07-10 09:34:48.248000,1.12263,1.1226,6970000,2470000
2019-07-10 09:34:56.288000,1.12263,1.1226,2690000,1220000
2019-07-10 09:34:56.389000,1.12263,1.1226,3440000,1200000
2019-07-10 09:34:58.023000,1.12263,1.1226,2440000,2140000
2019-07-10 09:34:58.125000,1.12263,1.1226,3000000,5290000
2019-07-10 09:34:59.147000,1.12263,1.1226,1500000,4910000
2019-07-10 09:35:00.003000,1.12264,1.12262,2290000,1000000
2019-07-10 09:35:00.105000,1.12264,1.12261,3220000,2720000
2019-07-10 09:35:00.189000,1.12264,1.12261,6970000,1200000
2019-07-10 09:35:00.291000,1.12264,1.12261,6470000,1200000
2019-07-10 09:35:00.545000,1.12263,1.1226,3970000,2320000
2019-07-10 09:35:00.647000,1.12262,1.1226,1000000,2320000
2019-07-10 09:35:01.209000,1.12263,1.1226,3370000,2320000
2019-07-10 09:35:01.463000,1.12263,1.1226,5250000,1410000
2019-07-10 09:35:01.615000,1.12263,1.1226,3000000,1390000
2019-07-10 09:35:01.716000,1.12263,1.1226,3000000,2540000
2019-07-10 09:35:01.942000,1.1226,1.12259,1500000,4010000
2019-07-10 09:35:02.061000,1.12261,1.12259,1500000,1200000
2019-07-10 09:35:02.315000,1.1226,1.12259,1000000,1010000
2019-07-10 09:35:02.416000,1.12261,1.12258,1500000,1850000
2019-07-10 09:35:02.669000,1.1226,1.12259,1000000,1010000
2019-07-10 09:35:02.795000,1.12261,1.12258,1500000,2600000
2019-07-10 09:35:03.115000,1.12261,1.12259,3250000,2890000
2019-07-10 09:35:03.217000,1.12262,1.1226,1000000,2140000
2019-07-10 09:35:03.268000,1.12264,1.1226,10350000,2140000
2019-07-10 09:35:03.370000,1.12263,1.1226,1500000,4760000
2019-07-10 09:35:04.033000,1.12263,1.1226,1500000,7410000
2019-07-10 09:35:05.879000,1.12264,1.12263,2620000,1500000
2019-07-10 09:35:05.981000,1.12265,1.12263,1000000,4910000
2019-07-10 09:35:06.083000,1.12267,1.12264,2510000,1950000
2019-07-10 09:35:06.184000,1.12267,1.12264,2350000,2700000
2019-07-10 09:35:06.590000,1.12267,1.12264,2320000,2700000
2019-07-10 09:35:06.691000,1.12267,1.12264,3100000,1390000
2019-07-10 09:35:06.871000,1.12267,1.12264,4570000,4160000
2019-07-10 09:35:07.025000,1.12266,1.12264,1000000,2320000
2019-07-10 09:35:07.128000,1.12267,1.12263,3940000,6410000
2019-07-10 09:35:07.340000,1.12267,1.12263,3000000,10220000
2019-07-10 09:35:08.277000,1.12267,1.12265,1000000,1670000
2019-07-10 09:35:08.328000,1.12269,1.12267,7870000,2000000
2019-07-10 09:35:08.379000,1.1227,1.12269,1000000,3450000
2019-07-10 09:35:08.430000,1.12272,1.1227,1500000,1250000
2019-07-10 09:35:08.532000,1.12274,1.12271,6040000,1200000
2019-07-10 09:35:08.787000,1.12274,1.12271,3250000,1200000
2019-07-10 09:35:13.265000,1.12274,1.12273,5060000,1000000
2019-07-10 09:35:13.367000,1.12276,1.12273,6790000,3070000
2019-07-10 09:35:13.674000,1.12277,1.12274,2440000,1100000
2019-07-10 09:35:13.826000,1.12277,1.12275,1690000,1000000
2019-07-10 09:35:14.285000,1.12277,1.12274,1690000,4950000
2019-07-10 09:35:15.131000,1.12277,1.12275,1690000,1000000
2019-07-10 09:35:15.632000,1.12278,1.12274,4000000,3450000
2019-07-10 09:35:15.843000,1.12278,1.12274,4000000,3470000
2019-07-10 09:35:15.952000,1.12278,1.12274,4000000,2700000
2019-07-10 09:35:17.078000,1.12276,1.12274,1310000,2570000
2019-07-10 09:35:17.180000,1.12273,1.12272,1000000,2250000
2019-07-10 09:35:17.282000,1.12273,1.12271,5250000,1500000
2019-07-10 09:35:17.384000,1.12273,1.1227,3190000,1100000
2019-07-10 09:35:17.536000,1.12272,1.1227,1000000,1200000
2019-07-10 09:35:18.906000,1.12273,1.12269,3190000,5910000
2019-07-10 09:35:19.574000,1.12272,1.12269,1000000,9850000
2019-07-10 09:35:19.805000,1.12273,1.12269,2440000,3290000
2019-07-10 09:35:21.566000,1.12272,1.12269,1000000,3290000
2019-07-10 09:35:21.673000,1.12273,1.12269,4690000,2540000
2019-07-10 09:35:23.466000,1.12273,1.12269,1690000,1010000
2019-07-10 09:35:23.590000,1.1227,1.12268,2320000,4310000
2019-07-10 09:35:23.692000,1.12269,1.12265,7200000,7540000
2019-07-10 09:35:23.793000,1.12268,1.12267,1000000,1000000
2019-07-10 09:35:23.935000,1.12269,1.12267,3640000,1000000
2019-07-10 09:35:24.087000,1.12268,1.12267,1000000,1000000
2019-07-10 09:35:24.189000,1.12267,1.12265,1750000,1100000
2019-07-10 09:35:24.340000,1.12266,1.12264,1250000,1250000
2019-07-10 09:35:24.866000,1.12267,1.12264,1750000,2910000
2019-07-10 09:35:25.019000,1.12267,1.12264,1690000,1720000
2019-07-10 09:35:25.172000,1.12267,1.12264,1250000,1600000
2019-07-10 09:35:25.381000,1.12266,1.12263,3940000,2350000
2019-07-10 09:35:25.483000,1.12266,1.12263,8120000,1120000
2019-07-10 09:35:25.686000,1.12265,1.12262,1690000,3070000
2019-07-10 09:35:26.137000,1.12266,1.12262,5870000,3220000
2019-07-10 09:35:27.658000,1.12266,1.12263,1970000,3070000
2019-07-10 09:35:29.020000,1.12266,1.12263,4370000,2910000
2019-07-10 09:35:29.224000,1.12266,1.12264,1690000,1600000
2019-07-10 09:35:29.325000,1.12266,1.12263,1250000,4410000
2019-07-10 09:35:29.718000,1.12267,1.12264,2120000,2720000
2019-07-10 09:35:29.769000,1.12268,1.12265,4440000,1950000
2019-07-10 09:35:29.910000,1.12269,1.12265,7190000,3850000
2019-07-10 09:35:31.008000,1.12268,1.12267,1000000,1100000
2019-07-10 09:35:31.060000,1.12273,1.1227,4500000,1610000
2019-07-10 09:35:31.162000,1.12273,1.1227,1750000,3790000
2019-07-10 09:35:31.213000,1.12274,1.1227,2440000,7160000
2019-07-10 09:35:31.315000,1.12274,1.12272,1870000,2320000
2019-07-10 09:35:31.366000,1.12275,1.12273,1870000,1220000
2019-07-10 09:35:31.467000,1.12276,1.12273,1000000,7540000
2019-07-10 09:35:32.088000,1.12276,1.12274,1000000,1220000
2019-07-10 09:35:32.241000,1.12275,1.12274,1000000,1200000
2019-07-10 09:35:32.292000,1.12274,1.12273,1250000,1120000
2019-07-10 09:35:32.394000,1.12274,1.12271,1250000,1350000
2019-07-10 09:35:32.916000,1.12275,1.12271,2810000,8660000
2019-07-10 09:35:32.967000,1.12275,1.12272,1690000,4910000
2019-07-10 09:35:33.069000,1.12275,1.12272,1000000,4910000
2019-07-10 09:35:33.792000,1.12276,1.12273,3040000,1200000
2019-07-10 09:35:33.893000,1.12276,1.12272,2440000,7910000
2019-07-10 09:35:33.995000,1.12276,1.12273,1690000,1200000
2019-07-10 09:35:34.096000,1.12276,1.12272,1690000,8660000
2019-07-10 09:35:34.575000,1.12276,1.12273,3940000,1950000
2019-07-10 09:35:34.819000,1.12276,1.12273,1690000,2100000
2019-07-10 09:35:35.100000,1.12276,1.12274,1000000,4690000
2019-07-10 09:35:35.201000,1.12277,1.12275,1500000,1100000
2019-07-10 09:35:35.346000,1.12278,1.12276,1500000,2350000
2019-07-10 09:35:35.448000,1.12278,1.12276,1000000,2850000
2019-07-10 09:35:35.549000,1.12279,1.12276,1310000,2350000
2019-07-10 09:35:39.025000,1.12278,1.12276,1000000,1100000
2019-07-10 09:35:39.177000,1.12278,1.12276,1000000,1200000
2019-07-10 09:35:40.684000,1.12278,1.12276,1500000,1600000
2019-07-10 09:35:43.514000,1.12279,1.12275,3790000,7910000
2019-07-10 09:35:43.616000,1.12279,1.12276,2440000,1200000
2019-07-10 09:35:43.718000,1.12279,1.12276,3190000,2350000
2019-07-10 09:35:45.446000,1.1228,1.12276,15100000,5720000
2019-07-10 09:35:45.742000,1.12279,1.12276,1120000,3970000
2019-07-10 09:35:47.656000,1.12279,1.12276,2120000,1790000
2019-07-10 09:35:53.375000,1.12279,1.12276,3190000,5290000
2019-07-10 09:35:53.477000,1.12281,1.12277,5640000,3600000
2019-07-10 09:35:53.580000,1.1228,1.12278,1500000,1410000
2019-07-10 09:35:53.738000,1.1228,1.12277,1000000,5720000
2019-07-10 09:35:53.840000,1.12281,1.12277,4500000,4970000
2019-07-10 09:35:54.626000,1.1228,1.12278,1500000,1390000
2019-07-10 09:35:54.729000,1.12281,1.12277,3750000,4220000
2019-07-10 09:35:55.744000,1.1228,1.12278,1000000,2140000
2019-07-10 09:35:55.898000,1.12281,1.12278,3750000,1390000
2019-07-10 09:35:56.497000,1.1228,1.12277,2250000,2600000
2019-07-10 09:35:56.655000,1.12281,1.12277,6750000,1350000
2019-07-10 09:35:56.914000,1.1228,1.12277,1500000,2600000
2019-07-10 09:35:57.067000,1.12281,1.12277,6750000,1350000
2019-07-10 09:35:57.168000,1.12281,1.12278,6750000,1850000
2019-07-10 09:35:57.320000,1.12281,1.12278,6000000,1390000
2019-07-10 09:35:57.421000,1.1228,1.12278,1000000,1390000
2019-07-10 09:35:57.731000,1.12279,1.12277,1000000,2220000
2019-07-10 09:35:57.883000,1.12279,1.12277,1500000,1010000
2019-07-10 09:35:58.188000,1.12278,1.12275,1160000,4910000
2019-07-10 09:35:58.628000,1.12279,1.12276,1250000,2950000
2019-07-10 09:35:58.780000,1.12279,1.12277,1250000,1410000
2019-07-10 09:35:58.983000,1.1228,1.12278,1500000,1100000
2019-07-10 09:36:00.168000,1.12279,1.12277,1000000,3410000
2019-07-10 09:36:00.270000,1.1228,1.12277,1000000,3040000
2019-07-10 09:36:00.977000,1.12281,1.12278,6660000,1600000
2019-07-10 09:36:01.230000,1.1228,1.12278,4120000,1950000
2019-07-10 09:36:01.435000,1.1228,1.12277,9370000,1570000
2019-07-10 09:36:01.587000,1.12279,1.12277,1500000,1200000
2019-07-10 09:36:01.881000,1.1228,1.12277,9370000,1570000
2019-07-10 09:36:02.347000,1.1228,1.12277,2440000,1100000
2019-07-10 09:36:03.618000,1.12282,1.12277,6600000,7390000
2019-07-10 09:36:03.719000,1.12281,1.12278,1000000,3220000
2019-07-10 09:36:03.840000,1.12281,1.12278,1310000,4720000
2019-07-10 09:36:11.415000,1.12281,1.12279,2060000,2100000
2019-07-10 09:36:11.922000,1.12281,1.12279,1310000,1100000
2019-07-10 09:36:18.307000,1.12281,1.12279,1560000,1950000
2019-07-10 09:36:18.408000,1.12281,1.12279,1560000,3070000
2019-07-10 09:36:21.863000,1.12281,1.12279,1310000,1220000
2019-07-10 09:36:21.915000,1.12282,1.1228,1250000,1200000
2019-07-10 09:36:21.966000,1.12283,1.12282,1250000,3000000
2019-07-10 09:36:22.072000,1.12287,1.12284,2250000,2850000
2019-07-10 09:36:22.175000,1.12288,1.12285,2250000,1220000
2019-07-10 09:36:22.278000,1.12287,1.12285,1250000,1950000
2019-07-10 09:36:22.380000,1.12288,1.12285,1500000,7760000
2019-07-10 09:36:23.593000,1.12288,1.12286,4500000,1970000
2019-07-10 09:36:23.695000,1.12287,1.12286,1000000,1000000
2019-07-10 09:36:23.796000,1.12288,1.12286,3010000,1220000
2019-07-10 09:36:23.898000,1.12287,1.12285,1000000,1390000
2019-07-10 09:36:23.949000,1.12286,1.12284,2500000,1200000
2019-07-10 09:36:24,1.12284,1.12282,1250000,4690000
2019-07-10 09:36:24.200000,1.12284,1.12281,1250000,2350000
2019-07-10 09:36:24.403000,1.12284,1.12281,2060000,3100000
2019-07-10 09:36:24.504000,1.12285,1.12282,1120000,6410000
2019-07-10 09:36:24.606000,1.12286,1.12282,2060000,6640000
2019-07-10 09:36:24.708000,1.12284,1.12283,1310000,1200000
2019-07-10 09:36:24.856000,1.12284,1.12282,1310000,2250000
2019-07-10 09:36:24.958000,1.12285,1.12283,2060000,1390000
2019-07-10 09:36:26.005000,1.12284,1.12281,4000000,5290000
2019-07-10 09:36:26.107000,1.12283,1.12281,1000000,3790000
2019-07-10 09:36:26.209000,1.12283,1.12281,1000000,1390000
2019-07-10 09:36:26.781000,1.12284,1.12281,1250000,1790000
2019-07-10 09:36:27.101000,1.12285,1.12282,11060000,3450000
2019-07-10 09:36:27.203000,1.12285,1.12282,2250000,3410000
2019-07-10 09:36:27.305000,1.12284,1.12282,1000000,1200000
2019-07-10 09:36:29.424000,1.12284,1.12282,2620000,1200000
2019-07-10 09:36:29.525000,1.12284,1.12282,1000000,1410000
2019-07-10 09:36:29.627000,1.12284,1.12281,3940000,3220000
2019-07-10 09:36:29.729000,1.12283,1.1228,2000000,4910000
2019-07-10 09:36:29.882000,1.12283,1.12282,1000000,1500000
2019-07-10 09:36:30.054000,1.12284,1.12283,3000000,1000000
2019-07-10 09:36:30.157000,1.12286,1.12283,6970000,1000000
2019-07-10 09:36:30.310000,1.12286,1.12283,4310000,2350000
2019-07-10 09:36:31.134000,1.12286,1.12283,4190000,1200000
2019-07-10 09:36:31.338000,1.12285,1.12282,1690000,1200000
2019-07-10 09:36:31.440000,1.12285,1.12282,1690000,1220000
2019-07-10 09:36:32.134000,1.12283,1.12282,1690000,1200000
2019-07-10 09:36:32.277000,1.12283,1.12281,1690000,1390000
2019-07-10 09:36:34.357000,1.12283,1.12281,1250000,2290000
2019-07-10 09:36:37.118000,1.12284,1.12282,6940000,1600000
2019-07-10 09:36:37.308000,1.12284,1.12281,3440000,4790000
2019-07-10 09:36:41.809000,1.12283,1.1228,2440000,6320000
2019-07-10 09:36:43.793000,1.12283,1.1228,1690000,6100000
2019-07-10 09:36:44.048000,1.12283,1.12281,2440000,1760000
2019-07-10 09:36:44.150000,1.12281,1.1228,3790000,2320000
2019-07-10 09:36:44.201000,1.12279,1.12278,1120000,2440000
2019-07-10 09:36:44.252000,1.1228,1.12277,1870000,1350000
2019-07-10 09:36:44.303000,1.12279,1.12277,1500000,1790000
2019-07-10 09:36:44.432000,1.12279,1.12277,2250000,1390000
2019-07-10 09:36:44.723000,1.12278,1.12277,1000000,1390000
2019-07-10 09:36:50.009000,1.12279,1.12276,4690000,2160000
2019-07-10 09:36:50.963000,1.1228,1.12277,3560000,2320000
2019-07-10 09:36:51.013000,1.12281,1.12279,2500000,1000000
2019-07-10 09:36:51.115000,1.12281,1.12278,1500000,1850000
2019-07-10 09:36:51.268000,1.12281,1.12277,2440000,1790000
2019-07-10 09:36:51.655000,1.1228,1.12277,1000000,4790000
2019-07-10 09:36:51.807000,1.12281,1.12277,3190000,1790000
2019-07-10 09:36:51.910000,1.12279,1.12277,1500000,3970000
2019-07-10 09:36:52.012000,1.12279,1.12276,4870000,3820000
2019-07-10 09:36:52.687000,1.12279,1.12276,5870000,1570000
2019-07-10 09:36:52.907000,1.12279,1.12277,7370000,1000000
2019-07-10 09:36:53.033000,1.12279,1.12277,3560000,1000000
2019-07-10 09:36:55.680000,1.12279,1.12275,1690000,4790000
2019-07-10 09:36:56.083000,1.12279,1.12275,8310000,6600000
2019-07-10 09:36:56.298000,1.12279,1.12275,6560000,4910000
2019-07-10 09:36:56.797000,1.12278,1.12275,1000000,6410000
2019-07-10 09:36:56.898000,1.12279,1.12275,8810000,5660000
2019-07-10 09:36:57.052000,1.12279,1.12275,9410000,4760000
2019-07-10 09:36:57.220000,1.12279,1.12275,6040000,3290000
2019-07-10 09:36:57.371000,1.12278,1.12275,1000000,5660000
2019-07-10 09:36:57.473000,1.12279,1.12275,6040000,7160000
2019-07-10 09:36:58.752000,1.12278,1.12275,1000000,4160000
2019-07-10 09:36:58.866000,1.12278,1.12275,2250000,1390000
2019-07-10 09:37:00.191000,1.12278,1.12275,1500000,2660000
2019-07-10 09:37:00.292000,1.12278,1.12275,1500000,3260000
2019-07-10 09:37:00.432000,1.12278,1.12276,1500000,1570000
2019-07-10 09:37:01.056000,1.12279,1.12278,1000000,1500000
2019-07-10 09:37:01.212000,1.1228,1.12278,1000000,1390000
2019-07-10 09:37:01.313000,1.12281,1.12277,1500000,7970000
2019-07-10 09:37:01.831000,1.1228,1.12279,1000000,1000000
2019-07-10 09:37:01.933000,1.1228,1.12277,1000000,8720000
2019-07-10 09:37:03.130000,1.12281,1.1228,2620000,1000000
2019-07-10 09:37:03.232000,1.12283,1.12281,1500000,2100000
2019-07-10 09:37:03.334000,1.12282,1.12281,1500000,1100000
2019-07-10 09:37:03.694000,1.12282,1.1228,1000000,2140000
2019-07-10 09:37:04.208000,1.12282,1.1228,1000000,4410000
2019-07-10 09:37:04.462000,1.12283,1.12281,1000000,1570000
2019-07-10 09:37:06.097000,1.12283,1.12282,1000000,1000000
2019-07-10 09:37:06.249000,1.12284,1.12282,3190000,1000000
2019-07-10 09:37:06.351000,1.12283,1.12282,1000000,1000000
2019-07-10 09:37:07.328000,1.12283,1.1228,1000000,4040000
2019-07-10 09:37:07.430000,1.12283,1.1228,1500000,1390000
2019-07-10 09:37:09.781000,1.12282,1.1228,1000000,1390000
2019-07-10 09:37:10.674000,1.12282,1.1228,1000000,1390000
2019-07-10 09:37:11.555000,1.12281,1.1228,1000000,2890000
2019-07-10 09:37:11.656000,1.12282,1.1228,1000000,2140000
2019-07-10 09:37:11.828000,1.12283,1.1228,1500000,2140000
2019-07-10 09:37:11.994000,1.12281,1.1228,2440000,1100000
2019-07-10 09:37:12.096000,1.1228,1.12277,4500000,3640000
2019-07-10 09:37:12.231000,1.12279,1.12276,5620000,6410000
2019-07-10 09:37:12.335000,1.12278,1.12276,1000000,2290000
2019-07-10 09:37:12.449000,1.12279,1.12276,3750000,1410000
2019-07-10 09:37:12.552000,1.12279,1.12276,5440000,1200000
2019-07-10 09:37:12.837000,1.12278,1.12276,1000000,1200000
2019-07-10 09:37:12.939000,1.12279,1.12276,6790000,1200000
2019-07-10 09:37:13.877000,1.12279,1.12276,6190000,1220000
2019-07-10 09:37:15.677000,1.1228,1.12277,8440000,1200000
2019-07-10 09:37:15.780000,1.12281,1.12278,5750000,1570000
2019-07-10 09:37:15.882000,1.1228,1.12278,1000000,1760000
2019-07-10 09:37:16.141000,1.12281,1.12277,2690000,3970000
2019-07-10 09:37:16.242000,1.12281,1.12277,2250000,4970000
2019-07-10 09:37:16.648000,1.12281,1.12277,1690000,4540000
2019-07-10 09:37:23.803000,1.12282,1.1228,8010000,1000000
2019-07-10 09:37:23.905000,1.12282,1.1228,4200000,1000000
2019-07-10 09:37:24.139000,1.12281,1.12278,2440000,4570000
2019-07-10 09:37:24.241000,1.12281,1.12279,5440000,1000000
2019-07-10 09:37:24.292000,1.12279,1.12277,1000000,1970000
2019-07-10 09:37:24.395000,1.1228,1.12277,3560000,1000000
2019-07-10 09:37:24.497000,1.1228,1.12276,2700000,5620000
2019-07-10 09:37:24.598000,1.1228,1.12277,3190000,2250000
2019-07-10 09:37:25.063000,1.12279,1.12276,2250000,2510000
2019-07-10 09:37:28.680000,1.12278,1.12276,1000000,1200000
2019-07-10 09:37:36.472000,1.12278,1.12277,1000000,1000000
2019-07-10 09:37:44.316000,1.12279,1.12277,2890000,1000000
2019-07-10 09:37:47.746000,1.12278,1.12276,1120000,1000000
2019-07-10 09:37:49.548000,1.12278,1.12275,2620000,5510000
2019-07-10 09:37:51.875000,1.12278,1.12276,2620000,1000000
2019-07-10 09:37:52.978000,1.12278,1.12275,1870000,7760000
2019-07-10 09:37:54.112000,1.12278,1.12276,1870000,1500000
2019-07-10 09:37:54.633000,1.12279,1.12275,2940000,10390000
2019-07-10 09:37:54.956000,1.12278,1.12277,1120000,1000000
2019-07-10 09:37:55.058000,1.12279,1.12276,2190000,1000000
2019-07-10 09:37:56,1.12278,1.12277,1120000,1000000
2019-07-10 09:37:56.101000,1.12279,1.12276,2190000,1500000
2019-07-10 09:37:56.575000,1.12278,1.12277,1120000,1000000
2019-07-10 09:37:57.528000,1.12279,1.12278,3750000,2250000
2019-07-10 09:37:57.630000,1.12282,1.12278,3260000,2440000
2019-07-10 09:37:57.732000,1.12281,1.12278,1000000,5440000
2019-07-10 09:37:57.953000,1.12281,1.12279,3560000,1000000
2019-07-10 09:37:58.055000,1.12282,1.12278,8760000,3940000
2019-07-10 09:37:58.238000,1.12282,1.12278,5890000,3190000
2019-07-10 09:37:58.462000,1.12281,1.12279,1500000,1500000
2019-07-10 09:37:59.299000,1.12282,1.12278,9670000,3940000
2019-07-10 09:37:59.514000,1.12281,1.12279,2250000,1000000
2019-07-10 09:37:59.616000,1.12282,1.12278,6490000,3190000
2019-07-10 09:38:00.159000,1.12282,1.12279,5890000,1000000
2019-07-10 09:38:00.261000,1.12281,1.12279,1250000,1000000
2019-07-10 09:38:01.179000,1.12281,1.12278,1250000,3750000
2019-07-10 09:38:01.326000,1.12282,1.12279,4570000,1000000
2019-07-10 09:38:02.141000,1.12282,1.12279,2160000,1000000
2019-07-10 09:38:02.344000,1.12282,1.12279,4390000,1000000
2019-07-10 09:38:03.311000,1.12281,1.12279,1200000,2250000
2019-07-10 09:38:03.514000,1.12282,1.12279,8510000,2250000
2019-07-10 09:38:04.022000,1.12281,1.12279,2500000,1500000
2019-07-10 09:38:04.174000,1.1228,1.12278,1250000,3190000
2019-07-10 09:38:04.472000,1.12279,1.12278,1000000,1690000
2019-07-10 09:38:04.574000,1.12281,1.12278,10110000,1000000
2019-07-10 09:38:04.675000,1.12281,1.12278,3670000,1250000
2019-07-10 09:38:05.004000,1.1228,1.12278,1000000,1250000
2019-07-10 09:38:05.474000,1.12281,1.12277,3860000,3040000
2019-07-10 09:38:06.186000,1.12281,1.12277,3670000,3100000
2019-07-10 09:38:06.389000,1.12281,1.12277,4420000,3790000
2019-07-10 09:38:06.592000,1.12281,1.12278,5170000,1250000
2019-07-10 09:38:06.805000,1.12281,1.12277,2360000,3040000
2019-07-10 09:38:07.095000,1.12281,1.12278,7050000,1000000
2019-07-10 09:38:07.222000,1.12281,1.12277,4800000,3790000
2019-07-10 09:38:07.597000,1.12281,1.12278,4420000,1000000
2019-07-10 09:38:07.715000,1.12281,1.12277,4240000,6790000
2019-07-10 09:38:08.670000,1.12281,1.12279,1000000,2250000
2019-07-10 09:38:08.898000,1.12281,1.12278,3850000,3000000
2019-07-10 09:38:09.499000,1.1228,1.12279,3000000,1000000
2019-07-10 09:38:09.550000,1.12279,1.12277,4350000,1000000
2019-07-10 09:38:09.652000,1.12279,1.12276,2440000,1500000
2019-07-10 09:38:09.755000,1.1228,1.12276,9720000,2500000
2019-07-10 09:38:12.027000,1.12279,1.12276,3940000,1000000
2019-07-10 09:38:13.356000,1.12277,1.12276,1000000,1000000
2019-07-10 09:38:13.408000,1.12276,1.12274,1500000,2510000
2019-07-10 09:38:13.510000,1.12276,1.12273,1000000,3940000
2019-07-10 09:38:13.612000,1.12276,1.12274,1500000,1250000
2019-07-10 09:38:13.823000,1.12277,1.12274,1200000,1010000
2019-07-10 09:38:14.525000,1.12278,1.12274,1760000,3190000
2019-07-10 09:38:14.657000,1.12277,1.12274,1000000,3190000
2019-07-10 09:38:15.274000,1.12277,1.12275,1000000,1000000
2019-07-10 09:38:15.515000,1.12277,1.12274,1000000,2440000
2019-07-10 09:38:15.859000,1.12277,1.12275,1000000,1000000
2019-07-10 09:38:16.035000,1.12277,1.12274,1000000,2440000
2019-07-10 09:38:17.690000,1.12274,1.12273,1000000,1570000
2019-07-10 09:38:17.793000,1.12275,1.12273,1690000,1000000
2019-07-10 09:38:17.904000,1.12275,1.12272,1000000,4690000
2019-07-10 09:38:18.006000,1.12275,1.12273,1500000,1000000
2019-07-10 09:38:18.108000,1.12275,1.12272,1000000,4690000
2019-07-10 09:38:18.210000,1.12275,1.12273,1500000,1000000
2019-07-10 09:38:18.311000,1.12275,1.12272,1000000,4870000
2019-07-10 09:38:19.942000,1.12276,1.12273,1160000,3000000
2019-07-10 09:38:20.044000,1.12279,1.12275,6600000,1690000
2019-07-10 09:38:21.604000,1.12278,1.12276,1000000,1000000
2019-07-10 09:38:22.464000,1.12278,1.12275,1000000,3260000
2019-07-10 09:38:22.605000,1.12279,1.12276,1000000,3250000
2019-07-10 09:38:22.707000,1.1228,1.12276,6750000,5570000
2019-07-10 09:38:23.011000,1.12279,1.12278,1120000,1000000
2019-07-10 09:38:23.113000,1.1228,1.12278,3750000,1690000
2019-07-10 09:38:23.987000,1.1228,1.12278,3750000,1250000
2019-07-10 09:38:24.089000,1.12281,1.12278,6070000,2200000
2019-07-10 09:38:25.619000,1.12281,1.12278,2570000,1760000
2019-07-10 09:38:25.819000,1.12281,1.12279,4450000,1000000
2019-07-10 09:38:25.920000,1.12281,1.12278,2120000,1690000
2019-07-10 09:38:27.218000,1.12281,1.12279,1250000,1000000
2019-07-10 09:38:27.320000,1.12281,1.12278,1250000,6190000
2019-07-10 09:38:27.472000,1.12281,1.12279,2500000,1000000
2019-07-10 09:38:27.574000,1.12281,1.12278,2570000,3640000
2019-07-10 09:38:27.981000,1.12281,1.12278,2870000,4410000
2019-07-10 09:38:28.915000,1.12281,1.12279,1120000,1390000
2019-07-10 09:38:29.097000,1.12281,1.12278,1310000,4950000
2019-07-10 09:38:29.199000,1.12281,1.12278,1310000,5720000
2019-07-10 09:38:29.492000,1.12281,1.12278,1310000,4950000
2019-07-10 09:38:29.594000,1.12281,1.12278,1310000,5720000
2019-07-10 09:38:29.891000,1.12281,1.12278,1500000,6820000
2019-07-10 09:38:30.231000,1.12281,1.12279,2060000,1000000
2019-07-10 09:38:30.555000,1.12281,1.12278,1310000,4950000
2019-07-10 09:38:31.116000,1.12281,1.12279,2060000,1000000
2019-07-10 09:38:31.217000,1.12281,1.12278,1310000,4950000
2019-07-10 09:38:33.246000,1.12281,1.12278,1120000,8420000
2019-07-10 09:38:33.349000,1.12282,1.12281,1690000,1000000
2019-07-10 09:38:33.451000,1.1228,1.12279,1000000,4120000
2019-07-10 09:38:33.552000,1.1228,1.12278,2620000,1690000
2019-07-10 09:38:33.694000,1.1228,1.12277,1120000,1760000
2019-07-10 09:38:33.847000,1.1228,1.12277,1120000,2910000
2019-07-10 09:38:33.999000,1.1228,1.12277,1120000,2140000
2019-07-10 09:38:34.558000,1.12279,1.12277,1000000,2140000
2019-07-10 09:38:39.834000,1.12277,1.12276,1000000,2510000
2019-07-10 09:38:39.886000,1.12278,1.12274,3750000,5410000
2019-07-10 09:38:39.988000,1.12277,1.12274,3190000,4350000
2019-07-10 09:38:40.089000,1.12277,1.12274,1690000,2320000
2019-07-10 09:38:40.205000,1.12277,1.12274,1500000,3040000
2019-07-10 09:38:41.490000,1.12278,1.12275,2440000,1200000
2019-07-10 09:38:41.591000,1.12279,1.12276,4190000,2320000
2019-07-10 09:38:41.693000,1.12279,1.12277,1000000,2510000
2019-07-10 09:38:42.200000,1.12279,1.12278,1500000,1000000
2019-07-10 09:38:42.421000,1.12279,1.12277,1000000,1000000
2019-07-10 09:38:43.267000,1.12279,1.12278,1500000,1000000
2019-07-10 09:38:43.369000,1.12281,1.12277,2620000,3320000
2019-07-10 09:38:43.504000,1.1228,1.12277,1000000,9470000
2019-07-10 09:38:43.656000,1.12281,1.12278,1870000,1390000
2019-07-10 09:38:45.565000,1.1228,1.12278,1000000,1390000
2019-07-10 09:38:46.649000,1.1228,1.12279,1000000,1000000
2019-07-10 09:38:46.751000,1.12281,1.12279,2250000,1250000
2019-07-10 09:38:47.593000,1.12282,1.12278,3370000,2320000
2019-07-10 09:38:47.742000,1.12282,1.12278,3190000,3700000
2019-07-10 09:38:48.268000,1.12281,1.12278,1000000,7100000
2019-07-10 09:38:48.370000,1.12282,1.12279,2440000,6320000
2019-07-10 09:38:48.478000,1.12284,1.12283,3190000,1310000
2019-07-10 09:38:48.529000,1.12287,1.12285,2510000,1500000
2019-07-10 09:38:48.584000,1.12288,1.12287,3000000,1500000
2019-07-10 09:38:48.687000,1.12289,1.12288,1000000,1570000
2019-07-10 09:38:48.788000,1.1229,1.12287,2250000,4450000
2019-07-10 09:38:48.899000,1.12291,1.12288,5100000,2160000
2019-07-10 09:38:49.002000,1.12291,1.12287,4420000,7220000
2019-07-10 09:38:49.232000,1.1229,1.12287,1500000,5570000
2019-07-10 09:38:49.385000,1.12291,1.12287,2850000,2200000
2019-07-10 09:38:49.487000,1.1229,1.12287,1120000,2970000
2019-07-10 09:38:50.250000,1.1229,1.12289,1870000,2250000
2019-07-10 09:38:50.351000,1.12291,1.12288,1350000,1350000
2019-07-10 09:38:50.504000,1.12291,1.12288,1450000,1350000
2019-07-10 09:38:51.013000,1.12291,1.12289,1350000,1250000
2019-07-10 09:38:51.392000,1.12291,1.12289,1450000,1250000
2019-07-10 09:38:51.697000,1.12291,1.12289,1350000,1250000
2019-07-10 09:38:51.814000,1.12291,1.12289,2950000,1250000
2019-07-10 09:38:51.966000,1.12291,1.12288,1350000,1820000
2019-07-10 09:38:52.445000,1.12291,1.12288,2200000,1820000
2019-07-10 09:38:52.548000,1.12291,1.12288,1350000,1820000
2019-07-10 09:38:52.958000,1.12291,1.12288,1450000,1820000
2019-07-10 09:38:53.287000,1.1229,1.12287,1050000,8160000
2019-07-10 09:38:53.936000,1.12291,1.12288,2100000,1350000
2019-07-10 09:38:54.314000,1.12291,1.12289,1450000,1390000
2019-07-10 09:38:54.416000,1.12291,1.12288,2470000,2760000
2019-07-10 09:38:54.704000,1.12291,1.12289,2950000,1250000
2019-07-10 09:38:55.068000,1.12291,1.12288,1500000,3850000
2019-07-10 09:38:55.999000,1.12291,1.12288,1940000,1350000
2019-07-10 09:38:56.162000,1.12291,1.12288,1950000,1250000
2019-07-10 09:38:56.309000,1.12291,1.12288,4260000,2500000
2019-07-10 09:38:56.410000,1.12291,1.12288,1760000,1250000
2019-07-10 09:38:56.937000,1.12291,1.12288,4260000,2690000
2019-07-10 09:38:57.243000,1.12291,1.12288,1950000,1500000
2019-07-10 09:38:57.856000,1.12291,1.12288,4260000,2690000
2019-07-10 09:38:57.907000,1.1229,1.12288,1250000,1870000
2019-07-10 09:38:58.131000,1.12291,1.12287,3450000,5120000
2019-07-10 09:38:58.529000,1.12291,1.12288,1940000,1250000
2019-07-10 09:38:58.681000,1.12291,1.12288,1870000,1250000
2019-07-10 09:38:58.842000,1.12291,1.12288,2700000,1750000
2019-07-10 09:38:58.893000,1.12289,1.12288,1000000,1250000
2019-07-10 09:38:59.037000,1.1229,1.12288,1870000,1250000
2019-07-10 09:38:59.342000,1.1229,1.12288,1000000,1250000
2019-07-10 09:38:59.597000,1.1229,1.12288,1000000,1250000
2019-07-10 09:38:59.699000,1.1229,1.12288,1500000,1370000
2019-07-10 09:39:00.192000,1.1229,1.12288,1000000,1250000
2019-07-10 09:39:00.397000,1.12292,1.12289,6070000,1250000
2019-07-10 09:39:00.499000,1.12291,1.12288,1500000,2570000
2019-07-10 09:39:00.609000,1.12292,1.12288,2250000,4070000
2019-07-10 09:39:00.661000,1.12292,1.12291,1000000,3940000
2019-07-10 09:39:00.713000,1.12295,1.12292,2250000,4950000
2019-07-10 09:39:00.815000,1.12294,1.12292,1500000,4000000
2019-07-10 09:39:00.917000,1.12294,1.12293,1000000,1250000
2019-07-10 09:39:01.530000,1.12293,1.1229,1000000,5950000
2019-07-10 09:39:01.632000,1.12292,1.1229,1000000,3250000
2019-07-10 09:39:01.737000,1.12291,1.12289,1000000,1750000
2019-07-10 09:39:01.838000,1.12291,1.12288,1000000,8570000
2019-07-10 09:39:02.916000,1.12292,1.12289,1120000,3560000
2019-07-10 09:39:03.139000,1.12292,1.1229,1200000,1000000
2019-07-10 09:39:03.569000,1.12292,1.12289,1870000,8890000
2019-07-10 09:39:03.807000,1.12292,1.1229,1870000,1500000
2019-07-10 09:39:03.961000,1.12292,1.12289,1870000,4690000
2019-07-10 09:39:05.345000,1.12292,1.1229,1870000,1000000
2019-07-10 09:39:05.548000,1.12292,1.12289,1870000,3940000
2019-07-10 09:39:05.816000,1.12292,1.12289,2750000,5440000
2019-07-10 09:39:06.204000,1.12289,1.12288,1120000,1500000
2019-07-10 09:39:06.358000,1.1229,1.12289,1120000,1000000
2019-07-10 09:39:06.460000,1.12292,1.12289,2190000,3750000
2019-07-10 09:39:06.563000,1.12292,1.1229,1600000,1000000
2019-07-10 09:39:06.718000,1.12293,1.1229,2250000,3940000
2019-07-10 09:39:07.073000,1.12292,1.1229,1500000,1250000
2019-07-10 09:39:07.496000,1.12293,1.12291,1500000,1570000
2019-07-10 09:39:07.599000,1.12294,1.12293,1690000,1000000
2019-07-10 09:39:07.701000,1.12295,1.12293,1870000,1000000
2019-07-10 09:39:08.786000,1.12296,1.12294,3440000,1000000
2019-07-10 09:39:09.656000,1.12296,1.12293,3140000,2320000
2019-07-10 09:39:09.800000,1.12296,1.12293,2140000,1570000
2019-07-10 09:39:10.104000,1.12296,1.12292,1690000,6070000
2019-07-10 09:39:10.307000,1.12296,1.12293,1870000,1250000
2019-07-10 09:39:10.409000,1.12296,1.12292,1690000,5510000
2019-07-10 09:39:11.417000,1.12296,1.12293,3190000,1500000
2019-07-10 09:39:11.625000,1.12296,1.12292,1690000,4200000
2019-07-10 09:39:11.790000,1.12296,1.12293,2440000,1500000
2019-07-10 09:39:11.894000,1.12296,1.12292,1690000,6820000
2019-07-10 09:39:12.545000,1.12295,1.12292,1500000,1690000
2019-07-10 09:39:12.647000,1.12294,1.12293,2250000,1000000
2019-07-10 09:39:12.698000,1.12294,1.12291,1690000,3370000
2019-07-10 09:39:13.463000,1.12293,1.12291,1000000,2250000
2019-07-10 09:39:13.565000,1.12294,1.12292,1570000,5620000
2019-07-10 09:39:13.934000,1.12294,1.12291,1690000,2250000
2019-07-10 09:39:14.718000,1.12292,1.12291,1000000,1250000
2019-07-10 09:39:14.770000,1.1229,1.12288,1000000,2250000
2019-07-10 09:39:14.888000,1.12289,1.12286,2250000,1350000
2019-07-10 09:39:14.990000,1.12288,1.12286,1000000,1250000
2019-07-10 09:39:15.092000,1.12287,1.12285,1000000,4370000
2019-07-10 09:39:15.428000,1.12288,1.12285,5350000,2810000
2019-07-10 09:39:15.532000,1.12286,1.12284,3000000,1000000
2019-07-10 09:39:15.634000,1.12286,1.12283,2250000,4690000
2019-07-10 09:39:15.736000,1.12286,1.12283,2250000,2690000
2019-07-10 09:39:16.258000,1.12286,1.12283,1500000,2440000
2019-07-10 09:39:17.253000,1.12286,1.12284,2250000,1000000
2019-07-10 09:39:17.331000,1.12287,1.12286,2250000,1000000
2019-07-10 09:39:17.433000,1.12288,1.12286,1120000,1500000
2019-07-10 09:39:17.586000,1.12288,1.12287,1120000,1000000
2019-07-10 09:39:18.007000,1.12288,1.12286,1120000,2440000
2019-07-10 09:39:18.586000,1.12287,1.12286,1000000,1250000
2019-07-10 09:39:18.791000,1.12288,1.12285,2060000,3250000
2019-07-10 09:39:19.297000,1.12288,1.12285,3190000,3750000
2019-07-10 09:39:19.500000,1.12286,1.12285,1000000,1500000
2019-07-10 09:39:19.687000,1.12286,1.12283,1250000,4200000
2019-07-10 09:39:20.249000,1.12286,1.12284,1690000,1120000
2019-07-10 09:39:21.098000,1.12286,1.12285,1000000,1000000
2019-07-10 09:39:21.200000,1.12289,1.12286,5850000,1250000
2019-07-10 09:39:21.251000,1.12289,1.12287,1120000,2750000
2019-07-10 09:39:21.403000,1.1229,1.12287,1120000,4010000
2019-07-10 09:39:21.505000,1.1229,1.12287,2640000,4070000
2019-07-10 09:39:21.607000,1.1229,1.12286,1010000,7750000
2019-07-10 09:39:21.709000,1.12289,1.12287,1000000,1250000
2019-07-10 09:39:21.812000,1.1229,1.12287,1000000,2120000
2019-07-10 09:39:22.181000,1.12289,1.12286,1000000,4750000
2019-07-10 09:39:22.284000,1.12289,1.12286,4500000,1690000
2019-07-10 09:39:22.386000,1.12288,1.12285,1000000,4370000
2019-07-10 09:39:22.488000,1.12288,1.12285,2250000,4120000
2019-07-10 09:39:22.598000,1.12285,1.12284,1000000,4500000
2019-07-10 09:39:22.649000,1.12281,1.12279,1120000,1500000
2019-07-10 09:39:22.752000,1.12279,1.12276,1200000,5070000
2019-07-10 09:39:22.855000,1.12279,1.12277,1120000,1250000
2019-07-10 09:39:22.957000,1.1228,1.12276,2000000,6820000
2019-07-10 09:39:23.058000,1.1228,1.12277,2620000,5440000
2019-07-10 09:39:23.215000,1.1228,1.12277,1870000,6190000
2019-07-10 09:39:24.010000,1.12281,1.12278,1250000,4070000
2019-07-10 09:39:24.115000,1.12282,1.12281,1500000,1000000
2019-07-10 09:39:24.217000,1.12284,1.12281,1760000,1250000
2019-07-10 09:39:24.573000,1.12285,1.1228,3640000,7070000
2019-07-10 09:39:25.056000,1.12284,1.12282,1000000,1120000
2019-07-10 09:39:25.158000,1.12286,1.12283,3190000,1120000
2019-07-10 09:39:25.708000,1.12287,1.12283,7010000,2440000
2019-07-10 09:39:28.178000,1.12287,1.12283,2510000,3660000
2019-07-10 09:39:29.467000,1.12287,1.12285,1500000,1250000
2019-07-10 09:39:29.518000,1.12288,1.12286,3750000,1000000
2019-07-10 09:39:29.569000,1.12289,1.12288,1500000,1350000
2019-07-10 09:39:29.671000,1.12291,1.12288,1870000,2290000
2019-07-10 09:39:29.828000,1.1229,1.12288,1000000,2740000
2019-07-10 09:39:29.930000,1.12291,1.12288,1570000,2740000
2019-07-10 09:39:30.312000,1.12291,1.12288,1500000,3290000
2019-07-10 09:39:30.414000,1.12291,1.12288,1000000,1390000
2019-07-10 09:39:30.516000,1.12291,1.12288,1000000,4040000
2019-07-10 09:39:35.507000,1.12291,1.12289,1000000,1410000
2019-07-10 09:39:36.264000,1.12291,1.12288,1500000,2140000
2019-07-10 09:39:37.198000,1.1229,1.12288,1000000,1970000
2019-07-10 09:39:37.300000,1.1229,1.12288,1000000,1250000
2019-07-10 09:39:37.554000,1.12291,1.12288,2620000,1010000
2019-07-10 09:39:37.726000,1.1229,1.12288,1000000,1010000
2019-07-10 09:39:37.932000,1.12291,1.12288,3370000,1010000
2019-07-10 09:39:38.715000,1.1229,1.12288,1000000,1010000
2019-07-10 09:39:38.817000,1.12291,1.12287,8190000,1950000
2019-07-10 09:39:38.868000,1.12289,1.12287,2000000,1310000
2019-07-10 09:39:38.970000,1.12289,1.12285,1500000,5600000
2019-07-10 09:39:39.403000,1.12288,1.12285,1500000,3700000
2019-07-10 09:39:39.505000,1.12288,1.12284,7620000,4600000
2019-07-10 09:39:39.608000,1.12288,1.12284,5310000,1200000
2019-07-10 09:39:39.962000,1.12285,1.12283,3000000,6410000
2019-07-10 09:39:40.065000,1.12284,1.1228,2370000,1820000
2019-07-10 09:39:40.168000,1.12284,1.12281,6640000,1000000
2019-07-10 09:39:40.271000,1.12283,1.12281,1250000,1500000
2019-07-10 09:39:40.373000,1.12285,1.12281,5620000,4010000
2019-07-10 09:39:40.616000,1.12285,1.12282,1690000,1500000
2019-07-10 09:39:40.717000,1.12286,1.12283,6140000,1570000
2019-07-10 09:39:40.819000,1.12286,1.12283,1570000,3640000
2019-07-10 09:39:40.972000,1.12286,1.12284,1000000,1250000
2019-07-10 09:39:41.073000,1.12287,1.12285,1000000,1250000
2019-07-10 09:39:41.429000,1.12288,1.12286,2440000,1220000
2019-07-10 09:39:41.531000,1.12287,1.12285,1500000,1750000
2019-07-10 09:39:41.769000,1.12285,1.12284,1120000,5910000
2019-07-10 09:39:41.872000,1.12284,1.12282,1500000,1250000
2019-07-10 09:39:42.006000,1.12285,1.12282,1750000,1000000
2019-07-10 09:39:43.304000,1.12285,1.12283,1500000,3940000
2019-07-10 09:39:43.406000,1.12286,1.12284,1100000,1000000
2019-07-10 09:39:45.001000,1.12285,1.12283,2920000,3000000
2019-07-10 09:39:45.053000,1.12282,1.12281,1000000,4690000
2019-07-10 09:39:45.104000,1.12283,1.1228,2440000,2250000
2019-07-10 09:39:45.206000,1.12282,1.12279,1000000,1750000
2019-07-10 09:39:45.353000,1.12282,1.12279,3000000,1250000
2019-07-10 09:39:46.885000,1.12282,1.12279,5250000,3350000
2019-07-10 09:39:48.739000,1.12282,1.12279,6750000,2870000
2019-07-10 09:39:48.791000,1.12279,1.12277,1000000,5320000
2019-07-10 09:39:48.893000,1.12279,1.12276,1000000,1750000
2019-07-10 09:39:49.200000,1.1228,1.12276,3820000,4000000
2019-07-10 09:39:49.319000,1.1228,1.12278,3000000,1000000
2019-07-10 09:39:49.422000,1.12282,1.12279,2100000,1250000
2019-07-10 09:39:49.598000,1.12281,1.12277,1750000,6100000
2019-07-10 09:39:51.334000,1.12282,1.12278,2250000,2570000
2019-07-10 09:39:51.436000,1.12281,1.12279,1000000,1250000
2019-07-10 09:39:51.538000,1.12283,1.12279,3570000,4750000
2019-07-10 09:39:52.339000,1.12284,1.12283,2440000,1000000
2019-07-10 09:39:52.390000,1.12285,1.12283,1000000,3320000
2019-07-10 09:39:52.492000,1.12287,1.12283,2720000,6140000
2019-07-10 09:39:53.138000,1.12286,1.12285,1000000,1000000
2019-07-10 09:39:54.306000,1.12286,1.12284,1000000,1690000
2019-07-10 09:39:55.745000,1.12287,1.12284,1500000,1250000
2019-07-10 09:39:55.847000,1.12287,1.12284,1500000,2190000
2019-07-10 09:39:55.948000,1.12287,1.12284,1500000,1250000
2019-07-10 09:39:57.762000,1.12286,1.12284,1000000,1000000
2019-07-10 09:39:59.483000,1.12283,1.12282,1000000,1200000
2019-07-10 09:39:59.585000,1.12284,1.1228,4950000,6940000
2019-07-10 09:40:00.008000,1.12283,1.1228,1000000,1690000
2019-07-10 09:40:00.977000,1.12281,1.1228,1000000,1000000
2019-07-10 09:40:01.079000,1.12281,1.12278,5940000,1500000
2019-07-10 09:40:01.181000,1.12279,1.12276,1500000,1940000
2019-07-10 09:40:01.283000,1.12277,1.12275,2250000,1750000
2019-07-10 09:40:01.389000,1.12276,1.12274,1000000,1940000
2019-07-10 09:40:01.492000,1.12277,1.12273,8320000,4750000
2019-07-10 09:40:01.645000,1.12277,1.12273,4010000,4500000
2019-07-10 09:40:01.951000,1.12276,1.12273,1000000,2190000
2019-07-10 09:40:02.473000,1.12277,1.12273,3640000,1690000
2019-07-10 09:40:02.777000,1.12276,1.12273,1000000,1690000
2019-07-10 09:40:02.879000,1.12277,1.12273,5140000,1250000
2019-07-10 09:40:03.289000,1.12277,1.12273,7410000,2140000
2019-07-10 09:40:03.441000,1.12277,1.12273,3470000,2200000
2019-07-10 09:40:03.492000,1.12278,1.12276,6450000,1000000
2019-07-10 09:40:03.544000,1.12279,1.12278,1310000,1100000
2019-07-10 09:40:03.595000,1.12281,1.12278,1390000,1570000
2019-07-10 09:40:03.696000,1.12282,1.12278,1690000,2570000
2019-07-10 09:40:04.152000,1.12281,1.12278,1500000,5010000
2019-07-10 09:40:05.030000,1.12281,1.12278,1500000,4010000
2019-07-10 09:40:05.132000,1.1228,1.12277,5750000,2140000
2019-07-10 09:40:05.270000,1.12276,1.12274,1000000,2690000
2019-07-10 09:40:05.323000,1.12276,1.12274,1500000,2810000
