time,ask,bid,ask_volume,bid_volume
2020-04-23 12:25:00.295000,1.07859,1.07857,1690000,1570000
2020-04-23 12:25:00.397000,1.07859,1.07855,4500000,4570000
2020-04-23 12:25:00.448000,1.07859,1.07858,3000000,750000
2020-04-23 12:25:00.499000,1.0786,1.07856,3000000,3820000
2020-04-23 12:25:00.914000,1.0786,1.07855,3190000,5770000
2020-04-23 12:25:01.016000,1.07859,1.07855,3000000,5590000
2020-04-23 12:25:01.385000,1.07859,1.07857,3000000,150000
2020-04-23 12:25:01.486000,1.0786,1.07857,3000000,150000
2020-04-23 12:25:01.840000,1.07861,1.07857,4570000,3150000
2020-04-23 12:25:02.094000,1.07859,1.07857,3000000,150000
2020-04-23 12:25:02.195000,1.07858,1.07855,3750000,1690000
2020-04-23 12:25:02.246000,1.07855,1.07854,750000,1500000
2020-04-23 12:25:02.297000,1.07854,1.07852,3000000,12000000
2020-04-23 12:25:02.480000,1.07853,1.07849,3000000,6340000
2020-04-23 12:25:02.936000,1.07852,1.07849,3000000,2440000
2020-04-23 12:25:03.795000,1.07852,1.0785,4500000,190000
2020-04-23 12:25:04.749000,1.07852,1.07848,3750000,3940000
2020-04-23 12:25:08.712000,1.07852,1.0785,4500000,190000
2020-04-23 12:25:09.086000,1.0785,1.07848,750000,3000000
2020-04-23 12:25:09.189000,1.07848,1.07845,4570000,1870000
2020-04-23 12:25:09.291000,1.07847,1.07844,3750000,940000
2020-04-23 12:25:09.393000,1.07848,1.07845,750000,3000000
2020-04-23 12:25:09.494000,1.07847,1.07844,750000,3000000
2020-04-23 12:25:09.596000,1.07847,1.07843,3750000,4760000
2020-04-23 12:25:10.469000,1.07847,1.07844,3000000,1500000
2020-04-23 12:25:11.337000,1.07847,1.07846,3000000,750000
2020-04-23 12:25:11.388000,1.07851,1.07847,4570000,1690000
2020-04-23 12:25:11.540000,1.07851,1.07848,750000,3000000
2020-04-23 12:25:11.901000,1.07851,1.07847,3000000,2140000
2020-04-23 12:25:12.002000,1.07852,1.07847,750000,2140000
2020-04-23 12:25:12.560000,1.07851,1.07846,1500000,7760000
2020-04-23 12:25:12.662000,1.0785,1.07846,3000000,4690000
2020-04-23 12:25:12.814000,1.07848,1.07845,750000,370000
2020-04-23 12:25:12.915000,1.07848,1.07844,750000,5250000
2020-04-23 12:25:13.019000,1.07848,1.07845,750000,3000000
2020-04-23 12:25:13.777000,1.07847,1.07843,4500000,940000
2020-04-23 12:25:13.930000,1.07844,1.07842,750000,640000
2020-04-23 12:25:14.033000,1.07844,1.07841,750000,3940000
2020-04-23 12:25:14.757000,1.07844,1.0784,4500000,4690000
2020-04-23 12:25:14.858000,1.07843,1.0784,3000000,940000
2020-04-23 12:25:15.015000,1.07843,1.07839,3000000,6190000
2020-04-23 12:25:15.373000,1.07842,1.07839,750000,5440000
2020-04-23 12:25:15.575000,1.07843,1.07841,3750000,750000
2020-04-23 12:25:18.889000,1.07842,1.0784,750000,940000
2020-04-23 12:25:19.193000,1.07842,1.07841,750000,750000
2020-04-23 12:25:19.435000,1.07842,1.0784,940000,750000
2020-04-23 12:25:19.586000,1.07842,1.07839,750000,1500000
2020-04-23 12:25:19.688000,1.07839,1.07837,100000,3000000
2020-04-23 12:25:19.789000,1.07838,1.07836,3000000,1870000
2020-04-23 12:25:19.890000,1.07838,1.07835,3000000,1690000
2020-04-23 12:25:20.143000,1.07839,1.07835,3750000,940000
2020-04-23 12:25:21.148000,1.07838,1.07835,3000000,940000
2020-04-23 12:25:22.272000,1.07838,1.07834,3000000,4690000
2020-04-23 12:25:22.373000,1.07837,1.07834,3000000,1690000
2020-04-23 12:25:23.803000,1.07837,1.07833,3000000,4690000
2020-04-23 12:25:23.955000,1.07837,1.07835,3000000,190000
2020-04-23 12:25:26.135000,1.07837,1.07833,3000000,5440000
2020-04-23 12:25:26.570000,1.07837,1.07835,3000000,190000
2020-04-23 12:25:28.006000,1.07837,1.07833,3750000,4690000
2020-04-23 12:25:28.969000,1.07837,1.07834,3750000,1500000
2020-04-23 12:25:29.071000,1.07838,1.07836,3000000,940000
2020-04-23 12:25:29.174000,1.07838,1.07835,750000,2140000
2020-04-23 12:25:29.276000,1.07838,1.07836,3000000,190000
2020-04-23 12:25:29.377000,1.07839,1.07837,3000000,190000
2020-04-23 12:25:29.529000,1.07838,1.07835,3000000,2440000
2020-04-23 12:25:29.631000,1.07838,1.07836,3000000,750000
2020-04-23 12:25:29.884000,1.0784,1.07837,3000000,1690000
2020-04-23 12:25:29.935000,1.07842,1.0784,9190000,1500000
2020-04-23 12:25:29.986000,1.07842,1.07839,940000,750000
2020-04-23 12:25:30.088000,1.07842,1.0784,750000,940000
2020-04-23 12:25:30.189000,1.07842,1.07838,3940000,5700000
2020-04-23 12:25:30.291000,1.07841,1.07837,3190000,3450000
2020-04-23 12:25:30.342000,1.07839,1.07836,750000,1800000
2020-04-23 12:25:30.443000,1.07838,1.07835,3000000,940000
2020-04-23 12:25:31.035000,1.07839,1.07835,940000,750000
2020-04-23 12:25:31.137000,1.07838,1.07835,750000,750000
2020-04-23 12:25:31.238000,1.07837,1.07834,3000000,940000
2020-04-23 12:25:31.339000,1.07838,1.07834,1500000,940000
2020-04-23 12:25:31.541000,1.07837,1.07834,3000000,940000
2020-04-23 12:25:33.920000,1.07837,1.07835,3000000,190000
2020-04-23 12:25:34.506000,1.07834,1.07832,2620000,4870000
2020-04-23 12:25:34.607000,1.07832,1.07831,3000000,750000
2020-04-23 12:25:34.709000,1.07832,1.0783,3000000,940000
2020-04-23 12:25:35.282000,1.07832,1.07829,3000000,1690000
2020-04-23 12:25:47.713000,1.07833,1.07828,3820000,750000
2020-04-23 12:25:47.815000,1.07832,1.07829,3000000,190000
2020-04-23 12:25:48.068000,1.07833,1.07829,3750000,190000
2020-04-23 12:25:49.893000,1.07831,1.07829,750000,190000
2020-04-23 12:25:49.944000,1.0783,1.07827,3750000,1500000
2020-04-23 12:25:49.995000,1.07829,1.07825,450000,1950000
2020-04-23 12:25:50.096000,1.07829,1.07826,450000,370000
2020-04-23 12:25:50.197000,1.07827,1.07824,750000,190000
2020-04-23 12:25:52.008000,1.07827,1.07825,750000,100000
2020-04-23 12:25:52.109000,1.07828,1.07825,3750000,820000
2020-04-23 12:25:52.585000,1.07828,1.07824,3750000,4950000
2020-04-23 12:25:55.643000,1.07828,1.07825,750000,3000000
2020-04-23 12:25:55.906000,1.07829,1.07826,100000,5510000
2020-04-23 12:25:56.008000,1.07831,1.07828,820000,3000000
2020-04-23 12:25:56.210000,1.07831,1.07827,3750000,1570000
2020-04-23 12:25:56.313000,1.07831,1.07828,750000,3000000
2020-04-23 12:25:56.414000,1.07831,1.07827,3820000,1570000
2020-04-23 12:25:56.616000,1.07831,1.07828,100000,3000000
2020-04-23 12:25:56.718000,1.07832,1.07828,4200000,3000000
2020-04-23 12:25:57.907000,1.07831,1.07827,100000,1570000
2020-04-23 12:25:58.346000,1.07831,1.07828,100000,3000000
2020-04-23 12:25:58.823000,1.07832,1.07828,4200000,1690000
2020-04-23 12:25:58.975000,1.07831,1.07828,100000,3940000
2020-04-23 12:25:59.076000,1.07832,1.07828,4570000,3190000
2020-04-23 12:26:01.159000,1.07832,1.07827,4200000,4760000
2020-04-23 12:26:01.463000,1.07831,1.07827,3000000,4760000
2020-04-23 12:26:01.699000,1.07832,1.07828,4200000,3000000
2020-04-23 12:26:02.935000,1.07831,1.07828,100000,3000000
2020-04-23 12:26:03.037000,1.07832,1.07828,3820000,3000000
2020-04-23 12:26:07.412000,1.07831,1.07828,100000,3000000
2020-04-23 12:26:08.336000,1.0783,1.07826,4120000,190000
2020-04-23 12:26:08.440000,1.07829,1.07825,3070000,3000000
2020-04-23 12:26:10.231000,1.0783,1.07826,4200000,4500000
2020-04-23 12:26:10.333000,1.0783,1.07827,3750000,750000
2020-04-23 12:26:11.233000,1.0783,1.07826,3750000,4800000
2020-04-23 12:26:12.986000,1.07829,1.07825,3000000,4500000
2020-04-23 12:26:13.189000,1.07828,1.07824,3000000,4500000
2020-04-23 12:26:14.312000,1.07829,1.07824,820000,2250000
2020-04-23 12:26:14.708000,1.07829,1.07825,750000,750000
2020-04-23 12:26:14.810000,1.0783,1.07827,3000000,1500000
2020-04-23 12:26:14.912000,1.07831,1.07829,750000,3000000
2020-04-23 12:26:14.963000,1.07831,1.07827,3750000,4390000
2020-04-23 12:26:15.380000,1.07831,1.07828,3750000,750000
2020-04-23 12:26:15.958000,1.07832,1.07828,820000,1500000
2020-04-23 12:26:16.009000,1.07832,1.0783,750000,190000
2020-04-23 12:26:16.111000,1.07833,1.07831,3070000,2250000
2020-04-23 12:26:16.162000,1.07835,1.07831,4200000,2250000
2020-04-23 12:26:16.263000,1.07835,1.07833,3750000,750000
2020-04-23 12:26:16.365000,1.07837,1.07835,1200000,1690000
2020-04-23 12:26:16.466000,1.07839,1.07836,11700000,1240000
2020-04-23 12:26:16.618000,1.0784,1.07836,5140000,3490000
2020-04-23 12:26:16.720000,1.07839,1.07836,100000,190000
2020-04-23 12:26:16.872000,1.07838,1.07836,3750000,190000
2020-04-23 12:26:17.074000,1.07838,1.07834,3750000,190000
2020-04-23 12:26:18.268000,1.07838,1.07836,3750000,750000
2020-04-23 12:26:19.597000,1.07838,1.07837,750000,750000
2020-04-23 12:26:20.147000,1.07838,1.07836,750000,750000
2020-04-23 12:26:21.685000,1.07839,1.07837,100000,940000
2020-04-23 12:26:21.736000,1.07842,1.07841,3560000,750000
2020-04-23 12:26:21.838000,1.07843,1.07842,750000,2250000
2020-04-23 12:26:21.888000,1.07844,1.07843,7500000,750000
2020-04-23 12:26:21.939000,1.07846,1.07843,820000,750000
2020-04-23 12:26:22.041000,1.07845,1.07843,3000000,3000000
2020-04-23 12:26:22.370000,1.07845,1.07841,3000000,6820000
2020-04-23 12:26:22.673000,1.07844,1.07841,750000,4570000
2020-04-23 12:26:23.133000,1.07845,1.07842,3750000,4010000
2020-04-23 12:26:23.234000,1.07845,1.07843,750000,3750000
2020-04-23 12:26:23.447000,1.07847,1.07843,4010000,3750000
2020-04-23 12:26:23.841000,1.07847,1.07846,3000000,750000
2020-04-23 12:26:23.892000,1.07849,1.07847,3750000,750000
2020-04-23 12:26:23.993000,1.07849,1.07846,750000,5700000
2020-04-23 12:26:24.044000,1.07849,1.07848,750000,3000000
2020-04-23 12:26:24.095000,1.07848,1.07846,750000,750000
2020-04-23 12:26:24.197000,1.07846,1.07845,750000,2250000
2020-04-23 12:26:24.300000,1.07846,1.07841,820000,1390000
2020-04-23 12:26:25.097000,1.07846,1.07842,3750000,3000000
2020-04-23 12:26:25.199000,1.07847,1.07842,1390000,2250000
2020-04-23 12:26:25.300000,1.07847,1.07841,1760000,7200000
2020-04-23 12:26:25.412000,1.07846,1.07841,100000,7200000
2020-04-23 12:26:25.825000,1.07846,1.07842,3070000,3000000
2020-04-23 12:26:25.977000,1.07846,1.07843,3000000,750000
2020-04-23 12:26:26.078000,1.07847,1.07843,3750000,3820000
2020-04-23 12:26:28.065000,1.07847,1.07844,3000000,750000
2020-04-23 12:26:28.179000,1.07847,1.07843,3000000,5250000
2020-04-23 12:26:28.519000,1.07847,1.07844,3000000,1500000
2020-04-23 12:26:28.722000,1.07847,1.07843,3000000,6000000
2020-04-23 12:26:29.855000,1.07847,1.07844,3000000,750000
2020-04-23 12:26:30.007000,1.07847,1.07843,3000000,6070000
2020-04-23 12:26:30.109000,1.07846,1.07842,4570000,4500000
2020-04-23 12:26:30.161000,1.07844,1.07842,190000,190000
2020-04-23 12:26:30.263000,1.07843,1.07841,3750000,750000
2020-04-23 12:26:30.314000,1.07843,1.07839,3820000,4010000
2020-04-23 12:26:30.539000,1.07842,1.07838,190000,1200000
2020-04-23 12:26:30.590000,1.07839,1.07838,750000,750000
2020-04-23 12:26:30.641000,1.07839,1.07836,1200000,750000
2020-04-23 12:26:30.744000,1.07839,1.07834,4200000,1690000
2020-04-23 12:26:30.846000,1.07838,1.07834,3000000,4500000
2020-04-23 12:26:32.003000,1.07837,1.07834,750000,3000000
2020-04-23 12:26:32.109000,1.07837,1.07833,3750000,3000000
2020-04-23 12:26:33.113000,1.07837,1.07834,750000,3750000
2020-04-23 12:26:33.710000,1.07837,1.07833,3750000,3750000
2020-04-23 12:26:36.272000,1.07836,1.07832,3000000,3900000
2020-04-23 12:26:36.374000,1.07835,1.07831,3000000,6000000
2020-04-23 12:26:36.475000,1.07833,1.0783,750000,2250000
2020-04-23 12:26:36.577000,1.07832,1.07829,3750000,1570000
2020-04-23 12:26:36.679000,1.07832,1.07828,3820000,3070000
2020-04-23 12:26:37.641000,1.0783,1.07827,3750000,820000
2020-04-23 12:26:39.061000,1.0783,1.07826,3750000,3070000
2020-04-23 12:26:40.677000,1.07828,1.07826,100000,3070000
2020-04-23 12:26:41.179000,1.0783,1.07826,4570000,3070000
2020-04-23 12:26:41.389000,1.0783,1.07824,1570000,5510000
2020-04-23 12:26:41.491000,1.07829,1.07824,100000,5510000
2020-04-23 12:26:41.593000,1.07828,1.07825,750000,3000000
2020-04-23 12:26:41.695000,1.07826,1.07822,3000000,5510000
2020-04-23 12:26:42.203000,1.07826,1.07823,3000000,100000
2020-04-23 12:26:43.254000,1.07826,1.07822,3820000,3070000
2020-04-23 12:26:44.152000,1.07826,1.07823,750000,3000000
2020-04-23 12:26:44.254000,1.07827,1.07824,3000000,1500000
2020-04-23 12:26:44.356000,1.07828,1.07825,750000,3000000
2020-04-23 12:26:45.718000,1.07826,1.07822,3750000,4570000
2020-04-23 12:26:46.554000,1.07825,1.07821,3000000,3450000
2020-04-23 12:26:46.706000,1.07825,1.0782,4310000,190000
2020-04-23 12:26:46.807000,1.07824,1.07819,3940000,190000
2020-04-23 12:26:46.858000,1.07822,1.07819,750000,190000
2020-04-23 12:26:47.119000,1.07822,1.07821,750000,100000
2020-04-23 12:26:47.220000,1.07824,1.07821,750000,3820000
2020-04-23 12:26:47.322000,1.07824,1.07822,750000,100000
2020-04-23 12:26:47.682000,1.07825,1.07822,3750000,100000
2020-04-23 12:26:50.985000,1.07825,1.07821,3750000,3070000
2020-04-23 12:26:51.942000,1.07823,1.07821,3000000,100000
2020-04-23 12:26:52.043000,1.07824,1.07822,370000,100000
2020-04-23 12:26:52.145000,1.07825,1.07822,1500000,3820000
2020-04-23 12:26:52.246000,1.07826,1.07824,750000,3000000
2020-04-23 12:26:53.248000,1.07828,1.07824,4500000,3000000
2020-04-23 12:26:53.400000,1.07828,1.07825,750000,3000000
2020-04-23 12:26:53.697000,1.07828,1.07826,750000,100000
2020-04-23 12:26:53.799000,1.07829,1.07826,750000,100000
2020-04-23 12:26:53.901000,1.0783,1.07827,3940000,820000
2020-04-23 12:26:54.055000,1.07831,1.07828,3750000,100000
2020-04-23 12:26:54.259000,1.07832,1.07828,3750000,3820000
2020-04-23 12:26:54.731000,1.07832,1.07829,3750000,100000
2020-04-23 12:26:55.138000,1.07833,1.07829,3820000,3070000
2020-04-23 12:26:56.612000,1.07832,1.07828,3750000,3000000
2020-04-23 12:26:57.017000,1.07831,1.07828,820000,3000000
2020-04-23 12:26:57.119000,1.07831,1.07827,4200000,3000000
2020-04-23 12:26:57.625000,1.07831,1.07826,1200000,940000
2020-04-23 12:26:59.042000,1.07832,1.07828,1200000,3000000
2020-04-23 12:26:59.144000,1.07832,1.0783,750000,3000000
2020-04-23 12:26:59.582000,1.07832,1.07828,750000,190000
2020-04-23 12:26:59.684000,1.07832,1.07827,750000,5890000
2020-04-23 12:27:00.066000,1.07833,1.07831,1390000,750000
2020-04-23 12:27:00.117000,1.07835,1.07834,3000000,190000
2020-04-23 12:27:00.220000,1.07836,1.07834,750000,3190000
2020-04-23 12:27:00.272000,1.07837,1.07834,190000,3000000
2020-04-23 12:27:00.688000,1.07838,1.07836,750000,100000
2020-04-23 12:27:00.790000,1.0784,1.07837,4010000,100000
2020-04-23 12:27:00.893000,1.0784,1.07838,940000,3000000
2020-04-23 12:27:04.074000,1.0784,1.07837,750000,3070000
2020-04-23 12:27:04.764000,1.07842,1.07838,940000,100000
2020-04-23 12:27:05.592000,1.07841,1.07837,190000,5440000
2020-04-23 12:27:05.643000,1.07838,1.07836,190000,4120000
2020-04-23 12:27:05.845000,1.07838,1.07834,190000,6260000
2020-04-23 12:27:06.440000,1.0784,1.07839,450000,3000000
2020-04-23 12:27:06.541000,1.07842,1.0784,750000,3000000
2020-04-23 12:27:07.001000,1.07843,1.0784,900000,3000000
2020-04-23 12:27:07.775000,1.07843,1.07838,1090000,5320000
2020-04-23 12:27:08.255000,1.07843,1.07839,1010000,100000
2020-04-23 12:27:15.450000,1.07843,1.0784,940000,750000
2020-04-23 12:27:16.171000,1.07843,1.07839,940000,820000
2020-04-23 12:27:16.820000,1.07843,1.0784,190000,820000
2020-04-23 12:27:17.424000,1.07844,1.07842,3000000,100000
2020-04-23 12:27:17.526000,1.07845,1.07842,3750000,100000
2020-04-23 12:27:19.114000,1.07846,1.07842,750000,100000
2020-04-23 12:27:22.494000,1.07846,1.07843,750000,1010000
2020-04-23 12:27:22.546000,1.07848,1.07847,450000,1650000
2020-04-23 12:27:22.596000,1.07849,1.07848,750000,4500000
2020-04-23 12:27:22.698000,1.07851,1.07849,7500000,3000000
2020-04-23 12:27:22.800000,1.07852,1.07849,190000,750000
2020-04-23 12:27:26.142000,1.07852,1.07848,190000,7650000
2020-04-23 12:27:26.556000,1.07852,1.07849,190000,100000
2020-04-23 12:27:28.594000,1.07852,1.07848,190000,4570000
2020-04-23 12:27:29.053000,1.07852,1.0785,190000,750000
2020-04-23 12:27:29.154000,1.07854,1.07852,450000,3000000
2020-04-23 12:27:29.256000,1.07855,1.07852,3000000,3190000
2020-04-23 12:27:29.357000,1.07855,1.07853,3000000,750000
2020-04-23 12:27:29.559000,1.07857,1.07853,1310000,750000
2020-04-23 12:27:29.661000,1.07857,1.07852,1310000,6450000
2020-04-23 12:27:31.060000,1.07857,1.07853,1010000,370000
2020-04-23 12:27:31.692000,1.07859,1.07858,750000,260000
2020-04-23 12:27:31.743000,1.0786,1.07859,750000,190000
2020-04-23 12:27:31.845000,1.07861,1.07859,7500000,100000
2020-04-23 12:27:31.896000,1.07863,1.07861,940000,3000000
2020-04-23 12:27:32.048000,1.07864,1.07861,190000,3000000
2020-04-23 12:27:32.201000,1.07865,1.07863,100000,3000000
2020-04-23 12:27:32.302000,1.07866,1.07865,940000,3000000
2020-04-23 12:27:32.607000,1.07866,1.07863,3750000,820000
2020-04-23 12:27:33.329000,1.07867,1.07863,190000,820000
2020-04-23 12:27:33.432000,1.07868,1.07864,940000,820000
2020-04-23 12:27:33.584000,1.07868,1.07866,940000,3000000
2020-04-23 12:27:33.636000,1.07868,1.07864,3940000,820000
2020-04-23 12:27:36.940000,1.07869,1.07866,100000,100000
2020-04-23 12:27:37.041000,1.0787,1.07868,750000,3000000
2020-04-23 12:27:37.526000,1.07872,1.07867,190000,3070000
2020-04-23 12:27:37.983000,1.07872,1.07868,190000,750000
2020-04-23 12:27:38.086000,1.07872,1.07867,190000,6000000
2020-04-23 12:27:38.552000,1.07873,1.07867,4460000,7950000
2020-04-23 12:27:38.653000,1.07873,1.07868,1460000,3750000
2020-04-23 12:27:40.533000,1.07873,1.0787,260000,750000
2020-04-23 12:27:52.908000,1.07873,1.07869,450000,3750000
2020-04-23 12:27:54.111000,1.07874,1.0787,1650000,750000
2020-04-23 12:27:54.265000,1.07874,1.07871,450000,3750000
2020-04-23 12:27:54.367000,1.07875,1.07871,1840000,3750000
2020-04-23 12:27:54.469000,1.07875,1.07872,640000,3000000
2020-04-23 12:27:54.571000,1.07875,1.07871,640000,3750000
2020-04-23 12:27:54.673000,1.07875,1.07873,340000,3000000
2020-04-23 12:27:54.775000,1.07875,1.07871,340000,750000
2020-04-23 12:27:55.054000,1.07875,1.07873,340000,3000000
2020-04-23 12:27:55.156000,1.07876,1.07873,450000,3750000
2020-04-23 12:27:55.258000,1.07877,1.07873,150000,3750000
2020-04-23 12:27:55.359000,1.07877,1.07875,150000,3000000
2020-04-23 12:27:55.662000,1.07877,1.07873,150000,3750000
2020-04-23 12:27:56.305000,1.07879,1.07878,940000,750000
2020-04-23 12:27:56.407000,1.07881,1.0788,260000,3000000
2020-04-23 12:27:56.508000,1.07883,1.0788,640000,3000000
2020-04-23 12:27:56.610000,1.07883,1.0788,260000,3750000
2020-04-23 12:27:56.762000,1.07883,1.0788,260000,3750000
2020-04-23 12:27:57.313000,1.07883,1.07882,190000,3000000
2020-04-23 12:27:57.364000,1.07883,1.0788,190000,750000
2020-04-23 12:27:57.465000,1.07883,1.07882,190000,3000000
2020-04-23 12:27:57.884000,1.07886,1.07882,3450000,3750000
2020-04-23 12:27:57.985000,1.07887,1.07884,190000,3750000
2020-04-23 12:27:59.841000,1.07888,1.07884,260000,750000
2020-04-23 12:28:00.286000,1.07886,1.07884,190000,750000
2020-04-23 12:28:00.388000,1.07884,1.07882,100000,3750000
2020-04-23 12:28:00.490000,1.07884,1.07881,4090000,1500000
2020-04-23 12:28:00.592000,1.07883,1.07881,260000,750000
2020-04-23 12:28:00.693000,1.07882,1.0788,450000,3000000
2020-04-23 12:28:00.795000,1.07881,1.07877,4460000,3000000
2020-04-23 12:28:00.896000,1.0788,1.07877,450000,3000000
2020-04-23 12:28:00.997000,1.07879,1.07877,190000,3000000
2020-04-23 12:28:01.659000,1.07879,1.07876,190000,3750000
2020-04-23 12:28:02.685000,1.07879,1.07877,190000,750000
2020-04-23 12:28:03.196000,1.0788,1.07878,3260000,750000
2020-04-23 12:28:03.298000,1.07882,1.0788,2020000,3750000
2020-04-23 12:28:03.399000,1.07881,1.0788,190000,750000
2020-04-23 12:28:05.280000,1.07882,1.0788,450000,750000
2020-04-23 12:28:09.040000,1.07882,1.07881,190000,750000
2020-04-23 12:28:11.721000,1.07883,1.07881,260000,750000
2020-04-23 12:28:15.442000,1.07883,1.07882,100000,750000
2020-04-23 12:28:15.493000,1.07885,1.07883,3710000,750000
2020-04-23 12:28:15.596000,1.07884,1.07883,220000,750000
2020-04-23 12:28:15.749000,1.07884,1.07882,190000,3000000
2020-04-23 12:28:16.065000,1.07884,1.07881,190000,4500000
2020-04-23 12:28:16.218000,1.07885,1.07883,3520000,750000
2020-04-23 12:28:16.321000,1.07886,1.07883,260000,4500000
2020-04-23 12:28:16.423000,1.07887,1.07884,100000,3000000
2020-04-23 12:28:16.525000,1.07887,1.07883,100000,3750000
2020-04-23 12:28:16.627000,1.07887,1.07884,100000,750000
2020-04-23 12:28:17.925000,1.07888,1.07886,520000,3000000
2020-04-23 12:28:17.976000,1.07888,1.07885,520000,3750000
2020-04-23 12:28:19.158000,1.07886,1.07885,940000,3000000
2020-04-23 12:28:19.260000,1.07885,1.07884,1090000,750000
2020-04-23 12:28:19.361000,1.07885,1.07883,1840000,750000
2020-04-23 12:28:19.462000,1.07884,1.07883,190000,750000
2020-04-23 12:28:19.695000,1.07884,1.07882,190000,750000
2020-04-23 12:28:20.743000,1.07884,1.07881,340000,3000000
2020-04-23 12:28:20.844000,1.07883,1.0788,450000,4500000
2020-04-23 12:28:22.392000,1.0788,1.07879,100000,750000
2020-04-23 12:28:22.494000,1.07878,1.07876,100000,3000000
2020-04-23 12:28:22.595000,1.07878,1.07875,100000,1500000
2020-04-23 12:28:22.697000,1.07879,1.07875,340000,1500000
2020-04-23 12:28:22.799000,1.07879,1.07876,340000,3000000
2020-04-23 12:28:23.459000,1.07879,1.07875,3820000,4570000
2020-04-23 12:28:23.560000,1.07878,1.07875,100000,3820000
2020-04-23 12:28:23.773000,1.07879,1.07875,1760000,820000
2020-04-23 12:28:23.886000,1.07878,1.07875,100000,820000
2020-04-23 12:28:23.987000,1.07878,1.07874,1570000,3820000
2020-04-23 12:28:24.089000,1.07877,1.07874,100000,820000
2020-04-23 12:28:24.392000,1.07877,1.07873,100000,5320000
2020-04-23 12:28:25.316000,1.07877,1.07874,100000,750000
2020-04-23 12:28:25.524000,1.07878,1.07874,1090000,750000
2020-04-23 12:28:27.329000,1.07878,1.07876,100000,820000
2020-04-23 12:28:27.431000,1.07879,1.07875,520000,750000
2020-04-23 12:28:27.735000,1.07879,1.07876,450000,3000000
2020-04-23 12:28:27.836000,1.07879,1.07875,100000,4570000
2020-04-23 12:28:27.937000,1.0788,1.07877,3450000,750000
2020-04-23 12:28:28.191000,1.07877,1.07876,190000,3750000
2020-04-23 12:28:28.292000,1.07875,1.07874,100000,2250000
2020-04-23 12:28:28.343000,1.07876,1.07872,370000,4500000
2020-04-23 12:28:28.495000,1.07877,1.07872,1010000,4500000
2020-04-23 12:28:28.852000,1.07876,1.07872,100000,3750000
2020-04-23 12:28:29.105000,1.07875,1.07872,100000,750000
2020-04-23 12:28:29.207000,1.07876,1.07873,450000,260000
2020-04-23 12:28:29.258000,1.07878,1.07875,150000,3000000
2020-04-23 12:28:29.308000,1.07877,1.07873,820000,5250000
2020-04-23 12:28:29.410000,1.07876,1.07873,260000,5250000
2020-04-23 12:28:29.828000,1.07875,1.07873,2250000,3750000
2020-04-23 12:28:29.929000,1.07874,1.07872,940000,3000000
2020-04-23 12:28:29.980000,1.07874,1.07869,4010000,3750000
2020-04-23 12:28:30.081000,1.07873,1.07869,450000,750000
2020-04-23 12:28:30.183000,1.07872,1.07869,640000,750000
2020-04-23 12:28:32.788000,1.07872,1.07868,260000,3940000
2020-04-23 12:28:33.809000,1.07871,1.07867,1690000,3000000
2020-04-23 12:28:33.910000,1.0787,1.07866,260000,1500000
2020-04-23 12:28:34.363000,1.0787,1.07865,1390000,3750000
2020-04-23 12:28:34.566000,1.0787,1.07867,3070000,750000
2020-04-23 12:28:34.667000,1.07869,1.07866,750000,3820000
2020-04-23 12:28:35.166000,1.07869,1.07867,750000,3000000
2020-04-23 12:28:35.531000,1.07869,1.07866,750000,1570000
2020-04-23 12:28:35.632000,1.07866,1.07865,560000,3750000
2020-04-23 12:28:35.683000,1.07865,1.07862,1460000,4500000
2020-04-23 12:28:35.785000,1.07865,1.0786,4840000,8440000
2020-04-23 12:28:35.886000,1.07864,1.0786,450000,940000
2020-04-23 12:28:36.190000,1.07863,1.0786,100000,750000
2020-04-23 12:28:36.291000,1.07863,1.07858,1390000,5510000
2020-04-23 12:28:36.443000,1.07862,1.07859,100000,190000
2020-04-23 12:28:36.595000,1.07863,1.07859,1270000,190000
2020-04-23 12:28:36.798000,1.07863,1.0786,100000,1690000
2020-04-23 12:28:36.899000,1.07864,1.0786,1950000,100000
2020-04-23 12:28:37,1.07864,1.07861,1200000,3000000
2020-04-23 12:28:37.102000,1.07864,1.0786,1200000,100000
2020-04-23 12:28:37.203000,1.07864,1.07861,4650000,750000
2020-04-23 12:28:37.306000,1.07863,1.07861,450000,750000
2020-04-23 12:28:37.421000,1.07863,1.0786,450000,3750000
2020-04-23 12:28:37.673000,1.07863,1.07859,450000,4570000
2020-04-23 12:28:37.934000,1.07862,1.07859,100000,3750000
2020-04-23 12:28:38.137000,1.07862,1.07858,520000,4500000
2020-04-23 12:28:38.686000,1.07862,1.07857,1270000,4690000
2020-04-23 12:28:39.208000,1.07862,1.07858,1200000,750000
2020-04-23 12:28:39.432000,1.07861,1.07857,100000,4500000
2020-04-23 12:28:39.801000,1.07861,1.07856,2590000,1500000
2020-04-23 12:28:39.902000,1.0786,1.07856,450000,1500000
2020-04-23 12:28:40.004000,1.07859,1.07855,100000,3750000
2020-04-23 12:28:40.331000,1.07858,1.07854,100000,4500000
2020-04-23 12:28:41.213000,1.07858,1.07855,100000,2250000
2020-04-23 12:28:41.264000,1.0786,1.07857,4870000,750000
2020-04-23 12:28:41.366000,1.07861,1.07857,3450000,1500000
2020-04-23 12:28:41.468000,1.07861,1.07858,3450000,750000
2020-04-23 12:28:41.721000,1.07862,1.07858,640000,940000
2020-04-23 12:28:41.923000,1.07862,1.07859,260000,750000
2020-04-23 12:28:42.752000,1.07862,1.0786,190000,3000000
2020-04-23 12:28:43.063000,1.07862,1.07858,190000,190000
2020-04-23 12:28:43.165000,1.07862,1.07859,340000,3000000
2020-04-23 12:28:43.267000,1.07861,1.07858,100000,190000
2020-04-23 12:28:43.469000,1.07862,1.0786,640000,3000000
2020-04-23 12:28:44.540000,1.07863,1.0786,450000,3750000
2020-04-23 12:28:44.641000,1.07863,1.07861,450000,3750000
2020-04-23 12:28:44.742000,1.07864,1.07861,450000,3750000
2020-04-23 12:28:44.844000,1.07864,1.07862,450000,750000
2020-04-23 12:28:44.945000,1.07867,1.07862,1200000,1870000
2020-04-23 12:28:45.148000,1.07867,1.07863,450000,750000
2020-04-23 12:28:45.299000,1.07868,1.07863,520000,750000
2020-04-23 12:28:45.401000,1.07868,1.07864,100000,750000
2020-04-23 12:28:45.502000,1.07869,1.07866,640000,3000000
2020-04-23 12:28:45.957000,1.0787,1.07866,640000,750000
2020-04-23 12:28:46.059000,1.0787,1.07867,450000,3000000
2020-04-23 12:28:46.362000,1.07869,1.07865,750000,1500000
2020-04-23 12:28:46.717000,1.07868,1.07865,100000,1500000
2020-04-23 12:28:47.249000,1.07869,1.07865,1010000,750000
2020-04-23 12:28:47.754000,1.07869,1.07867,100000,1500000
2020-04-23 12:28:47.856000,1.07871,1.07868,100000,750000
2020-04-23 12:28:48.058000,1.07871,1.07869,100000,750000
2020-04-23 12:28:48.159000,1.07872,1.07868,450000,1690000
2020-04-23 12:28:48.261000,1.07873,1.07868,3900000,1690000
2020-04-23 12:28:48.362000,1.07873,1.0787,450000,2250000
2020-04-23 12:28:48.464000,1.07875,1.07874,750000,750000
2020-04-23 12:28:48.565000,1.07878,1.07875,1010000,3000000
2020-04-23 12:28:50.680000,1.07877,1.07875,190000,3000000
2020-04-23 12:28:54.663000,1.07877,1.07873,3710000,3750000
2020-04-23 12:28:54.765000,1.07876,1.07873,260000,3000000
2020-04-23 12:28:54.866000,1.07876,1.07872,1010000,750000
2020-04-23 12:28:55.018000,1.07876,1.07873,1010000,3000000
2020-04-23 12:28:55.221000,1.07875,1.07873,100000,3000000
2020-04-23 12:28:55.539000,1.07875,1.07872,450000,750000
2020-04-23 12:28:55.881000,1.07874,1.07872,150000,750000
2020-04-23 12:28:55.932000,1.07874,1.0787,520000,750000
2020-04-23 12:28:56.033000,1.07873,1.0787,100000,3000000
2020-04-23 12:28:56.617000,1.07873,1.07869,100000,750000
2020-04-23 12:28:56.971000,1.07873,1.07868,100000,820000
2020-04-23 12:28:57.022000,1.07873,1.0787,450000,750000
2020-04-23 12:28:57.123000,1.07874,1.07871,820000,190000
2020-04-23 12:28:57.225000,1.07874,1.0787,100000,750000
2020-04-23 12:28:57.326000,1.07875,1.0787,1010000,750000
2020-04-23 12:28:57.427000,1.07874,1.07871,100000,750000
2020-04-23 12:28:57.528000,1.07874,1.07872,100000,3000000
2020-04-23 12:28:58.001000,1.07874,1.07871,100000,750000
2020-04-23 12:28:59.840000,1.07874,1.0787,100000,3750000
2020-04-23 12:29:00.038000,1.07875,1.0787,1010000,750000
2020-04-23 12:29:00.139000,1.07874,1.0787,100000,750000
2020-04-23 12:29:00.869000,1.07874,1.07869,1090000,750000
2020-04-23 12:29:01.196000,1.07874,1.0787,710000,750000
2020-04-23 12:29:01.356000,1.07873,1.0787,520000,3750000
2020-04-23 12:29:01.457000,1.07873,1.07869,520000,750000
2020-04-23 12:29:01.612000,1.07873,1.07868,150000,3750000
2020-04-23 12:29:01.787000,1.07872,1.07868,450000,3750000
2020-04-23 12:29:02.109000,1.07873,1.07868,520000,3750000
2020-04-23 12:29:02.461000,1.07873,1.0787,900000,3000000
2020-04-23 12:29:02.511000,1.07872,1.07868,150000,750000
2020-04-23 12:29:02.613000,1.07871,1.07868,100000,750000
2020-04-23 12:29:02.664000,1.0787,1.07866,370000,4120000
2020-04-23 12:29:02.816000,1.07869,1.07866,450000,3750000
2020-04-23 12:29:02.917000,1.07868,1.07866,150000,3000000
2020-04-23 12:29:03.069000,1.07868,1.07865,520000,3000000
2020-04-23 12:29:03.171000,1.07867,1.07864,100000,3750000
2020-04-23 12:29:03.272000,1.07869,1.07865,820000,940000
2020-04-23 12:29:03.373000,1.0787,1.07867,1010000,3000000
2020-04-23 12:29:03.728000,1.0787,1.07866,260000,750000
2020-04-23 12:29:05.179000,1.07871,1.07866,820000,940000
2020-04-23 12:29:05.648000,1.0787,1.07866,260000,750000
2020-04-23 12:29:06.158000,1.0787,1.07865,640000,1500000
2020-04-23 12:29:07.795000,1.0787,1.07866,640000,190000
2020-04-23 12:29:08.014000,1.0787,1.07865,100000,940000
2020-04-23 12:29:08.116000,1.0787,1.07867,100000,1500000
2020-04-23 12:29:08.218000,1.07874,1.07871,9370000,3940000
2020-04-23 12:29:08.319000,1.07876,1.07873,100000,750000
2020-04-23 12:29:08.421000,1.07877,1.07874,520000,3000000
2020-04-23 12:29:08.572000,1.07878,1.07874,3520000,3000000
2020-04-23 12:29:10.457000,1.07877,1.07874,520000,3000000
2020-04-23 12:29:10.508000,1.07877,1.07872,520000,4690000
2020-04-23 12:29:10.609000,1.07876,1.07872,100000,3940000
2020-04-23 12:29:10.773000,1.07877,1.07872,520000,3940000
2020-04-23 12:29:11.467000,1.07876,1.07872,100000,4010000
2020-04-23 12:29:11.604000,1.07877,1.07872,820000,1010000
2020-04-23 12:29:12.034000,1.07876,1.07872,450000,1010000
2020-04-23 12:29:12.136000,1.07875,1.07871,450000,3260000
2020-04-23 12:29:12.237000,1.07876,1.07871,820000,260000
2020-04-23 12:29:12.339000,1.07876,1.07872,820000,100000
2020-04-23 12:29:12.968000,1.07877,1.07872,450000,260000
2020-04-23 12:29:13.069000,1.07876,1.07872,370000,260000
2020-04-23 12:29:13.471000,1.07877,1.07872,450000,260000
2020-04-23 12:29:17.084000,1.07876,1.07873,100000,100000
2020-04-23 12:29:17.235000,1.07877,1.07873,520000,3750000
2020-04-23 12:29:17.539000,1.07878,1.07873,520000,3750000
2020-04-23 12:29:17.836000,1.07878,1.07876,100000,600000
2020-04-23 12:29:17.937000,1.07879,1.07874,820000,820000
2020-04-23 12:29:18.139000,1.07878,1.07874,100000,3820000
2020-04-23 12:29:18.241000,1.0788,1.07875,100000,100000
2020-04-23 12:29:19.254000,1.07879,1.07875,450000,3000000
2020-04-23 12:29:20.073000,1.0788,1.07875,450000,3000000
2020-04-23 12:29:20.606000,1.0788,1.07874,450000,4010000
2020-04-23 12:29:22.242000,1.0788,1.07875,450000,190000
2020-04-23 12:29:22.597000,1.07878,1.07874,100000,3000000
2020-04-23 12:29:22.699000,1.07878,1.07873,100000,750000
2020-04-23 12:29:22.852000,1.07877,1.07873,100000,940000
2020-04-23 12:29:22.953000,1.07877,1.07874,100000,190000
2020-04-23 12:29:23.005000,1.07878,1.07872,820000,750000
2020-04-23 12:29:23.106000,1.07877,1.07874,820000,3000000
2020-04-23 12:29:23.209000,1.07877,1.07872,820000,750000
2020-04-23 12:29:23.310000,1.07877,1.07871,3520000,1240000
2020-04-23 12:29:23.412000,1.07876,1.07874,100000,3000000
2020-04-23 12:29:23.513000,1.07877,1.07874,450000,3000000
2020-04-23 12:29:24.562000,1.07877,1.07872,450000,3190000
2020-04-23 12:29:25.125000,1.07876,1.07872,370000,3560000
2020-04-23 12:29:25.227000,1.07877,1.07873,450000,3000000
2020-04-23 12:29:25.328000,1.07878,1.07873,450000,3190000
2020-04-23 12:29:27.249000,1.07878,1.07874,3070000,3000000
2020-04-23 12:29:27.802000,1.07877,1.07874,100000,3000000
2020-04-23 12:29:27.904000,1.07876,1.07874,100000,3000000
2020-04-23 12:29:28.006000,1.07877,1.07874,100000,3000000
2020-04-23 12:29:28.309000,1.07878,1.07874,4010000,3000000
2020-04-23 12:29:28.561000,1.07877,1.07874,100000,3000000
2020-04-23 12:29:28.612000,1.07877,1.07872,100000,3190000
2020-04-23 12:29:28.863000,1.07877,1.07874,100000,3000000
2020-04-23 12:29:29.559000,1.07877,1.07872,450000,3190000
2020-04-23 12:29:29.820000,1.07877,1.07874,450000,3000000
2020-04-23 12:29:29.921000,1.07876,1.07873,100000,3000000
2020-04-23 12:29:29.972000,1.07876,1.07871,260000,3750000
2020-04-23 12:29:30.124000,1.07875,1.07871,100000,3000000
2020-04-23 12:29:30.225000,1.07876,1.07871,640000,3000000
2020-04-23 12:29:30.327000,1.07876,1.0787,640000,3190000
2020-04-23 12:29:30.688000,1.07875,1.0787,100000,3190000
2020-04-23 12:29:30.840000,1.07874,1.07869,100000,3190000
2020-04-23 12:29:30.942000,1.07875,1.07869,1010000,3190000
2020-04-23 12:29:31.102000,1.07874,1.07869,100000,3190000
2020-04-23 12:29:31.203000,1.07874,1.0787,260000,190000
2020-04-23 12:29:31.800000,1.07875,1.07871,450000,190000
2020-04-23 12:29:31.902000,1.07878,1.07873,11250000,190000
2020-04-23 12:29:31.953000,1.07876,1.07873,3000000,190000
2020-04-23 12:29:32.277000,1.07876,1.07874,3000000,750000
2020-04-23 12:29:32.328000,1.07878,1.07874,820000,750000
2020-04-23 12:29:32.807000,1.07878,1.07873,750000,3940000
2020-04-23 12:29:33.890000,1.07876,1.07873,3000000,750000
2020-04-23 12:29:34.359000,1.07878,1.07873,260000,750000
2020-04-23 12:29:34.538000,1.07878,1.07872,260000,3940000
2020-04-23 12:29:34.726000,1.07878,1.07873,260000,750000
2020-04-23 12:29:34.918000,1.07877,1.07873,3000000,3750000
2020-04-23 12:29:35.070000,1.07878,1.07874,3000000,3000000
2020-04-23 12:29:37.197000,1.07879,1.07878,100000,750000
2020-04-23 12:29:37.248000,1.07881,1.07878,370000,940000
2020-04-23 12:29:37.299000,1.07883,1.07878,7570000,1690000
2020-04-23 12:29:37.401000,1.07884,1.07879,820000,190000
2020-04-23 12:29:37.694000,1.07883,1.07878,190000,1500000
2020-04-23 12:29:37.745000,1.07883,1.07877,190000,1010000
2020-04-23 12:29:37.796000,1.07881,1.07877,3000000,3940000
2020-04-23 12:29:38.271000,1.07882,1.07877,640000,4120000
2020-04-23 12:29:38.373000,1.07882,1.07878,450000,750000
2020-04-23 12:29:38.626000,1.07883,1.07878,640000,3750000
2020-04-23 12:29:38.813000,1.07884,1.07879,3260000,2700000
2020-04-23 12:29:38.965000,1.07885,1.07881,190000,750000
2020-04-23 12:29:39.066000,1.07886,1.07882,190000,1500000
2020-04-23 12:29:40.059000,1.07887,1.07882,190000,3750000
2020-04-23 12:29:42.772000,1.07887,1.07883,190000,3000000
2020-04-23 12:29:44.542000,1.07887,1.07882,190000,4500000
2020-04-23 12:29:44.848000,1.07887,1.07883,190000,750000
2020-04-23 12:29:45.722000,1.07888,1.07883,640000,750000
2020-04-23 12:29:45.875000,1.07888,1.07882,640000,8060000
2020-04-23 12:29:45.978000,1.07889,1.07886,450000,4500000
2020-04-23 12:29:46.029000,1.07891,1.07887,7500000,1690000
2020-04-23 12:29:46.131000,1.07891,1.07888,7500000,750000
2020-04-23 12:29:46.182000,1.07893,1.07888,450000,750000
2020-04-23 12:29:46.334000,1.07894,1.07888,820000,3750000
2020-04-23 12:29:46.436000,1.07891,1.07886,1200000,4350000
2020-04-23 12:29:46.537000,1.0789,1.07883,820000,12070000
2020-04-23 12:29:46.639000,1.07889,1.07883,450000,3000000
2020-04-23 12:29:46.923000,1.07888,1.07884,3000000,3000000
2020-04-23 12:29:47.125000,1.07888,1.07883,450000,3070000
2020-04-23 12:29:48.071000,1.07889,1.07883,100000,3000000
2020-04-23 12:29:48.123000,1.0789,1.07886,3000000,1500000
2020-04-23 12:29:48.224000,1.07891,1.07888,3000000,370000
2020-04-23 12:29:48.326000,1.07891,1.07887,3000000,3750000
2020-04-23 12:29:49.356000,1.07894,1.07887,820000,3750000
2020-04-23 12:29:49.623000,1.07895,1.0789,4500000,750000
2020-04-23 12:29:49.725000,1.07897,1.07892,750000,3000000
2020-04-23 12:29:49.827000,1.07898,1.07891,8250000,7870000
2020-04-23 12:29:49.928000,1.07898,1.07894,3750000,3000000
2020-04-23 12:29:50.030000,1.07897,1.07893,3000000,3000000
2020-04-23 12:29:50.132000,1.07897,1.0789,1500000,750000
2020-04-23 12:29:50.234000,1.07897,1.07889,1350000,5250000
2020-04-23 12:29:50.285000,1.07895,1.0789,3000000,3000000
2020-04-23 12:29:50.387000,1.07896,1.07888,1500000,750000
2020-04-23 12:29:50.490000,1.07895,1.07886,750000,18000000
2020-04-23 12:29:50.591000,1.07891,1.07886,750000,16500000
2020-04-23 12:29:50.693000,1.07887,1.07885,750000,6000000
2020-04-23 12:29:50.795000,1.07885,1.07881,1200000,7500000
2020-04-23 12:29:50.847000,1.0788,1.07876,750000,1800000
2020-04-23 12:29:50.898000,1.07878,1.07876,370000,1800000
2020-04-23 12:29:51,1.07874,1.07871,750000,7500000
2020-04-23 12:29:51.051000,1.07873,1.07867,750000,1870000
2020-04-23 12:29:51.102000,1.07873,1.07865,1120000,7500000
2020-04-23 12:29:51.154000,1.07869,1.07865,750000,7500000
2020-04-23 12:29:51.256000,1.07867,1.07864,750000,100000
2020-04-23 12:29:51.308000,1.07868,1.07861,2250000,1800000
2020-04-23 12:29:51.461000,1.07869,1.07861,750000,1050000
2020-04-23 12:29:51.563000,1.07868,1.07861,100000,300000
2020-04-23 12:29:51.664000,1.07869,1.07861,450000,300000
2020-04-23 12:29:51.817000,1.07871,1.07861,11310000,300000
2020-04-23 12:29:51.920000,1.07867,1.07859,370000,7500000
2020-04-23 12:29:52.022000,1.07868,1.07858,10550000,1500000
2020-04-23 12:29:52.126000,1.07867,1.07858,3000000,1500000
2020-04-23 12:29:52.228000,1.07867,1.07857,3060000,2250000
2020-04-23 12:29:52.330000,1.07865,1.0786,3000000,3750000
2020-04-23 12:29:52.432000,1.07865,1.07863,3000000,3000000
2020-04-23 12:29:52.534000,1.07866,1.07864,3000000,3000000
2020-04-23 12:29:52.691000,1.07865,1.07861,3000000,3300000
2020-04-23 12:29:53.610000,1.07865,1.0786,3000000,3000000
2020-04-23 12:29:55.110000,1.07865,1.07861,3000000,750000
2020-04-23 12:29:55.162000,1.07869,1.07861,7500000,1800000
2020-04-23 12:29:55.263000,1.07872,1.07861,3210000,9300000
2020-04-23 12:29:55.434000,1.07872,1.07863,3210000,450000
2020-04-23 12:29:55.536000,1.07868,1.07862,3000000,3000000
2020-04-23 12:29:55.692000,1.07871,1.07861,3060000,5250000
2020-04-23 12:29:56.007000,1.07871,1.07862,3060000,7500000
2020-04-23 12:29:56.614000,1.07871,1.07861,3060000,12750000
2020-04-23 12:29:56.823000,1.07871,1.07862,3000000,7640000
2020-04-23 12:29:57.093000,1.07871,1.07864,3000000,7500000
2020-04-23 12:29:57.449000,1.07872,1.07864,3000000,7500000
2020-04-23 12:29:57.601000,1.07871,1.07863,3000000,1340000
2020-04-23 12:29:57.753000,1.07871,1.07862,3000000,7640000
2020-04-23 12:29:57.856000,1.07871,1.07861,3000000,4190000
2020-04-23 12:29:57.958000,1.07866,1.07861,750000,3440000
2020-04-23 12:29:58.061000,1.07867,1.0786,3750000,7640000
2020-04-23 12:29:58.162000,1.07865,1.0786,1690000,140000
2020-04-23 12:29:58.263000,1.07864,1.07857,2440000,7500000
2020-04-23 12:29:58.314000,1.0786,1.07856,940000,600000
2020-04-23 12:29:58.365000,1.07862,1.07856,7500000,600000
2020-04-23 12:29:58.466000,1.07862,1.07854,7500000,2250000
2020-04-23 12:29:58.719000,1.07861,1.07854,750000,2250000
2020-04-23 12:29:58.870000,1.07859,1.07854,750000,7500000
2020-04-23 12:29:59.073000,1.07859,1.07852,750000,750000
2020-04-23 12:29:59.174000,1.07857,1.07852,750000,1200000
2020-04-23 12:29:59.805000,1.07857,1.07851,750000,750000
2020-04-23 12:30:00.106000,1.07857,1.0785,750000,1500000
2020-04-23 12:30:00.258000,1.07858,1.07852,750000,750000
2020-04-23 12:30:00.411000,1.07858,1.07853,750000,1200000
2020-04-23 12:30:00.859000,1.07858,1.07852,750000,2700000
2020-04-23 12:30:00.961000,1.07858,1.07853,750000,750000
2020-04-23 12:30:01.062000,1.07858,1.07854,1500000,100000
2020-04-23 12:30:01.113000,1.07858,1.07851,1500000,11170000
2020-04-23 12:30:01.164000,1.07847,1.07846,750000,3000000
2020-04-23 12:30:01.215000,1.07845,1.07843,750000,750000
2020-04-23 12:30:01.266000,1.07834,1.0783,1500000,750000
2020-04-23 12:30:01.317000,1.07838,1.07836,2250000,940000
2020-04-23 12:30:01.368000,1.07838,1.07835,3000000,750000
2020-04-23 12:30:01.469000,1.07837,1.07835,750000,750000
2020-04-23 12:30:01.571000,1.07838,1.07834,750000,750000
2020-04-23 12:30:01.622000,1.07841,1.07836,7500000,300000
2020-04-23 12:30:01.824000,1.07844,1.07837,750000,7500000
2020-04-23 12:30:02.128000,1.07845,1.07837,750000,10500000
2020-04-23 12:30:02.250000,1.07848,1.07846,7500000,750000
2020-04-23 12:30:02.301000,1.07851,1.07846,5250000,750000
2020-04-23 12:30:02.352000,1.07856,1.07853,7500000,750000
2020-04-23 12:30:02.454000,1.07861,1.07856,750000,300000
2020-04-23 12:30:02.556000,1.0786,1.07852,750000,8250000
2020-04-23 12:30:02.658000,1.07857,1.07851,4500000,3750000
2020-04-23 12:30:02.759000,1.07855,1.07849,750000,7500000
2020-04-23 12:30:02.911000,1.07855,1.07848,750000,3190000
2020-04-23 12:30:03.176000,1.07855,1.07847,3750000,8250000
2020-04-23 12:30:03.277000,1.07855,1.07849,3750000,3000000
2020-04-23 12:30:03.378000,1.07854,1.07847,750000,10500000
2020-04-23 12:30:05.300000,1.07854,1.07844,750000,8440000
2020-04-23 12:30:05.502000,1.07854,1.07848,750000,750000
2020-04-23 12:30:05.604000,1.0786,1.07858,750000,190000
2020-04-23 12:30:05.655000,1.07863,1.07861,450000,1500000
2020-04-23 12:30:05.706000,1.07867,1.07864,750000,750000
2020-04-23 12:30:05.757000,1.07871,1.07861,2440000,4690000
2020-04-23 12:30:05.858000,1.07872,1.07865,7500000,1120000
2020-04-23 12:30:05.960000,1.0787,1.07864,750000,7500000
2020-04-23 12:30:06.063000,1.07867,1.07864,1500000,7500000
2020-04-23 12:30:06.164000,1.07867,1.07859,1500000,190000
2020-04-23 12:30:06.474000,1.07866,1.07859,750000,190000
2020-04-23 12:30:06.525000,1.07865,1.07857,750000,9000000
2020-04-23 12:30:07.601000,1.07866,1.07858,750000,190000
2020-04-23 12:30:07.753000,1.07866,1.07859,750000,7500000
2020-04-23 12:30:07.804000,1.07867,1.07861,1500000,750000
2020-04-23 12:30:07.957000,1.07866,1.07861,940000,750000
2020-04-23 12:30:08.059000,1.07866,1.07859,940000,750000
2020-04-23 12:30:08.319000,1.07866,1.07858,1500000,8440000
2020-04-23 12:30:08.421000,1.07868,1.07863,750000,100000
2020-04-23 12:30:08.624000,1.0787,1.07863,3750000,190000
2020-04-23 12:30:08.733000,1.07872,1.07869,7500000,190000
2020-04-23 12:30:08.834000,1.07875,1.07868,750000,1010000
2020-04-23 12:30:08.885000,1.07873,1.07868,750000,820000
2020-04-23 12:30:08.986000,1.07873,1.07869,3750000,100000
2020-04-23 12:30:09.037000,1.07873,1.07866,3750000,6040000
2020-04-23 12:30:09.139000,1.07872,1.07866,940000,4350000
2020-04-23 12:30:09.602000,1.07872,1.07867,3000000,750000
2020-04-23 12:30:10.058000,1.07872,1.07866,3000000,3790000
2020-04-23 12:30:10.362000,1.07873,1.07866,750000,1540000
2020-04-23 12:30:10.589000,1.07872,1.07866,750000,1540000
2020-04-23 12:30:10.704000,1.07873,1.07866,750000,1540000
2020-04-23 12:30:10.898000,1.07873,1.07867,750000,3000000
2020-04-23 12:30:11.279000,1.07873,1.07868,750000,450000
2020-04-23 12:30:11.381000,1.07873,1.07867,1500000,3000000
2020-04-23 12:30:11.741000,1.07872,1.07867,750000,3000000
2020-04-23 12:30:11.864000,1.07873,1.07867,1500000,3000000
2020-04-23 12:30:11.966000,1.07872,1.07867,750000,3000000
2020-04-23 12:30:12.412000,1.07873,1.07867,1500000,3000000
2020-04-23 12:30:12.767000,1.07873,1.07869,750000,450000
2020-04-23 12:30:13.132000,1.07873,1.07867,750000,4310000
2020-04-23 12:30:13.540000,1.07873,1.07868,1500000,940000
2020-04-23 12:30:13.642000,1.07875,1.07872,750000,3000000
2020-04-23 12:30:13.745000,1.07876,1.07872,1500000,3000000
2020-04-23 12:30:13.796000,1.07876,1.0787,750000,1690000
2020-04-23 12:30:14.153000,1.07875,1.0787,750000,1690000
2020-04-23 12:30:14.264000,1.07876,1.0787,750000,4690000
2020-04-23 12:30:15.142000,1.07876,1.07874,750000,3000000
2020-04-23 12:30:15.193000,1.07876,1.07871,750000,940000
2020-04-23 12:30:15.294000,1.07877,1.07871,750000,940000
2020-04-23 12:30:15.345000,1.07878,1.07874,4500000,3000000
2020-04-23 12:30:15.801000,1.07877,1.07874,750000,3000000
2020-04-23 12:30:16.156000,1.07877,1.07871,1500000,3940000
2020-04-23 12:30:16.914000,1.07877,1.07873,750000,750000
2020-04-23 12:30:17.015000,1.07877,1.07874,750000,3000000
2020-04-23 12:30:17.117000,1.07876,1.07873,750000,750000
2020-04-23 12:30:17.218000,1.07877,1.07873,750000,750000
2020-04-23 12:30:17.555000,1.07877,1.07872,750000,2440000
2020-04-23 12:30:17.977000,1.07877,1.07874,750000,3000000
2020-04-23 12:30:18.341000,1.07876,1.07874,750000,3000000
2020-04-23 12:30:18.392000,1.07876,1.07872,750000,3000000
2020-04-23 12:30:18.872000,1.07877,1.07872,750000,3000000
2020-04-23 12:30:19.194000,1.07878,1.07872,1500000,3000000
2020-04-23 12:30:21.601000,1.07878,1.07873,750000,100000
2020-04-23 12:30:21.652000,1.0788,1.07877,370000,3820000
2020-04-23 12:30:21.754000,1.07881,1.0788,7500000,3000000
2020-04-23 12:30:21.804000,1.07884,1.0788,3750000,3000000
2020-04-23 12:30:22.451000,1.07884,1.07879,1500000,5700000
2020-04-23 12:30:23.513000,1.07882,1.07879,750000,4200000
2020-04-23 12:30:23.660000,1.07882,1.0788,750000,100000
2020-04-23 12:30:24.436000,1.07882,1.07879,750000,3450000
2020-04-23 12:30:24.929000,1.07881,1.07879,750000,3450000
2020-04-23 12:30:24.980000,1.0788,1.07877,750000,2620000
2020-04-23 12:30:25.081000,1.07879,1.07877,750000,2250000
2020-04-23 12:30:25.132000,1.07879,1.07875,750000,11250000
2020-04-23 12:30:25.234000,1.07878,1.07875,750000,2250000
2020-04-23 12:30:25.537000,1.07878,1.07874,750000,5140000
2020-04-23 12:30:25.588000,1.07874,1.07873,750000,1200000
2020-04-23 12:30:25.690000,1.07873,1.07871,750000,1200000
2020-04-23 12:30:25.741000,1.07871,1.0787,750000,450000
2020-04-23 12:30:25.792000,1.07873,1.07868,1500000,100000
2020-04-23 12:30:25.903000,1.07873,1.07867,1500000,3450000
2020-04-23 12:30:26.674000,1.07871,1.07868,750000,450000
2020-04-23 12:30:26.776000,1.07871,1.07867,750000,6640000
2020-04-23 12:30:27.639000,1.07873,1.07868,2440000,370000
2020-04-23 12:30:27.741000,1.07873,1.07867,940000,3640000
2020-04-23 12:30:27.945000,1.07872,1.07868,750000,750000
2020-04-23 12:30:28.047000,1.07872,1.07869,750000,1200000
2020-04-23 12:30:28.249000,1.07871,1.07868,750000,450000
2020-04-23 12:30:28.351000,1.07871,1.07866,750000,640000
2020-04-23 12:30:28.452000,1.07872,1.07866,750000,3260000
2020-04-23 12:30:28.503000,1.07871,1.07868,750000,450000
2020-04-23 12:30:28.857000,1.07872,1.07868,750000,450000
2020-04-23 12:30:29.323000,1.07872,1.07869,750000,100000
2020-04-23 12:30:29.425000,1.07874,1.07871,750000,190000
2020-04-23 12:30:29.526000,1.07874,1.07872,750000,450000
2020-04-23 12:30:29.628000,1.07874,1.07871,750000,1200000
2020-04-23 12:30:29.830000,1.07874,1.0787,750000,4390000
2020-04-23 12:30:29.932000,1.07873,1.0787,750000,450000
2020-04-23 12:30:30.033000,1.07872,1.07869,750000,1200000
2020-04-23 12:30:30.135000,1.07873,1.07869,750000,820000
2020-04-23 12:30:30.237000,1.07872,1.07869,750000,820000
2020-04-23 12:30:31.416000,1.07872,1.0787,750000,190000
2020-04-23 12:30:34.569000,1.07874,1.07872,750000,3000000
2020-04-23 12:30:34.672000,1.07876,1.07872,4500000,3000000
2020-04-23 12:30:34.775000,1.07876,1.07873,750000,100000
2020-04-23 12:30:35.525000,1.07876,1.07874,750000,100000
2020-04-23 12:30:35.677000,1.07877,1.07874,750000,100000
2020-04-23 12:30:35.779000,1.07877,1.07873,750000,5320000
2020-04-23 12:30:36.105000,1.07877,1.07874,750000,100000
2020-04-23 12:30:37.593000,1.07877,1.07875,750000,100000
2020-04-23 12:30:37.695000,1.07878,1.07876,750000,3000000
2020-04-23 12:30:38.402000,1.0788,1.07878,3000000,3000000
2020-04-23 12:30:38.504000,1.07881,1.07879,750000,3070000
2020-04-23 12:30:39.264000,1.07881,1.0788,750000,3070000
2020-04-23 12:30:39.618000,1.07881,1.07879,750000,1570000
2020-04-23 12:30:40.004000,1.07879,1.07878,820000,1570000
2020-04-23 12:30:40.055000,1.07877,1.07876,820000,450000
2020-04-23 12:30:40.156000,1.07877,1.07874,820000,450000
2020-04-23 12:30:40.359000,1.07874,1.07872,820000,1200000
2020-04-23 12:30:40.461000,1.07874,1.07871,820000,750000
2020-04-23 12:30:40.562000,1.07874,1.0787,820000,100000
2020-04-23 12:30:40.875000,1.07874,1.07869,820000,4200000
2020-04-23 12:30:41.113000,1.07873,1.07869,100000,4200000
2020-04-23 12:30:41.215000,1.07874,1.07869,820000,4200000
2020-04-23 12:30:43.442000,1.07874,1.0787,820000,100000
2020-04-23 12:30:43.544000,1.07876,1.07871,4500000,1390000
2020-04-23 12:30:43.595000,1.07875,1.07874,750000,190000
2020-04-23 12:30:43.696000,1.07876,1.07873,750000,4200000
2020-04-23 12:30:43.848000,1.07876,1.07872,820000,3820000
2020-04-23 12:30:43.950000,1.07876,1.07873,750000,100000
2020-04-23 12:30:44.646000,1.07876,1.07872,750000,3190000
2020-04-23 12:30:45.370000,1.07874,1.07871,750000,9190000
2020-04-23 12:30:45.472000,1.07876,1.07873,750000,1950000
2020-04-23 12:30:45.624000,1.07876,1.07874,750000,100000
2020-04-23 12:30:45.827000,1.07876,1.07875,750000,3000000
2020-04-23 12:30:45.928000,1.07878,1.07875,1760000,3000000
2020-04-23 12:30:46.621000,1.07877,1.07875,750000,3000000
2020-04-23 12:30:46.787000,1.07878,1.07875,1760000,3000000
2020-04-23 12:30:47.613000,1.07875,1.07873,6750000,4950000
2020-04-23 12:30:48.162000,1.07875,1.07873,6750000,3750000
2020-04-23 12:30:49.144000,1.07875,1.07872,750000,6070000
2020-04-23 12:30:49.421000,1.07877,1.07873,190000,3750000
2020-04-23 12:30:49.523000,1.07873,1.07871,3000000,3820000
2020-04-23 12:30:49.574000,1.07874,1.07871,940000,3450000
2020-04-23 12:30:49.625000,1.07871,1.07869,1500000,1200000
2020-04-23 12:30:49.726000,1.07871,1.07868,1500000,2700000
2020-04-23 12:30:50.029000,1.07871,1.07869,1500000,3000000
2020-04-23 12:30:50.437000,1.07871,1.07869,750000,3000000
2020-04-23 12:30:50.539000,1.07871,1.07868,750000,4200000
2020-04-23 12:30:50.946000,1.07869,1.07868,750000,450000
2020-04-23 12:30:50.997000,1.07867,1.07866,1500000,1120000
2020-04-23 12:30:51.150000,1.07867,1.07863,1500000,1950000
2020-04-23 12:30:51.302000,1.07867,1.07865,2250000,3000000
2020-04-23 12:30:54.281000,1.07867,1.07864,1500000,750000
2020-04-23 12:30:54.383000,1.07869,1.07868,750000,3000000
2020-04-23 12:30:54.586000,1.07869,1.07868,750000,3000000
2020-04-23 12:30:56.943000,1.07869,1.07867,750000,3000000
2020-04-23 12:30:57.044000,1.07868,1.07867,750000,3000000
2020-04-23 12:30:57.514000,1.07868,1.07865,750000,820000
2020-04-23 12:30:58.609000,1.07869,1.07865,1690000,750000
2020-04-23 12:30:58.811000,1.07869,1.07866,1500000,3000000
2020-04-23 12:30:58.913000,1.0787,1.07867,4500000,750000
2020-04-23 12:30:59.014000,1.07869,1.07868,750000,3000000
2020-04-23 12:30:59.166000,1.0787,1.07869,750000,3000000
2020-04-23 12:30:59.419000,1.0787,1.07868,820000,3000000
2020-04-23 12:30:59.470000,1.07867,1.07866,3000000,3070000
2020-04-23 12:30:59.572000,1.07866,1.07863,820000,8320000
2020-04-23 12:30:59.673000,1.07865,1.07861,750000,5740000
2020-04-23 12:30:59.876000,1.07865,1.07862,750000,750000
2020-04-23 12:31:00.093000,1.07864,1.07861,750000,6750000
2020-04-23 12:31:02.144000,1.07864,1.0786,1500000,1200000
2020-04-23 12:31:02.245000,1.07863,1.0786,750000,3000000
2020-04-23 12:31:02.606000,1.07864,1.0786,4570000,3000000
2020-04-23 12:31:02.708000,1.07863,1.07859,750000,750000
2020-04-23 12:31:03.635000,1.07862,1.07859,750000,3750000
2020-04-23 12:31:04.146000,1.07862,1.0786,750000,750000
2020-04-23 12:31:04.247000,1.07862,1.07859,750000,3750000
2020-04-23 12:31:05.026000,1.07861,1.07858,820000,750000
2020-04-23 12:31:05.077000,1.07858,1.07857,100000,750000
2020-04-23 12:31:05.179000,1.07856,1.07855,2250000,8700000
2020-04-23 12:31:05.230000,1.07856,1.07853,2250000,940000
2020-04-23 12:31:05.382000,1.07856,1.07852,2250000,1760000
2020-04-23 12:31:07.220000,1.07857,1.07852,750000,2140000
2020-04-23 12:31:07.484000,1.07857,1.07853,750000,750000
2020-04-23 12:31:08.757000,1.07857,1.07855,820000,3000000
2020-04-23 12:31:08.860000,1.07856,1.07854,750000,750000
2020-04-23 12:31:08.962000,1.07856,1.07853,750000,750000
2020-04-23 12:31:09.327000,1.07856,1.07852,750000,3940000
2020-04-23 12:31:09.530000,1.07856,1.07853,750000,3000000
2020-04-23 12:31:09.733000,1.07853,1.07851,750000,3370000
2020-04-23 12:31:09.834000,1.07853,1.0785,750000,1200000
2020-04-23 12:31:09.936000,1.07853,1.07849,750000,1010000
2020-04-23 12:31:10.037000,1.07853,1.07848,820000,7840000
2020-04-23 12:31:11.104000,1.07853,1.0785,1570000,190000
2020-04-23 12:31:11.205000,1.07852,1.0785,750000,190000
2020-04-23 12:31:11.514000,1.07852,1.07849,750000,190000
2020-04-23 12:31:11.565000,1.07854,1.07849,5620000,560000
2020-04-23 12:31:11.667000,1.07853,1.07849,3000000,3190000
2020-04-23 12:31:11.869000,1.07854,1.07849,750000,1690000
2020-04-23 12:31:11.971000,1.07854,1.07851,750000,3000000
2020-04-23 12:31:12.577000,1.07853,1.07849,3000000,3190000
2020-04-23 12:31:12.881000,1.07853,1.0785,3000000,190000
2020-04-23 12:31:13.184000,1.07853,1.07849,3000000,3000000
2020-04-23 12:31:13.684000,1.07853,1.0785,3000000,190000
2020-04-23 12:31:13.882000,1.07853,1.07849,3000000,3750000
2020-04-23 12:31:14.102000,1.07853,1.07851,3000000,190000
2020-04-23 12:31:14.915000,1.07853,1.07849,3000000,3000000
2020-04-23 12:31:15.563000,1.07852,1.0785,750000,190000
2020-04-23 12:31:15.665000,1.07852,1.07849,750000,190000
2020-04-23 12:31:16.098000,1.07852,1.0785,3750000,190000
2020-04-23 12:31:17.474000,1.07851,1.07848,750000,3190000
2020-04-23 12:31:17.575000,1.07851,1.07849,750000,190000
2020-04-23 12:31:17.677000,1.07852,1.07849,3000000,190000
2020-04-23 12:31:18.419000,1.07852,1.0785,3000000,190000
2020-04-23 12:31:19.284000,1.07848,1.07847,820000,750000
2020-04-23 12:31:19.335000,1.07846,1.07845,750000,9000000
2020-04-23 12:31:19.436000,1.07843,1.07841,750000,1500000
2020-04-23 12:31:19.538000,1.07843,1.07838,1500000,1690000
2020-04-23 12:31:19.740000,1.07842,1.07838,750000,940000
2020-04-23 12:31:19.842000,1.07841,1.07837,820000,190000
2020-04-23 12:31:20.276000,1.07841,1.07838,3750000,190000
2020-04-23 12:31:20.378000,1.07841,1.0784,3000000,190000
2020-04-23 12:31:20.479000,1.07843,1.07839,4500000,3190000
2020-04-23 12:31:22.435000,1.07843,1.0784,3750000,940000
2020-04-23 12:31:22.486000,1.07844,1.07843,750000,750000
2020-04-23 12:31:22.588000,1.07845,1.07843,750000,4120000
2020-04-23 12:31:22.639000,1.07847,1.07843,3820000,4120000
2020-04-23 12:31:23.098000,1.07847,1.07844,3820000,190000
2020-04-23 12:31:25.375000,1.07846,1.07843,100000,3940000
2020-04-23 12:31:25.476000,1.07846,1.07842,3000000,3940000
2020-04-23 12:31:25.729000,1.07845,1.07841,3520000,3000000
2020-04-23 12:31:25.831000,1.07844,1.0784,3000000,3940000
2020-04-23 12:31:25.932000,1.07843,1.07839,3000000,4690000
2020-04-23 12:31:27.748000,1.07844,1.0784,1200000,190000
2020-04-23 12:31:27.850000,1.07845,1.07841,750000,190000
2020-04-23 12:31:27.952000,1.07844,1.07841,750000,3000000
2020-04-23 12:31:28.627000,1.07844,1.0784,3750000,3940000
2020-04-23 12:31:28.881000,1.07844,1.07841,3000000,190000
2020-04-23 12:31:28.983000,1.07845,1.07843,3000000,190000
2020-04-23 12:31:29.085000,1.07848,1.07843,3820000,3940000
2020-04-23 12:31:29.465000,1.07849,1.07846,3820000,190000
2020-04-23 12:31:29.566000,1.07847,1.07844,100000,4200000
2020-04-23 12:31:29.870000,1.07847,1.07842,1570000,4760000
2020-04-23 12:31:29.971000,1.07846,1.07842,3070000,3190000
2020-04-23 12:31:35.228000,1.07845,1.07841,100000,1500000
2020-04-23 12:31:35.331000,1.07845,1.0784,1570000,3190000
2020-04-23 12:31:35.382000,1.07843,1.0784,3000000,190000
2020-04-23 12:31:35.484000,1.07843,1.07839,4120000,750000
2020-04-23 12:31:35.585000,1.07842,1.07838,3000000,3190000
2020-04-23 12:31:35.687000,1.07843,1.07838,4120000,190000
2020-04-23 12:31:35.789000,1.07841,1.07838,750000,190000
2020-04-23 12:31:35.992000,1.07841,1.07837,750000,3190000
2020-04-23 12:31:36.944000,1.07841,1.07838,750000,100000
2020-04-23 12:31:39.025000,1.07842,1.0784,3000000,1690000
2020-04-23 12:31:39.126000,1.07843,1.0784,3000000,1200000
2020-04-23 12:31:39.228000,1.07844,1.0784,3070000,820000
2020-04-23 12:31:39.338000,1.07843,1.0784,3000000,750000
2020-04-23 12:31:40.215000,1.07843,1.07839,3000000,4390000
2020-04-23 12:31:40.367000,1.07842,1.07839,100000,3260000
2020-04-23 12:31:41.448000,1.07844,1.0784,3070000,370000
2020-04-23 12:31:41.549000,1.07843,1.07839,3750000,4390000
2020-04-23 12:31:42.442000,1.07842,1.07839,100000,100000
2020-04-23 12:31:42.544000,1.0784,1.07839,750000,100000
2020-04-23 12:31:42.595000,1.07841,1.07836,1500000,1390000
2020-04-23 12:31:42.697000,1.07841,1.07837,4500000,3450000
2020-04-23 12:31:43.531000,1.07841,1.07838,3000000,100000
2020-04-23 12:31:44.600000,1.07842,1.07838,3000000,5400000
2020-04-23 12:31:44.702000,1.07842,1.07839,3000000,1200000
2020-04-23 12:31:44.803000,1.07843,1.07839,4500000,450000
2020-04-23 12:31:50.903000,1.07843,1.0784,3000000,100000
2020-04-23 12:31:51.792000,1.07844,1.0784,4570000,100000
2020-04-23 12:31:52.066000,1.07844,1.07841,4570000,450000
2020-04-23 12:31:52.197000,1.07843,1.0784,3000000,100000
2020-04-23 12:31:53.714000,1.07845,1.07843,3000000,1390000
2020-04-23 12:31:53.765000,1.07848,1.07845,370000,100000
2020-04-23 12:31:53.817000,1.07849,1.07847,750000,820000
2020-04-23 12:31:53.918000,1.0785,1.07848,1500000,190000
2020-04-23 12:31:54.889000,1.07851,1.07848,750000,4390000
2020-04-23 12:31:56.559000,1.07851,1.07849,750000,1200000
2020-04-23 12:31:56.661000,1.07853,1.0785,3000000,4010000
2020-04-23 12:31:56.712000,1.07855,1.07851,750000,4240000
2020-04-23 12:31:56.814000,1.07855,1.07852,750000,4200000
2020-04-23 12:31:56.915000,1.07855,1.07851,750000,4950000
2020-04-23 12:31:57.269000,1.07855,1.0785,820000,5510000
2020-04-23 12:31:57.371000,1.07855,1.07851,4570000,3070000
2020-04-23 12:31:57.421000,1.07853,1.07851,3000000,100000
2020-04-23 12:31:57.523000,1.07854,1.07849,3820000,640000
2020-04-23 12:31:57.675000,1.07852,1.07849,3000000,450000
2020-04-23 12:31:57.843000,1.07851,1.07849,750000,100000
2020-04-23 12:31:57.945000,1.0785,1.07848,3000000,100000
2020-04-23 12:31:58.249000,1.0785,1.07847,3000000,2140000
2020-04-23 12:31:58.451000,1.0785,1.07848,3000000,100000
2020-04-23 12:31:58.958000,1.07852,1.07848,4570000,3070000
2020-04-23 12:32:00.440000,1.07852,1.07849,3750000,190000
2020-04-23 12:32:00.542000,1.07853,1.07849,3750000,4010000
2020-04-23 12:32:02.302000,1.07853,1.0785,750000,100000
2020-04-23 12:32:03.573000,1.07853,1.07849,1500000,1390000
2020-04-23 12:32:03.999000,1.07853,1.0785,1500000,100000
2020-04-23 12:32:04.257000,1.07854,1.07851,3750000,190000
2020-04-23 12:32:04.359000,1.07855,1.07853,3750000,750000
2020-04-23 12:32:04.511000,1.07857,1.07853,3750000,1570000
2020-04-23 12:32:04.612000,1.07857,1.07854,750000,100000
2020-04-23 12:32:04.714000,1.07858,1.07855,3000000,2440000
2020-04-23 12:32:04.815000,1.07859,1.07857,750000,450000
2020-04-23 12:32:04.917000,1.0786,1.07858,3000000,3000000
2020-04-23 12:32:06.189000,1.0786,1.07859,3000000,750000
2020-04-23 12:32:06.290000,1.07861,1.07859,750000,1200000
2020-04-23 12:32:06.392000,1.07862,1.07859,750000,260000
2020-04-23 12:32:06.494000,1.07861,1.07859,750000,3640000
2020-04-23 12:32:07.113000,1.07863,1.07859,3750000,3640000
2020-04-23 12:32:07.736000,1.07864,1.07861,3750000,190000
2020-04-23 12:32:09.736000,1.07864,1.0786,3820000,190000
2020-04-23 12:32:09.837000,1.07863,1.0786,100000,190000
2020-04-23 12:32:09.938000,1.07862,1.07858,750000,4390000
2020-04-23 12:32:10.803000,1.07859,1.07858,3750000,1200000
2020-04-23 12:32:10.905000,1.07859,1.07856,750000,450000
2020-04-23 12:32:11.006000,1.07857,1.07855,3000000,190000
2020-04-23 12:32:11.108000,1.07856,1.07853,750000,3640000
2020-04-23 12:32:11.288000,1.07856,1.07852,3070000,3260000
2020-04-23 12:32:11.390000,1.07855,1.07852,820000,3190000
2020-04-23 12:32:12.293000,1.07855,1.0785,1570000,1010000
2020-04-23 12:32:13.605000,1.07854,1.0785,100000,190000
2020-04-23 12:32:13.707000,1.07852,1.0785,4500000,190000
2020-04-23 12:32:13.759000,1.07852,1.07848,4500000,3640000
2020-04-23 12:32:13.861000,1.07851,1.07848,750000,3640000
2020-04-23 12:32:13.962000,1.07852,1.07848,4500000,3640000
2020-04-23 12:32:14.482000,1.07851,1.07848,1570000,100000
2020-04-23 12:32:14.583000,1.07851,1.07847,2320000,260000
2020-04-23 12:32:14.837000,1.0785,1.07847,3000000,190000
2020-04-23 12:32:15.490000,1.0785,1.07846,5250000,3260000
2020-04-23 12:32:15.541000,1.07848,1.07846,3000000,260000
2020-04-23 12:32:15.643000,1.07849,1.07846,750000,190000
2020-04-23 12:32:15.745000,1.07848,1.07845,3000000,100000
2020-04-23 12:32:15.857000,1.07848,1.07844,3000000,4390000
2020-04-23 12:32:16.117000,1.07848,1.07845,3000000,100000
2020-04-23 12:32:16.219000,1.07848,1.07844,3000000,5510000
2020-04-23 12:32:16.321000,1.07848,1.07845,3000000,100000
2020-04-23 12:32:16.724000,1.07848,1.07844,3000000,5510000
2020-04-23 12:32:16.826000,1.07848,1.07845,3000000,100000
2020-04-23 12:32:16.977000,1.07848,1.07844,3000000,5510000
2020-04-23 12:32:17.079000,1.07848,1.07845,3000000,100000
2020-04-23 12:32:17.180000,1.07848,1.07844,3000000,5510000
2020-04-23 12:32:17.281000,1.07848,1.07845,3000000,100000
2020-04-23 12:32:17.383000,1.07848,1.07844,3000000,5510000
2020-04-23 12:32:17.485000,1.07848,1.07845,3000000,100000
2020-04-23 12:32:17.588000,1.07848,1.07844,3000000,5510000
2020-04-23 12:32:17.690000,1.07848,1.07845,3000000,100000
2020-04-23 12:32:17.792000,1.07848,1.07844,3000000,4390000
2020-04-23 12:32:22.139000,1.0785,1.07846,3000000,190000
2020-04-23 12:32:22.240000,1.0785,1.07847,750000,3070000
2020-04-23 12:32:23.036000,1.0785,1.07846,750000,640000
2020-04-23 12:32:23.137000,1.0785,1.07847,750000,3070000
2020-04-23 12:32:23.428000,1.07851,1.07847,3820000,3000000
2020-04-23 12:32:23.873000,1.07851,1.07848,3000000,100000
2020-04-23 12:32:24.246000,1.0785,1.07847,1120000,3820000
2020-04-23 12:32:24.348000,1.07847,1.07846,3750000,1200000
2020-04-23 12:32:24.449000,1.07847,1.07845,3750000,7500000
2020-04-23 12:32:24.550000,1.07846,1.07844,750000,750000
2020-04-23 12:32:24.652000,1.07845,1.07843,3000000,190000
2020-04-23 12:32:24.753000,1.07845,1.07842,3000000,190000
2020-04-23 12:32:25.461000,1.07843,1.07841,750000,100000
2020-04-23 12:32:25.562000,1.07843,1.07839,3750000,4390000
2020-04-23 12:32:25.972000,1.07842,1.07839,2250000,3070000
2020-04-23 12:32:26.073000,1.0784,1.07838,3000000,100000
2020-04-23 12:32:26.175000,1.0784,1.07837,3000000,190000
2020-04-23 12:32:26.457000,1.07839,1.07837,3000000,190000
2020-04-23 12:32:26.560000,1.07838,1.07835,750000,750000
2020-04-23 12:32:26.662000,1.07837,1.07834,3000000,190000
2020-04-23 12:32:26.935000,1.07837,1.07833,3000000,3260000
2020-04-23 12:32:27.088000,1.07838,1.07833,3750000,260000
2020-04-23 12:32:28.316000,1.07837,1.07833,820000,190000
2020-04-23 12:32:28.468000,1.07836,1.07832,3000000,3940000
2020-04-23 12:32:28.569000,1.07836,1.07833,3000000,750000
2020-04-23 12:32:28.721000,1.07837,1.07833,820000,750000
2020-04-23 12:32:28.906000,1.07837,1.07834,820000,750000
2020-04-23 12:32:29.664000,1.07836,1.07834,750000,750000
2020-04-23 12:32:29.766000,1.07837,1.07834,3820000,750000
2020-04-23 12:32:29.817000,1.07835,1.07832,1570000,3260000
2020-04-23 12:32:29.919000,1.07832,1.0783,1500000,190000
2020-04-23 12:32:30.021000,1.0783,1.07827,4570000,640000
2020-04-23 12:32:30.122000,1.07828,1.07825,750000,640000
2020-04-23 12:32:30.224000,1.07828,1.07823,820000,8140000
2020-04-23 12:32:30.326000,1.07826,1.07823,3000000,190000
2020-04-23 12:32:30.427000,1.07826,1.07824,3000000,190000
2020-04-23 12:32:30.529000,1.07826,1.07825,3000000,190000
2020-04-23 12:32:30.643000,1.07828,1.07825,820000,190000
2020-04-23 12:32:32.155000,1.07827,1.07825,750000,190000
2020-04-23 12:32:32.257000,1.07826,1.07825,750000,190000
2020-04-23 12:32:33.758000,1.07826,1.07824,750000,3940000
2020-04-23 12:32:33.991000,1.07825,1.07824,750000,3190000
2020-04-23 12:32:35.103000,1.07826,1.07823,3000000,750000
2020-04-23 12:32:35.204000,1.07827,1.07823,750000,1010000
2020-04-23 12:32:35.306000,1.07827,1.07824,750000,3000000
2020-04-23 12:32:35.508000,1.07828,1.07824,3750000,3000000
2020-04-23 12:32:35.609000,1.07828,1.07823,750000,1390000
2020-04-23 12:32:35.970000,1.07826,1.07824,750000,190000
2020-04-23 12:32:36.274000,1.07825,1.07822,1500000,260000
2020-04-23 12:32:36.325000,1.07823,1.07822,750000,100000
2020-04-23 12:32:36.426000,1.07823,1.07821,750000,190000
2020-04-23 12:32:36.960000,1.07823,1.0782,750000,260000
2020-04-23 12:32:37.061000,1.07823,1.07819,1500000,190000
2020-04-23 12:32:37.162000,1.07823,1.07818,1570000,260000
2020-04-23 12:32:38.089000,1.07824,1.0782,4500000,190000
2020-04-23 12:32:38.190000,1.07824,1.07821,750000,3000000
2020-04-23 12:32:38.292000,1.07825,1.07821,4570000,3190000
2020-04-23 12:32:38.393000,1.07825,1.07823,3000000,190000
2020-04-23 12:32:38.495000,1.07826,1.07823,750000,190000
2020-04-23 12:32:41.346000,1.07826,1.07824,750000,190000
2020-04-23 12:32:41.512000,1.07827,1.07824,1500000,190000
2020-04-23 12:32:42.033000,1.07826,1.07824,750000,190000
2020-04-23 12:32:43.702000,1.07827,1.07824,750000,940000
2020-04-23 12:32:44.490000,1.07826,1.07825,750000,190000
2020-04-23 12:32:44.642000,1.07827,1.07825,750000,190000
2020-04-23 12:32:44.844000,1.07827,1.07824,820000,940000
2020-04-23 12:32:47.834000,1.07827,1.07825,3750000,3000000
2020-04-23 12:32:47.935000,1.07827,1.07824,750000,750000
2020-04-23 12:32:48.192000,1.07827,1.07823,750000,940000
2020-04-23 12:32:51.053000,1.07826,1.07823,750000,190000
2020-04-23 12:32:51.199000,1.07827,1.07823,750000,190000
2020-04-23 12:32:51.484000,1.07828,1.07823,6900000,190000
2020-04-23 12:32:51.736000,1.07827,1.07823,750000,190000
2020-04-23 12:32:52.384000,1.07827,1.07822,2320000,190000
2020-04-23 12:32:53.523000,1.07827,1.07824,750000,190000
2020-04-23 12:32:53.624000,1.07828,1.07824,4500000,190000
2020-04-23 12:32:53.726000,1.07827,1.07824,750000,190000
2020-04-23 12:32:53.979000,1.07828,1.07824,4570000,190000
2020-04-23 12:32:54.080000,1.07826,1.07824,750000,190000
2020-04-23 12:32:54.333000,1.07826,1.07823,750000,3190000
2020-04-23 12:32:54.687000,1.07826,1.07824,750000,190000
2020-04-23 12:32:56.721000,1.07827,1.07824,750000,190000
2020-04-23 12:32:56.772000,1.0783,1.07828,1570000,3750000
2020-04-23 12:32:56.924000,1.0783,1.07829,750000,3000000
2020-04-23 12:32:57.025000,1.07831,1.07828,750000,3190000
2020-04-23 12:32:57.379000,1.07831,1.07827,820000,640000
2020-04-23 12:32:57.634000,1.0783,1.07828,750000,370000
2020-04-23 12:32:57.736000,1.0783,1.07826,750000,190000
2020-04-23 12:32:57.888000,1.0783,1.07827,750000,3000000
2020-04-23 12:32:59.075000,1.0783,1.07828,750000,3000000
2020-04-23 12:32:59.177000,1.07831,1.07829,750000,3000000
2020-04-23 12:32:59.768000,1.07831,1.07828,750000,3190000
2020-04-23 12:33:01.564000,1.0783,1.07828,750000,3000000
2020-04-23 12:33:01.868000,1.07831,1.07828,1690000,3000000
2020-04-23 12:33:02.121000,1.07832,1.07828,5140000,3000000
2020-04-23 12:33:02.425000,1.07832,1.07829,750000,3000000
2020-04-23 12:33:02.681000,1.07834,1.07831,750000,3000000
2020-04-23 12:33:02.782000,1.07835,1.07832,750000,1310000
2020-04-23 12:33:02.884000,1.07835,1.07833,750000,3000000
2020-04-23 12:33:03.217000,1.07835,1.07832,750000,1120000
2020-04-23 12:33:03.794000,1.07836,1.07832,1690000,370000
2020-04-23 12:33:04.592000,1.07836,1.07831,940000,6220000
2020-04-23 12:33:05.031000,1.07836,1.07832,940000,100000
2020-04-23 12:33:05.881000,1.07834,1.07831,190000,6370000
2020-04-23 12:33:05.982000,1.07834,1.0783,940000,4200000
2020-04-23 12:33:06.084000,1.07833,1.0783,750000,4200000
2020-04-23 12:33:06.833000,1.07832,1.0783,750000,3070000
2020-04-23 12:33:06.935000,1.07827,1.07825,1500000,9450000
2020-04-23 12:33:06.985000,1.07828,1.07825,1760000,7500000
2020-04-23 12:33:07.093000,1.07827,1.07823,3190000,100000
2020-04-23 12:33:07.195000,1.07827,1.07822,6190000,1570000
2020-04-23 12:33:07.245000,1.07827,1.07825,750000,3000000
2020-04-23 12:33:07.398000,1.07827,1.07823,4690000,820000
2020-04-23 12:33:07.499000,1.07827,1.07822,4690000,5320000
2020-04-23 12:33:07.721000,1.07826,1.07822,750000,4950000
2020-04-23 12:33:08.076000,1.07825,1.07822,750000,3000000
2020-04-23 12:33:08.969000,1.07825,1.07821,750000,2250000
2020-04-23 12:33:09.687000,1.07825,1.07822,750000,1120000
2020-04-23 12:33:09.790000,1.07827,1.07823,940000,750000
2020-04-23 12:33:09.841000,1.07827,1.07825,940000,3000000
2020-04-23 12:33:10.354000,1.07826,1.07824,750000,100000
2020-04-23 12:33:10.708000,1.07826,1.07823,750000,3000000
2020-04-23 12:33:10.861000,1.07826,1.07824,750000,3000000
2020-04-23 12:33:10.912000,1.07826,1.07822,3750000,3450000
2020-04-23 12:33:11.166000,1.07826,1.07823,1500000,3000000
2020-04-23 12:33:11.743000,1.07826,1.07822,1500000,100000
2020-04-23 12:33:14.586000,1.07828,1.07826,3750000,750000
2020-04-23 12:33:14.637000,1.0783,1.07827,7870000,3000000
2020-04-23 12:33:14.738000,1.0783,1.07828,7500000,1200000
2020-04-23 12:33:14.840000,1.07832,1.07828,1500000,1950000
2020-04-23 12:33:14.890000,1.07832,1.0783,1500000,3000000
2020-04-23 12:33:15.143000,1.07832,1.07828,1500000,1570000
2020-04-23 12:33:15.295000,1.07832,1.07829,1500000,3000000
2020-04-23 12:33:15.397000,1.0783,1.07828,1690000,3000000
2020-04-23 12:33:15.498000,1.07827,1.07826,1500000,3750000
2020-04-23 12:33:15.599000,1.07827,1.07825,3940000,100000
2020-04-23 12:33:15.701000,1.07827,1.07824,4690000,100000
2020-04-23 12:33:15.802000,1.07827,1.07823,4690000,3000000
2020-04-23 12:33:15.954000,1.07827,1.07824,3940000,100000
2020-04-23 12:33:16.056000,1.07827,1.07825,3000000,820000
2020-04-23 12:33:16.107000,1.07829,1.07828,750000,370000
2020-04-23 12:33:16.157000,1.0783,1.07828,940000,820000
2020-04-23 12:33:16.309000,1.0783,1.07827,3940000,100000
2020-04-23 12:33:16.595000,1.0783,1.07826,3940000,4570000
2020-04-23 12:33:16.697000,1.0783,1.07827,750000,820000
2020-04-23 12:33:18.867000,1.07826,1.07825,750000,2320000
2020-04-23 12:33:18.969000,1.07827,1.07823,4500000,12450000
2020-04-23 12:33:19.121000,1.07826,1.07823,3000000,1200000
2020-04-23 12:33:19.223000,1.07827,1.07823,3750000,4200000
2020-04-23 12:33:19.274000,1.07827,1.07825,5250000,100000
2020-04-23 12:33:19.375000,1.07826,1.07822,1500000,1010000
2020-04-23 12:33:19.477000,1.07825,1.07822,6000000,450000
2020-04-23 12:33:19.579000,1.07823,1.07821,3000000,100000
2020-04-23 12:33:19.630000,1.07822,1.07819,750000,4200000
2020-04-23 12:33:19.833000,1.07823,1.07819,4500000,3750000
2020-04-23 12:33:19.934000,1.07823,1.0782,3750000,100000
2020-04-23 12:33:20.035000,1.07823,1.07819,3750000,4570000
2020-04-23 12:33:20.137000,1.07823,1.0782,3750000,100000
2020-04-23 12:33:20.239000,1.07823,1.07819,3750000,4570000
2020-04-23 12:33:20.341000,1.07822,1.07819,750000,3000000
2020-04-23 12:33:22.857000,1.07823,1.0782,5250000,1500000
2020-04-23 12:33:22.908000,1.07824,1.07822,750000,4870000
2020-04-23 12:33:22.959000,1.07826,1.07824,750000,370000
2020-04-23 12:33:23.060000,1.07828,1.07825,750000,3000000
2020-04-23 12:33:23.636000,1.07827,1.07824,750000,3000000
2020-04-23 12:33:23.738000,1.07827,1.07823,3750000,3070000
2020-04-23 12:33:23.949000,1.07826,1.07822,3000000,1760000
2020-04-23 12:33:24.102000,1.07825,1.07822,750000,450000
2020-04-23 12:33:24.153000,1.07825,1.0782,1690000,4270000
2020-04-23 12:33:24.255000,1.07825,1.07821,4760000,3000000
2020-04-23 12:33:24.993000,1.07822,1.0782,750000,450000
2020-04-23 12:33:25.094000,1.07822,1.07819,750000,450000
2020-04-23 12:33:25.484000,1.07822,1.0782,750000,3000000
2020-04-23 12:33:25.686000,1.07822,1.07819,750000,1570000
2020-04-23 12:33:25.787000,1.07822,1.0782,750000,3000000
2020-04-23 12:33:25.838000,1.07824,1.0782,4500000,4200000
2020-04-23 12:33:25.940000,1.07825,1.07822,3750000,750000
2020-04-23 12:33:26.041000,1.07826,1.07823,1500000,3000000
2020-04-23 12:33:26.779000,1.07825,1.07822,750000,5320000
2020-04-23 12:33:26.880000,1.07822,1.07821,750000,100000
2020-04-23 12:33:26.982000,1.07822,1.07819,750000,3450000
2020-04-23 12:33:27.084000,1.07822,1.07818,750000,1570000
2020-04-23 12:33:27.186000,1.07822,1.07819,750000,3000000
2020-04-23 12:33:27.794000,1.07823,1.07821,750000,3000000
2020-04-23 12:33:27.896000,1.07824,1.07821,190000,3000000
2020-04-23 12:33:28.175000,1.07825,1.07822,3750000,1120000
2020-04-23 12:33:28.277000,1.07827,1.07824,4500000,370000
2020-04-23 12:33:28.379000,1.07828,1.07825,3750000,750000
2020-04-23 12:33:28.429000,1.0783,1.07826,3940000,3000000
2020-04-23 12:33:28.531000,1.07831,1.07829,1760000,3000000
2020-04-23 12:33:28.633000,1.07832,1.07829,1500000,3000000
2020-04-23 12:33:28.786000,1.07832,1.0783,750000,3000000
2020-04-23 12:33:28.887000,1.07833,1.07829,750000,1570000
2020-04-23 12:33:29.040000,1.07833,1.0783,750000,100000
2020-04-23 12:33:29.193000,1.07834,1.0783,1500000,820000
2020-04-23 12:33:29.552000,1.07834,1.07831,750000,100000
2020-04-23 12:33:30.818000,1.07834,1.0783,940000,1570000
2020-04-23 12:33:32.154000,1.07834,1.07831,940000,750000
2020-04-23 12:33:32.406000,1.07835,1.07833,750000,750000
2020-04-23 12:33:32.459000,1.07835,1.07832,750000,560000
2020-04-23 12:33:32.510000,1.07836,1.07835,750000,750000
2020-04-23 12:33:32.662000,1.07837,1.07835,750000,3820000
2020-04-23 12:33:32.764000,1.07837,1.07836,750000,750000
2020-04-23 12:33:32.815000,1.07836,1.07834,750000,4200000
2020-04-23 12:33:34.505000,1.07838,1.07835,190000,3750000
2020-04-23 12:33:34.608000,1.07839,1.07835,3940000,4120000
2020-04-23 12:33:34.710000,1.0784,1.07839,100000,1120000
2020-04-23 12:33:34.813000,1.07843,1.07842,750000,1120000
2020-04-23 12:33:34.915000,1.07845,1.07844,190000,750000
2020-04-23 12:33:35.017000,1.07849,1.07845,8020000,1120000
2020-04-23 12:33:35.119000,1.07849,1.07846,100000,750000
2020-04-23 12:33:35.222000,1.0785,1.07846,1760000,750000
2020-04-23 12:33:35.325000,1.07849,1.07846,190000,3750000
2020-04-23 12:33:35.477000,1.07848,1.07846,190000,3750000
2020-04-23 12:33:35.629000,1.07848,1.07844,260000,820000
2020-04-23 12:33:35.680000,1.07846,1.07844,750000,750000
2020-04-23 12:33:35.883000,1.07845,1.07844,750000,750000
2020-04-23 12:33:36.175000,1.07847,1.07844,3940000,750000
2020-04-23 12:33:36.277000,1.07849,1.07845,12340000,750000
2020-04-23 12:33:36.530000,1.07849,1.07846,190000,3000000
2020-04-23 12:33:36.872000,1.07849,1.07845,190000,1200000
2020-04-23 12:33:36.985000,1.07849,1.07846,190000,3000000
2020-04-23 12:33:37.534000,1.07847,1.07845,750000,3750000
2020-04-23 12:33:37.636000,1.07846,1.07845,750000,3000000
2020-04-23 12:33:37.889000,1.07846,1.07844,750000,1120000
2020-04-23 12:33:38.041000,1.07847,1.07844,750000,1120000
2020-04-23 12:33:38.142000,1.07848,1.07845,1690000,3070000
2020-04-23 12:33:38.244000,1.07849,1.07845,5510000,3000000
2020-04-23 12:33:38.345000,1.07849,1.07846,940000,750000
2020-04-23 12:33:38.722000,1.07849,1.07845,190000,450000
2020-04-23 12:33:39.663000,1.07848,1.07844,750000,6820000
2020-04-23 12:33:39.764000,1.07849,1.07845,940000,2250000
2020-04-23 12:33:39.866000,1.0785,1.07848,750000,3000000
2020-04-23 12:33:40.090000,1.07849,1.07848,750000,3000000
2020-04-23 12:33:40.192000,1.07848,1.07846,1760000,1870000
2020-04-23 12:33:40.243000,1.07846,1.07844,1500000,5320000
2020-04-23 12:33:40.395000,1.07846,1.07844,750000,4120000
2020-04-23 12:33:41.489000,1.07846,1.07845,750000,3000000
2020-04-23 12:33:41.641000,1.07846,1.07844,750000,3000000
2020-04-23 12:33:41.742000,1.07846,1.07843,750000,1950000
2020-04-23 12:33:42.022000,1.07844,1.07842,260000,1220000
2020-04-23 12:33:42.073000,1.07842,1.07841,1500000,370000
2020-04-23 12:33:42.124000,1.07841,1.07839,750000,8700000
2020-04-23 12:33:42.276000,1.0784,1.07838,750000,3000000
2020-04-23 12:33:42.378000,1.0784,1.07837,1500000,370000
2020-04-23 12:33:42.479000,1.0784,1.07836,1500000,2060000
2020-04-23 12:33:42.581000,1.07839,1.07836,3000000,750000
2020-04-23 12:33:42.693000,1.07839,1.07835,3750000,5770000
2020-04-23 12:33:43.266000,1.07838,1.07835,3190000,370000
2020-04-23 12:33:43.367000,1.07837,1.07834,190000,8510000
2020-04-23 12:33:43.620000,1.07836,1.07833,190000,4950000
2020-04-23 12:33:43.671000,1.07834,1.07832,750000,1200000
2020-04-23 12:33:43.722000,1.07837,1.07832,940000,1650000
2020-04-23 12:33:43.824000,1.07836,1.07833,190000,3000000
2020-04-23 12:33:43.976000,1.07834,1.07833,750000,3000000
2020-04-23 12:33:44.077000,1.07835,1.07833,750000,4200000
2020-04-23 12:33:45.109000,1.07837,1.07833,4760000,4950000
2020-04-23 12:33:45.210000,1.07837,1.07834,3940000,750000
2020-04-23 12:33:45.913000,1.07838,1.07834,190000,1500000
2020-04-23 12:33:45.964000,1.07839,1.07836,3940000,370000
2020-04-23 12:33:46.066000,1.0784,1.07836,4010000,100000
2020-04-23 12:33:46.218000,1.07841,1.07837,1690000,370000
2020-04-23 12:33:46.421000,1.07842,1.07837,3260000,4200000
2020-04-23 12:33:46.561000,1.07842,1.07838,6260000,3000000
2020-04-23 12:33:46.766000,1.07842,1.07839,3000000,1120000
2020-04-23 12:33:46.868000,1.07844,1.07842,750000,4120000
2020-04-23 12:33:46.969000,1.07845,1.07842,750000,4570000
2020-04-23 12:33:47.070000,1.07846,1.07843,1690000,3750000
2020-04-23 12:33:47.172000,1.07845,1.07843,750000,3750000
2020-04-23 12:33:47.374000,1.07846,1.07843,750000,3820000
2020-04-23 12:33:48.162000,1.07849,1.07846,750000,750000
2020-04-23 12:33:48.263000,1.07849,1.07847,750000,3370000
2020-04-23 12:33:48.314000,1.07851,1.07847,8320000,3370000
2020-04-23 12:33:48.365000,1.07851,1.07849,8250000,750000
2020-04-23 12:33:48.466000,1.07852,1.07849,750000,820000
2020-04-23 12:33:49.248000,1.07851,1.07848,190000,3000000
2020-04-23 12:33:49.401000,1.0785,1.07848,750000,3000000
2020-04-23 12:33:49.507000,1.07851,1.07848,940000,3000000
2020-04-23 12:33:51.442000,1.07852,1.07848,3820000,3370000
2020-04-23 12:33:51.695000,1.07855,1.07853,5290000,1500000
2020-04-23 12:33:51.796000,1.07857,1.07855,1500000,750000
2020-04-23 12:33:51.898000,1.07857,1.07854,940000,4950000
2020-04-23 12:33:52.203000,1.07857,1.07856,750000,370000
2020-04-23 12:33:52.254000,1.07859,1.07858,3940000,1500000
2020-04-23 12:33:52.305000,1.07861,1.07859,1500000,750000
2020-04-23 12:33:52.406000,1.0786,1.07859,750000,750000
2020-04-23 12:33:52.457000,1.0786,1.07857,750000,5510000
2020-04-23 12:33:52.558000,1.07861,1.07858,1690000,3000000
2020-04-23 12:33:52.710000,1.0786,1.07858,750000,3750000
2020-04-23 12:33:52.811000,1.07861,1.07858,1690000,3070000
2020-04-23 12:33:53.318000,1.0786,1.07857,940000,1200000
2020-04-23 12:33:53.419000,1.07859,1.07856,190000,3940000
2020-04-23 12:33:53.521000,1.07858,1.07855,190000,3000000
2020-04-23 12:33:53.984000,1.07856,1.07854,750000,1950000
2020-04-23 12:33:54.085000,1.07855,1.07852,190000,1950000
2020-04-23 12:33:54.187000,1.07856,1.07853,190000,750000
2020-04-23 12:33:54.390000,1.07858,1.07854,190000,1870000
2020-04-23 12:33:54.491000,1.07859,1.07857,940000,370000
2020-04-23 12:33:54.593000,1.07861,1.07857,190000,6190000
2020-04-23 12:33:54.745000,1.07861,1.07859,190000,3000000
2020-04-23 12:33:55.183000,1.0786,1.07857,750000,100000
2020-04-23 12:33:55.284000,1.07859,1.07856,260000,3000000
2020-04-23 12:33:55.386000,1.07859,1.07855,260000,750000
2020-04-23 12:33:55.487000,1.07858,1.07855,190000,3750000
2020-04-23 12:33:55.588000,1.07856,1.07854,190000,1570000
2020-04-23 12:33:56.308000,1.07856,1.07855,190000,750000
2020-04-23 12:33:56.939000,1.07857,1.07855,3190000,750000
2020-04-23 12:33:57.040000,1.07856,1.07855,940000,750000
2020-04-23 12:33:57.192000,1.07856,1.07854,940000,1500000
2020-04-23 12:33:57.837000,1.07852,1.07851,750000,3640000
2020-04-23 12:33:57.939000,1.07852,1.07851,3750000,1500000
2020-04-23 12:33:58.500000,1.07853,1.07851,940000,750000
2020-04-23 12:33:58.601000,1.07853,1.07852,190000,750000
2020-04-23 12:33:59.185000,1.07852,1.07851,190000,750000
2020-04-23 12:33:59.236000,1.07852,1.0785,940000,820000
2020-04-23 12:33:59.698000,1.07851,1.0785,190000,750000
2020-04-23 12:33:59.800000,1.07852,1.0785,190000,750000
2020-04-23 12:33:59.901000,1.07853,1.0785,1690000,750000
2020-04-23 12:34:00.053000,1.07853,1.07851,190000,1690000
2020-04-23 12:34:00.155000,1.07854,1.07851,190000,3750000
2020-04-23 12:34:00.256000,1.07855,1.07852,940000,4870000
2020-04-23 12:34:00.307000,1.07857,1.07855,750000,750000
2020-04-23 12:34:00.409000,1.07859,1.07858,7500000,1120000
2020-04-23 12:34:00.460000,1.07861,1.07858,750000,1690000
2020-04-23 12:34:00.511000,1.07862,1.0786,190000,3750000
2020-04-23 12:34:00.612000,1.07863,1.0786,3820000,750000
2020-04-23 12:34:00.714000,1.07862,1.0786,190000,750000
2020-04-23 12:34:02.202000,1.07863,1.0786,190000,750000
2020-04-23 12:34:02.304000,1.07861,1.0786,750000,750000
2020-04-23 12:34:02.455000,1.07862,1.0786,1760000,750000
2020-04-23 12:34:02.607000,1.07862,1.07859,1690000,3750000
2020-04-23 12:34:03.254000,1.07861,1.07859,190000,3750000
2020-04-23 12:34:03.356000,1.0786,1.07858,900000,3000000
2020-04-23 12:34:03.458000,1.07859,1.07857,3260000,3000000
2020-04-23 12:34:03.559000,1.07857,1.07855,3000000,3750000
2020-04-23 12:34:03.661000,1.0786,1.07857,2060000,750000
2020-04-23 12:34:03.762000,1.07861,1.07859,3000000,750000
2020-04-23 12:34:04.274000,1.07863,1.07859,190000,1500000
2020-04-23 12:34:04.376000,1.07863,1.07861,3190000,3000000
2020-04-23 12:34:04.601000,1.07862,1.0786,1010000,750000
2020-04-23 12:34:04.702000,1.07861,1.07859,1500000,750000
2020-04-23 12:34:04.804000,1.07862,1.07859,5440000,750000
2020-04-23 12:34:05.203000,1.07862,1.07858,5440000,3750000
2020-04-23 12:34:05.304000,1.07861,1.07858,750000,3750000
2020-04-23 12:34:05.722000,1.07859,1.07857,370000,4200000
2020-04-23 12:34:05.773000,1.07853,1.07851,1570000,1500000
2020-04-23 12:34:05.824000,1.07852,1.0785,750000,260000
2020-04-23 12:34:05.926000,1.07853,1.07849,2440000,3750000
2020-04-23 12:34:06.078000,1.07852,1.0785,3000000,3750000
2020-04-23 12:34:06.129000,1.07854,1.0785,3940000,3750000
2020-04-23 12:34:06.230000,1.07854,1.07851,3190000,750000
2020-04-23 12:34:06.584000,1.07854,1.07852,3000000,750000
2020-04-23 12:34:06.686000,1.07854,1.07853,3000000,750000
2020-04-23 12:34:07.090000,1.07855,1.07854,3000000,750000
2020-04-23 12:34:07.395000,1.07857,1.07854,190000,750000
2020-04-23 12:34:07.825000,1.07858,1.07856,3000000,750000
2020-04-23 12:34:07.911000,1.07861,1.07858,370000,1870000
2020-04-23 12:34:07.962000,1.07862,1.0786,9940000,750000
2020-04-23 12:34:08.114000,1.07862,1.07859,820000,3750000
2020-04-23 12:34:08.266000,1.07861,1.07859,190000,750000
2020-04-23 12:34:08.434000,1.07862,1.07859,3190000,750000
2020-04-23 12:34:11.112000,1.07864,1.07859,4760000,1500000
2020-04-23 12:34:11.213000,1.07864,1.07861,3190000,750000
2020-04-23 12:34:11.466000,1.07863,1.07861,750000,750000
2020-04-23 12:34:11.568000,1.07863,1.0786,750000,3750000
2020-04-23 12:34:12.093000,1.07862,1.07859,750000,3750000
2020-04-23 12:34:12.196000,1.07857,1.07856,100000,5360000
2020-04-23 12:34:12.298000,1.07856,1.07853,3190000,8250000
2020-04-23 12:34:12.502000,1.07857,1.07853,3190000,4500000
2020-04-23 12:34:12.960000,1.07858,1.07853,1010000,2320000
2020-04-23 12:34:13.063000,1.07858,1.07855,190000,750000
2020-04-23 12:34:13.114000,1.07861,1.07859,3750000,6370000
2020-04-23 12:34:13.165000,1.07863,1.07862,1500000,1500000
2020-04-23 12:34:13.267000,1.07864,1.07862,940000,1690000
2020-04-23 12:34:13.368000,1.07865,1.07862,190000,1950000
2020-04-23 12:34:13.470000,1.07865,1.07864,190000,750000
2020-04-23 12:34:13.571000,1.07866,1.07864,940000,750000
2020-04-23 12:34:14.111000,1.07865,1.07862,1010000,1200000
2020-04-23 12:34:14.213000,1.07864,1.07862,3190000,750000
2020-04-23 12:34:14.834000,1.07863,1.07862,190000,750000
2020-04-23 12:34:14.986000,1.07863,1.07861,260000,750000
2020-04-23 12:34:15.088000,1.07865,1.07864,220000,750000
2020-04-23 12:34:15.139000,1.07867,1.07865,1010000,1120000
2020-04-23 12:34:15.190000,1.07868,1.07867,940000,750000
2020-04-23 12:34:15.241000,1.0787,1.07869,8250000,750000
2020-04-23 12:34:15.342000,1.07873,1.07868,1690000,1570000
2020-04-23 12:34:15.544000,1.07872,1.07869,190000,3000000
2020-04-23 12:34:16.004000,1.07872,1.0787,190000,750000
2020-04-23 12:34:16.106000,1.07873,1.0787,3190000,750000
2020-04-23 12:34:16.207000,1.07872,1.0787,190000,750000
2020-04-23 12:34:16.258000,1.07872,1.07868,940000,5700000
2020-04-23 12:34:16.309000,1.0787,1.07867,190000,2700000
2020-04-23 12:34:16.410000,1.07869,1.07866,3190000,750000
2020-04-23 12:34:16.512000,1.07868,1.07866,190000,750000
2020-04-23 12:34:17.169000,1.07869,1.07866,190000,750000
2020-04-23 12:34:17.270000,1.0787,1.07867,190000,750000
2020-04-23 12:34:17.372000,1.0787,1.07868,190000,3750000
2020-04-23 12:34:17.473000,1.07871,1.07868,190000,3750000
2020-04-23 12:34:18.194000,1.07872,1.07868,190000,1570000
2020-04-23 12:34:18.295000,1.07872,1.0787,3190000,3750000
2020-04-23 12:34:18.814000,1.07873,1.0787,940000,750000
2020-04-23 12:34:18.865000,1.07875,1.0787,4690000,2890000
2020-04-23 12:34:18.915000,1.07873,1.0787,3000000,2890000
2020-04-23 12:34:18.966000,1.07875,1.0787,1690000,2890000
2020-04-23 12:34:19.017000,1.07873,1.0787,190000,2700000
2020-04-23 12:34:19.389000,1.07873,1.07871,190000,750000
2020-04-23 12:34:19.845000,1.07873,1.0787,190000,3450000
2020-04-23 12:34:19.948000,1.07875,1.07871,190000,100000
2020-04-23 12:34:20.469000,1.07876,1.07873,820000,1500000
2020-04-23 12:34:20.570000,1.07877,1.07873,3750000,3750000
2020-04-23 12:34:20.671000,1.07879,1.07873,8590000,5700000
2020-04-23 12:34:21.248000,1.07877,1.07873,3260000,3820000
2020-04-23 12:34:21.350000,1.07875,1.07871,3190000,7200000
2020-04-23 12:34:21.602000,1.07875,1.07872,3000000,750000
2020-04-23 12:34:21.704000,1.07877,1.07873,940000,3750000
2020-04-23 12:34:21.906000,1.07878,1.07873,1840000,750000
2020-04-23 12:34:22.050000,1.07879,1.07874,5590000,750000
2020-04-23 12:34:22.152000,1.07879,1.07875,3940000,3000000
2020-04-23 12:34:22.456000,1.07878,1.07875,100000,3000000
2020-04-23 12:34:22.557000,1.07878,1.07874,100000,750000
2020-04-23 12:34:22.659000,1.07877,1.07874,3070000,750000
2020-04-23 12:34:22.963000,1.07877,1.07873,4010000,3750000
2020-04-23 12:34:23.266000,1.07877,1.07874,3000000,750000
2020-04-23 12:34:23.935000,1.07878,1.07874,2510000,750000
2020-04-23 12:34:24.389000,1.07879,1.07875,940000,750000
2020-04-23 12:34:24.491000,1.07879,1.07876,3940000,100000
2020-04-23 12:34:24.594000,1.07877,1.07875,100000,3000000
2020-04-23 12:34:24.696000,1.07877,1.07874,100000,750000
2020-04-23 12:34:27.374000,1.07877,1.07873,4010000,4650000
2020-04-23 12:34:28.407000,1.07875,1.07873,750000,3820000
2020-04-23 12:34:28.458000,1.07874,1.07871,190000,750000
2020-04-23 12:34:28.560000,1.07873,1.07871,3190000,940000
2020-04-23 12:34:28.611000,1.07872,1.07869,3000000,750000
2020-04-23 12:34:29.445000,1.07873,1.0787,3190000,750000
2020-04-23 12:34:29.915000,1.07874,1.0787,3190000,3820000
2020-04-23 12:34:29.966000,1.07872,1.0787,3000000,3820000
2020-04-23 12:34:30.604000,1.07871,1.07869,3000000,4570000
2020-04-23 12:34:30.706000,1.0787,1.07869,190000,3000000
2020-04-23 12:34:30.807000,1.0787,1.07867,190000,3750000
2020-04-23 12:34:31.064000,1.07871,1.07867,4760000,3750000
2020-04-23 12:34:31.343000,1.07871,1.07866,3750000,1950000
2020-04-23 12:34:31.444000,1.07871,1.07867,3750000,4200000
2020-04-23 12:34:31.546000,1.07872,1.07868,3000000,4690000
2020-04-23 12:34:31.647000,1.07873,1.07869,3000000,4200000
2020-04-23 12:34:32.002000,1.07875,1.07872,750000,750000
2020-04-23 12:34:32.103000,1.07877,1.07873,3450000,3750000
2020-04-23 12:34:33.503000,1.07876,1.07873,750000,3820000
2020-04-23 12:34:34.039000,1.07877,1.07873,3750000,3820000
2020-04-23 12:34:34.578000,1.07877,1.07874,3750000,940000
2020-04-23 12:34:34.630000,1.07879,1.07876,3750000,190000
2020-04-23 12:34:34.732000,1.07881,1.07877,750000,1010000
2020-04-23 12:34:34.985000,1.07881,1.07878,3000000,1950000
2020-04-23 12:34:35.086000,1.07882,1.07878,3820000,4950000
2020-04-23 12:34:35.693000,1.07882,1.0788,3750000,100000
2020-04-23 12:34:35.795000,1.07884,1.0788,4500000,3000000
2020-04-23 12:34:35.846000,1.07886,1.07885,1650000,2620000
2020-04-23 12:34:35.897000,1.0789,1.07889,7950000,3000000
2020-04-23 12:34:35.999000,1.0789,1.07888,450000,3190000
2020-04-23 12:34:36.100000,1.0789,1.07887,450000,5060000
2020-04-23 12:34:36.202000,1.07892,1.07888,1500000,940000
2020-04-23 12:34:36.303000,1.07889,1.07887,2250000,3560000
2020-04-23 12:34:36.405000,1.07887,1.07886,750000,750000
2020-04-23 12:34:36.456000,1.07887,1.07884,750000,3750000
2020-04-23 12:34:36.709000,1.07886,1.07883,750000,370000
2020-04-23 12:34:36.861000,1.07887,1.07883,4570000,3000000
2020-04-23 12:34:37.215000,1.07886,1.07884,750000,100000
2020-04-23 12:34:37.266000,1.07884,1.07883,750000,1200000
2020-04-23 12:34:37.317000,1.07883,1.07881,750000,1570000
2020-04-23 12:34:37.418000,1.07883,1.0788,4500000,1570000
2020-04-23 12:34:37.469000,1.07881,1.0788,750000,1390000
2020-04-23 12:34:37.571000,1.07881,1.07878,750000,820000
2020-04-23 12:34:37.672000,1.07881,1.07877,5510000,4200000
2020-04-23 12:34:37.774000,1.0788,1.07876,3750000,3000000
2020-04-23 12:34:37.875000,1.07879,1.07875,3190000,11250000
2020-04-23 12:34:37.977000,1.07878,1.07874,3000000,3000000
2020-04-23 12:34:38.185000,1.0788,1.07874,6260000,260000
2020-04-23 12:34:38.287000,1.07878,1.07874,3000000,4390000
2020-04-23 12:34:38.482000,1.0788,1.07874,5510000,260000
2020-04-23 12:34:38.584000,1.0788,1.07876,1010000,1200000
2020-04-23 12:34:38.685000,1.07879,1.07877,3000000,3000000
2020-04-23 12:34:38.837000,1.0788,1.07877,750000,4200000
2020-04-23 12:34:38.938000,1.07882,1.07879,750000,3000000
2020-04-23 12:34:38.989000,1.07884,1.0788,3820000,3750000
2020-04-23 12:34:39.242000,1.07885,1.07881,3820000,3000000
2020-04-23 12:34:39.938000,1.07884,1.07881,750000,3000000
2020-04-23 12:34:40.039000,1.07886,1.07883,3000000,100000
2020-04-23 12:34:40.141000,1.07887,1.07884,750000,3820000
2020-04-23 12:34:40.242000,1.07889,1.07885,3750000,4950000
2020-04-23 12:34:40.344000,1.0789,1.07886,4010000,3070000
2020-04-23 12:34:40.601000,1.07889,1.07886,2250000,3820000
2020-04-23 12:34:40.702000,1.07889,1.07884,2250000,450000
2020-04-23 12:34:41.360000,1.0789,1.07885,100000,2140000
2020-04-23 12:34:41.462000,1.0789,1.07886,3070000,3000000
2020-04-23 12:34:41.615000,1.0789,1.07887,3000000,100000
2020-04-23 12:34:41.717000,1.07891,1.07888,750000,1950000
2020-04-23 12:34:41.769000,1.07893,1.07888,7690000,2700000
2020-04-23 12:34:41.871000,1.07893,1.07889,3190000,4200000
2020-04-23 12:34:42.602000,1.0789,1.07889,750000,100000
2020-04-23 12:34:42.653000,1.0789,1.07887,3750000,2320000
2020-04-23 12:34:42.755000,1.0789,1.07886,4500000,3190000
2020-04-23 12:34:42.857000,1.07889,1.07886,1570000,3070000
2020-04-23 12:34:42.959000,1.07889,1.07885,1570000,100000
2020-04-23 12:34:43.060000,1.07886,1.07884,750000,4570000
2020-04-23 12:34:43.487000,1.07884,1.07883,750000,1200000
2020-04-23 12:34:43.538000,1.07883,1.07882,750000,370000
2020-04-23 12:34:43.639000,1.07883,1.07881,3750000,1200000
2020-04-23 12:34:43.740000,1.07883,1.07879,3750000,4650000
2020-04-23 12:34:43.791000,1.07881,1.07879,750000,4200000
2020-04-23 12:34:43.994000,1.07882,1.07879,750000,3000000
2020-04-23 12:34:45.181000,1.07881,1.07879,1500000,3000000
2020-04-23 12:34:45.283000,1.07879,1.07878,3000000,450000
2020-04-23 12:34:45.384000,1.07879,1.07876,3000000,1270000
2020-04-23 12:34:45.486000,1.0788,1.07877,750000,4270000
2020-04-23 12:34:46.041000,1.07881,1.07877,5250000,4270000
2020-04-23 12:34:46.142000,1.07881,1.07878,4500000,100000
2020-04-23 12:34:46.638000,1.07879,1.07878,750000,1200000
2020-04-23 12:34:46.739000,1.07879,1.07875,4500000,820000
2020-04-23 12:34:46.840000,1.07878,1.07875,3000000,100000
2020-04-23 12:34:46.992000,1.07878,1.07874,3000000,4650000
2020-04-23 12:34:47.093000,1.07878,1.07875,3750000,100000
2020-04-23 12:34:47.729000,1.07879,1.07875,4570000,4570000
2020-04-23 12:34:47.831000,1.0788,1.07876,1690000,1270000
2020-04-23 12:34:48.185000,1.0788,1.07877,1500000,100000
2020-04-23 12:34:48.287000,1.0788,1.07878,3000000,3000000
2020-04-23 12:34:48.389000,1.07881,1.07879,750000,3000000
2020-04-23 12:34:49.008000,1.07882,1.07879,1500000,3070000
2020-04-23 12:34:49.227000,1.0788,1.07879,750000,3070000
2020-04-23 12:34:49.328000,1.07882,1.07879,750000,3000000
2020-04-23 12:34:49.430000,1.07882,1.07881,750000,750000
2020-04-23 12:34:49.531000,1.07883,1.07882,750000,3000000
2020-04-23 12:34:49.633000,1.07884,1.07882,1500000,3000000
2020-04-23 12:34:49.734000,1.07884,1.07883,750000,3000000
2020-04-23 12:34:49.887000,1.07884,1.07882,750000,1760000
2020-04-23 12:34:50.170000,1.07884,1.07883,750000,100000
2020-04-23 12:34:50.374000,1.07886,1.07883,2250000,100000
2020-04-23 12:34:50.476000,1.07886,1.07882,2250000,1390000
2020-04-23 12:34:50.768000,1.07886,1.07883,1500000,100000
2020-04-23 12:34:51.236000,1.07884,1.07883,750000,100000
2020-04-23 12:34:51.287000,1.07882,1.07881,1500000,1200000
2020-04-23 12:34:51.439000,1.07881,1.07878,750000,1270000
2020-04-23 12:34:51.541000,1.0788,1.07878,750000,1270000
2020-04-23 12:34:51.794000,1.07878,1.07877,750000,1390000
2020-04-23 12:34:53.390000,1.07878,1.07876,750000,340000
2020-04-23 12:34:54.544000,1.07879,1.07877,750000,150000
2020-04-23 12:34:54.696000,1.07879,1.07877,750000,1270000
2020-04-23 12:34:54.898000,1.0788,1.07878,750000,150000
2020-04-23 12:34:55.594000,1.07871,1.07869,1500000,2770000
2020-04-23 12:34:55.645000,1.07869,1.07867,1570000,2620000
2020-04-23 12:34:55.696000,1.07866,1.07865,1010000,2140000
2020-04-23 12:34:55.798000,1.07866,1.07865,100000,940000
2020-04-23 12:34:55.849000,1.07864,1.07862,750000,9640000
2020-04-23 12:34:55.950000,1.07863,1.07862,750000,450000
2020-04-23 12:34:56.052000,1.07862,1.07861,750000,1200000
2020-04-23 12:34:56.153000,1.07862,1.0786,750000,940000
2020-04-23 12:34:56.305000,1.07864,1.0786,750000,1570000
2020-04-23 12:34:56.507000,1.07864,1.07861,750000,100000
2020-04-23 12:34:56.609000,1.07863,1.0786,750000,2320000
2020-04-23 12:34:56.963000,1.07864,1.07861,750000,1010000
2020-04-23 12:34:57.165000,1.07864,1.07862,3750000,100000
2020-04-23 12:34:57.268000,1.07865,1.07862,3750000,520000
2020-04-23 12:34:57.370000,1.07866,1.07863,1500000,100000
2020-04-23 12:34:57.472000,1.07866,1.07864,4500000,150000
2020-04-23 12:34:58.538000,1.07867,1.07864,750000,100000
2020-04-23 12:34:59.716000,1.07866,1.07863,750000,3520000
2020-04-23 12:34:59.767000,1.07864,1.07863,4500000,450000
2020-04-23 12:34:59.869000,1.07864,1.0786,3750000,10570000
2020-04-23 12:34:59.970000,1.07864,1.07861,750000,3000000
2020-04-23 12:35:00.071000,1.07865,1.07861,3750000,3000000
2020-04-23 12:35:00.223000,1.07865,1.07862,3750000,100000
2020-04-23 12:35:00.427000,1.07865,1.07861,3750000,5320000
2020-04-23 12:35:00.528000,1.07866,1.07863,750000,3820000
2020-04-23 12:35:00.681000,1.07866,1.07862,3750000,5510000
2020-04-23 12:35:00.784000,1.07866,1.07863,3750000,100000
2020-04-23 12:35:01.718000,1.07869,1.07865,4500000,100000
2020-04-23 12:35:02.072000,1.07868,1.07865,750000,1010000
2020-04-23 12:35:04.288000,1.07868,1.07866,750000,3000000
2020-04-23 12:35:05.489000,1.07869,1.07866,1500000,3000000
2020-04-23 12:35:05.980000,1.0787,1.07868,100000,4120000
2020-04-23 12:35:06.082000,1.07873,1.07871,1200000,6340000
2020-04-23 12:35:06.133000,1.07876,1.07873,820000,750000
2020-04-23 12:35:06.234000,1.07877,1.07874,820000,940000
2020-04-23 12:35:06.285000,1.07879,1.07874,8020000,940000
2020-04-23 12:35:06.336000,1.07876,1.07874,450000,940000
2020-04-23 12:35:06.437000,1.07877,1.07875,370000,3000000
2020-04-23 12:35:06.488000,1.07878,1.07875,370000,3000000
2020-04-23 12:35:06.589000,1.07877,1.07875,370000,3000000
2020-04-23 12:35:06.691000,1.07879,1.07875,3070000,3000000
2020-04-23 12:35:06.793000,1.0788,1.07876,750000,820000
2020-04-23 12:35:06.894000,1.07881,1.07877,3820000,3820000
2020-04-23 12:35:06.995000,1.07881,1.07878,820000,3000000
2020-04-23 12:35:07.249000,1.07881,1.07879,100000,3000000
2020-04-23 12:35:07.401000,1.07882,1.07878,3750000,3070000
2020-04-23 12:35:07.604000,1.07881,1.07878,750000,3070000
2020-04-23 12:35:08.427000,1.07881,1.07879,750000,3000000
2020-04-23 12:35:08.629000,1.07878,1.07876,290000,6070000
2020-04-23 12:35:08.731000,1.07878,1.07876,260000,750000
2020-04-23 12:35:08.833000,1.07881,1.07877,5020000,3750000
2020-04-23 12:35:08.884000,1.07881,1.07879,750000,3000000
2020-04-23 12:35:08.985000,1.07882,1.07879,100000,3000000
2020-04-23 12:35:10.684000,1.07882,1.0788,820000,750000
2020-04-23 12:35:10.785000,1.07882,1.07879,820000,3000000
2020-04-23 12:35:10.887000,1.07883,1.07879,4760000,3000000
2020-04-23 12:35:10.988000,1.07883,1.07878,1760000,5770000
2020-04-23 12:35:11.090000,1.07883,1.07879,1760000,750000
2020-04-23 12:35:11.191000,1.07882,1.07879,750000,750000
2020-04-23 12:35:11.293000,1.07881,1.07879,750000,3750000
2020-04-23 12:35:11.445000,1.07882,1.07879,820000,3750000
2020-04-23 12:35:11.496000,1.07884,1.0788,4690000,3000000
2020-04-23 12:35:11.547000,1.07881,1.0788,750000,3750000
2020-04-23 12:35:11.649000,1.07881,1.07879,820000,750000
2020-04-23 12:35:11.750000,1.07884,1.0788,940000,4500000
2020-04-23 12:35:11.801000,1.07883,1.07882,190000,750000
2020-04-23 12:35:11.903000,1.07885,1.07883,750000,750000
2020-04-23 12:35:12.004000,1.07887,1.07884,100000,3000000
2020-04-23 12:35:12.512000,1.07886,1.07883,940000,450000
2020-04-23 12:35:12.613000,1.07885,1.07881,3820000,3750000
2020-04-23 12:35:12.715000,1.07884,1.07881,3000000,750000
2020-04-23 12:35:12.867000,1.07885,1.07882,100000,3000000
2020-04-23 12:35:12.968000,1.07885,1.07881,100000,820000
2020-04-23 12:35:13.120000,1.07886,1.07882,3070000,3750000
2020-04-23 12:35:13.221000,1.07887,1.07883,3260000,3000000
2020-04-23 12:35:14.995000,1.07888,1.07884,1500000,3820000
2020-04-23 12:35:15.046000,1.0789,1.07888,5320000,100000
2020-04-23 12:35:15.147000,1.07893,1.07892,8250000,750000
2020-04-23 12:35:15.250000,1.07896,1.07893,2440000,750000
2020-04-23 12:35:15.302000,1.07894,1.07893,940000,750000
2020-04-23 12:35:15.404000,1.07895,1.07892,190000,750000
2020-04-23 12:35:15.506000,1.07896,1.07892,1690000,750000
2020-04-23 12:35:15.876000,1.07896,1.07891,940000,5020000
2020-04-23 12:35:16.130000,1.07895,1.07891,190000,3450000
2020-04-23 12:35:16.232000,1.07893,1.0789,750000,3000000
2020-04-23 12:35:16.487000,1.07893,1.07889,940000,450000
2020-04-23 12:35:16.740000,1.07893,1.0789,190000,3000000
2020-04-23 12:35:16.993000,1.07893,1.07888,940000,5770000
2020-04-23 12:35:18.843000,1.07892,1.07888,750000,3070000
2020-04-23 12:35:18.944000,1.07891,1.07887,100000,6450000
2020-04-23 12:35:18.995000,1.07888,1.07887,750000,750000
2020-04-23 12:35:19.097000,1.07889,1.07885,750000,7500000
2020-04-23 12:35:19.199000,1.07888,1.07884,190000,3820000
2020-04-23 12:35:19.643000,1.07887,1.07885,750000,3000000
2020-04-23 12:35:21.545000,1.07887,1.07884,750000,190000
2020-04-23 12:35:21.646000,1.07887,1.07885,1500000,100000
2020-04-23 12:35:22.532000,1.07888,1.07885,1570000,100000
2020-04-23 12:35:22.634000,1.07887,1.07884,750000,640000
2020-04-23 12:35:23.159000,1.07888,1.07884,1570000,640000
2020-04-23 12:35:23.898000,1.07887,1.07884,750000,260000
2020-04-23 12:35:24,1.07887,1.07883,750000,1760000
2020-04-23 12:35:24.271000,1.07887,1.07884,820000,100000
2020-04-23 12:35:25.428000,1.07888,1.07886,750000,3000000
2020-04-23 12:35:25.529000,1.07887,1.07886,750000,3000000
2020-04-23 12:35:25.630000,1.07887,1.07885,750000,100000
2020-04-23 12:35:25.732000,1.07887,1.07886,750000,3000000
2020-04-23 12:35:25.884000,1.07887,1.07884,750000,710000
2020-04-23 12:35:25.985000,1.07888,1.07886,1500000,3000000
2020-04-23 12:35:26.036000,1.07888,1.07884,1500000,1090000
2020-04-23 12:35:26.137000,1.07887,1.07884,2250000,750000
2020-04-23 12:35:26.188000,1.07885,1.07884,750000,750000
2020-04-23 12:35:26.239000,1.07885,1.07882,750000,450000
2020-04-23 12:35:26.847000,1.07885,1.07883,750000,100000
2020-04-23 12:35:26.898000,1.07887,1.07883,1500000,340000
2020-04-23 12:35:27.152000,1.07887,1.07884,820000,100000
2020-04-23 12:35:27.303000,1.07887,1.07883,820000,520000
2020-04-23 12:35:27.455000,1.07889,1.07886,3750000,1500000
2020-04-23 12:35:27.557000,1.0789,1.07887,940000,3000000
2020-04-23 12:35:27.658000,1.07889,1.07887,820000,3070000
2020-04-23 12:35:27.760000,1.07889,1.07886,940000,3000000
2020-04-23 12:35:27.863000,1.07889,1.07887,750000,3000000
2020-04-23 12:35:27.914000,1.07889,1.07885,750000,1200000
2020-04-23 12:35:28.015000,1.07889,1.07886,750000,3000000
2020-04-23 12:35:28.803000,1.0789,1.07886,4310000,3000000
2020-04-23 12:35:29.005000,1.07889,1.07885,750000,150000
2020-04-23 12:35:29.502000,1.07889,1.07886,750000,3000000
2020-04-23 12:35:29.603000,1.07888,1.07886,750000,3000000
2020-04-23 12:35:29.705000,1.07888,1.07885,4500000,3000000
2020-04-23 12:35:29.807000,1.07887,1.07883,750000,1010000
2020-04-23 12:35:30.214000,1.07887,1.07884,750000,100000
2020-04-23 12:35:30.366000,1.07887,1.07883,970000,450000
2020-04-23 12:35:30.924000,1.07888,1.07883,2440000,1270000
2020-04-23 12:35:32.504000,1.07888,1.07884,3190000,820000
2020-04-23 12:35:32.606000,1.0789,1.07886,4500000,450000
2020-04-23 12:35:32.707000,1.07891,1.07887,11440000,100000
2020-04-23 12:35:32.859000,1.07892,1.0789,3000000,3000000
2020-04-23 12:35:33.012000,1.07893,1.07888,1500000,6260000
2020-04-23 12:35:33.115000,1.07891,1.07888,820000,450000
2020-04-23 12:35:33.217000,1.0789,1.07887,3000000,750000
2020-04-23 12:35:33.268000,1.0789,1.07885,750000,710000
2020-04-23 12:35:33.370000,1.07889,1.07885,750000,100000
