time,ask,bid,ask_volume,bid_volume
2022-01-13 13:25:00.220000,1.1461,1.14608,370000,750000
2022-01-13 13:25:00.647000,1.14611,1.14608,2250000,750000
2022-01-13 13:25:02.581000,1.1461,1.14608,370000,750000
2022-01-13 13:25:02.716000,1.14611,1.14608,1870000,750000
2022-01-13 13:25:02.768000,1.14609,1.14607,370000,750000
2022-01-13 13:25:02.921000,1.14607,1.14606,370000,1120000
2022-01-13 13:25:03.180000,1.1461,1.14607,370000,1500000
2022-01-13 13:25:03.282000,1.1461,1.14608,370000,750000
2022-01-13 13:25:03.817000,1.14611,1.14608,2250000,750000
2022-01-13 13:25:05.833000,1.1461,1.14608,370000,750000
2022-01-13 13:25:07.813000,1.14609,1.14608,1120000,1500000
2022-01-13 13:25:09.568000,1.14611,1.14609,750000,750000
2022-01-13 13:25:09.670000,1.14612,1.14609,1500000,750000
2022-01-13 13:25:12.022000,1.14613,1.1461,750000,1500000
2022-01-13 13:25:12.515000,1.14612,1.1461,370000,1500000
2022-01-13 13:25:12.618000,1.14612,1.14611,1120000,1500000
2022-01-13 13:25:12.771000,1.14612,1.1461,1870000,750000
2022-01-13 13:25:14.061000,1.14612,1.14611,1500000,750000
2022-01-13 13:25:14.680000,1.14614,1.14611,2250000,750000
2022-01-13 13:25:15.598000,1.14613,1.1461,1120000,1500000
2022-01-13 13:25:18.557000,1.14615,1.14612,370000,820000
2022-01-13 13:25:18.659000,1.14616,1.14613,1120000,1120000
2022-01-13 13:25:19.283000,1.14617,1.14614,1120000,750000
2022-01-13 13:25:21.024000,1.14616,1.14613,1120000,1570000
2022-01-13 13:25:21.177000,1.14617,1.14614,1500000,750000
2022-01-13 13:25:23.424000,1.14616,1.14614,100000,750000
2022-01-13 13:25:28.900000,1.14619,1.14616,1200000,1120000
2022-01-13 13:25:29.003000,1.1462,1.14619,3490000,1120000
2022-01-13 13:25:29.330000,1.1462,1.14617,820000,1120000
2022-01-13 13:25:29.432000,1.14619,1.14617,450000,750000
2022-01-13 13:25:30.468000,1.14621,1.14619,100000,750000
2022-01-13 13:25:32.644000,1.14619,1.14616,2700000,1500000
2022-01-13 13:25:32.747000,1.14618,1.14616,1570000,750000
2022-01-13 13:25:35.376000,1.14617,1.14616,2320000,750000
2022-01-13 13:25:37.125000,1.14618,1.14616,1570000,750000
2022-01-13 13:25:40.661000,1.14616,1.14614,2320000,750000
2022-01-13 13:25:41.636000,1.14613,1.14611,370000,3000000
2022-01-13 13:25:42.160000,1.14612,1.1461,2700000,750000
2022-01-13 13:25:42.263000,1.14611,1.14609,370000,750000
2022-01-13 13:25:42.365000,1.14611,1.14608,370000,1310000
2022-01-13 13:25:42.518000,1.14612,1.1461,2320000,1500000
2022-01-13 13:25:42.808000,1.14614,1.14611,2320000,1120000
2022-01-13 13:25:43.631000,1.14616,1.14614,750000,1500000
2022-01-13 13:25:43.683000,1.14618,1.14615,1270000,1690000
2022-01-13 13:25:43.785000,1.14619,1.14616,820000,1310000
2022-01-13 13:25:46.344000,1.14622,1.1462,1200000,750000
2022-01-13 13:25:46.447000,1.14623,1.14621,2020000,4010000
2022-01-13 13:25:46.549000,1.14624,1.14622,100000,750000
2022-01-13 13:25:47.017000,1.14624,1.14623,1570000,750000
2022-01-13 13:25:48.103000,1.14626,1.14623,820000,1120000
2022-01-13 13:25:48.205000,1.14626,1.14624,100000,750000
2022-01-13 13:25:49.140000,1.14623,1.14621,820000,750000
2022-01-13 13:25:49.673000,1.14622,1.1462,450000,750000
2022-01-13 13:25:49.775000,1.14622,1.14619,450000,1310000
2022-01-13 13:25:50.390000,1.1462,1.14618,370000,1500000
2022-01-13 13:25:50.950000,1.1462,1.14617,1200000,1500000
2022-01-13 13:25:51.671000,1.14619,1.14617,450000,750000
2022-01-13 13:25:54.537000,1.14618,1.14616,100000,750000
2022-01-13 13:25:55.033000,1.14619,1.14616,2250000,750000
2022-01-13 13:25:55.304000,1.14616,1.14613,1200000,3000000
2022-01-13 13:25:55.406000,1.14616,1.14614,450000,750000
2022-01-13 13:25:56.730000,1.14618,1.14615,100000,3370000
2022-01-13 13:25:56.782000,1.1462,1.14618,3150000,750000
2022-01-13 13:25:56.936000,1.14621,1.14619,750000,750000
2022-01-13 13:25:57.577000,1.14622,1.14619,3450000,750000
2022-01-13 13:25:58.851000,1.14621,1.14619,1950000,750000
2022-01-13 13:25:59.952000,1.14622,1.14619,2700000,750000
2022-01-13 13:26:00.310000,1.14621,1.14619,1570000,750000
2022-01-13 13:26:00.734000,1.1462,1.14617,2700000,1120000
2022-01-13 13:26:00.836000,1.14619,1.14617,1570000,750000
2022-01-13 13:26:01.964000,1.1462,1.14617,3070000,750000
2022-01-13 13:26:02.590000,1.14619,1.14617,1570000,750000
2022-01-13 13:26:02.896000,1.1462,1.14617,2700000,750000
2022-01-13 13:26:03.614000,1.14621,1.14619,1570000,750000
2022-01-13 13:26:03.717000,1.14622,1.14619,3070000,750000
2022-01-13 13:26:07.310000,1.1462,1.14618,1950000,750000
2022-01-13 13:26:07.362000,1.14618,1.14616,2700000,2250000
2022-01-13 13:26:07.464000,1.14617,1.14615,1570000,1500000
2022-01-13 13:26:07.516000,1.1462,1.14618,1120000,750000
2022-01-13 13:26:07.567000,1.14622,1.14619,1570000,1120000
2022-01-13 13:26:09.599000,1.14621,1.14619,370000,750000
2022-01-13 13:26:09.752000,1.14619,1.14616,2320000,750000
2022-01-13 13:26:09.854000,1.14618,1.14616,1570000,750000
2022-01-13 13:26:09.957000,1.14617,1.14614,2320000,2620000
2022-01-13 13:26:10.717000,1.14616,1.14613,2320000,750000
2022-01-13 13:26:11.622000,1.14616,1.14614,370000,750000
2022-01-13 13:26:12.023000,1.14617,1.14614,2320000,1500000
2022-01-13 13:26:17.458000,1.14616,1.14614,100000,750000
2022-01-13 13:26:18.442000,1.14617,1.14614,1570000,750000
2022-01-13 13:26:22.817000,1.14618,1.14615,820000,750000
2022-01-13 13:26:24.026000,1.14616,1.14614,100000,750000
2022-01-13 13:26:27.719000,1.14615,1.14613,370000,750000
2022-01-13 13:26:28.697000,1.14615,1.14612,370000,3000000
2022-01-13 13:26:29.748000,1.14616,1.14613,370000,1310000
2022-01-13 13:26:30.795000,1.14616,1.14614,370000,750000
2022-01-13 13:26:33.747000,1.14615,1.14613,1120000,750000
2022-01-13 13:26:41.151000,1.14612,1.14611,1120000,4310000
2022-01-13 13:26:41.304000,1.14613,1.14612,370000,2250000
2022-01-13 13:26:41.407000,1.14616,1.14613,2020000,750000
2022-01-13 13:26:42.064000,1.14616,1.14614,750000,750000
2022-01-13 13:26:42.166000,1.14617,1.14614,750000,1500000
2022-01-13 13:26:44.369000,1.14619,1.14616,1200000,1500000
2022-01-13 13:26:44.472000,1.1462,1.14618,750000,750000
2022-01-13 13:26:45.654000,1.14621,1.14618,1200000,1500000
2022-01-13 13:26:45.757000,1.1462,1.14618,750000,750000
2022-01-13 13:26:46.513000,1.14621,1.14618,750000,1500000
2022-01-13 13:26:50.369000,1.14621,1.14619,750000,750000
2022-01-13 13:26:50.471000,1.14622,1.14619,750000,2250000
2022-01-13 13:26:50.573000,1.14621,1.1462,750000,2250000
2022-01-13 13:26:50.726000,1.14622,1.14619,750000,1870000
2022-01-13 13:26:54.341000,1.14623,1.1462,1570000,750000
2022-01-13 13:26:54.444000,1.14624,1.14621,1570000,750000
2022-01-13 13:26:54.597000,1.14624,1.14622,450000,750000
2022-01-13 13:26:55.401000,1.14623,1.1462,750000,3000000
2022-01-13 13:26:57.307000,1.14625,1.14622,820000,750000
2022-01-13 13:26:57.410000,1.14625,1.14624,2320000,750000
2022-01-13 13:26:58.097000,1.14626,1.14624,750000,750000
2022-01-13 13:26:58.909000,1.14627,1.14625,750000,750000
2022-01-13 13:26:59.012000,1.14629,1.14626,750000,1120000
2022-01-13 13:26:59.063000,1.14631,1.14628,2020000,1120000
2022-01-13 13:26:59.166000,1.14631,1.14629,1500000,750000
2022-01-13 13:26:59.421000,1.14634,1.14631,820000,1870000
2022-01-13 13:26:59.473000,1.14635,1.14634,2740000,1120000
2022-01-13 13:27:00.053000,1.14637,1.14634,1570000,1870000
2022-01-13 13:27:00.156000,1.14637,1.14635,1500000,750000
2022-01-13 13:27:00.258000,1.14637,1.14634,1500000,2250000
2022-01-13 13:27:02.985000,1.14638,1.14635,750000,3370000
2022-01-13 13:27:09.970000,1.14639,1.14637,750000,370000
2022-01-13 13:27:10.073000,1.14641,1.14639,2660000,750000
2022-01-13 13:27:10.176000,1.14639,1.14638,450000,750000
2022-01-13 13:27:10.278000,1.1464,1.14637,820000,1120000
2022-01-13 13:27:11.081000,1.14639,1.14636,820000,750000
2022-01-13 13:27:11.234000,1.1464,1.14637,820000,750000
2022-01-13 13:27:13.505000,1.14638,1.14637,750000,1870000
2022-01-13 13:27:13.556000,1.14638,1.14635,820000,750000
2022-01-13 13:27:19.826000,1.1464,1.14638,4200000,2250000
2022-01-13 13:27:19.928000,1.14642,1.14639,1570000,2060000
2022-01-13 13:27:21.001000,1.14643,1.1464,1200000,750000
2022-01-13 13:27:23.553000,1.14642,1.14639,750000,1870000
2022-01-13 13:27:27.353000,1.14641,1.14638,820000,1120000
2022-01-13 13:27:29.213000,1.1464,1.14638,750000,370000
2022-01-13 13:27:29.264000,1.14638,1.14636,750000,750000
2022-01-13 13:27:29.469000,1.14636,1.14635,820000,1870000
2022-01-13 13:27:36.531000,1.14636,1.14635,750000,2440000
2022-01-13 13:27:36.634000,1.14636,1.14635,750000,2060000
2022-01-13 13:27:38.152000,1.14637,1.14635,750000,370000
2022-01-13 13:27:38.255000,1.14638,1.14635,750000,1120000
2022-01-13 13:27:43.798000,1.14637,1.14635,820000,1690000
2022-01-13 13:27:48.052000,1.14638,1.14635,750000,750000
2022-01-13 13:27:51.321000,1.14638,1.14636,1200000,750000
2022-01-13 13:27:52.215000,1.14639,1.14637,100000,750000
2022-01-13 13:27:56.951000,1.1464,1.14638,2400000,750000
2022-01-13 13:27:57.155000,1.14643,1.1464,1950000,750000
2022-01-13 13:27:58.992000,1.14644,1.14641,2320000,750000
2022-01-13 13:27:59.444000,1.14646,1.14642,3410000,750000
2022-01-13 13:28:00.354000,1.14645,1.14642,750000,750000
2022-01-13 13:28:02.110000,1.14647,1.14644,1950000,750000
2022-01-13 13:28:07.062000,1.14646,1.14644,750000,750000
2022-01-13 13:28:07.876000,1.14646,1.14643,2250000,750000
2022-01-13 13:28:11.255000,1.14648,1.14645,2020000,750000
2022-01-13 13:28:14.190000,1.14647,1.14645,370000,750000
2022-01-13 13:28:15.337000,1.14648,1.14646,750000,750000
2022-01-13 13:28:16.012000,1.14649,1.14646,1120000,750000
2022-01-13 13:28:17.152000,1.14651,1.14647,3450000,750000
2022-01-13 13:28:17.254000,1.14651,1.14648,3070000,750000
2022-01-13 13:28:19.402000,1.14652,1.14649,2250000,3640000
2022-01-13 13:28:19.504000,1.14651,1.14649,750000,1310000
2022-01-13 13:28:19.960000,1.14651,1.14648,1120000,820000
2022-01-13 13:28:22.285000,1.1465,1.14647,1120000,1570000
2022-01-13 13:28:23.641000,1.14651,1.14647,1120000,1010000
2022-01-13 13:28:24.023000,1.1465,1.14647,750000,1120000
2022-01-13 13:28:24.245000,1.1465,1.14648,1120000,750000
2022-01-13 13:28:25.167000,1.14651,1.14648,2700000,750000
2022-01-13 13:28:25.218000,1.14649,1.14646,750000,820000
2022-01-13 13:28:25.638000,1.1465,1.14647,750000,2440000
2022-01-13 13:28:25.995000,1.14649,1.14646,750000,1950000
2022-01-13 13:28:27.481000,1.14648,1.14646,750000,1200000
2022-01-13 13:28:28.362000,1.14648,1.14645,750000,1950000
2022-01-13 13:28:29.077000,1.14648,1.14646,750000,370000
2022-01-13 13:28:29.368000,1.14648,1.14645,750000,1950000
2022-01-13 13:28:30.242000,1.14647,1.14644,750000,2140000
2022-01-13 13:28:33.016000,1.1465,1.14647,2250000,750000
2022-01-13 13:28:33.118000,1.14648,1.14645,750000,1390000
2022-01-13 13:28:36.064000,1.14647,1.14644,750000,750000
2022-01-13 13:28:39.899000,1.14645,1.14644,750000,1200000
2022-01-13 13:28:42.098000,1.14646,1.14644,750000,100000
2022-01-13 13:28:43.070000,1.14646,1.14643,750000,1200000
2022-01-13 13:28:43.259000,1.14645,1.14642,750000,1200000
2022-01-13 13:28:43.515000,1.14645,1.14643,750000,370000
2022-01-13 13:28:43.617000,1.14646,1.14644,750000,1200000
2022-01-13 13:28:44.363000,1.14645,1.14642,1120000,1200000
2022-01-13 13:28:44.568000,1.14645,1.14643,750000,370000
2022-01-13 13:28:44.772000,1.14644,1.14642,370000,750000
2022-01-13 13:28:45.880000,1.14643,1.14641,750000,450000
2022-01-13 13:28:45.982000,1.14643,1.1464,750000,1200000
2022-01-13 13:28:46.647000,1.14644,1.14641,750000,750000
2022-01-13 13:28:47.535000,1.14643,1.1464,750000,820000
2022-01-13 13:28:52.315000,1.14643,1.14641,750000,750000
2022-01-13 13:28:52.418000,1.14643,1.1464,750000,3450000
2022-01-13 13:28:53.153000,1.14642,1.14639,750000,1200000
2022-01-13 13:28:53.256000,1.14641,1.14639,750000,750000
2022-01-13 13:28:53.358000,1.14643,1.1464,1200000,820000
2022-01-13 13:28:56.642000,1.14642,1.1464,750000,1200000
2022-01-13 13:29:02.053000,1.14643,1.1464,1120000,750000
2022-01-13 13:29:04.826000,1.14642,1.14639,750000,820000
2022-01-13 13:29:05.242000,1.1464,1.14638,190000,750000
2022-01-13 13:29:05.293000,1.14639,1.14636,750000,100000
2022-01-13 13:29:06.265000,1.14639,1.14635,1390000,3070000
2022-01-13 13:29:06.368000,1.14639,1.14636,1010000,750000
2022-01-13 13:29:06.843000,1.14637,1.14636,370000,1570000
2022-01-13 13:29:07.503000,1.14638,1.14635,1120000,1570000
2022-01-13 13:29:09.475000,1.14639,1.14636,1120000,1570000
2022-01-13 13:29:11.625000,1.14638,1.14636,370000,820000
2022-01-13 13:29:16.744000,1.14639,1.14636,2320000,750000
2022-01-13 13:29:21.958000,1.14637,1.14634,1120000,1950000
2022-01-13 13:29:24.964000,1.14635,1.14634,750000,820000
2022-01-13 13:29:30.271000,1.14634,1.14632,750000,750000
2022-01-13 13:29:31.053000,1.14635,1.14632,750000,1500000
2022-01-13 13:29:31.155000,1.14635,1.14633,750000,750000
2022-01-13 13:29:31.721000,1.14636,1.14633,750000,1500000
2022-01-13 13:29:33.128000,1.14637,1.14634,750000,750000
2022-01-13 13:29:35.158000,1.14636,1.14633,2320000,1120000
2022-01-13 13:29:35.260000,1.14635,1.14633,750000,370000
2022-01-13 13:29:35.651000,1.14635,1.14632,750000,1120000
2022-01-13 13:29:36.787000,1.14635,1.14633,750000,750000
2022-01-13 13:29:38.272000,1.14635,1.14632,750000,750000
2022-01-13 13:29:40.106000,1.14636,1.14633,750000,820000
2022-01-13 13:29:40.208000,1.14638,1.14635,1570000,750000
2022-01-13 13:29:44.361000,1.14639,1.14636,2400000,750000
2022-01-13 13:29:48.789000,1.14638,1.14636,190000,750000
2022-01-13 13:29:49.106000,1.14639,1.14636,4270000,750000
2022-01-13 13:29:49.324000,1.14638,1.14636,820000,750000
2022-01-13 13:29:49.499000,1.14638,1.14635,1570000,750000
2022-01-13 13:29:50.532000,1.14638,1.14636,1570000,750000
2022-01-13 13:29:50.635000,1.1464,1.14637,1570000,750000
2022-01-13 13:29:51.093000,1.14639,1.14636,750000,750000
2022-01-13 13:29:51.297000,1.1464,1.14637,1570000,750000
2022-01-13 13:29:53.187000,1.1464,1.14638,450000,750000
2022-01-13 13:29:53.289000,1.14641,1.14638,1570000,750000
2022-01-13 13:29:55.114000,1.14644,1.1464,2960000,750000
2022-01-13 13:29:55.216000,1.14644,1.14641,2210000,750000
2022-01-13 13:29:56.017000,1.14644,1.14642,1500000,750000
2022-01-13 13:30:00.007000,1.14644,1.14641,750000,750000
2022-01-13 13:30:00.160000,1.14643,1.1464,750000,750000
2022-01-13 13:30:00.262000,1.14643,1.14641,1500000,750000
2022-01-13 13:30:00.619000,1.14642,1.1464,750000,750000
2022-01-13 13:30:01.229000,1.14643,1.1464,1120000,750000
2022-01-13 13:30:01.998000,1.14642,1.1464,750000,750000
2022-01-13 13:30:02.790000,1.14643,1.1464,2320000,750000
2022-01-13 13:30:03.055000,1.1464,1.14638,750000,750000
2022-01-13 13:30:03.158000,1.14641,1.14638,820000,750000
2022-01-13 13:30:03.311000,1.14642,1.14638,2320000,750000
2022-01-13 13:30:03.678000,1.14641,1.14638,1500000,750000
2022-01-13 13:30:03.780000,1.1464,1.14638,750000,750000
2022-01-13 13:30:03.882000,1.14641,1.14638,1500000,750000
2022-01-13 13:30:04.394000,1.14642,1.14638,1500000,1500000
2022-01-13 13:30:04.973000,1.14641,1.14638,750000,750000
2022-01-13 13:30:05.903000,1.1464,1.14638,750000,750000
2022-01-13 13:30:06.853000,1.14642,1.1464,820000,750000
2022-01-13 13:30:06.955000,1.14645,1.14642,2250000,750000
2022-01-13 13:30:07.108000,1.14644,1.14641,750000,750000
2022-01-13 13:30:07.707000,1.14645,1.14641,1500000,1500000
2022-01-13 13:30:07.809000,1.14644,1.14641,750000,1500000
2022-01-13 13:30:07.962000,1.14645,1.14641,1500000,1500000
2022-01-13 13:30:08.064000,1.14645,1.14642,1500000,750000
2022-01-13 13:30:08.167000,1.14645,1.14641,2320000,750000
2022-01-13 13:30:09.082000,1.14644,1.14641,750000,750000
2022-01-13 13:30:09.235000,1.14644,1.14642,750000,750000
2022-01-13 13:30:09.338000,1.14644,1.14641,750000,750000
2022-01-13 13:30:09.593000,1.14644,1.14642,750000,750000
2022-01-13 13:30:10.157000,1.14645,1.14642,750000,750000
2022-01-13 13:30:10.260000,1.14646,1.14642,2020000,820000
2022-01-13 13:30:10.570000,1.14648,1.14645,1950000,100000
2022-01-13 13:30:10.673000,1.14649,1.14646,750000,750000
2022-01-13 13:30:10.776000,1.14652,1.14649,1460000,820000
2022-01-13 13:30:10.827000,1.14656,1.14653,370000,750000
2022-01-13 13:30:10.930000,1.14661,1.14659,5330000,750000
2022-01-13 13:30:10.981000,1.14662,1.1466,5210000,820000
2022-01-13 13:30:11.033000,1.14664,1.14662,450000,750000
2022-01-13 13:30:11.084000,1.14666,1.14663,750000,820000
2022-01-13 13:30:11.187000,1.14664,1.14662,750000,450000
2022-01-13 13:30:11.238000,1.14667,1.14664,750000,750000
2022-01-13 13:30:11.290000,1.14664,1.14661,750000,750000
2022-01-13 13:30:11.392000,1.14663,1.1466,750000,1200000
2022-01-13 13:30:11.495000,1.14665,1.14663,370000,750000
2022-01-13 13:30:11.546000,1.14667,1.14663,2020000,750000
2022-01-13 13:30:11.649000,1.14666,1.14663,750000,750000
2022-01-13 13:30:11.751000,1.14667,1.14663,820000,750000
2022-01-13 13:30:11.956000,1.14667,1.14664,750000,750000
2022-01-13 13:30:12.166000,1.14665,1.14662,750000,750000
2022-01-13 13:30:12.269000,1.14667,1.14664,1500000,750000
2022-01-13 13:30:12.857000,1.1467,1.14668,1840000,750000
2022-01-13 13:30:12.960000,1.14669,1.14666,750000,820000
2022-01-13 13:30:13.011000,1.14671,1.14668,5250000,750000
2022-01-13 13:30:13.114000,1.14669,1.14666,750000,750000
2022-01-13 13:30:13.166000,1.14671,1.14669,750000,750000
2022-01-13 13:30:13.268000,1.14669,1.14668,750000,1120000
2022-01-13 13:30:13.370000,1.14671,1.14669,750000,1120000
2022-01-13 13:30:13.473000,1.14672,1.14669,820000,1120000
2022-01-13 13:30:13.685000,1.14666,1.14664,450000,370000
2022-01-13 13:30:13.788000,1.14666,1.14663,750000,5630000
2022-01-13 13:30:13.890000,1.14663,1.1466,750000,750000
2022-01-13 13:30:13.992000,1.14662,1.1466,750000,750000
2022-01-13 13:30:14.043000,1.1466,1.14657,750000,750000
2022-01-13 13:30:14.146000,1.14658,1.14655,750000,750000
2022-01-13 13:30:14.349000,1.14658,1.14654,750000,750000
2022-01-13 13:30:14.452000,1.14657,1.14654,750000,750000
2022-01-13 13:30:14.656000,1.14658,1.14654,1200000,750000
2022-01-13 13:30:15.031000,1.14659,1.14656,1500000,750000
2022-01-13 13:30:15.133000,1.1466,1.14656,2020000,750000
2022-01-13 13:30:15.236000,1.14659,1.14655,750000,750000
2022-01-13 13:30:15.338000,1.14659,1.14656,750000,750000
2022-01-13 13:30:15.440000,1.14658,1.14655,750000,750000
2022-01-13 13:30:15.543000,1.14659,1.14656,750000,750000
2022-01-13 13:30:15.645000,1.1466,1.14657,750000,750000
2022-01-13 13:30:17.313000,1.14659,1.14656,750000,750000
2022-01-13 13:30:18.009000,1.14658,1.14655,750000,750000
2022-01-13 13:30:18.365000,1.14663,1.14661,2210000,750000
2022-01-13 13:30:18.417000,1.14662,1.14659,750000,2770000
2022-01-13 13:30:18.519000,1.14663,1.1466,2250000,750000
2022-01-13 13:30:18.673000,1.14663,1.14661,750000,750000
2022-01-13 13:30:18.877000,1.14662,1.14659,750000,750000
2022-01-13 13:30:19.686000,1.14664,1.14661,1500000,750000
2022-01-13 13:30:19.788000,1.14665,1.14661,750000,1200000
2022-01-13 13:30:20.235000,1.14664,1.1466,750000,820000
2022-01-13 13:30:20.439000,1.14664,1.14661,750000,750000
2022-01-13 13:30:20.542000,1.14666,1.14662,3070000,750000
2022-01-13 13:30:20.797000,1.14665,1.14662,100000,750000
2022-01-13 13:30:20.950000,1.14666,1.14662,1500000,820000
2022-01-13 13:30:21.052000,1.14666,1.14664,2320000,750000
2022-01-13 13:30:21.155000,1.14665,1.14664,750000,750000
2022-01-13 13:30:21.257000,1.14667,1.14663,820000,750000
2022-01-13 13:30:21.360000,1.1467,1.14666,1500000,750000
2022-01-13 13:30:21.463000,1.14667,1.14664,750000,750000
2022-01-13 13:30:23.462000,1.14666,1.14664,1870000,1200000
2022-01-13 13:30:23.555000,1.14664,1.1466,1200000,2440000
2022-01-13 13:30:23.662000,1.14662,1.14659,750000,5250000
2022-01-13 13:30:24.288000,1.14662,1.14658,1500000,1200000
2022-01-13 13:30:24.649000,1.14663,1.14659,2320000,750000
2022-01-13 13:30:24.803000,1.14662,1.14659,750000,750000
2022-01-13 13:30:24.906000,1.14665,1.14663,750000,750000
2022-01-13 13:30:25.060000,1.14665,1.14662,2140000,750000
2022-01-13 13:30:25.163000,1.14663,1.1466,820000,750000
2022-01-13 13:30:25.267000,1.14661,1.14659,750000,750000
2022-01-13 13:30:25.319000,1.1466,1.14657,1310000,750000
2022-01-13 13:30:25.370000,1.14658,1.14655,1200000,750000
2022-01-13 13:30:25.473000,1.14657,1.14654,100000,750000
2022-01-13 13:30:25.576000,1.14656,1.14652,2140000,750000
2022-01-13 13:30:25.678000,1.14655,1.14652,1200000,750000
2022-01-13 13:30:25.781000,1.14656,1.14653,1200000,750000
2022-01-13 13:30:25.883000,1.14654,1.14653,100000,750000
2022-01-13 13:30:26.511000,1.14654,1.14652,370000,750000
2022-01-13 13:30:26.613000,1.14653,1.14652,370000,750000
2022-01-13 13:30:26.818000,1.14654,1.14652,450000,750000
2022-01-13 13:30:27.081000,1.14656,1.14654,750000,750000
2022-01-13 13:30:27.132000,1.14658,1.14656,1460000,450000
2022-01-13 13:30:27.235000,1.14659,1.14657,750000,750000
2022-01-13 13:30:27.337000,1.14659,1.14656,750000,750000
2022-01-13 13:30:27.440000,1.14659,1.14657,750000,750000
2022-01-13 13:30:28.274000,1.1466,1.14657,450000,750000
2022-01-13 13:30:28.427000,1.1466,1.14656,1200000,750000
2022-01-13 13:30:28.530000,1.1466,1.14657,1200000,750000
2022-01-13 13:30:28.642000,1.1467,1.14665,1950000,1950000
2022-01-13 13:30:28.745000,1.1467,1.14667,370000,1200000
2022-01-13 13:30:28.796000,1.14673,1.14671,1460000,750000
2022-01-13 13:30:28.898000,1.14674,1.14671,1120000,750000
2022-01-13 13:30:28.950000,1.14677,1.14674,4240000,750000
2022-01-13 13:30:29.053000,1.14678,1.14674,1120000,750000
2022-01-13 13:30:29.155000,1.14678,1.14675,750000,750000
2022-01-13 13:30:29.562000,1.14677,1.14673,1120000,750000
2022-01-13 13:30:30.072000,1.14677,1.14674,750000,750000
2022-01-13 13:30:30.175000,1.14681,1.14678,1460000,1470000
2022-01-13 13:30:30.277000,1.14682,1.14679,1500000,750000
2022-01-13 13:30:31.055000,1.14682,1.1468,750000,750000
2022-01-13 13:30:31.268000,1.14683,1.1468,1500000,750000
2022-01-13 13:30:31.789000,1.1468,1.14677,750000,100000
2022-01-13 13:30:31.892000,1.14681,1.14678,820000,750000
2022-01-13 13:30:33.032000,1.14682,1.14679,100000,750000
2022-01-13 13:30:33.135000,1.14683,1.14679,1200000,750000
2022-01-13 13:30:33.237000,1.14682,1.14679,1570000,750000
2022-01-13 13:30:34.532000,1.14681,1.14678,370000,750000
2022-01-13 13:30:34.739000,1.14681,1.14679,2700000,750000
2022-01-13 13:30:34.841000,1.14681,1.14678,370000,750000
2022-01-13 13:30:34.893000,1.14678,1.14675,1200000,1500000
2022-01-13 13:30:34.995000,1.14677,1.14675,2250000,750000
2022-01-13 13:30:35.256000,1.14677,1.14674,2250000,750000
2022-01-13 13:30:36.101000,1.14674,1.1467,1200000,3640000
2022-01-13 13:30:36.255000,1.14679,1.14677,3750000,1120000
2022-01-13 13:30:36.358000,1.14679,1.14678,750000,1390000
2022-01-13 13:30:36.511000,1.1468,1.14678,750000,750000
2022-01-13 13:30:36.613000,1.1468,1.14677,750000,750000
2022-01-13 13:30:36.818000,1.14684,1.14681,750000,1120000
2022-01-13 13:30:36.870000,1.14686,1.14682,2320000,750000
2022-01-13 13:30:37.023000,1.14687,1.14684,750000,750000
2022-01-13 13:30:37.125000,1.1469,1.14687,750000,370000
2022-01-13 13:30:37.228000,1.14692,1.14689,750000,750000
2022-01-13 13:30:37.330000,1.14689,1.14687,750000,750000
2022-01-13 13:30:37.433000,1.14689,1.14686,1500000,370000
2022-01-13 13:30:37.535000,1.14688,1.14684,750000,1200000
2022-01-13 13:30:37.638000,1.14686,1.14685,750000,750000
2022-01-13 13:30:37.802000,1.14686,1.14682,1120000,750000
2022-01-13 13:30:38.671000,1.14685,1.14682,370000,750000
2022-01-13 13:30:39.621000,1.14686,1.14682,820000,750000
2022-01-13 13:30:39.931000,1.14686,1.14683,750000,750000
2022-01-13 13:30:40.084000,1.14686,1.14682,750000,750000
2022-01-13 13:30:40.423000,1.14684,1.14682,370000,750000
2022-01-13 13:30:40.595000,1.14685,1.14684,1500000,750000
2022-01-13 13:30:40.901000,1.14687,1.14684,1120000,750000
2022-01-13 13:30:41.192000,1.14688,1.14685,1500000,750000
2022-01-13 13:30:41.829000,1.14683,1.14681,750000,2060000
2022-01-13 13:30:41.931000,1.14683,1.1468,750000,2700000
2022-01-13 13:30:42.288000,1.14683,1.14679,1500000,750000
2022-01-13 13:30:43.100000,1.14682,1.14679,750000,750000
2022-01-13 13:30:43.203000,1.14678,1.14676,750000,1690000
2022-01-13 13:30:43.305000,1.14677,1.14675,2060000,750000
2022-01-13 13:30:43.408000,1.14676,1.14674,820000,3750000
2022-01-13 13:30:43.459000,1.14676,1.14672,1200000,750000
2022-01-13 13:30:43.561000,1.14675,1.14672,370000,750000
2022-01-13 13:30:44.387000,1.14676,1.14672,1950000,750000
2022-01-13 13:30:44.540000,1.14675,1.14672,1120000,750000
2022-01-13 13:30:44.592000,1.14673,1.1467,750000,750000
2022-01-13 13:30:44.702000,1.14675,1.14672,750000,750000
2022-01-13 13:30:44.804000,1.14676,1.14673,750000,750000
2022-01-13 13:30:44.907000,1.14677,1.14676,1500000,370000
2022-01-13 13:30:45.009000,1.14677,1.14674,750000,1310000
2022-01-13 13:30:45.111000,1.14677,1.14673,1120000,1500000
2022-01-13 13:30:45.594000,1.14679,1.14675,750000,1870000
2022-01-13 13:30:45.696000,1.14678,1.14677,1120000,1120000
2022-01-13 13:30:45.798000,1.1468,1.14677,1120000,750000
2022-01-13 13:30:45.952000,1.14676,1.14675,940000,2440000
2022-01-13 13:30:46.054000,1.14676,1.14673,750000,750000
2022-01-13 13:30:46.732000,1.14676,1.14674,820000,750000
2022-01-13 13:30:46.834000,1.14677,1.14674,750000,750000
2022-01-13 13:30:47.500000,1.14675,1.14672,370000,1120000
2022-01-13 13:30:47.602000,1.14674,1.14672,1500000,750000
2022-01-13 13:30:47.709000,1.14675,1.14672,1120000,750000
2022-01-13 13:30:47.896000,1.14674,1.14672,370000,750000
2022-01-13 13:30:47.998000,1.14674,1.14671,370000,1870000
2022-01-13 13:30:48.379000,1.14673,1.1467,1120000,1870000
2022-01-13 13:30:50.090000,1.14669,1.14667,450000,750000
2022-01-13 13:30:50.244000,1.1467,1.14667,750000,1870000
2022-01-13 13:30:50.296000,1.14673,1.1467,940000,750000
2022-01-13 13:30:50.398000,1.14673,1.14669,750000,3640000
2022-01-13 13:30:50.754000,1.14672,1.14669,2250000,750000
2022-01-13 13:30:50.857000,1.1467,1.14668,1120000,450000
2022-01-13 13:30:50.909000,1.14668,1.14666,750000,1690000
2022-01-13 13:30:50.960000,1.14668,1.14664,1120000,2770000
2022-01-13 13:30:51.062000,1.14667,1.14664,750000,1760000
2022-01-13 13:30:51.303000,1.14668,1.14665,1120000,750000
2022-01-13 13:30:51.405000,1.14668,1.14664,1120000,2140000
2022-01-13 13:30:51.733000,1.14668,1.14665,750000,750000
2022-01-13 13:30:52.244000,1.14667,1.14665,750000,1950000
2022-01-13 13:30:52.434000,1.14667,1.14664,750000,750000
2022-01-13 13:30:52.536000,1.14666,1.14664,370000,750000
2022-01-13 13:30:52.638000,1.14667,1.14664,1120000,750000
2022-01-13 13:30:52.741000,1.14666,1.14663,1120000,1120000
2022-01-13 13:30:52.843000,1.14664,1.14662,750000,450000
2022-01-13 13:30:52.946000,1.14665,1.14661,1120000,1200000
2022-01-13 13:30:53.150000,1.14665,1.14663,1870000,820000
2022-01-13 13:30:53.303000,1.14665,1.14662,750000,1120000
2022-01-13 13:30:53.456000,1.14664,1.14661,750000,1200000
2022-01-13 13:30:53.891000,1.14665,1.14662,750000,750000
2022-01-13 13:30:54.248000,1.14666,1.14665,750000,1760000
2022-01-13 13:30:54.350000,1.14667,1.14665,750000,100000
2022-01-13 13:30:54.452000,1.14669,1.14665,1500000,1390000
2022-01-13 13:30:54.555000,1.14669,1.14666,750000,450000
2022-01-13 13:30:55.122000,1.14668,1.14666,750000,100000
2022-01-13 13:30:57.025000,1.14672,1.14669,750000,820000
2022-01-13 13:30:57.128000,1.14671,1.14669,370000,750000
2022-01-13 13:30:57.230000,1.1467,1.14667,750000,750000
2022-01-13 13:30:57.332000,1.1467,1.14666,750000,750000
2022-01-13 13:30:57.434000,1.14669,1.14666,750000,750000
2022-01-13 13:30:58.248000,1.14668,1.14665,750000,1120000
2022-01-13 13:31:00.209000,1.14664,1.14662,750000,450000
2022-01-13 13:31:00.311000,1.14664,1.14661,750000,370000
2022-01-13 13:31:00.464000,1.14666,1.14663,750000,100000
2022-01-13 13:31:00.566000,1.14667,1.14664,1200000,750000
2022-01-13 13:31:00.772000,1.14667,1.14663,1200000,750000
2022-01-13 13:31:00.874000,1.14667,1.14665,2510000,750000
2022-01-13 13:31:00.977000,1.14668,1.14665,1500000,750000
2022-01-13 13:31:01.341000,1.14668,1.14666,750000,750000
2022-01-13 13:31:01.544000,1.14668,1.14665,2620000,750000
2022-01-13 13:31:01.647000,1.14668,1.14666,1870000,750000
2022-01-13 13:31:01.749000,1.14668,1.14665,2620000,750000
2022-01-13 13:31:02.852000,1.14667,1.14665,2250000,750000
2022-01-13 13:31:02.904000,1.14666,1.14663,1500000,750000
2022-01-13 13:31:03.007000,1.14666,1.14662,1120000,2510000
2022-01-13 13:31:03.109000,1.14667,1.14664,1690000,750000
2022-01-13 13:31:03.904000,1.14668,1.14665,1120000,750000
2022-01-13 13:31:04.006000,1.14667,1.14665,370000,750000
2022-01-13 13:31:04.874000,1.14667,1.14664,370000,750000
2022-01-13 13:31:05.308000,1.14663,1.14661,370000,1200000
2022-01-13 13:31:05.462000,1.14664,1.14661,1120000,1500000
2022-01-13 13:31:05.850000,1.14663,1.14661,370000,750000
2022-01-13 13:31:06.170000,1.14663,1.1466,750000,750000
2022-01-13 13:31:06.383000,1.1466,1.14658,1500000,4500000
2022-01-13 13:31:06.486000,1.1466,1.14658,370000,750000
2022-01-13 13:31:06.639000,1.14661,1.14658,2620000,750000
2022-01-13 13:31:06.872000,1.1466,1.14657,750000,1310000
2022-01-13 13:31:09.447000,1.14659,1.14657,370000,560000
2022-01-13 13:31:09.752000,1.1466,1.14657,1120000,560000
2022-01-13 13:31:12.537000,1.14661,1.14658,3000000,750000
2022-01-13 13:31:12.690000,1.1466,1.14657,750000,750000
2022-01-13 13:31:13.268000,1.14659,1.14657,370000,750000
2022-01-13 13:31:13.551000,1.14658,1.14657,1120000,1390000
2022-01-13 13:31:15.338000,1.14661,1.14658,750000,750000
2022-01-13 13:31:15.441000,1.14662,1.14658,3190000,750000
2022-01-13 13:31:16.080000,1.14661,1.1466,3190000,750000
2022-01-13 13:31:16.789000,1.14662,1.1466,2620000,750000
2022-01-13 13:31:16.891000,1.14662,1.14659,2250000,750000
2022-01-13 13:31:17.095000,1.14661,1.14658,1500000,750000
2022-01-13 13:31:17.197000,1.1466,1.14657,750000,1500000
2022-01-13 13:31:21.170000,1.14659,1.14656,370000,820000
2022-01-13 13:31:21.221000,1.14656,1.14654,1500000,1500000
2022-01-13 13:31:21.324000,1.14654,1.14651,2250000,4500000
2022-01-13 13:31:21.970000,1.14654,1.1465,2620000,1570000
2022-01-13 13:31:22.077000,1.14653,1.1465,750000,1570000
2022-01-13 13:31:22.179000,1.14654,1.1465,2250000,1570000
2022-01-13 13:31:27.106000,1.14654,1.14652,2250000,1200000
2022-01-13 13:31:27.157000,1.14657,1.14654,3190000,750000
2022-01-13 13:31:28.644000,1.14654,1.14651,2250000,4870000
2022-01-13 13:31:28.746000,1.14654,1.1465,2620000,1760000
2022-01-13 13:31:28.849000,1.14653,1.14652,750000,750000
2022-01-13 13:31:30.578000,1.14652,1.1465,1500000,750000
2022-01-13 13:31:31.196000,1.14653,1.1465,2620000,750000
2022-01-13 13:31:33.076000,1.14655,1.14651,750000,1200000
2022-01-13 13:31:33.235000,1.14655,1.14652,1500000,750000
2022-01-13 13:31:33.343000,1.14654,1.14651,750000,820000
2022-01-13 13:31:34.168000,1.14652,1.1465,2250000,2510000
2022-01-13 13:31:34.657000,1.14653,1.1465,1500000,820000
2022-01-13 13:31:34.759000,1.14654,1.14651,1500000,750000
2022-01-13 13:31:34.862000,1.14656,1.14653,750000,750000
2022-01-13 13:31:34.964000,1.14657,1.14653,2620000,750000
2022-01-13 13:31:35.912000,1.14657,1.14654,2250000,750000
2022-01-13 13:31:36.475000,1.14655,1.14653,370000,750000
2022-01-13 13:31:36.628000,1.14655,1.14652,370000,1200000
2022-01-13 13:31:36.730000,1.14656,1.14653,2620000,750000
2022-01-13 13:31:41.194000,1.14655,1.14652,1500000,750000
2022-01-13 13:31:41.724000,1.14653,1.14652,1500000,1500000
2022-01-13 13:31:41.877000,1.14654,1.14651,1120000,1500000
2022-01-13 13:31:41.987000,1.14653,1.1465,1120000,1500000
2022-01-13 13:31:42.089000,1.14653,1.14649,1120000,820000
2022-01-13 13:31:42.243000,1.14652,1.14648,2250000,820000
2022-01-13 13:31:43.095000,1.14651,1.14648,2250000,750000
2022-01-13 13:31:43.326000,1.14652,1.14648,1120000,820000
2022-01-13 13:31:43.679000,1.14651,1.14648,2440000,750000
2022-01-13 13:31:43.781000,1.14649,1.14646,750000,100000
2022-01-13 13:31:45.266000,1.14647,1.14643,750000,1570000
2022-01-13 13:31:45.917000,1.14647,1.14644,750000,750000
2022-01-13 13:31:48.495000,1.14647,1.14643,1310000,820000
2022-01-13 13:31:49.052000,1.14649,1.14646,1500000,100000
2022-01-13 13:31:49.154000,1.14649,1.14647,2250000,820000
2022-01-13 13:31:49.426000,1.1465,1.14647,2250000,100000
2022-01-13 13:31:50.006000,1.14651,1.14647,1120000,820000
2022-01-13 13:31:50.109000,1.14653,1.14649,1500000,1570000
2022-01-13 13:31:57.347000,1.14655,1.14651,1500000,1950000
2022-01-13 13:31:57.601000,1.14653,1.14652,370000,1570000
2022-01-13 13:31:59.780000,1.14657,1.14654,1500000,2250000
2022-01-13 13:32:00.410000,1.14656,1.14653,940000,1500000
2022-01-13 13:32:00.512000,1.14655,1.14652,3190000,1120000
2022-01-13 13:32:00.614000,1.14654,1.14652,370000,1120000
2022-01-13 13:32:01.070000,1.14655,1.14652,1200000,1120000
2022-01-13 13:32:01.172000,1.14656,1.14653,1200000,370000
2022-01-13 13:32:01.275000,1.14654,1.14651,2320000,370000
2022-01-13 13:32:01.377000,1.14652,1.14651,2320000,370000
2022-01-13 13:32:01.530000,1.14653,1.14649,2320000,1870000
2022-01-13 13:32:02.323000,1.14653,1.1465,640000,1120000
2022-01-13 13:32:02.425000,1.14652,1.1465,370000,370000
2022-01-13 13:32:02.629000,1.14652,1.14649,1310000,1120000
2022-01-13 13:32:02.683000,1.14649,1.14646,2250000,2810000
2022-01-13 13:32:02.785000,1.14648,1.14645,750000,1870000
2022-01-13 13:32:02.888000,1.14647,1.14645,1120000,750000
2022-01-13 13:32:03.321000,1.14647,1.14644,1120000,1120000
2022-01-13 13:32:04.839000,1.14643,1.14642,820000,1870000
2022-01-13 13:32:04.948000,1.14641,1.1464,1010000,1120000
2022-01-13 13:32:05.101000,1.14642,1.14639,820000,750000
2022-01-13 13:32:05.306000,1.1464,1.14636,820000,1120000
2022-01-13 13:32:05.408000,1.14637,1.14635,750000,750000
2022-01-13 13:32:05.510000,1.14636,1.14635,750000,750000
2022-01-13 13:32:05.663000,1.14637,1.14633,940000,1500000
2022-01-13 13:32:07.364000,1.14636,1.14633,1690000,750000
2022-01-13 13:32:07.416000,1.14635,1.14631,1500000,1120000
2022-01-13 13:32:07.467000,1.14633,1.14631,1120000,370000
2022-01-13 13:32:07.569000,1.14633,1.14629,1120000,1870000
2022-01-13 13:32:08.123000,1.14632,1.14629,370000,1120000
2022-01-13 13:32:08.299000,1.14633,1.14629,1760000,1120000
2022-01-13 13:32:08.350000,1.14629,1.14627,820000,1500000
2022-01-13 13:32:08.402000,1.14628,1.14625,1200000,750000
2022-01-13 13:32:08.453000,1.14627,1.14623,820000,5250000
2022-01-13 13:32:08.556000,1.14627,1.14624,750000,750000
2022-01-13 13:32:08.658000,1.14627,1.14625,1120000,750000
2022-01-13 13:32:09.203000,1.14624,1.14621,1390000,2810000
2022-01-13 13:32:09.305000,1.14623,1.14619,1390000,750000
2022-01-13 13:32:09.356000,1.1462,1.14618,750000,3750000
2022-01-13 13:32:09.459000,1.1462,1.14617,750000,750000
2022-01-13 13:32:09.561000,1.14617,1.14614,750000,750000
2022-01-13 13:32:09.663000,1.14617,1.14615,750000,750000
2022-01-13 13:32:10.642000,1.14617,1.14614,750000,750000
2022-01-13 13:32:11.312000,1.14616,1.14614,370000,750000
2022-01-13 13:32:11.414000,1.14617,1.14614,750000,750000
2022-01-13 13:32:12.122000,1.14616,1.14613,370000,1500000
2022-01-13 13:32:12.225000,1.14616,1.14614,370000,750000
2022-01-13 13:32:12.379000,1.14617,1.14614,820000,750000
2022-01-13 13:32:12.482000,1.14618,1.14614,2320000,750000
2022-01-13 13:32:12.741000,1.14617,1.14614,560000,750000
2022-01-13 13:32:13.043000,1.14616,1.14614,1390000,1500000
2022-01-13 13:32:13.298000,1.14619,1.14615,3750000,1120000
2022-01-13 13:32:13.401000,1.14618,1.14615,750000,750000
2022-01-13 13:32:13.503000,1.14618,1.14614,750000,750000
2022-01-13 13:32:14.104000,1.14613,1.14611,750000,1200000
2022-01-13 13:32:14.206000,1.14612,1.14608,1010000,4500000
2022-01-13 13:32:14.309000,1.14611,1.14608,940000,4500000
2022-01-13 13:32:14.411000,1.14609,1.14605,820000,750000
2022-01-13 13:32:14.564000,1.14608,1.14605,750000,750000
2022-01-13 13:32:16.214000,1.14607,1.14604,750000,750000
2022-01-13 13:32:17.733000,1.14606,1.14603,370000,1500000
2022-01-13 13:32:17.835000,1.14607,1.14603,1120000,1500000
2022-01-13 13:32:18.326000,1.14605,1.14602,370000,2250000
2022-01-13 13:32:19.671000,1.14605,1.14601,1120000,1120000
2022-01-13 13:32:19.775000,1.14603,1.146,2250000,1120000
2022-01-13 13:32:20.311000,1.14602,1.14599,2250000,750000
2022-01-13 13:32:21.645000,1.14601,1.14599,370000,750000
2022-01-13 13:32:21.798000,1.14602,1.14599,1120000,750000
2022-01-13 13:32:24.168000,1.14603,1.14599,1120000,750000
2022-01-13 13:32:24.270000,1.14602,1.14599,750000,750000
2022-01-13 13:32:26.802000,1.14603,1.146,1200000,750000
2022-01-13 13:32:27.009000,1.14602,1.14599,750000,750000
2022-01-13 13:32:27.321000,1.146,1.14598,1120000,750000
2022-01-13 13:32:27.424000,1.146,1.14597,1120000,750000
2022-01-13 13:32:27.577000,1.146,1.14598,370000,750000
2022-01-13 13:32:27.680000,1.14602,1.14599,750000,750000
2022-01-13 13:32:27.884000,1.14605,1.14602,2590000,450000
2022-01-13 13:32:27.986000,1.14606,1.14604,750000,750000
2022-01-13 13:32:28.345000,1.14607,1.14604,1120000,750000
2022-01-13 13:32:32.729000,1.14611,1.14607,4050000,750000
2022-01-13 13:32:32.832000,1.14611,1.14608,820000,1120000
2022-01-13 13:32:33.036000,1.14612,1.14609,2140000,1120000
2022-01-13 13:32:33.745000,1.14611,1.14609,750000,1120000
2022-01-13 13:32:34.564000,1.14609,1.14606,750000,2620000
2022-01-13 13:32:34.666000,1.1461,1.14607,750000,750000
2022-01-13 13:32:35.634000,1.14612,1.14608,820000,1120000
2022-01-13 13:32:36.006000,1.14612,1.14609,820000,750000
2022-01-13 13:32:36.965000,1.1461,1.14606,1500000,1500000
2022-01-13 13:32:37.223000,1.1461,1.14607,1120000,750000
2022-01-13 13:32:37.515000,1.1461,1.14606,1120000,1120000
2022-01-13 13:32:38.168000,1.1461,1.14607,370000,750000
2022-01-13 13:32:39.039000,1.14609,1.14607,370000,750000
2022-01-13 13:32:39.142000,1.14607,1.14606,1500000,750000
2022-01-13 13:32:39.964000,1.14609,1.14606,1500000,1690000
2022-01-13 13:32:40.015000,1.14611,1.14608,1950000,1120000
2022-01-13 13:32:40.118000,1.14611,1.14609,820000,750000
2022-01-13 13:32:40.858000,1.14613,1.14609,2700000,1120000
2022-01-13 13:32:41.063000,1.14613,1.1461,1120000,370000
2022-01-13 13:32:41.333000,1.14612,1.14611,750000,1120000
2022-01-13 13:32:41.588000,1.14614,1.1461,2620000,750000
2022-01-13 13:32:41.640000,1.14616,1.14613,5890000,750000
2022-01-13 13:32:41.808000,1.14613,1.14611,370000,750000
2022-01-13 13:32:41.859000,1.14612,1.14609,750000,1870000
2022-01-13 13:32:41.962000,1.1461,1.14609,1870000,750000
2022-01-13 13:32:42.014000,1.14609,1.14606,750000,5250000
2022-01-13 13:32:42.116000,1.14607,1.14604,1120000,750000
2022-01-13 13:32:46.570000,1.14606,1.14604,450000,750000
2022-01-13 13:32:46.831000,1.14604,1.14602,2890000,1120000
2022-01-13 13:32:46.882000,1.14603,1.146,640000,1500000
2022-01-13 13:32:46.985000,1.14601,1.146,1760000,1500000
2022-01-13 13:32:47.193000,1.14601,1.14599,1500000,1500000
2022-01-13 13:32:47.398000,1.14601,1.14598,100000,750000
2022-01-13 13:32:47.500000,1.14602,1.14599,450000,750000
2022-01-13 13:32:48.769000,1.146,1.14597,370000,1120000
2022-01-13 13:32:48.872000,1.14602,1.14599,820000,750000
2022-01-13 13:32:49.025000,1.146,1.14597,820000,750000
2022-01-13 13:32:49.127000,1.14597,1.14596,450000,1500000
2022-01-13 13:32:49.281000,1.14598,1.14595,100000,1500000
2022-01-13 13:32:50.648000,1.14597,1.14595,750000,750000
2022-01-13 13:32:50.852000,1.14596,1.14594,100000,750000
2022-01-13 13:32:50.954000,1.14597,1.14594,820000,750000
2022-01-13 13:32:51.333000,1.14596,1.14594,1500000,750000
2022-01-13 13:32:51.537000,1.14596,1.14594,1570000,750000
2022-01-13 13:32:51.640000,1.14595,1.14592,2140000,750000
2022-01-13 13:32:51.743000,1.14593,1.14591,370000,750000
2022-01-13 13:32:51.845000,1.14592,1.1459,370000,1500000
2022-01-13 13:32:52.108000,1.14593,1.1459,1500000,1500000
2022-01-13 13:32:52.210000,1.14594,1.14591,1690000,750000
2022-01-13 13:32:52.672000,1.14594,1.14592,370000,750000
2022-01-13 13:32:53.034000,1.14595,1.14592,750000,750000
2022-01-13 13:32:53.137000,1.14594,1.14592,370000,1120000
2022-01-13 13:32:53.239000,1.14595,1.14592,1120000,1120000
2022-01-13 13:32:53.392000,1.14595,1.14593,1120000,370000
2022-01-13 13:32:53.443000,1.14597,1.14595,4160000,1120000
2022-01-13 13:32:53.495000,1.14599,1.14597,1120000,750000
2022-01-13 13:32:53.649000,1.14598,1.14595,2620000,1120000
2022-01-13 13:32:53.751000,1.14599,1.14595,1870000,1500000
2022-01-13 13:32:53.803000,1.14598,1.14597,750000,1120000
2022-01-13 13:32:54.388000,1.146,1.14597,1690000,750000
2022-01-13 13:32:54.491000,1.14598,1.14595,1500000,750000
2022-01-13 13:32:54.593000,1.14596,1.14593,1120000,1500000
2022-01-13 13:32:54.696000,1.14592,1.14591,750000,2250000
2022-01-13 13:32:54.798000,1.14593,1.14589,1120000,750000
2022-01-13 13:32:55.034000,1.14591,1.14589,2140000,750000
2022-01-13 13:32:55.086000,1.1459,1.14586,940000,750000
2022-01-13 13:32:55.188000,1.14589,1.14586,750000,750000
2022-01-13 13:32:56.109000,1.14589,1.14587,750000,370000
2022-01-13 13:32:56.212000,1.14592,1.14588,3410000,750000
2022-01-13 13:32:56.314000,1.14589,1.14588,370000,1120000
2022-01-13 13:32:56.416000,1.1459,1.14587,1120000,1120000
2022-01-13 13:32:56.522000,1.14592,1.14589,2060000,750000
2022-01-13 13:32:56.725000,1.14591,1.14588,940000,750000
2022-01-13 13:32:56.980000,1.14592,1.14588,2510000,750000
2022-01-13 13:32:57.083000,1.14591,1.14588,2440000,750000
2022-01-13 13:32:57.287000,1.14592,1.14589,750000,750000
2022-01-13 13:32:58.191000,1.14593,1.1459,1120000,750000
2022-01-13 13:32:58.813000,1.14592,1.1459,370000,750000
2022-01-13 13:32:59.543000,1.14592,1.14589,370000,1120000
2022-01-13 13:32:59.849000,1.14593,1.1459,1120000,750000
2022-01-13 13:32:59.901000,1.14595,1.14593,370000,750000
2022-01-13 13:33:00.003000,1.14596,1.14593,450000,750000
2022-01-13 13:33:00.115000,1.14596,1.14594,1120000,750000
2022-01-13 13:33:00.217000,1.14596,1.14594,1870000,750000
2022-01-13 13:33:00.370000,1.14597,1.14594,2620000,750000
2022-01-13 13:33:00.473000,1.14597,1.14595,370000,750000
2022-01-13 13:33:00.576000,1.14596,1.14593,2620000,1500000
2022-01-13 13:33:00.678000,1.14593,1.14592,1120000,1500000
2022-01-13 13:33:01.136000,1.14594,1.14592,1120000,300000
2022-01-13 13:33:01.442000,1.14594,1.14591,750000,750000
2022-01-13 13:33:01.544000,1.14592,1.14591,1120000,370000
2022-01-13 13:33:01.799000,1.14594,1.14591,1120000,750000
2022-01-13 13:33:02.021000,1.14595,1.14591,750000,1500000
2022-01-13 13:33:02.228000,1.14595,1.14592,750000,370000
2022-01-13 13:33:02.483000,1.14595,1.14593,750000,370000
2022-01-13 13:33:02.585000,1.14596,1.14593,750000,1120000
2022-01-13 13:33:02.688000,1.14597,1.14593,1120000,1500000
2022-01-13 13:33:02.790000,1.14598,1.14594,750000,1870000
2022-01-13 13:33:02.893000,1.14598,1.14595,750000,1870000
2022-01-13 13:33:03.257000,1.14597,1.14593,1120000,3190000
2022-01-13 13:33:03.359000,1.14595,1.14592,750000,1500000
2022-01-13 13:33:03.513000,1.14594,1.14592,750000,750000
2022-01-13 13:33:03.799000,1.14595,1.14592,2890000,750000
2022-01-13 13:33:04.032000,1.14594,1.14592,750000,750000
2022-01-13 13:33:04.361000,1.14593,1.1459,750000,750000
2022-01-13 13:33:04.921000,1.14594,1.14591,750000,750000
2022-01-13 13:33:05.023000,1.14594,1.1459,750000,750000
2022-01-13 13:33:05.125000,1.14594,1.14592,750000,370000
2022-01-13 13:33:05.231000,1.14594,1.1459,750000,1870000
2022-01-13 13:33:05.384000,1.14594,1.14591,750000,370000
2022-01-13 13:33:05.486000,1.14595,1.14591,1120000,1120000
2022-01-13 13:33:05.588000,1.14595,1.14593,750000,1500000
2022-01-13 13:33:05.690000,1.14595,1.14592,750000,1120000
2022-01-13 13:33:05.793000,1.14594,1.14592,750000,370000
2022-01-13 13:33:05.895000,1.14594,1.14591,750000,1200000
2022-01-13 13:33:05.946000,1.14595,1.14593,750000,370000
2022-01-13 13:33:06.136000,1.14595,1.14594,750000,750000
2022-01-13 13:33:06.238000,1.14597,1.14594,750000,1500000
2022-01-13 13:33:06.392000,1.14599,1.14596,2960000,370000
2022-01-13 13:33:06.495000,1.14599,1.14597,750000,1120000
2022-01-13 13:33:06.648000,1.14601,1.14598,750000,750000
2022-01-13 13:33:06.903000,1.14601,1.14599,1500000,1120000
2022-01-13 13:33:07.156000,1.14601,1.14598,750000,1570000
2022-01-13 13:33:07.309000,1.14601,1.14599,750000,750000
2022-01-13 13:33:07.462000,1.14604,1.14601,2960000,750000
2022-01-13 13:33:07.564000,1.14601,1.14599,750000,750000
2022-01-13 13:33:07.666000,1.146,1.14599,1500000,750000
2022-01-13 13:33:07.764000,1.14598,1.14596,750000,750000
2022-01-13 13:33:07.890000,1.14597,1.14595,750000,750000
2022-01-13 13:33:08.224000,1.14596,1.14593,1120000,750000
2022-01-13 13:33:08.275000,1.14597,1.14595,3340000,750000
2022-01-13 13:33:08.377000,1.14598,1.14596,750000,750000
2022-01-13 13:33:08.480000,1.14599,1.14596,750000,750000
2022-01-13 13:33:08.582000,1.14598,1.14595,1120000,1500000
2022-01-13 13:33:08.735000,1.146,1.14597,1500000,750000
2022-01-13 13:33:09.112000,1.14602,1.14599,1500000,750000
2022-01-13 13:33:09.163000,1.146,1.14596,940000,750000
2022-01-13 13:33:09.722000,1.14599,1.14596,750000,750000
2022-01-13 13:33:09.824000,1.14599,1.14595,750000,750000
2022-01-13 13:33:09.875000,1.14597,1.14594,750000,1500000
2022-01-13 13:33:10.665000,1.14598,1.14595,1870000,750000
2022-01-13 13:33:11.560000,1.14597,1.14593,1120000,2620000
2022-01-13 13:33:11.713000,1.14595,1.14592,1120000,750000
2022-01-13 13:33:11.816000,1.14596,1.14592,4500000,1500000
2022-01-13 13:33:11.918000,1.14592,1.14588,750000,4500000
2022-01-13 13:33:12.478000,1.14591,1.14588,2250000,750000
2022-01-13 13:33:12.529000,1.14587,1.14586,750000,3000000
2022-01-13 13:33:12.632000,1.14586,1.14584,1500000,750000
2022-01-13 13:33:12.734000,1.14587,1.14584,1120000,750000
2022-01-13 13:33:13.142000,1.14588,1.14585,750000,750000
2022-01-13 13:33:13.244000,1.14588,1.14584,750000,750000
2022-01-13 13:33:13.692000,1.14587,1.14584,370000,750000
2022-01-13 13:33:13.794000,1.14589,1.14586,2620000,750000
2022-01-13 13:33:14.110000,1.14586,1.14585,1120000,750000
2022-01-13 13:33:14.365000,1.14588,1.14585,370000,750000
2022-01-13 13:33:14.589000,1.14589,1.14585,1120000,750000
2022-01-13 13:33:14.924000,1.14588,1.14585,1120000,750000
2022-01-13 13:33:15.026000,1.14586,1.14585,2250000,750000
2022-01-13 13:33:15.192000,1.14585,1.14582,2440000,2250000
2022-01-13 13:33:15.295000,1.14582,1.14579,750000,1690000
2022-01-13 13:33:15.397000,1.14581,1.14578,750000,750000
2022-01-13 13:33:15.499000,1.14582,1.14578,750000,750000
2022-01-13 13:33:15.883000,1.14583,1.1458,750000,750000
2022-01-13 13:33:16.036000,1.14582,1.14579,750000,750000
2022-01-13 13:33:16.712000,1.14584,1.1458,2250000,750000
2022-01-13 13:33:17.948000,1.14583,1.1458,750000,750000
2022-01-13 13:33:18.253000,1.14584,1.1458,1500000,750000
2022-01-13 13:33:18.387000,1.14583,1.1458,750000,750000
2022-01-13 13:33:18.760000,1.14585,1.14582,1500000,750000
2022-01-13 13:33:18.811000,1.14587,1.14585,750000,750000
2022-01-13 13:33:18.914000,1.14588,1.14586,750000,1500000
2022-01-13 13:33:19.067000,1.14589,1.14588,1120000,750000
2022-01-13 13:33:19.170000,1.1459,1.14586,1870000,1120000
2022-01-13 13:33:19.272000,1.14587,1.14585,370000,750000
2022-01-13 13:33:19.375000,1.14586,1.14583,1120000,750000
2022-01-13 13:33:19.477000,1.14584,1.14582,370000,4500000
2022-01-13 13:33:19.529000,1.14582,1.1458,370000,750000
2022-01-13 13:33:19.580000,1.1458,1.14578,370000,1500000
2022-01-13 13:33:19.683000,1.14582,1.14579,1120000,1500000
2022-01-13 13:33:19.785000,1.14582,1.1458,750000,750000
2022-01-13 13:33:19.837000,1.14584,1.1458,1500000,1870000
2022-01-13 13:33:19.939000,1.14583,1.1458,370000,1500000
2022-01-13 13:33:20.092000,1.14584,1.1458,2620000,1870000
2022-01-13 13:33:20.561000,1.14584,1.14581,750000,370000
2022-01-13 13:33:20.612000,1.14586,1.14583,1690000,750000
2022-01-13 13:33:20.715000,1.14585,1.14581,1310000,1200000
2022-01-13 13:33:20.817000,1.14585,1.14582,3000000,750000
2022-01-13 13:33:21.174000,1.14586,1.14582,1120000,1120000
2022-01-13 13:33:21.277000,1.14587,1.14584,1120000,750000
2022-01-13 13:33:21.379000,1.14591,1.14589,3750000,750000
2022-01-13 13:33:21.533000,1.14593,1.1459,750000,1120000
2022-01-13 13:33:21.716000,1.14594,1.14591,750000,750000
2022-01-13 13:33:21.818000,1.14596,1.14592,1690000,1120000
2022-01-13 13:33:21.971000,1.14596,1.14593,750000,750000
2022-01-13 13:33:22.074000,1.14598,1.14595,1500000,1120000
2022-01-13 13:33:22.176000,1.14598,1.14596,750000,750000
2022-01-13 13:33:22.278000,1.14598,1.14595,750000,750000
2022-01-13 13:33:22.381000,1.14598,1.14594,1500000,2250000
2022-01-13 13:33:22.483000,1.14598,1.14595,1500000,1120000
2022-01-13 13:33:22.585000,1.14598,1.14596,750000,370000
2022-01-13 13:33:23.061000,1.14599,1.14596,1120000,370000
2022-01-13 13:33:23.163000,1.14599,1.14595,1120000,1120000
2022-01-13 13:33:23.328000,1.146,1.14596,750000,1120000
2022-01-13 13:33:23.430000,1.146,1.14597,750000,370000
2022-01-13 13:33:23.533000,1.14602,1.14598,750000,1120000
2022-01-13 13:33:24.124000,1.14602,1.14599,750000,1500000
2022-01-13 13:33:24.481000,1.14602,1.14598,750000,1120000
2022-01-13 13:33:24.635000,1.14601,1.146,750000,750000
2022-01-13 13:33:26.162000,1.14604,1.14601,750000,750000
2022-01-13 13:33:26.214000,1.14606,1.14602,3600000,750000
2022-01-13 13:33:27.113000,1.14607,1.14605,750000,1500000
2022-01-13 13:33:27.167000,1.14609,1.14606,370000,1120000
2022-01-13 13:33:27.269000,1.14609,1.14605,750000,1860000
2022-01-13 13:33:27.626000,1.14608,1.14605,750000,750000
2022-01-13 13:33:27.729000,1.14609,1.14605,750000,1500000
2022-01-13 13:33:27.831000,1.14609,1.14606,1120000,750000
2022-01-13 13:33:27.883000,1.14608,1.14604,1120000,1870000
2022-01-13 13:33:28.058000,1.14606,1.14604,750000,1120000
2022-01-13 13:33:28.163000,1.14605,1.14602,750000,1500000
2022-01-13 13:33:28.317000,1.14604,1.14602,750000,750000
2022-01-13 13:33:28.521000,1.14602,1.14599,750000,750000
2022-01-13 13:33:28.624000,1.14603,1.14602,1500000,750000
2022-01-13 13:33:29.062000,1.14604,1.146,750000,1120000
2022-01-13 13:33:29.794000,1.14604,1.14601,940000,750000
2022-01-13 13:33:29.896000,1.14603,1.146,750000,750000
2022-01-13 13:33:30,1.14603,1.14599,1500000,750000
2022-01-13 13:33:30.102000,1.14603,1.146,750000,750000
2022-01-13 13:33:30.205000,1.14602,1.14599,750000,750000
2022-01-13 13:33:30.307000,1.14599,1.14597,750000,750000
2022-01-13 13:33:31.055000,1.14599,1.14596,750000,1500000
2022-01-13 13:33:35.494000,1.146,1.14596,1120000,750000
2022-01-13 13:33:35.596000,1.14601,1.14598,1500000,750000
2022-01-13 13:33:35.699000,1.14601,1.146,750000,750000
2022-01-13 13:33:37.421000,1.14601,1.14598,370000,750000
2022-01-13 13:33:37.523000,1.14602,1.14598,1120000,1120000
2022-01-13 13:33:37.750000,1.14602,1.14599,1870000,750000
2022-01-13 13:33:39.551000,1.14601,1.14598,940000,750000
2022-01-13 13:33:39.806000,1.14602,1.14599,1500000,750000
2022-01-13 13:33:40.349000,1.14601,1.14598,1690000,750000
2022-01-13 13:33:40.873000,1.14599,1.14595,1120000,1870000
2022-01-13 13:33:40.975000,1.14599,1.14596,1870000,750000
2022-01-13 13:33:41.179000,1.14597,1.14596,750000,1120000
2022-01-13 13:33:41.924000,1.14598,1.14596,750000,370000
2022-01-13 13:33:42.026000,1.14601,1.14598,2250000,750000
2022-01-13 13:33:42.129000,1.14602,1.14599,1500000,1120000
2022-01-13 13:33:42.282000,1.14603,1.146,1500000,370000
2022-01-13 13:33:42.384000,1.14603,1.14599,1500000,1500000
2022-01-13 13:33:42.589000,1.14604,1.14603,1200000,1120000
2022-01-13 13:33:42.742000,1.14603,1.14601,750000,1500000
2022-01-13 13:33:42.794000,1.14603,1.14599,1870000,2250000
2022-01-13 13:33:42.897000,1.14602,1.14598,1120000,1120000
2022-01-13 13:33:42.948000,1.14599,1.14597,1120000,2320000
2022-01-13 13:33:43.051000,1.14596,1.14594,2620000,9000000
2022-01-13 13:33:43.153000,1.14596,1.14593,750000,4880000
2022-01-13 13:33:43.255000,1.14596,1.14594,750000,750000
2022-01-13 13:33:43.432000,1.14597,1.14594,750000,1120000
2022-01-13 13:33:43.534000,1.14598,1.14594,2320000,1870000
2022-01-13 13:33:43.637000,1.14597,1.14594,750000,1500000
2022-01-13 13:33:44.563000,1.14595,1.14594,370000,750000
2022-01-13 13:33:44.717000,1.14597,1.14594,820000,750000
2022-01-13 13:33:45.073000,1.14598,1.14594,2320000,750000
2022-01-13 13:33:45.176000,1.14595,1.14593,750000,2250000
2022-01-13 13:33:46.087000,1.14597,1.14593,3450000,750000
2022-01-13 13:33:46.241000,1.14594,1.14591,1500000,750000
2022-01-13 13:33:46.343000,1.1459,1.14587,750000,750000
2022-01-13 13:33:46.446000,1.14588,1.14585,1120000,1120000
2022-01-13 13:33:46.548000,1.14587,1.14584,750000,750000
2022-01-13 13:33:46.599000,1.14586,1.14582,2700000,1120000
2022-01-13 13:33:46.701000,1.14584,1.14582,190000,1120000
2022-01-13 13:33:46.804000,1.14585,1.14582,750000,750000
2022-01-13 13:33:47.109000,1.14587,1.14584,1500000,750000
2022-01-13 13:33:47.212000,1.14587,1.14583,940000,750000
2022-01-13 13:33:48.582000,1.14586,1.14583,1120000,750000
2022-01-13 13:33:48.735000,1.14587,1.14583,3340000,750000
2022-01-13 13:33:49.196000,1.14588,1.14584,1120000,1120000
2022-01-13 13:33:49.298000,1.14586,1.14584,1500000,750000
2022-01-13 13:33:50.463000,1.14585,1.14583,370000,1120000
2022-01-13 13:33:50.565000,1.14584,1.14581,370000,750000
2022-01-13 13:33:50.668000,1.14583,1.1458,2250000,750000
2022-01-13 13:33:51.277000,1.14583,1.14582,2250000,750000
2022-01-13 13:33:52.503000,1.14586,1.14583,370000,750000
2022-01-13 13:33:52.605000,1.14587,1.14583,1760000,1120000
2022-01-13 13:33:53.471000,1.14586,1.14584,370000,750000
2022-01-13 13:33:53.573000,1.14586,1.14583,370000,750000
2022-01-13 13:33:54.088000,1.14585,1.14583,750000,370000
2022-01-13 13:33:54.191000,1.14584,1.14582,750000,100000
2022-01-13 13:33:54.293000,1.14582,1.1458,750000,450000
2022-01-13 13:33:54.396000,1.14583,1.14581,750000,450000
2022-01-13 13:33:55.138000,1.14585,1.14582,750000,450000
2022-01-13 13:33:55.240000,1.14585,1.14583,750000,370000
2022-01-13 13:33:57.372000,1.14585,1.14584,750000,450000
2022-01-13 13:33:57.771000,1.14585,1.14583,750000,450000
2022-01-13 13:33:58.132000,1.14586,1.14583,750000,1200000
2022-01-13 13:33:58.336000,1.14585,1.14583,750000,450000
2022-01-13 13:33:58.591000,1.14584,1.14582,750000,100000
2022-01-13 13:33:59.836000,1.14583,1.1458,750000,1200000
2022-01-13 13:34:00.040000,1.14583,1.14579,1120000,1200000
2022-01-13 13:34:00.092000,1.14581,1.14579,750000,100000
2022-01-13 13:34:00.143000,1.14583,1.1458,750000,1200000
2022-01-13 13:34:00.692000,1.14587,1.14585,2210000,1120000
2022-01-13 13:34:00.795000,1.14586,1.14583,750000,1200000
2022-01-13 13:34:00.897000,1.14587,1.14584,1500000,370000
2022-01-13 13:34:01.981000,1.14586,1.14584,750000,370000
2022-01-13 13:34:02.083000,1.14587,1.14584,750000,370000
2022-01-13 13:34:02.845000,1.14586,1.14584,750000,450000
2022-01-13 13:34:02.947000,1.14586,1.14583,750000,1200000
2022-01-13 13:34:03.049000,1.14585,1.14583,750000,370000
2022-01-13 13:34:03.152000,1.14585,1.14582,750000,1200000
2022-01-13 13:34:05.049000,1.14585,1.14583,750000,370000
2022-01-13 13:34:05.101000,1.14587,1.14583,1120000,2320000
2022-01-13 13:34:05.203000,1.14586,1.14583,750000,1200000
2022-01-13 13:34:06.159000,1.14585,1.14582,750000,2700000
2022-01-13 13:34:06.950000,1.14586,1.14583,750000,1200000
2022-01-13 13:34:07.936000,1.14588,1.14585,750000,370000
2022-01-13 13:34:08.089000,1.14588,1.14584,1120000,1200000
2022-01-13 13:34:09.123000,1.14588,1.14585,750000,1120000
2022-01-13 13:34:09.226000,1.1459,1.14589,3410000,370000
2022-01-13 13:34:09.328000,1.14592,1.14588,1500000,1200000
2022-01-13 13:34:09.431000,1.14592,1.14589,750000,1200000
2022-01-13 13:34:10.085000,1.14593,1.14589,750000,1200000
2022-01-13 13:34:11.979000,1.14592,1.14588,1120000,820000
2022-01-13 13:34:12.133000,1.14591,1.14588,750000,1120000
2022-01-13 13:34:12.552000,1.14591,1.14589,750000,370000
2022-01-13 13:34:13.690000,1.14591,1.14588,750000,1120000
2022-01-13 13:34:14.009000,1.14589,1.14585,750000,1950000
2022-01-13 13:34:14.061000,1.14587,1.14585,750000,750000
2022-01-13 13:34:14.851000,1.14588,1.14585,1200000,750000
2022-01-13 13:34:14.954000,1.14587,1.14585,1500000,750000
2022-01-13 13:34:15.082000,1.14586,1.14583,750000,1200000
2022-01-13 13:34:15.737000,1.1459,1.14586,3340000,1120000
2022-01-13 13:34:15.789000,1.1459,1.14588,750000,370000
2022-01-13 13:34:16.305000,1.14592,1.14588,1500000,1120000
2022-01-13 13:34:16.916000,1.14594,1.14592,1460000,1120000
2022-01-13 13:34:17.019000,1.14596,1.14593,750000,750000
2022-01-13 13:34:18.127000,1.146,1.14597,8510000,1120000
2022-01-13 13:34:18.230000,1.146,1.14598,3500000,1120000
2022-01-13 13:34:18.384000,1.146,1.14599,2500000,750000
2022-01-13 13:34:18.728000,1.146,1.14598,2500000,1120000
2022-01-13 13:34:19.608000,1.14602,1.146,1460000,750000
2022-01-13 13:34:19.711000,1.146,1.14598,1500000,750000
2022-01-13 13:34:19.946000,1.14602,1.14598,1500000,1120000
2022-01-13 13:34:23.550000,1.14602,1.14599,750000,1120000
2022-01-13 13:34:23.602000,1.14603,1.14601,1460000,1200000
2022-01-13 13:34:23.653000,1.14605,1.14603,1460000,1570000
2022-01-13 13:34:23.763000,1.14606,1.14604,750000,4390000
2022-01-13 13:34:23.865000,1.14607,1.14605,750000,2700000
2022-01-13 13:34:24.120000,1.14611,1.14608,750000,750000
2022-01-13 13:34:25.171000,1.14609,1.14607,190000,750000
2022-01-13 13:34:25.273000,1.14608,1.14604,1390000,1500000
2022-01-13 13:34:25.375000,1.14607,1.14604,750000,1500000
2022-01-13 13:34:26.052000,1.14608,1.14605,750000,750000
2022-01-13 13:34:26.988000,1.14609,1.14606,1950000,750000
2022-01-13 13:34:27.090000,1.14611,1.14608,3410000,1120000
2022-01-13 13:34:27.448000,1.14612,1.14608,1200000,1120000
2022-01-13 13:34:27.550000,1.14613,1.1461,1570000,750000
2022-01-13 13:34:27.907000,1.14611,1.14608,750000,1120000
2022-01-13 13:34:27.958000,1.14613,1.14611,750000,100000
2022-01-13 13:34:28.061000,1.14616,1.14613,750000,750000
2022-01-13 13:34:28.275000,1.14618,1.14615,1500000,450000
2022-01-13 13:34:28.378000,1.14622,1.1462,1460000,1500000
2022-01-13 13:34:28.429000,1.14628,1.14625,1200000,750000
2022-01-13 13:34:28.532000,1.14629,1.14627,370000,750000
2022-01-13 13:34:28.634000,1.14628,1.14625,750000,750000
2022-01-13 13:34:28.736000,1.14627,1.14624,750000,750000
2022-01-13 13:34:28.889000,1.14626,1.14623,750000,750000
2022-01-13 13:34:30.075000,1.14627,1.14623,1120000,750000
2022-01-13 13:34:30.177000,1.14627,1.14624,750000,750000
2022-01-13 13:34:30.577000,1.14628,1.14625,750000,1120000
2022-01-13 13:34:30.628000,1.1463,1.14628,940000,750000
2022-01-13 13:34:30.732000,1.14631,1.14628,1500000,750000
2022-01-13 13:34:30.936000,1.14629,1.14625,750000,820000
2022-01-13 13:34:31.038000,1.14628,1.14624,1120000,820000
2022-01-13 13:34:31.090000,1.14629,1.14626,2320000,750000
2022-01-13 13:34:31.498000,1.1463,1.14626,820000,750000
2022-01-13 13:34:32.042000,1.14628,1.14626,370000,750000
2022-01-13 13:34:32.195000,1.1463,1.14628,1500000,750000
2022-01-13 13:34:32.298000,1.14631,1.14628,1120000,750000
2022-01-13 13:34:32.484000,1.14629,1.14627,1500000,750000
2022-01-13 13:34:32.592000,1.14629,1.14626,1500000,750000
2022-01-13 13:34:32.745000,1.14627,1.14626,1500000,750000
2022-01-13 13:34:32.950000,1.14629,1.14626,1500000,750000
2022-01-13 13:34:33.052000,1.14631,1.14627,1950000,750000
2022-01-13 13:34:33.307000,1.14631,1.14628,750000,750000
2022-01-13 13:34:33.562000,1.14632,1.14629,1120000,750000
2022-01-13 13:34:33.664000,1.14631,1.14629,370000,750000
2022-01-13 13:34:33.716000,1.1463,1.14627,2250000,750000
2022-01-13 13:34:33.818000,1.14627,1.14625,1120000,750000
2022-01-13 13:34:34.566000,1.14627,1.14624,750000,750000
2022-01-13 13:34:37.020000,1.14626,1.14624,370000,750000
2022-01-13 13:34:37.173000,1.14625,1.14622,750000,1500000
2022-01-13 13:34:37.499000,1.14627,1.14624,1870000,750000
2022-01-13 13:34:39.513000,1.14625,1.14622,370000,1120000
2022-01-13 13:34:39.615000,1.14623,1.1462,1120000,1500000
2022-01-13 13:34:41.177000,1.14624,1.14621,750000,2250000
2022-01-13 13:34:42.054000,1.14624,1.14623,750000,370000
2022-01-13 13:34:42.156000,1.14624,1.14622,750000,2250000
2022-01-13 13:34:43.481000,1.14624,1.14621,750000,750000
2022-01-13 13:34:43.708000,1.14624,1.1462,750000,1870000
2022-01-13 13:34:44.143000,1.14626,1.14623,1460000,1870000
2022-01-13 13:34:44.245000,1.1463,1.14627,5210000,1120000
2022-01-13 13:34:44.399000,1.14627,1.14624,750000,750000
2022-01-13 13:34:45.097000,1.14628,1.14625,1120000,750000
2022-01-13 13:34:45.352000,1.14626,1.14622,1690000,1500000
2022-01-13 13:34:45.455000,1.14625,1.14622,750000,750000
2022-01-13 13:34:45.608000,1.14624,1.14622,750000,1120000
2022-01-13 13:34:46.066000,1.14624,1.1462,1120000,750000
2022-01-13 13:34:46.169000,1.14622,1.1462,1500000,1120000
2022-01-13 13:34:47.139000,1.14624,1.14621,1460000,1120000
2022-01-13 13:34:47.241000,1.14625,1.14622,750000,1120000
2022-01-13 13:34:48.426000,1.14624,1.14621,750000,1120000
2022-01-13 13:34:49.105000,1.14624,1.14623,1500000,750000
2022-01-13 13:34:49.664000,1.14626,1.14622,2250000,1690000
2022-01-13 13:34:49.767000,1.14627,1.14624,1120000,750000
2022-01-13 13:34:50.526000,1.14627,1.14623,1500000,1120000
2022-01-13 13:34:50.629000,1.14629,1.14628,4840000,750000
2022-01-13 13:34:50.782000,1.14631,1.14627,1950000,750000
2022-01-13 13:34:51.218000,1.14629,1.14626,750000,750000
2022-01-13 13:34:51.371000,1.14628,1.14625,750000,750000
2022-01-13 13:34:51.473000,1.14627,1.14625,750000,1950000
2022-01-13 13:34:51.773000,1.14627,1.14623,750000,3070000
2022-01-13 13:34:52.305000,1.14626,1.14623,370000,1120000
2022-01-13 13:34:53.100000,1.14626,1.14625,1500000,1870000
2022-01-13 13:34:55.433000,1.14623,1.14621,1120000,1950000
2022-01-13 13:34:55.535000,1.14623,1.1462,750000,2620000
2022-01-13 13:34:56.453000,1.14623,1.14621,750000,370000
2022-01-13 13:34:56.505000,1.14626,1.14623,750000,370000
2022-01-13 13:34:56.608000,1.14626,1.14624,750000,370000
2022-01-13 13:34:57.234000,1.14626,1.14623,750000,2770000
2022-01-13 13:34:57.549000,1.14624,1.14621,750000,3000000
2022-01-13 13:34:57.753000,1.14622,1.1462,750000,750000
2022-01-13 13:34:58.058000,1.14622,1.14619,750000,3000000
2022-01-13 13:34:58.461000,1.14625,1.14622,750000,1120000
2022-01-13 13:34:58.563000,1.14626,1.14623,750000,370000
2022-01-13 13:35:00.542000,1.1463,1.14627,2960000,370000
2022-01-13 13:35:00.644000,1.1463,1.14628,750000,1120000
2022-01-13 13:35:00.747000,1.14631,1.14629,1500000,370000
2022-01-13 13:35:01.220000,1.14633,1.14629,750000,2250000
2022-01-13 13:35:01.774000,1.14631,1.14628,750000,1870000
2022-01-13 13:35:01.876000,1.1463,1.14627,750000,2250000
2022-01-13 13:35:03.125000,1.1463,1.14628,750000,370000
2022-01-13 13:35:04.096000,1.14632,1.14629,750000,1870000
2022-01-13 13:35:04.370000,1.14631,1.14629,1500000,1120000
2022-01-13 13:35:04.473000,1.14631,1.14628,750000,1120000
2022-01-13 13:35:04.771000,1.14631,1.14629,750000,370000
2022-01-13 13:35:04.874000,1.1463,1.14629,750000,1120000
2022-01-13 13:35:05.360000,1.14629,1.14626,750000,4870000
2022-01-13 13:35:05.462000,1.14627,1.14625,750000,750000
2022-01-13 13:35:05.666000,1.14627,1.14624,750000,1500000
2022-01-13 13:35:06.466000,1.14628,1.14625,750000,1120000
2022-01-13 13:35:06.568000,1.14628,1.14626,750000,370000
2022-01-13 13:35:06.893000,1.14626,1.14624,750000,740000
2022-01-13 13:35:07.105000,1.14622,1.1462,750000,4950000
2022-01-13 13:35:07.207000,1.14621,1.14618,750000,750000
2022-01-13 13:35:07.309000,1.14618,1.14616,750000,3750000
2022-01-13 13:35:07.361000,1.14616,1.14613,750000,2440000
2022-01-13 13:35:07.463000,1.14616,1.14612,750000,1120000
2022-01-13 13:35:07.626000,1.14616,1.14613,750000,1120000
2022-01-13 13:35:07.779000,1.14616,1.14615,750000,750000
2022-01-13 13:35:07.962000,1.14618,1.14615,750000,750000
2022-01-13 13:35:08.064000,1.14617,1.14614,750000,750000
2022-01-13 13:35:08.982000,1.14616,1.14613,750000,1120000
2022-01-13 13:35:09.238000,1.14618,1.14615,1500000,1120000
2022-01-13 13:35:10.131000,1.14619,1.14616,750000,1120000
2022-01-13 13:35:11.009000,1.14621,1.14618,750000,750000
2022-01-13 13:35:11.213000,1.14622,1.14619,750000,1870000
2022-01-13 13:35:11.315000,1.14624,1.14622,750000,750000
2022-01-13 13:35:12.161000,1.14625,1.14622,750000,1120000
2022-01-13 13:35:12.633000,1.14625,1.14623,750000,370000
2022-01-13 13:35:12.845000,1.14626,1.14623,750000,1120000
2022-01-13 13:35:12.998000,1.14626,1.14624,750000,370000
2022-01-13 13:35:13.050000,1.14629,1.14626,750000,1500000
2022-01-13 13:35:13.152000,1.14629,1.14627,750000,370000
2022-01-13 13:35:13.255000,1.1463,1.14628,750000,750000
2022-01-13 13:35:13.459000,1.14632,1.14629,750000,1310000
2022-01-13 13:35:13.561000,1.14634,1.14631,750000,750000
2022-01-13 13:35:14.726000,1.14632,1.14629,750000,750000
2022-01-13 13:35:15.092000,1.14633,1.1463,750000,750000
2022-01-13 13:35:15.665000,1.14635,1.14632,1500000,370000
2022-01-13 13:35:15.768000,1.14636,1.14633,1500000,1870000
2022-01-13 13:35:16.620000,1.14634,1.14632,750000,1120000
2022-01-13 13:35:16.723000,1.14635,1.14631,750000,1870000
2022-01-13 13:35:16.825000,1.14635,1.14632,750000,370000
2022-01-13 13:35:17.286000,1.14635,1.14633,750000,450000
2022-01-13 13:35:17.490000,1.14638,1.14634,940000,1570000
2022-01-13 13:35:17.592000,1.14636,1.14634,750000,1570000
2022-01-13 13:35:18.259000,1.1464,1.14636,1500000,820000
2022-01-13 13:35:18.311000,1.1464,1.14638,750000,1200000
2022-01-13 13:35:18.413000,1.14641,1.14639,750000,1570000
2022-01-13 13:35:18.810000,1.14642,1.1464,750000,450000
2022-01-13 13:35:18.913000,1.14643,1.1464,750000,1650000
2022-01-13 13:35:19.015000,1.14645,1.14643,2140000,370000
2022-01-13 13:35:19.067000,1.14643,1.1464,750000,1200000
2022-01-13 13:35:19.220000,1.1464,1.14638,750000,820000
2022-01-13 13:35:20.137000,1.14642,1.1464,750000,1120000
2022-01-13 13:35:20.290000,1.14642,1.14639,750000,2320000
2022-01-13 13:35:20.393000,1.14641,1.14639,750000,1570000
2022-01-13 13:35:20.681000,1.14641,1.14639,750000,2320000
2022-01-13 13:35:21.951000,1.14641,1.14639,750000,370000
2022-01-13 13:35:22.053000,1.14641,1.14638,750000,2320000
2022-01-13 13:35:23.131000,1.14643,1.1464,750000,750000
2022-01-13 13:35:23.284000,1.14644,1.1464,2620000,2320000
2022-01-13 13:35:24.045000,1.14642,1.14639,750000,3070000
2022-01-13 13:35:24.149000,1.14642,1.1464,750000,370000
2022-01-13 13:35:24.251000,1.14642,1.14639,750000,1950000
2022-01-13 13:35:25.802000,1.14641,1.14638,1500000,1500000
2022-01-13 13:35:26.600000,1.14642,1.1464,750000,750000
2022-01-13 13:35:26.703000,1.14643,1.1464,1120000,750000
2022-01-13 13:35:27.068000,1.14642,1.1464,750000,750000
2022-01-13 13:35:27.853000,1.14643,1.1464,1870000,750000
2022-01-13 13:35:28.832000,1.14645,1.14642,2620000,750000
2022-01-13 13:35:29.037000,1.14644,1.14641,1120000,1950000
2022-01-13 13:35:29.140000,1.14646,1.14643,750000,1120000
2022-01-13 13:35:29.242000,1.14647,1.14644,1120000,750000
2022-01-13 13:35:29.446000,1.14646,1.14643,1120000,750000
2022-01-13 13:35:29.861000,1.14647,1.14645,750000,370000
2022-01-13 13:35:29.913000,1.14649,1.14646,1870000,750000
2022-01-13 13:35:30.066000,1.14646,1.14643,1120000,750000
2022-01-13 13:35:30.219000,1.14645,1.14643,1120000,750000
2022-01-13 13:35:30.322000,1.14642,1.1464,370000,750000
2022-01-13 13:35:30.426000,1.14642,1.14639,1120000,1200000
2022-01-13 13:35:30.528000,1.14641,1.14637,1120000,1120000
2022-01-13 13:35:31.309000,1.14637,1.14634,1120000,3070000
2022-01-13 13:35:31.411000,1.14636,1.14634,1120000,1200000
2022-01-13 13:35:31.513000,1.14636,1.14633,1120000,1500000
2022-01-13 13:35:32.134000,1.14636,1.14635,1120000,3560000
2022-01-13 13:35:32.237000,1.14638,1.14636,370000,750000
2022-01-13 13:35:32.339000,1.14637,1.14635,1120000,750000
2022-01-13 13:35:32.442000,1.14636,1.14633,1500000,750000
2022-01-13 13:35:32.794000,1.14633,1.14631,370000,750000
2022-01-13 13:35:32.846000,1.14632,1.14629,1120000,2700000
2022-01-13 13:35:33.050000,1.14628,1.14626,370000,5700000
2022-01-13 13:35:33.153000,1.14628,1.14625,1120000,750000
2022-01-13 13:35:33.255000,1.14627,1.14625,370000,750000
2022-01-13 13:35:33.357000,1.14627,1.14624,1120000,1500000
2022-01-13 13:35:34.450000,1.14626,1.14624,370000,750000
2022-01-13 13:35:34.502000,1.14625,1.14622,750000,1950000
2022-01-13 13:35:34.604000,1.14626,1.14625,1500000,1500000
2022-01-13 13:35:34.809000,1.14627,1.14625,1120000,750000
2022-01-13 13:35:36.538000,1.14628,1.14625,1500000,1500000
2022-01-13 13:35:36.871000,1.14627,1.14625,1490000,3070000
2022-01-13 13:35:36.974000,1.14629,1.14627,750000,750000
2022-01-13 13:35:37.025000,1.14631,1.14628,1500000,1200000
2022-01-13 13:35:37.179000,1.14632,1.14629,1870000,1120000
2022-01-13 13:35:37.586000,1.14633,1.1463,1870000,1870000
2022-01-13 13:35:37.791000,1.14633,1.14631,1120000,750000
2022-01-13 13:35:37.944000,1.14637,1.14634,1460000,2700000
2022-01-13 13:35:38.148000,1.14637,1.14636,1120000,450000
2022-01-13 13:35:38.358000,1.14637,1.14634,370000,3070000
2022-01-13 13:35:38.943000,1.14636,1.14634,1500000,450000
2022-01-13 13:35:40.230000,1.14636,1.14633,1120000,3070000
2022-01-13 13:35:40.739000,1.14635,1.14633,370000,3070000
2022-01-13 13:35:40.965000,1.14636,1.14633,1120000,3070000
2022-01-13 13:35:41.570000,1.14639,1.14636,2590000,1500000
2022-01-13 13:35:41.673000,1.14639,1.14637,750000,370000
2022-01-13 13:35:41.928000,1.14637,1.14635,370000,1120000
2022-01-13 13:35:42.030000,1.14636,1.14634,370000,1570000
2022-01-13 13:35:42.133000,1.14637,1.14635,370000,1200000
2022-01-13 13:35:42.770000,1.14639,1.14636,1120000,370000
2022-01-13 13:35:42.822000,1.1464,1.14638,370000,750000
2022-01-13 13:35:42.924000,1.14641,1.14638,1120000,2320000
2022-01-13 13:35:43.077000,1.14645,1.14642,3340000,750000
2022-01-13 13:35:43.180000,1.14646,1.14643,4880000,1200000
2022-01-13 13:35:43.333000,1.14646,1.14644,1120000,1200000
2022-01-13 13:35:44.080000,1.14646,1.14643,1120000,3070000
2022-01-13 13:35:45.068000,1.14648,1.14646,1870000,750000
2022-01-13 13:35:45.499000,1.14647,1.14645,370000,370000
2022-01-13 13:35:45.602000,1.14646,1.14644,1120000,450000
2022-01-13 13:35:45.704000,1.14646,1.14643,1200000,820000
2022-01-13 13:35:45.858000,1.14646,1.14642,1120000,3450000
2022-01-13 13:35:46.110000,1.14646,1.14643,1120000,1570000
2022-01-13 13:35:46.213000,1.14646,1.14644,1120000,370000
2022-01-13 13:35:47.157000,1.14645,1.14643,370000,1570000
2022-01-13 13:35:47.363000,1.14644,1.14642,370000,2320000
2022-01-13 13:35:47.533000,1.14644,1.14643,1120000,2320000
2022-01-13 13:35:47.635000,1.14645,1.14643,370000,750000
2022-01-13 13:35:47.903000,1.14646,1.14643,2510000,750000
2022-01-13 13:35:48.005000,1.14645,1.14643,370000,750000
2022-01-13 13:35:48.800000,1.14643,1.14641,1120000,2320000
2022-01-13 13:35:48.902000,1.14641,1.14639,750000,750000
2022-01-13 13:35:49.005000,1.14643,1.1464,2210000,750000
2022-01-13 13:35:49.169000,1.14643,1.14641,370000,820000
2022-01-13 13:35:49.579000,1.14643,1.1464,370000,1690000
2022-01-13 13:35:50.079000,1.14643,1.14641,370000,450000
2022-01-13 13:35:50.130000,1.14647,1.14645,1840000,2700000
2022-01-13 13:35:50.233000,1.14648,1.14646,1120000,750000
2022-01-13 13:35:50.495000,1.14648,1.14647,450000,1570000
2022-01-13 13:35:51.205000,1.14649,1.14647,370000,1570000
2022-01-13 13:35:52.142000,1.14652,1.1465,5550000,3940000
2022-01-13 13:35:52.244000,1.14654,1.14652,370000,1200000
2022-01-13 13:35:52.347000,1.14655,1.14652,1120000,1200000
2022-01-13 13:35:52.715000,1.14653,1.14652,1120000,2320000
2022-01-13 13:35:52.818000,1.14654,1.14651,1200000,750000
2022-01-13 13:35:53.186000,1.14653,1.14651,370000,1120000
2022-01-13 13:35:53.288000,1.14656,1.14653,370000,1570000
2022-01-13 13:35:53.967000,1.14655,1.14653,100000,750000
2022-01-13 13:35:54.349000,1.14653,1.14651,750000,450000
2022-01-13 13:35:54.401000,1.14655,1.14653,370000,750000
2022-01-13 13:35:54.504000,1.14657,1.14654,370000,1570000
2022-01-13 13:35:54.765000,1.14657,1.14655,370000,820000
2022-01-13 13:35:54.939000,1.14658,1.14656,750000,2320000
2022-01-13 13:35:55.041000,1.14659,1.14657,370000,750000
2022-01-13 13:35:56.684000,1.14661,1.14658,1120000,1120000
2022-01-13 13:35:56.786000,1.14662,1.14659,1870000,1570000
2022-01-13 13:35:56.889000,1.14661,1.14659,370000,1200000
2022-01-13 13:35:57.500000,1.14662,1.14659,1950000,750000
2022-01-13 13:35:58.317000,1.14661,1.14659,370000,2320000
2022-01-13 13:35:59.078000,1.14662,1.14659,1870000,2320000
2022-01-13 13:35:59.246000,1.14662,1.1466,370000,750000
2022-01-13 13:36:00.105000,1.14663,1.14661,370000,750000
2022-01-13 13:36:00.208000,1.14662,1.1466,4570000,750000
2022-01-13 13:36:00.259000,1.14661,1.14658,2060000,750000
2022-01-13 13:36:00.311000,1.14659,1.14657,370000,2440000
2022-01-13 13:36:00.413000,1.14659,1.14656,1120000,750000
2022-01-13 13:36:00.515000,1.14658,1.14655,370000,750000
2022-01-13 13:36:00.970000,1.14659,1.14657,1120000,750000
2022-01-13 13:36:01.073000,1.1466,1.14657,1870000,1500000
2022-01-13 13:36:01.175000,1.14659,1.14657,370000,1500000
2022-01-13 13:36:02.414000,1.14656,1.14654,1120000,2770000
2022-01-13 13:36:02.618000,1.14657,1.14654,1120000,1500000
2022-01-13 13:36:02.720000,1.14657,1.14655,370000,750000
2022-01-13 13:36:03.026000,1.14655,1.14653,750000,1500000
2022-01-13 13:36:03.078000,1.14652,1.1465,370000,2440000
2022-01-13 13:36:03.180000,1.14651,1.14649,370000,4500000
2022-01-13 13:36:03.333000,1.14651,1.14648,1120000,750000
2022-01-13 13:36:03.436000,1.14648,1.14646,1120000,1200000
2022-01-13 13:36:03.538000,1.14647,1.14645,820000,750000
2022-01-13 13:36:03.691000,1.14645,1.14643,370000,750000
2022-01-13 13:36:03.743000,1.14644,1.14641,1120000,3640000
2022-01-13 13:36:03.845000,1.14643,1.1464,370000,750000
2022-01-13 13:36:04.131000,1.14643,1.14641,370000,750000
2022-01-13 13:36:04.335000,1.14642,1.14639,1200000,750000
2022-01-13 13:36:04.503000,1.14641,1.14639,370000,750000
2022-01-13 13:36:04.635000,1.14641,1.14638,1120000,750000
2022-01-13 13:36:04.738000,1.1464,1.14638,370000,750000
2022-01-13 13:36:04.892000,1.14641,1.14638,1950000,750000
2022-01-13 13:36:05.096000,1.14641,1.14639,370000,750000
2022-01-13 13:36:05.198000,1.14641,1.14638,370000,750000
2022-01-13 13:36:05.300000,1.14641,1.1464,1120000,750000
2022-01-13 13:36:05.352000,1.14644,1.14642,370000,750000
2022-01-13 13:36:05.556000,1.14642,1.14641,370000,1120000
2022-01-13 13:36:05.667000,1.14643,1.1464,370000,750000
2022-01-13 13:36:05.718000,1.14646,1.14643,1120000,750000
2022-01-13 13:36:05.821000,1.14645,1.14642,370000,750000
2022-01-13 13:36:05.923000,1.14644,1.14642,370000,750000
2022-01-13 13:36:05.975000,1.14643,1.1464,370000,750000
2022-01-13 13:36:08.131000,1.14646,1.14644,370000,1500000
2022-01-13 13:36:08.234000,1.14647,1.14644,1120000,1120000
2022-01-13 13:36:08.336000,1.14647,1.14645,370000,750000
2022-01-13 13:36:09.107000,1.14648,1.14645,1120000,750000
2022-01-13 13:36:09.463000,1.14647,1.14645,370000,750000
2022-01-13 13:36:10.698000,1.14648,1.14645,1120000,750000
2022-01-13 13:36:11.133000,1.1465,1.14649,1120000,750000
2022-01-13 13:36:11.724000,1.14652,1.14648,820000,750000
2022-01-13 13:36:14.969000,1.14652,1.1465,1200000,750000
2022-01-13 13:36:15.123000,1.14653,1.1465,1120000,4120000
2022-01-13 13:36:15.175000,1.1465,1.14648,370000,1570000
2022-01-13 13:36:15.278000,1.14648,1.14646,370000,750000
2022-01-13 13:36:15.381000,1.14649,1.14646,750000,750000
2022-01-13 13:36:15.771000,1.14647,1.14644,1120000,1950000
2022-01-13 13:36:15.873000,1.14645,1.14644,370000,750000
2022-01-13 13:36:17.667000,1.14643,1.14641,1120000,450000
2022-01-13 13:36:17.872000,1.14641,1.1464,370000,1500000
2022-01-13 13:36:18.077000,1.14642,1.14639,750000,3370000
2022-01-13 13:36:18.179000,1.14643,1.1464,370000,750000
2022-01-13 13:36:21.115000,1.14643,1.14641,1120000,100000
2022-01-13 13:36:21.217000,1.14643,1.1464,1120000,820000
2022-01-13 13:36:21.775000,1.14642,1.14639,370000,2170000
2022-01-13 13:36:21.928000,1.14645,1.14643,370000,750000
2022-01-13 13:36:22.031000,1.14646,1.14643,750000,1120000
2022-01-13 13:36:22.133000,1.14647,1.14644,1120000,750000
2022-01-13 13:36:22.879000,1.14648,1.14645,2440000,1120000
2022-01-13 13:36:22.981000,1.14648,1.14646,750000,750000
2022-01-13 13:36:23.084000,1.14649,1.14646,1120000,750000
2022-01-13 13:36:23.374000,1.14648,1.14646,370000,750000
2022-01-13 13:36:23.688000,1.14648,1.14647,1120000,750000
2022-01-13 13:36:23.982000,1.14648,1.14646,750000,750000
2022-01-13 13:36:24.517000,1.14647,1.14646,1500000,1200000
2022-01-13 13:36:25.542000,1.14647,1.14645,370000,750000
2022-01-13 13:36:26.447000,1.14646,1.14644,1120000,750000
2022-01-13 13:36:26.549000,1.14647,1.14645,1120000,750000
2022-01-13 13:36:27.174000,1.14648,1.14645,2620000,1120000
2022-01-13 13:36:28.097000,1.14649,1.14647,750000,750000
2022-01-13 13:36:28.200000,1.1465,1.14647,1870000,750000
2022-01-13 13:36:28.302000,1.14648,1.14645,1500000,1200000
2022-01-13 13:36:29.697000,1.14647,1.14645,370000,750000
2022-01-13 13:36:30.026000,1.14646,1.14645,370000,1950000
2022-01-13 13:36:30.129000,1.14647,1.14645,1120000,1950000
2022-01-13 13:36:30.332000,1.14647,1.14644,370000,1950000
2022-01-13 13:36:31.100000,1.14648,1.14644,1500000,1950000
2022-01-13 13:36:31.449000,1.14647,1.14644,370000,1200000
2022-01-13 13:36:32.267000,1.14648,1.14647,3710000,100000
2022-01-13 13:36:32.420000,1.14649,1.14645,1500000,820000
2022-01-13 13:36:32.522000,1.14648,1.14645,750000,820000
2022-01-13 13:36:35.740000,1.1465,1.14647,1120000,820000
2022-01-13 13:36:35.842000,1.14651,1.14648,1120000,750000
2022-01-13 13:36:35.894000,1.14653,1.14651,1460000,1120000
2022-01-13 13:36:35.946000,1.14655,1.14652,6710000,1200000
2022-01-13 13:36:35.998000,1.14659,1.14656,1870000,820000
2022-01-13 13:36:36.049000,1.14661,1.14657,2590000,820000
2022-01-13 13:36:36.152000,1.1466,1.14657,2250000,750000
2022-01-13 13:36:36.204000,1.14657,1.14654,750000,750000
2022-01-13 13:36:36.306000,1.14655,1.14652,2250000,750000
2022-01-13 13:36:36.614000,1.14656,1.14653,2250000,750000
2022-01-13 13:36:36.717000,1.14657,1.14653,2320000,750000
2022-01-13 13:36:37.849000,1.14656,1.14653,2620000,750000
2022-01-13 13:36:37.951000,1.14654,1.14652,1500000,750000
2022-01-13 13:36:38.105000,1.14653,1.1465,1500000,750000
2022-01-13 13:36:38.207000,1.14652,1.14649,2250000,1500000
2022-01-13 13:36:38.876000,1.14651,1.14649,750000,1500000
2022-01-13 13:36:39.170000,1.14652,1.14649,1570000,750000
2022-01-13 13:36:39.751000,1.14649,1.14647,370000,750000
2022-01-13 13:36:39.802000,1.14647,1.14644,1120000,3260000
2022-01-13 13:36:39.905000,1.14646,1.14644,750000,750000
2022-01-13 13:36:40.474000,1.14645,1.14642,1120000,750000
2022-01-13 13:36:41.056000,1.14642,1.14639,370000,3040000
2022-01-13 13:36:41.159000,1.14641,1.14639,1120000,600000
2022-01-13 13:36:41.493000,1.14642,1.1464,1120000,750000
2022-01-13 13:36:41.599000,1.14643,1.1464,370000,750000
2022-01-13 13:36:44.124000,1.14644,1.14641,1500000,1200000
2022-01-13 13:36:44.277000,1.14642,1.14639,370000,970000
2022-01-13 13:36:44.380000,1.14641,1.14639,370000,220000
2022-01-13 13:36:45.137000,1.14642,1.14639,1120000,970000
2022-01-13 13:36:45.239000,1.14641,1.14639,1120000,220000
2022-01-13 13:36:45.592000,1.14643,1.1464,1120000,750000
2022-01-13 13:36:45.796000,1.14641,1.1464,370000,1050000
2022-01-13 13:36:45.899000,1.14641,1.14639,1120000,1420000
2022-01-13 13:36:46.918000,1.14642,1.14639,1120000,970000
2022-01-13 13:36:47.084000,1.14642,1.1464,370000,750000
2022-01-13 13:36:49.431000,1.14643,1.1464,1500000,1500000
2022-01-13 13:36:50.825000,1.14641,1.1464,1120000,750000
2022-01-13 13:36:50.979000,1.14643,1.14641,750000,1200000
2022-01-13 13:36:51.082000,1.14646,1.14643,2210000,2440000
2022-01-13 13:36:51.133000,1.14648,1.14645,2250000,750000
2022-01-13 13:36:51.236000,1.1465,1.14647,750000,2140000
2022-01-13 13:36:51.339000,1.14651,1.14648,1500000,1120000
2022-01-13 13:36:52.002000,1.1465,1.14647,1500000,820000
2022-01-13 13:36:52.104000,1.14649,1.14645,1500000,1870000
2022-01-13 13:36:53.100000,1.14646,1.14644,1500000,750000
2022-01-13 13:36:53.207000,1.14643,1.1464,750000,750000
2022-01-13 13:36:54.285000,1.14641,1.14638,750000,1950000
2022-01-13 13:36:55.116000,1.14644,1.14642,1460000,1120000
2022-01-13 13:36:55.222000,1.14646,1.14643,750000,1120000
2022-01-13 13:36:55.274000,1.14648,1.14645,1500000,1500000
2022-01-13 13:36:56.618000,1.14651,1.14648,1500000,1120000
2022-01-13 13:36:56.721000,1.14652,1.14648,1570000,1120000
2022-01-13 13:36:56.925000,1.14652,1.14649,750000,2810000
2022-01-13 13:36:57.028000,1.14653,1.1465,1500000,750000
2022-01-13 13:36:58.610000,1.14653,1.14649,1500000,1500000
2022-01-13 13:36:58.712000,1.14652,1.14649,750000,1500000
2022-01-13 13:36:58.764000,1.14651,1.14647,1120000,1570000
2022-01-13 13:36:58.917000,1.14651,1.14648,750000,370000
2022-01-13 13:36:59.236000,1.14652,1.14649,750000,750000
2022-01-13 13:36:59.441000,1.14653,1.14651,750000,750000
2022-01-13 13:36:59.607000,1.14655,1.14654,1500000,1200000
2022-01-13 13:36:59.710000,1.14656,1.14654,1500000,100000
2022-01-13 13:37:00.413000,1.14657,1.14654,750000,820000
2022-01-13 13:37:00.887000,1.14657,1.14655,750000,370000
2022-01-13 13:37:00.990000,1.14659,1.14656,820000,750000
2022-01-13 13:37:01.647000,1.14661,1.14658,1500000,1120000
2022-01-13 13:37:01.750000,1.14662,1.14658,2020000,1120000
2022-01-13 13:37:05.423000,1.14663,1.14662,750000,3260000
2022-01-13 13:37:05.475000,1.14668,1.14666,3750000,750000
2022-01-13 13:37:05.527000,1.1467,1.14667,1950000,1200000
2022-01-13 13:37:05.629000,1.1467,1.14668,2140000,750000
2022-01-13 13:37:05.732000,1.14671,1.14669,1120000,750000
2022-01-13 13:37:05.835000,1.14671,1.14668,750000,1760000
2022-01-13 13:37:06.270000,1.14672,1.14669,1500000,750000
2022-01-13 13:37:07.338000,1.14674,1.14671,2960000,750000
2022-01-13 13:37:07.440000,1.14675,1.14672,1500000,750000
2022-01-13 13:37:07.543000,1.14671,1.1467,750000,3000000
2022-01-13 13:37:07.645000,1.14671,1.14668,750000,750000
2022-01-13 13:37:09.939000,1.14669,1.14668,1120000,750000
2022-01-13 13:37:10.042000,1.14669,1.14667,1570000,370000
2022-01-13 13:37:10.145000,1.14668,1.14666,100000,1120000
2022-01-13 13:37:10.197000,1.1467,1.14667,3340000,750000
2022-01-13 13:37:10.300000,1.14668,1.14665,750000,820000
2022-01-13 13:37:10.740000,1.14666,1.14663,1500000,100000
2022-01-13 13:37:11.795000,1.14664,1.1466,750000,7010000
2022-01-13 13:37:12.496000,1.14663,1.1466,370000,750000
2022-01-13 13:37:12.548000,1.14661,1.14658,750000,820000
2022-01-13 13:37:13.715000,1.1466,1.14656,2320000,750000
2022-01-13 13:37:13.818000,1.14659,1.14656,750000,750000
2022-01-13 13:37:14.176000,1.14657,1.14654,750000,2620000
2022-01-13 13:37:14.563000,1.14657,1.14655,370000,750000
2022-01-13 13:37:14.615000,1.14656,1.14654,1120000,1570000
2022-01-13 13:37:14.768000,1.14656,1.14653,750000,1570000
2022-01-13 13:37:14.871000,1.14655,1.14653,2320000,1500000
2022-01-13 13:37:15.279000,1.14655,1.14651,1570000,750000
2022-01-13 13:37:15.381000,1.14654,1.14651,370000,750000
2022-01-13 13:37:15.585000,1.14653,1.14651,370000,750000
2022-01-13 13:37:15.894000,1.1465,1.14649,750000,2700000
2022-01-13 13:37:16.523000,1.14655,1.14652,1200000,1200000
2022-01-13 13:37:16.676000,1.14656,1.14653,750000,750000
2022-01-13 13:37:17.214000,1.14655,1.14653,1120000,820000
2022-01-13 13:37:17.402000,1.14654,1.14653,1120000,750000
2022-01-13 13:37:17.504000,1.14656,1.14652,1120000,1200000
2022-01-13 13:37:18.544000,1.14657,1.14653,750000,1200000
2022-01-13 13:37:18.647000,1.14659,1.14655,2320000,750000
2022-01-13 13:37:18.749000,1.14659,1.14656,750000,1200000
2022-01-13 13:37:18.851000,1.1466,1.14657,1120000,820000
2022-01-13 13:37:19.106000,1.14661,1.14658,2250000,750000
2022-01-13 13:37:19.670000,1.14663,1.1466,1870000,750000
2022-01-13 13:37:20.460000,1.14659,1.14656,820000,3190000
2022-01-13 13:37:20.563000,1.14657,1.14654,820000,2440000
2022-01-13 13:37:20.767000,1.14656,1.14653,750000,1120000
2022-01-13 13:37:21.006000,1.14657,1.14653,820000,1310000
2022-01-13 13:37:21.800000,1.14659,1.14657,370000,1120000
2022-01-13 13:37:21.903000,1.14661,1.14658,1570000,750000
2022-01-13 13:37:22.006000,1.14661,1.14659,750000,750000
2022-01-13 13:37:22.264000,1.14661,1.1466,820000,750000
2022-01-13 13:37:22.695000,1.14661,1.14658,750000,750000
2022-01-13 13:37:24.037000,1.1466,1.14658,450000,750000
2022-01-13 13:37:24.089000,1.1466,1.14656,1200000,1120000
2022-01-13 13:37:25.744000,1.14661,1.14658,1570000,750000
2022-01-13 13:37:27.114000,1.14661,1.14657,1570000,1500000
2022-01-13 13:37:27.216000,1.14657,1.14654,820000,5250000
2022-01-13 13:37:27.319000,1.14658,1.14655,820000,750000
2022-01-13 13:37:28.791000,1.14659,1.14656,820000,750000
2022-01-13 13:37:29.054000,1.14659,1.14655,820000,3370000
2022-01-13 13:37:29.156000,1.14656,1.14653,750000,1870000
2022-01-13 13:37:29.627000,1.14657,1.14653,1200000,1870000
2022-01-13 13:37:30.161000,1.14653,1.14652,820000,4310000
2022-01-13 13:37:30.264000,1.14654,1.14651,820000,3560000
2022-01-13 13:37:30.902000,1.14655,1.14653,100000,1120000
2022-01-13 13:37:31.005000,1.14656,1.14653,750000,1120000
2022-01-13 13:37:32.091000,1.14658,1.14656,3790000,1120000
2022-01-13 13:37:32.194000,1.14658,1.14655,750000,1310000
2022-01-13 13:37:34.234000,1.14659,1.14655,820000,940000
2022-01-13 13:37:37.983000,1.14658,1.14655,100000,750000
2022-01-13 13:37:38.086000,1.14655,1.14652,750000,3190000
2022-01-13 13:37:38.239000,1.14652,1.14649,1570000,750000
2022-01-13 13:37:38.341000,1.14652,1.14648,1570000,750000
2022-01-13 13:37:38.896000,1.14651,1.14648,750000,750000
2022-01-13 13:37:39.892000,1.14652,1.14648,1570000,750000
2022-01-13 13:37:40.935000,1.14653,1.1465,820000,750000
2022-01-13 13:37:41.037000,1.14655,1.14653,3520000,750000
2022-01-13 13:37:41.141000,1.14656,1.14653,3070000,750000
2022-01-13 13:37:41.345000,1.14654,1.14653,820000,750000
2022-01-13 13:37:41.549000,1.14654,1.1465,1200000,750000
2022-01-13 13:37:41.702000,1.14653,1.14649,750000,1500000
2022-01-13 13:37:41.806000,1.14652,1.14648,750000,3260000
2022-01-13 13:37:41.909000,1.14651,1.14648,750000,750000
2022-01-13 13:37:42.676000,1.14653,1.14649,750000,1010000
2022-01-13 13:37:42.931000,1.14651,1.14648,750000,820000
2022-01-13 13:37:47.940000,1.14651,1.14647,750000,2070000
2022-01-13 13:37:48.043000,1.14651,1.14648,750000,820000
2022-01-13 13:37:51.225000,1.14652,1.14649,750000,1760000
2022-01-13 13:37:51.328000,1.14653,1.1465,750000,820000
2022-01-13 13:37:51.794000,1.14651,1.14648,750000,820000
2022-01-13 13:37:53.272000,1.14648,1.14644,820000,1870000
2022-01-13 13:37:53.324000,1.14646,1.14644,1120000,750000
2022-01-13 13:37:53.375000,1.14645,1.14642,1120000,4500000
2022-01-13 13:37:53.478000,1.14643,1.1464,750000,1200000
2022-01-13 13:37:55.340000,1.14645,1.14644,1870000,370000
2022-01-13 13:37:55.442000,1.14645,1.14641,1570000,1120000
2022-01-13 13:37:55.494000,1.14643,1.1464,370000,1570000
2022-01-13 13:37:55.545000,1.14642,1.14638,750000,2700000
2022-01-13 13:37:56.168000,1.14641,1.1464,750000,940000
2022-01-13 13:37:56.270000,1.14642,1.14638,750000,2890000
2022-01-13 13:37:56.474000,1.14641,1.14638,750000,2810000
2022-01-13 13:37:57.683000,1.14642,1.14639,750000,1390000
2022-01-13 13:37:57.938000,1.14641,1.14638,750000,1200000
2022-01-13 13:37:58.784000,1.14642,1.14639,750000,1950000
2022-01-13 13:37:58.886000,1.14642,1.14641,750000,820000
2022-01-13 13:37:58.989000,1.14642,1.14639,750000,750000
2022-01-13 13:37:59.113000,1.14641,1.14638,750000,1390000
2022-01-13 13:38:01.024000,1.14642,1.14639,750000,1870000
2022-01-13 13:38:01.475000,1.14642,1.14641,750000,1120000
2022-01-13 13:38:01.578000,1.14644,1.1464,750000,2890000
2022-01-13 13:38:02.516000,1.14645,1.14642,1120000,820000
2022-01-13 13:38:02.619000,1.14648,1.14646,2210000,3820000
2022-01-13 13:38:02.722000,1.1465,1.14647,750000,450000
2022-01-13 13:38:02.824000,1.14651,1.14647,750000,1200000
2022-01-13 13:38:03.103000,1.14653,1.14649,2210000,2140000
2022-01-13 13:38:03.256000,1.14654,1.14653,1950000,370000
2022-01-13 13:38:04.049000,1.14655,1.14652,750000,450000
2022-01-13 13:38:05.771000,1.14657,1.14652,450000,1390000
2022-01-13 13:38:05.825000,1.14659,1.14657,2210000,3000000
2022-01-13 13:38:05.877000,1.14662,1.1466,1460000,1570000
2022-01-13 13:38:05.979000,1.14663,1.1466,750000,2890000
2022-01-13 13:38:06.081000,1.14664,1.14661,750000,2890000
2022-01-13 13:38:06.184000,1.14665,1.14661,750000,1760000
2022-01-13 13:38:06.337000,1.14665,1.14662,750000,100000
2022-01-13 13:38:06.905000,1.14665,1.14663,750000,100000
2022-01-13 13:38:08.899000,1.14669,1.14666,750000,750000
2022-01-13 13:38:09.001000,1.1467,1.14667,1500000,820000
2022-01-13 13:38:09.104000,1.14669,1.14666,750000,100000
2022-01-13 13:38:09.206000,1.1467,1.14667,750000,820000
2022-01-13 13:38:09.309000,1.14669,1.14667,750000,100000
2022-01-13 13:38:09.411000,1.1467,1.14667,750000,1200000
2022-01-13 13:38:10.403000,1.14669,1.14666,750000,190000
2022-01-13 13:38:10.505000,1.14669,1.14665,750000,1390000
2022-01-13 13:38:10.607000,1.14668,1.14665,750000,1010000
2022-01-13 13:38:12.090000,1.14666,1.14663,750000,2060000
2022-01-13 13:38:12.192000,1.14664,1.14663,750000,2020000
2022-01-13 13:38:12.940000,1.14665,1.14664,750000,370000
2022-01-13 13:38:14.427000,1.14665,1.14662,750000,1200000
2022-01-13 13:38:14.478000,1.14668,1.14666,1460000,3260000
2022-01-13 13:38:14.530000,1.1467,1.14667,1500000,2140000
2022-01-13 13:38:14.632000,1.1467,1.14668,750000,370000
2022-01-13 13:38:15.430000,1.14674,1.1467,2210000,2140000
2022-01-13 13:38:15.583000,1.14673,1.1467,750000,1200000
2022-01-13 13:38:16.255000,1.14675,1.14673,4800000,2510000
2022-01-13 13:38:16.409000,1.14674,1.14671,750000,1200000
2022-01-13 13:38:16.562000,1.14673,1.14671,750000,940000
2022-01-13 13:38:16.665000,1.14671,1.14669,750000,100000
2022-01-13 13:38:16.767000,1.1467,1.14668,750000,750000
2022-01-13 13:38:17.628000,1.1467,1.14667,750000,1390000
2022-01-13 13:38:18.326000,1.14672,1.14669,750000,940000
2022-01-13 13:38:18.429000,1.14671,1.14669,750000,2140000
2022-01-13 13:38:19.192000,1.14672,1.14669,750000,1120000
2022-01-13 13:38:19.513000,1.14671,1.14668,750000,1950000
2022-01-13 13:38:20.792000,1.14674,1.14671,2210000,640000
2022-01-13 13:38:20.894000,1.14675,1.14673,4880000,1190000
2022-01-13 13:38:20.997000,1.14675,1.14672,1500000,1200000
2022-01-13 13:38:21.683000,1.14672,1.1467,750000,2440000
2022-01-13 13:38:21.786000,1.1467,1.14668,750000,750000
2022-01-13 13:38:21.946000,1.14671,1.14668,3790000,750000
2022-01-13 13:38:22.099000,1.14667,1.14665,750000,4950000
2022-01-13 13:38:22.201000,1.14666,1.14664,750000,820000
2022-01-13 13:38:25.798000,1.14667,1.14664,750000,1950000
2022-01-13 13:38:26.242000,1.1467,1.14668,370000,1120000
2022-01-13 13:38:26.294000,1.14674,1.14671,4500000,820000
2022-01-13 13:38:26.345000,1.14675,1.14673,750000,370000
2022-01-13 13:38:26.549000,1.14675,1.14674,750000,560000
2022-01-13 13:38:26.652000,1.14675,1.14673,750000,1200000
2022-01-13 13:38:26.754000,1.14677,1.14676,2210000,750000
2022-01-13 13:38:26.857000,1.1468,1.14677,750000,1200000
2022-01-13 13:38:27.061000,1.1468,1.14678,750000,100000
2022-01-13 13:38:27.163000,1.14679,1.14678,750000,820000
2022-01-13 13:38:27.265000,1.14679,1.14675,750000,1950000
2022-01-13 13:38:27.367000,1.14677,1.14675,750000,100000
2022-01-13 13:38:27.571000,1.14678,1.14675,1570000,750000
2022-01-13 13:38:27.674000,1.14677,1.14675,370000,750000
2022-01-13 13:38:28.170000,1.14678,1.14675,2320000,750000
2022-01-13 13:38:28.399000,1.14676,1.14673,750000,820000
2022-01-13 13:38:28.809000,1.14677,1.14674,750000,2140000
2022-01-13 13:38:28.927000,1.14678,1.14675,1500000,370000
2022-01-13 13:38:29.083000,1.14676,1.14673,750000,1950000
2022-01-13 13:38:30.548000,1.14678,1.14675,750000,1120000
2022-01-13 13:38:31.108000,1.14676,1.14674,750000,370000
2022-01-13 13:38:31.211000,1.14676,1.14673,750000,1120000
2022-01-13 13:38:31.366000,1.14676,1.14674,750000,370000
2022-01-13 13:38:31.469000,1.14677,1.14675,750000,370000
2022-01-13 13:38:31.621000,1.14677,1.14676,750000,1120000
2022-01-13 13:38:32.229000,1.14677,1.14675,750000,1950000
2022-01-13 13:38:34.209000,1.14674,1.14671,1500000,5140000
2022-01-13 13:38:34.784000,1.14673,1.1467,750000,370000
2022-01-13 13:38:35.129000,1.1467,1.14667,1500000,1120000
2022-01-13 13:38:35.231000,1.14669,1.14666,750000,1270000
2022-01-13 13:38:35.334000,1.14668,1.14666,750000,750000
2022-01-13 13:38:35.487000,1.14668,1.14667,750000,750000
2022-01-13 13:38:36.312000,1.14669,1.14665,750000,2140000
2022-01-13 13:38:36.430000,1.14668,1.14666,750000,2140000
2022-01-13 13:38:36.746000,1.14667,1.14665,750000,1120000
2022-01-13 13:38:37.005000,1.14667,1.14664,750000,1120000
2022-01-13 13:38:37.056000,1.14669,1.14665,750000,1870000
2022-01-13 13:38:37.108000,1.14672,1.1467,2400000,1200000
2022-01-13 13:38:37.210000,1.14673,1.1467,750000,2140000
2022-01-13 13:38:37.313000,1.14675,1.14674,750000,820000
2022-01-13 13:38:37.415000,1.14678,1.14674,750000,3640000
2022-01-13 13:38:37.568000,1.14678,1.14675,750000,750000
2022-01-13 13:38:38.094000,1.14677,1.14674,750000,1570000
2022-01-13 13:38:39.033000,1.14678,1.14675,750000,750000
2022-01-13 13:38:39.339000,1.14676,1.14673,1120000,2440000
2022-01-13 13:38:39.441000,1.14675,1.14672,1120000,750000
2022-01-13 13:38:39.544000,1.14674,1.14671,750000,1950000
2022-01-13 13:38:40.410000,1.14672,1.14669,750000,1570000
2022-01-13 13:38:40.512000,1.14674,1.1467,1950000,1120000
2022-01-13 13:38:40.615000,1.14676,1.14673,750000,1120000
2022-01-13 13:38:40.925000,1.14678,1.14677,750000,3070000
2022-01-13 13:38:41.027000,1.14681,1.14678,750000,2890000
2022-01-13 13:38:41.130000,1.14682,1.14679,750000,750000
2022-01-13 13:38:41.450000,1.14683,1.1468,1200000,750000
2022-01-13 13:38:43.121000,1.14682,1.14679,750000,750000
2022-01-13 13:38:43.291000,1.14684,1.1468,1570000,750000
2022-01-13 13:38:43.394000,1.14682,1.14678,820000,1500000
2022-01-13 13:38:43.632000,1.14681,1.14678,750000,750000
2022-01-13 13:38:44.321000,1.1468,1.14678,750000,750000
2022-01-13 13:38:44.424000,1.14677,1.14673,1950000,1500000
2022-01-13 13:38:44.526000,1.14675,1.14672,750000,750000
2022-01-13 13:38:44.629000,1.14674,1.14671,750000,750000
2022-01-13 13:38:45.533000,1.14675,1.14674,750000,750000
2022-01-13 13:38:45.789000,1.14676,1.14672,2060000,750000
2022-01-13 13:38:45.892000,1.14675,1.14671,750000,750000
2022-01-13 13:38:46.901000,1.14676,1.14673,750000,1120000
2022-01-13 13:38:47.258000,1.14675,1.14673,1120000,1200000
2022-01-13 13:38:47.361000,1.14674,1.14671,1950000,750000
2022-01-13 13:38:47.464000,1.14671,1.14669,750000,370000
2022-01-13 13:38:47.566000,1.14672,1.14669,750000,2060000
2022-01-13 13:38:47.668000,1.14673,1.1467,750000,750000
2022-01-13 13:38:49.199000,1.14672,1.14669,750000,750000
2022-01-13 13:38:49.302000,1.14671,1.14669,750000,2140000
2022-01-13 13:38:51.052000,1.14672,1.14669,750000,750000
2022-01-13 13:38:52.281000,1.14672,1.14668,750000,1200000
2022-01-13 13:38:56.280000,1.14671,1.14667,750000,1200000
2022-01-13 13:38:56.383000,1.14671,1.14668,750000,1120000
2022-01-13 13:38:56.536000,1.14672,1.14668,820000,1120000
2022-01-13 13:38:56.922000,1.14672,1.14669,750000,750000
2022-01-13 13:38:57.811000,1.14674,1.14672,1500000,100000
2022-01-13 13:38:57.914000,1.14675,1.14672,750000,2140000
2022-01-13 13:38:58.016000,1.14676,1.14673,750000,750000
2022-01-13 13:38:59.133000,1.14673,1.14671,1120000,4950000
2022-01-13 13:38:59.236000,1.14671,1.14669,370000,2700000
2022-01-13 13:39:01.191000,1.14671,1.14668,1120000,1200000
2022-01-13 13:39:01.293000,1.14671,1.14669,370000,750000
2022-01-13 13:39:02.092000,1.14669,1.14666,370000,1500000
2022-01-13 13:39:02.245000,1.14668,1.14666,370000,750000
2022-01-13 13:39:02.297000,1.14667,1.14664,370000,1870000
2022-01-13 13:39:02.399000,1.14667,1.14665,370000,750000
2022-01-13 13:39:02.604000,1.14666,1.14664,370000,1500000
2022-01-13 13:39:04.260000,1.14667,1.14665,370000,750000
2022-01-13 13:39:04.362000,1.14668,1.14665,370000,750000
2022-01-13 13:39:04.762000,1.14667,1.14665,370000,750000
2022-01-13 13:39:06.060000,1.14666,1.14664,370000,750000
2022-01-13 13:39:06.163000,1.14667,1.14664,370000,750000
2022-01-13 13:39:06.493000,1.14667,1.14665,750000,750000
2022-01-13 13:39:06.596000,1.14666,1.14663,370000,750000
2022-01-13 13:39:07.262000,1.14667,1.14664,1120000,750000
2022-01-13 13:39:07.365000,1.14667,1.14665,370000,750000
2022-01-13 13:39:09.759000,1.14669,1.14666,1500000,1200000
2022-01-13 13:39:09.810000,1.14671,1.14668,2590000,1120000
2022-01-13 13:39:10.116000,1.14672,1.14669,750000,750000
2022-01-13 13:39:13.016000,1.14675,1.14672,750000,750000
2022-01-13 13:39:13.119000,1.14676,1.14674,1460000,370000
2022-01-13 13:39:13.221000,1.14677,1.14674,1500000,370000
2022-01-13 13:39:13.375000,1.14675,1.14673,750000,3640000
2022-01-13 13:39:13.477000,1.14675,1.14672,1500000,750000
2022-01-13 13:39:13.580000,1.14672,1.14669,750000,2320000
2022-01-13 13:39:13.979000,1.14674,1.14671,750000,750000
2022-01-13 13:39:15.226000,1.14674,1.1467,1120000,1200000
2022-01-13 13:39:15.441000,1.14676,1.14673,2250000,1120000
2022-01-13 13:39:15.543000,1.14676,1.14675,1950000,750000
2022-01-13 13:39:16.090000,1.14678,1.14676,750000,1200000
2022-01-13 13:39:16.142000,1.1468,1.14678,750000,370000
2022-01-13 13:39:16.244000,1.14682,1.14678,2660000,1200000
2022-01-13 13:39:16.347000,1.14681,1.14678,750000,1200000
2022-01-13 13:39:16.500000,1.14681,1.14679,750000,750000
2022-01-13 13:39:17.287000,1.14682,1.14679,820000,750000
2022-01-13 13:39:19.074000,1.14683,1.14679,1840000,750000
2022-01-13 13:39:19.176000,1.14683,1.1468,1200000,750000
2022-01-13 13:39:21.312000,1.14682,1.14678,750000,1950000
2022-01-13 13:39:22.720000,1.14681,1.14678,1570000,750000
2022-01-13 13:39:24.583000,1.14679,1.14678,3070000,750000
2022-01-13 13:39:24.736000,1.14679,1.14676,750000,750000
2022-01-13 13:39:27.370000,1.14678,1.14675,750000,1200000
2022-01-13 13:39:28.374000,1.14679,1.14677,450000,750000
2022-01-13 13:39:28.477000,1.14681,1.14677,1950000,750000
2022-01-13 13:39:31.432000,1.14683,1.14681,1200000,640000
2022-01-13 13:39:31.534000,1.14683,1.1468,450000,1200000
2022-01-13 13:39:31.636000,1.14684,1.1468,1120000,1200000
2022-01-13 13:39:34.350000,1.14683,1.1468,1120000,750000
2022-01-13 13:39:34.453000,1.14683,1.14679,2700000,750000
2022-01-13 13:39:34.922000,1.14682,1.14679,750000,750000
2022-01-13 13:39:39.474000,1.14684,1.14682,4390000,750000
2022-01-13 13:39:39.577000,1.14685,1.14683,450000,750000
2022-01-13 13:39:39.679000,1.14686,1.14684,750000,1120000
2022-01-13 13:39:39.781000,1.14687,1.14685,1200000,750000
2022-01-13 13:39:39.883000,1.14688,1.14685,1870000,750000
2022-01-13 13:39:40.911000,1.14689,1.14687,1950000,750000
2022-01-13 13:39:41.166000,1.14688,1.14686,450000,750000
2022-01-13 13:39:41.608000,1.14688,1.14685,2510000,750000
2022-01-13 13:39:41.711000,1.14687,1.14684,100000,750000
2022-01-13 13:39:41.915000,1.14687,1.14683,3260000,750000
2022-01-13 13:39:42.017000,1.14686,1.14683,1500000,750000
2022-01-13 13:39:42.179000,1.14684,1.14682,370000,750000
2022-01-13 13:39:44.344000,1.14685,1.14683,820000,750000
2022-01-13 13:39:44.548000,1.14686,1.14683,2890000,750000
2022-01-13 13:39:45.079000,1.14685,1.14682,4390000,750000
2022-01-13 13:39:45.232000,1.14684,1.14682,1390000,750000
2022-01-13 13:39:45.436000,1.14683,1.14681,1310000,750000
2022-01-13 13:39:45.488000,1.1468,1.14679,2810000,1500000
2022-01-13 13:39:45.641000,1.14679,1.14677,370000,1500000
2022-01-13 13:39:45.744000,1.14678,1.14676,1390000,750000
2022-01-13 13:39:46.296000,1.14678,1.14675,1950000,750000
2022-01-13 13:39:46.681000,1.14677,1.14675,370000,750000
2022-01-13 13:39:47.111000,1.14678,1.14675,1570000,750000
2022-01-13 13:39:47.658000,1.14679,1.14676,4090000,750000
2022-01-13 13:39:47.913000,1.14678,1.14676,750000,750000
2022-01-13 13:39:48.913000,1.14679,1.14676,1310000,750000
2022-01-13 13:39:49.245000,1.1468,1.14677,450000,750000
2022-01-13 13:39:49.347000,1.14682,1.1468,100000,750000
2022-01-13 13:39:49.450000,1.14683,1.1468,4050000,750000
2022-01-13 13:39:50.325000,1.14685,1.14683,1950000,750000
2022-01-13 13:39:50.529000,1.14683,1.1468,1200000,750000
2022-01-13 13:39:50.632000,1.14682,1.14679,1390000,750000
2022-01-13 13:39:52.387000,1.14683,1.14679,1200000,750000
2022-01-13 13:39:53.227000,1.14685,1.14682,2020000,750000
2022-01-13 13:39:53.329000,1.14685,1.14683,1910000,750000
2022-01-13 13:39:53.432000,1.14686,1.14683,2810000,750000
2022-01-13 13:39:56.683000,1.14687,1.14685,1460000,2320000
2022-01-13 13:39:56.786000,1.14688,1.14687,450000,100000
2022-01-13 13:39:56.888000,1.14689,1.14686,1120000,750000
2022-01-13 13:39:56.991000,1.14688,1.14685,2250000,750000
2022-01-13 13:39:57.264000,1.14686,1.14685,370000,750000
2022-01-13 13:39:57.976000,1.14687,1.14684,750000,750000
2022-01-13 13:39:58.079000,1.14688,1.14686,450000,750000
2022-01-13 13:39:58.181000,1.1469,1.14686,1570000,750000
2022-01-13 13:39:58.436000,1.14688,1.14685,1120000,750000
2022-01-13 13:39:59.001000,1.14687,1.14684,750000,750000
