time,ask,bid,ask_volume,bid_volume
2019-07-11 12:25:00.096000,1.12808,1.12806,1000000,2570000
2019-07-11 12:25:00.198000,1.12809,1.12807,1000000,1250000
2019-07-11 12:25:01.011000,1.1281,1.12806,1500000,4820000
2019-07-11 12:25:01.466000,1.12811,1.12807,9190000,1760000
2019-07-11 12:25:01.694000,1.12811,1.12806,6690000,6470000
2019-07-11 12:25:02.191000,1.12811,1.12807,7690000,1390000
2019-07-11 12:25:03.219000,1.12811,1.12806,6760000,5200000
2019-07-11 12:25:03.372000,1.12809,1.12806,3560000,1000000
2019-07-11 12:25:05.774000,1.12809,1.12805,2470000,7170000
2019-07-11 12:25:05.875000,1.12809,1.12805,2470000,5670000
2019-07-11 12:25:06.028000,1.12809,1.12805,1720000,7920000
2019-07-11 12:25:06.130000,1.12807,1.12805,1500000,1000000
2019-07-11 12:25:06.287000,1.12807,1.12804,4240000,1820000
2019-07-11 12:25:08.211000,1.12809,1.12805,5140000,1690000
2019-07-11 12:25:08.705000,1.1281,1.12805,6850000,1500000
2019-07-11 12:25:08.807000,1.1281,1.12805,5550000,3000000
2019-07-11 12:25:09.057000,1.1281,1.12805,4500000,3700000
2019-07-11 12:25:09.312000,1.1281,1.12806,1120000,3700000
2019-07-11 12:25:09.413000,1.12811,1.12806,5370000,3260000
2019-07-11 12:25:09.801000,1.1281,1.12807,3000000,1100000
2019-07-11 12:25:10.897000,1.12811,1.12808,6560000,1250000
2019-07-11 12:25:10.999000,1.12811,1.12807,4810000,5320000
2019-07-11 12:25:11.304000,1.1281,1.12808,1000000,1000000
2019-07-11 12:25:13.113000,1.12811,1.12807,1120000,8540000
2019-07-11 12:25:13.316000,1.12811,1.12808,1250000,3100000
2019-07-11 12:25:13.557000,1.12811,1.12808,2000000,2290000
2019-07-11 12:25:13.660000,1.12811,1.12807,1500000,4790000
2019-07-11 12:25:13.762000,1.12811,1.12808,1250000,2550000
2019-07-11 12:25:14.163000,1.12812,1.12808,2500000,1200000
2019-07-11 12:25:14.416000,1.12811,1.12807,2000000,10820000
2019-07-11 12:25:14.518000,1.1281,1.12807,1250000,8360000
2019-07-11 12:25:14.629000,1.12808,1.12807,1000000,1570000
2019-07-11 12:25:14.781000,1.1281,1.12807,1450000,1500000
2019-07-11 12:25:14.935000,1.12811,1.12807,1370000,3470000
2019-07-11 12:25:15.087000,1.12811,1.12807,1370000,4350000
2019-07-11 12:25:16.264000,1.12811,1.12809,1250000,1120000
2019-07-11 12:25:16.742000,1.12811,1.12808,1750000,1570000
2019-07-11 12:25:20.437000,1.12812,1.12808,4370000,3850000
2019-07-11 12:25:24.547000,1.12813,1.12809,7370000,5720000
2019-07-11 12:25:24.649000,1.12814,1.12811,1310000,1120000
2019-07-11 12:25:24.751000,1.12815,1.12811,3250000,6470000
2019-07-11 12:25:24.853000,1.12815,1.12813,1250000,1100000
2019-07-11 12:25:25.699000,1.12813,1.12811,1500000,1410000
2019-07-11 12:25:25.800000,1.12812,1.1281,1120000,3570000
2019-07-11 12:25:25.927000,1.12812,1.1281,1250000,1100000
2019-07-11 12:25:27.425000,1.12812,1.12809,1250000,3120000
2019-07-11 12:25:28.847000,1.12812,1.12809,1750000,2320000
2019-07-11 12:25:30.219000,1.12814,1.12812,4390000,1500000
2019-07-11 12:25:30.372000,1.12813,1.12811,1000000,2860000
2019-07-11 12:25:30.474000,1.12814,1.12812,1250000,1000000
2019-07-11 12:25:30.604000,1.12813,1.12811,1500000,2700000
2019-07-11 12:25:30.705000,1.12813,1.12811,1000000,2720000
2019-07-11 12:25:30.807000,1.12815,1.12811,1750000,6450000
2019-07-11 12:25:30.858000,1.12815,1.12813,1000000,1200000
2019-07-11 12:25:31.163000,1.12816,1.12813,2440000,3970000
2019-07-11 12:25:31.264000,1.12816,1.12812,2440000,5540000
2019-07-11 12:25:32.559000,1.12815,1.12812,1000000,4570000
2019-07-11 12:25:32.772000,1.12815,1.12812,1000000,4600000
2019-07-11 12:25:32.874000,1.12816,1.12812,1720000,5950000
2019-07-11 12:25:32.976000,1.12816,1.12812,5370000,4570000
2019-07-11 12:25:33.229000,1.12814,1.12812,1000000,3820000
2019-07-11 12:25:33.331000,1.12815,1.12812,1000000,3820000
2019-07-11 12:25:33.432000,1.12815,1.12813,1250000,1250000
2019-07-11 12:25:33.800000,1.12815,1.12812,1000000,3820000
2019-07-11 12:25:34.582000,1.12814,1.12813,1250000,1200000
2019-07-11 12:25:34.701000,1.12811,1.1281,1120000,2620000
2019-07-11 12:25:34.752000,1.12811,1.12808,2060000,1970000
2019-07-11 12:25:34.854000,1.12811,1.12808,2060000,1100000
2019-07-11 12:25:38.770000,1.12811,1.12807,1370000,2970000
2019-07-11 12:25:38.871000,1.12812,1.12808,10670000,2140000
2019-07-11 12:25:40.020000,1.12812,1.12809,3940000,5720000
2019-07-11 12:25:40.121000,1.12812,1.12809,1250000,5700000
2019-07-11 12:25:42.960000,1.12813,1.12811,5620000,1100000
2019-07-11 12:25:43.062000,1.12814,1.12812,2620000,1100000
2019-07-11 12:25:43.164000,1.12814,1.12811,2620000,3640000
2019-07-11 12:25:43.266000,1.12814,1.12812,1500000,1000000
2019-07-11 12:25:43.367000,1.12814,1.12811,1500000,3640000
2019-07-11 12:25:44.998000,1.12813,1.1281,1250000,4600000
2019-07-11 12:25:45.100000,1.12812,1.12809,4000000,2320000
2019-07-11 12:25:50.747000,1.12813,1.12812,8060000,1120000
2019-07-11 12:25:50.849000,1.12815,1.12813,1250000,1120000
2019-07-11 12:25:51.122000,1.12816,1.12813,2440000,1200000
2019-07-11 12:25:51.224000,1.12816,1.12813,1690000,2720000
2019-07-11 12:25:52.423000,1.12814,1.12812,5250000,1970000
2019-07-11 12:25:52.525000,1.12813,1.12811,2440000,1000000
2019-07-11 12:25:52.626000,1.12813,1.12809,1690000,3410000
2019-07-11 12:25:52.993000,1.12814,1.1281,6620000,6850000
2019-07-11 12:25:53.095000,1.12813,1.12811,1250000,2890000
2019-07-11 12:25:53.198000,1.12815,1.12812,3190000,1970000
2019-07-11 12:25:55.164000,1.12816,1.12813,1750000,1410000
2019-07-11 12:25:55.576000,1.12816,1.12813,1250000,2140000
2019-07-11 12:25:55.966000,1.12816,1.12813,1750000,5010000
2019-07-11 12:25:56.110000,1.12816,1.12813,1370000,5360000
2019-07-11 12:25:56.212000,1.12817,1.12813,11720000,4260000
2019-07-11 12:25:57.329000,1.12816,1.12814,1250000,1600000
2019-07-11 12:25:57.613000,1.12817,1.12815,7130000,1000000
2019-07-11 12:25:57.817000,1.12817,1.12815,1000000,10390000
2019-07-11 12:25:57.896000,1.12819,1.12816,4310000,1220000
2019-07-11 12:25:58.200000,1.1282,1.12817,6190000,1970000
2019-07-11 12:25:58.451000,1.1282,1.12816,6190000,9260000
2019-07-11 12:25:58.859000,1.12819,1.12816,1750000,2470000
2019-07-11 12:25:58.961000,1.12818,1.12815,1000000,2160000
2019-07-11 12:25:59.407000,1.12819,1.12817,5250000,1000000
2019-07-11 12:25:59.509000,1.12822,1.12819,16750000,1010000
2019-07-11 12:25:59.611000,1.1282,1.12819,1500000,1000000
2019-07-11 12:25:59.713000,1.12819,1.12817,3750000,1250000
2019-07-11 12:26:00.511000,1.12819,1.12815,2890000,3690000
2019-07-11 12:26:00.613000,1.12819,1.12815,3510000,10660000
2019-07-11 12:26:00.716000,1.12819,1.12815,2740000,8410000
2019-07-11 12:26:00.818000,1.12817,1.12815,1120000,4660000
2019-07-11 12:26:00.920000,1.12818,1.12814,3070000,2970000
2019-07-11 12:26:01.261000,1.12816,1.12814,1000000,4350000
2019-07-11 12:26:03.878000,1.12817,1.12815,9000000,1000000
2019-07-11 12:26:04.025000,1.12818,1.12816,1870000,1000000
2019-07-11 12:26:04.127000,1.12818,1.12815,2810000,2250000
2019-07-11 12:26:04.279000,1.12819,1.12817,1240000,1250000
2019-07-11 12:26:04.483000,1.12819,1.12816,1760000,3000000
2019-07-11 12:26:04.585000,1.12819,1.12816,1450000,1250000
2019-07-11 12:26:04.696000,1.12819,1.12815,2140000,6690000
2019-07-11 12:26:04.797000,1.12819,1.12815,2140000,5060000
2019-07-11 12:26:04.899000,1.12818,1.12815,1000000,5060000
2019-07-11 12:26:05,1.12818,1.12816,1120000,1000000
2019-07-11 12:26:06.395000,1.12818,1.12815,1500000,3940000
2019-07-11 12:26:08.750000,1.12817,1.12814,1000000,8040000
2019-07-11 12:26:08.953000,1.12816,1.12814,1310000,7850000
2019-07-11 12:26:09.208000,1.12817,1.12814,2500000,2100000
2019-07-11 12:26:09.324000,1.12817,1.12814,5810000,2850000
2019-07-11 12:26:09.522000,1.12817,1.12814,5570000,2920000
2019-07-11 12:26:10.096000,1.12817,1.12814,8620000,2850000
2019-07-11 12:26:13.290000,1.12817,1.12813,6560000,10800000
2019-07-11 12:26:13.446000,1.12816,1.12813,3750000,10800000
2019-07-11 12:26:14.394000,1.12816,1.12814,3750000,1000000
2019-07-11 12:26:14.601000,1.12816,1.12813,4000000,9490000
2019-07-11 12:26:15.081000,1.12816,1.12814,5870000,1000000
2019-07-11 12:26:18.550000,1.12817,1.12813,5810000,8740000
2019-07-11 12:26:19.981000,1.12817,1.12815,2810000,1120000
2019-07-11 12:26:20.856000,1.12816,1.12815,1120000,1120000
2019-07-11 12:26:21.135000,1.12817,1.12814,1250000,1700000
2019-07-11 12:26:28.955000,1.12819,1.12817,7570000,2560000
2019-07-11 12:26:29.057000,1.12823,1.12821,4760000,1000000
2019-07-11 12:26:29.158000,1.12821,1.12819,1500000,1510000
2019-07-11 12:26:29.209000,1.1282,1.12818,1000000,3750000
2019-07-11 12:26:29.325000,1.1282,1.12818,1000000,1690000
2019-07-11 12:26:29.477000,1.1282,1.12817,1000000,4760000
2019-07-11 12:26:30.171000,1.12819,1.12817,1500000,2440000
2019-07-11 12:26:30.272000,1.12819,1.12816,1000000,4610000
2019-07-11 12:26:31.306000,1.12818,1.12817,1000000,1000000
2019-07-11 12:26:32.370000,1.12819,1.12816,6940000,1000000
2019-07-11 12:26:32.484000,1.12819,1.12815,6190000,1760000
2019-07-11 12:26:33.287000,1.12819,1.12815,3250000,8570000
2019-07-11 12:26:34.147000,1.12819,1.12815,2290000,14050000
2019-07-11 12:26:36.046000,1.12818,1.12816,1000000,2250000
2019-07-11 12:26:36.993000,1.1282,1.12818,1000000,2750000
2019-07-11 12:26:37.196000,1.12819,1.12817,1000000,3640000
2019-07-11 12:26:37.297000,1.12819,1.12818,1000000,1000000
2019-07-11 12:26:38.012000,1.12819,1.12817,1000000,3640000
2019-07-11 12:26:38.119000,1.12819,1.12818,1000000,1000000
2019-07-11 12:26:38.221000,1.12819,1.12817,1000000,3640000
2019-07-11 12:26:39.127000,1.12819,1.12818,1000000,1000000
2019-07-11 12:26:39.851000,1.12819,1.12817,1000000,3070000
2019-07-11 12:26:40.314000,1.12819,1.12818,1000000,1250000
2019-07-11 12:26:41.352000,1.12819,1.12817,1000000,2890000
2019-07-11 12:26:41.654000,1.12819,1.12817,1000000,3140000
2019-07-11 12:26:41.806000,1.12819,1.12817,1000000,2890000
2019-07-11 12:26:43.059000,1.12819,1.12817,1000000,5410000
2019-07-11 12:26:43.248000,1.12819,1.12817,1000000,6220000
2019-07-11 12:26:43.350000,1.12819,1.12817,1000000,6540000
2019-07-11 12:26:43.574000,1.1282,1.12817,1000000,8490000
2019-07-11 12:26:43.714000,1.1282,1.12817,1000000,6110000
2019-07-11 12:26:43.978000,1.1282,1.12817,1250000,7850000
2019-07-11 12:26:44.480000,1.1282,1.12817,1810000,6630000
2019-07-11 12:26:44.581000,1.1282,1.12817,1210000,3320000
2019-07-11 12:26:44.835000,1.1282,1.12817,1260000,1570000
2019-07-11 12:26:46.432000,1.1282,1.12817,1000000,3890000
2019-07-11 12:26:50.844000,1.1282,1.12817,1350000,1760000
2019-07-11 12:26:59.709000,1.12818,1.12815,7620000,1000000
2019-07-11 12:27:01.060000,1.12817,1.12814,1250000,2850000
2019-07-11 12:27:01.162000,1.12817,1.12813,1750000,5170000
2019-07-11 12:27:01.905000,1.12817,1.12813,2350000,5170000
2019-07-11 12:27:02.058000,1.12817,1.12813,2500000,2320000
2019-07-11 12:27:03.344000,1.12816,1.12813,1250000,1500000
2019-07-11 12:27:03.446000,1.12815,1.12812,1370000,9940000
2019-07-11 12:27:03.649000,1.12814,1.12812,4600000,1000000
2019-07-11 12:27:03.700000,1.12813,1.1281,1690000,3300000
2019-07-11 12:27:04.600000,1.12812,1.12809,3000000,1390000
2019-07-11 12:27:05.340000,1.12811,1.12808,1250000,5510000
2019-07-11 12:27:05.442000,1.12811,1.12807,1750000,5510000
2019-07-11 12:27:06.107000,1.12812,1.12807,6110000,5200000
2019-07-11 12:27:06.488000,1.12811,1.12807,1000000,8550000
2019-07-11 12:27:06.966000,1.12812,1.12807,6110000,5800000
2019-07-11 12:27:07.039000,1.12812,1.12807,6170000,6550000
2019-07-11 12:27:07.141000,1.12812,1.12807,6700000,5010000
2019-07-11 12:27:07.810000,1.12812,1.12807,11260000,3450000
2019-07-11 12:27:07.912000,1.12811,1.12807,6070000,4970000
2019-07-11 12:27:08.014000,1.1281,1.12806,6000000,3820000
2019-07-11 12:27:08.116000,1.1281,1.12805,12510000,2890000
2019-07-11 12:27:09.786000,1.12809,1.12805,6450000,1250000
2019-07-11 12:27:09.989000,1.12809,1.12806,5320000,1000000
2019-07-11 12:27:10.091000,1.12809,1.12806,4820000,1000000
2019-07-11 12:27:10.537000,1.12809,1.12806,4390000,1000000
2019-07-11 12:27:10.640000,1.12809,1.12806,4640000,1000000
2019-07-11 12:27:10.837000,1.12809,1.12806,4390000,1000000
2019-07-11 12:27:11.373000,1.12809,1.12806,6060000,1500000
2019-07-11 12:27:11.594000,1.12809,1.12806,3190000,1000000
2019-07-11 12:27:14.134000,1.12809,1.12806,2440000,1250000
2019-07-11 12:27:16.578000,1.12808,1.12806,1000000,2120000
2019-07-11 12:27:16.680000,1.12809,1.12806,3000000,2190000
2019-07-11 12:27:17.722000,1.12811,1.12807,6100000,1950000
2019-07-11 12:27:17.824000,1.12811,1.12807,2510000,1870000
2019-07-11 12:27:17.926000,1.12812,1.12808,3320000,2250000
2019-07-11 12:27:18.447000,1.12812,1.12808,7120000,3260000
2019-07-11 12:27:19.109000,1.12812,1.12809,8250000,1000000
2019-07-11 12:27:19.947000,1.12812,1.12808,4870000,2510000
2019-07-11 12:27:22.402000,1.12812,1.12808,2200000,1000000
2019-07-11 12:27:26.414000,1.1281,1.12807,2440000,7970000
2019-07-11 12:27:26.551000,1.12808,1.12807,1000000,1500000
2019-07-11 12:27:26.936000,1.12809,1.12807,1250000,1500000
2019-07-11 12:27:27.954000,1.12809,1.12806,1250000,2620000
2019-07-11 12:27:28.056000,1.12808,1.12806,3000000,2620000
2019-07-11 12:27:29.389000,1.12807,1.12806,1000000,1000000
2019-07-11 12:27:29.490000,1.12808,1.12806,6260000,1000000
2019-07-11 12:27:29.744000,1.12807,1.12806,1000000,1000000
2019-07-11 12:27:30.094000,1.12808,1.12807,3190000,1000000
2019-07-11 12:27:31.913000,1.12809,1.12807,13200000,1000000
2019-07-11 12:27:32.424000,1.12808,1.12806,1750000,1000000
2019-07-11 12:27:33.269000,1.12808,1.12805,3720000,2440000
2019-07-11 12:27:36.814000,1.12808,1.12806,1750000,1000000
2019-07-11 12:27:37.544000,1.12807,1.12805,9790000,2440000
2019-07-11 12:27:37.648000,1.12806,1.12803,2140000,4950000
2019-07-11 12:27:37.756000,1.12806,1.12804,5890000,1120000
2019-07-11 12:27:37.858000,1.12806,1.12803,1690000,3370000
2019-07-11 12:27:39.997000,1.12806,1.12804,2440000,1000000
2019-07-11 12:27:40.783000,1.12806,1.12804,6660000,1870000
2019-07-11 12:27:42.717000,1.12807,1.12805,4390000,2500000
2019-07-11 12:27:42.768000,1.12809,1.12806,3700000,6990000
2019-07-11 12:27:42.870000,1.12809,1.12807,1000000,3040000
2019-07-11 12:27:44.490000,1.1281,1.12807,1000000,1690000
2019-07-11 12:27:44.864000,1.12809,1.12807,1000000,1690000
2019-07-11 12:27:45.269000,1.12811,1.12807,10010000,1690000
2019-07-11 12:27:45.421000,1.1281,1.12807,1000000,1690000
2019-07-11 12:27:47.590000,1.12811,1.12808,1250000,3000000
2019-07-11 12:27:47.763000,1.12811,1.12809,1250000,1000000
2019-07-11 12:27:47.870000,1.12811,1.12808,1250000,4420000
2019-07-11 12:27:51.121000,1.12812,1.12809,10300000,1000000
2019-07-11 12:27:52.425000,1.12811,1.12808,1010000,4800000
2019-07-11 12:27:55.249000,1.12811,1.12808,1760000,2950000
2019-07-11 12:27:56.353000,1.1281,1.12808,1000000,1820000
2019-07-11 12:27:56.632000,1.1281,1.12808,1000000,1570000
2019-07-11 12:27:59.044000,1.12811,1.1281,1100000,1000000
2019-07-11 12:27:59.147000,1.12811,1.12809,1000000,4010000
2019-07-11 12:27:59.290000,1.12811,1.12809,1000000,4390000
2019-07-11 12:27:59.443000,1.12812,1.1281,1000000,1010000
2019-07-11 12:27:59.595000,1.12812,1.1281,1000000,1010000
2019-07-11 12:27:59.697000,1.12812,1.1281,1000000,1760000
2019-07-11 12:28:00.030000,1.12813,1.1281,5700000,2510000
2019-07-11 12:28:00.181000,1.12811,1.1281,1000000,1000000
2019-07-11 12:28:00.232000,1.1281,1.12809,1000000,2320000
2019-07-11 12:28:00.699000,1.12811,1.12809,2250000,1870000
2019-07-11 12:28:00.904000,1.1281,1.12809,1000000,1120000
2019-07-11 12:28:01.201000,1.12811,1.12809,1000000,1120000
2019-07-11 12:28:02.819000,1.12811,1.12809,1690000,1100000
2019-07-11 12:28:03.909000,1.12811,1.12808,1250000,4570000
2019-07-11 12:28:04.161000,1.12811,1.12809,1250000,1000000
2019-07-11 12:28:04.262000,1.1281,1.12808,1000000,6070000
2019-07-11 12:28:04.540000,1.1281,1.12809,1000000,1000000
2019-07-11 12:28:04.642000,1.12812,1.12809,2500000,1000000
2019-07-11 12:28:04.922000,1.12812,1.12808,1750000,6820000
2019-07-11 12:28:06.256000,1.12813,1.12809,2890000,3410000
2019-07-11 12:28:06.358000,1.12813,1.12812,1950000,3940000
2019-07-11 12:28:06.409000,1.12816,1.12812,1450000,4500000
2019-07-11 12:28:06.510000,1.12816,1.12813,1640000,1100000
2019-07-11 12:28:14.463000,1.12817,1.12812,6510000,5910000
2019-07-11 12:28:16.520000,1.12814,1.12812,1250000,3190000
2019-07-11 12:28:21.291000,1.12815,1.12812,1690000,1500000
2019-07-11 12:28:21.393000,1.12815,1.12812,1690000,2350000
2019-07-11 12:28:22.290000,1.12816,1.12813,3060000,1100000
2019-07-11 12:28:25.209000,1.12816,1.12813,1750000,1200000
2019-07-11 12:28:25.313000,1.12817,1.12814,3560000,2350000
2019-07-11 12:28:25.415000,1.12817,1.12814,5120000,1100000
2019-07-11 12:28:26.318000,1.12817,1.12814,4370000,1100000
2019-07-11 12:28:26.420000,1.12817,1.12814,1250000,2100000
2019-07-11 12:28:26.862000,1.12817,1.12815,1000000,1450000
2019-07-11 12:28:26.965000,1.12819,1.12816,1120000,1410000
2019-07-11 12:28:27.086000,1.12819,1.12817,1120000,1600000
2019-07-11 12:28:27.188000,1.12818,1.12816,1120000,3040000
2019-07-11 12:28:27.326000,1.12818,1.12816,1120000,2290000
2019-07-11 12:28:27.538000,1.1282,1.12817,1690000,1600000
2019-07-11 12:28:27.838000,1.1282,1.12816,1690000,2290000
2019-07-11 12:28:29.349000,1.12818,1.12815,1870000,4910000
2019-07-11 12:28:29.451000,1.12817,1.12814,5290000,1200000
2019-07-11 12:28:29.602000,1.12816,1.12814,1000000,1100000
2019-07-11 12:28:30.555000,1.12817,1.12814,2440000,1200000
2019-07-11 12:28:32.624000,1.12817,1.12814,1750000,1100000
2019-07-11 12:28:33.504000,1.12813,1.12811,2250000,1500000
2019-07-11 12:28:33.606000,1.12813,1.1281,2440000,2320000
2019-07-11 12:28:33.751000,1.12813,1.1281,1250000,3850000
2019-07-11 12:28:34.170000,1.12813,1.1281,1250000,5320000
2019-07-11 12:28:34.272000,1.12813,1.1281,1250000,5350000
2019-07-11 12:28:35.340000,1.12813,1.1281,1250000,5700000
2019-07-11 12:28:36.432000,1.12814,1.1281,1540000,6510000
2019-07-11 12:28:40.437000,1.12815,1.12811,4070000,1600000
2019-07-11 12:28:41.176000,1.12815,1.12811,4750000,1100000
2019-07-11 12:28:42.462000,1.12815,1.1281,4760000,9740000
2019-07-11 12:28:45.017000,1.12815,1.1281,1310000,10110000
2019-07-11 12:28:46.543000,1.12815,1.1281,1760000,8990000
2019-07-11 12:28:48.156000,1.12814,1.12811,1100000,1390000
2019-07-11 12:28:48.543000,1.12813,1.12811,1000000,3790000
2019-07-11 12:28:48.645000,1.12813,1.12809,2170000,7320000
2019-07-11 12:28:48.753000,1.12813,1.12809,1950000,3370000
2019-07-11 12:28:49.769000,1.12812,1.1281,1250000,1000000
2019-07-11 12:28:50.050000,1.12813,1.12809,10070000,1690000
2019-07-11 12:28:50.801000,1.12812,1.1281,1120000,1250000
2019-07-11 12:28:50.905000,1.12813,1.12809,3160000,1570000
2019-07-11 12:28:51.649000,1.12813,1.12809,6850000,1100000
2019-07-11 12:28:52.963000,1.12813,1.12808,6720000,9790000
2019-07-11 12:28:53.876000,1.12812,1.12809,1250000,1000000
2019-07-11 12:28:57.869000,1.12812,1.12809,1000000,2100000
2019-07-11 12:28:57.971000,1.12815,1.12811,4670000,3450000
2019-07-11 12:28:58.745000,1.12816,1.12814,4310000,1000000
2019-07-11 12:28:59.181000,1.12816,1.12813,1720000,1200000
2019-07-11 12:29:00.233000,1.12816,1.12814,1010000,1000000
2019-07-11 12:29:00.335000,1.12818,1.12815,5320000,4990000
2019-07-11 12:29:00.436000,1.12819,1.12816,1690000,1000000
2019-07-11 12:29:00.690000,1.12818,1.12816,1000000,1250000
2019-07-11 12:29:00.862000,1.12819,1.12815,1010000,4370000
2019-07-11 12:29:01.255000,1.12819,1.12816,1690000,1410000
2019-07-11 12:29:01.356000,1.12819,1.12815,2060000,3700000
2019-07-11 12:29:01.650000,1.12818,1.12815,1000000,5220000
2019-07-11 12:29:01.751000,1.12819,1.12815,1690000,2950000
2019-07-11 12:29:02.085000,1.12818,1.12816,1000000,1000000
2019-07-11 12:29:02.541000,1.12818,1.12815,3500000,1010000
2019-07-11 12:29:02.694000,1.12817,1.12814,3190000,1250000
2019-07-11 12:29:03.827000,1.12816,1.12813,1500000,1950000
2019-07-11 12:29:05.660000,1.12816,1.12813,1000000,1000000
2019-07-11 12:29:06.532000,1.12815,1.12813,1120000,1000000
2019-07-11 12:29:06.634000,1.12816,1.12812,7010000,1000000
2019-07-11 12:29:08.674000,1.12816,1.12812,4570000,3620000
2019-07-11 12:29:09.031000,1.12816,1.12813,1500000,1250000
2019-07-11 12:29:09.286000,1.12817,1.12815,2250000,2810000
2019-07-11 12:29:09.381000,1.1282,1.12816,2320000,3440000
2019-07-11 12:29:09.482000,1.12821,1.12816,4010000,4640000
2019-07-11 12:29:09.584000,1.1282,1.12817,2250000,2010000
2019-07-11 12:29:09.824000,1.12821,1.12816,5250000,7720000
2019-07-11 12:29:10.084000,1.12821,1.12816,5570000,5070000
2019-07-11 12:29:10.292000,1.12818,1.12816,1000000,2390000
2019-07-11 12:29:10.394000,1.12819,1.12816,1200000,2200000
2019-07-11 12:29:10.496000,1.12821,1.12817,4790000,1640000
2019-07-11 12:29:10.598000,1.12821,1.12817,4220000,1450000
2019-07-11 12:29:10.699000,1.12821,1.12817,1950000,1470000
2019-07-11 12:29:10.919000,1.12818,1.12815,3750000,2540000
2019-07-11 12:29:11.021000,1.12816,1.12814,1000000,1450000
2019-07-11 12:29:11.405000,1.12817,1.12813,2250000,2510000
2019-07-11 12:29:11.507000,1.12818,1.12813,2140000,1200000
2019-07-11 12:29:12.195000,1.12818,1.12813,5260000,2890000
2019-07-11 12:29:12.298000,1.12817,1.12812,1250000,10660000
2019-07-11 12:29:13.299000,1.12817,1.12813,1100000,1940000
2019-07-11 12:29:13.906000,1.12818,1.12813,3940000,2690000
2019-07-11 12:29:14.110000,1.12817,1.12814,1100000,1390000
2019-07-11 12:29:16.373000,1.12818,1.12813,4760000,2890000
2019-07-11 12:29:16.475000,1.12818,1.12815,1000000,4370000
2019-07-11 12:29:16.578000,1.12821,1.12817,4540000,1000000
2019-07-11 12:29:16.629000,1.12821,1.12817,2140000,1000000
2019-07-11 12:29:17.049000,1.12822,1.12817,5890000,1010000
2019-07-11 12:29:18.139000,1.12822,1.12818,4570000,1660000
2019-07-11 12:29:18.241000,1.12822,1.1282,2320000,1250000
2019-07-11 12:29:18.344000,1.12823,1.12822,1870000,1120000
2019-07-11 12:29:18.469000,1.12824,1.12822,2250000,2200000
2019-07-11 12:29:18.571000,1.12827,1.12822,1950000,2390000
2019-07-11 12:29:20.231000,1.12826,1.12821,1000000,11100000
2019-07-11 12:29:20.434000,1.12827,1.12821,4950000,9970000
2019-07-11 12:29:20.536000,1.12827,1.12821,4040000,7640000
2019-07-11 12:29:20.638000,1.12827,1.12821,4010000,8410000
2019-07-11 12:29:20.892000,1.12827,1.12822,1100000,1640000
2019-07-11 12:29:20.993000,1.12828,1.12824,6640000,1000000
2019-07-11 12:29:21.098000,1.12828,1.12823,5890000,2140000
2019-07-11 12:29:21.150000,1.12827,1.12825,1500000,1000000
2019-07-11 12:29:21.253000,1.12828,1.12824,1000000,2200000
2019-07-11 12:29:21.356000,1.12829,1.12826,1000000,1350000
2019-07-11 12:29:21.459000,1.12831,1.12826,2510000,1450000
2019-07-11 12:29:21.561000,1.12832,1.12827,4070000,2010000
2019-07-11 12:29:21.709000,1.12832,1.12828,1950000,1250000
2019-07-11 12:29:22.307000,1.12833,1.12828,7760000,2510000
2019-07-11 12:29:22.655000,1.12832,1.12828,2250000,3260000
2019-07-11 12:29:22.957000,1.12833,1.12828,8510000,1760000
2019-07-11 12:29:23.009000,1.12833,1.12829,2250000,2570000
2019-07-11 12:29:23.111000,1.12833,1.12831,1000000,1750000
2019-07-11 12:29:23.225000,1.12837,1.12832,2540000,1250000
2019-07-11 12:29:23.327000,1.12837,1.12832,7010000,2510000
2019-07-11 12:29:23.801000,1.12837,1.12832,1570000,4450000
2019-07-11 12:29:24.245000,1.12838,1.12832,7010000,4220000
2019-07-11 12:29:25.097000,1.12838,1.12833,5440000,1470000
2019-07-11 12:29:25.199000,1.12837,1.12832,2060000,2660000
2019-07-11 12:29:25.833000,1.12836,1.12832,1000000,4350000
2019-07-11 12:29:25.966000,1.12835,1.12832,1000000,1760000
2019-07-11 12:29:26.475000,1.12836,1.12832,3070000,1410000
2019-07-11 12:29:26.576000,1.12836,1.12833,1970000,1000000
2019-07-11 12:29:26.716000,1.12837,1.12833,4010000,1000000
2019-07-11 12:29:26.920000,1.12837,1.12834,1500000,1000000
2019-07-11 12:29:27.021000,1.12837,1.12834,1000000,1220000
2019-07-11 12:29:27.478000,1.12838,1.12836,1000000,1500000
2019-07-11 12:29:27.581000,1.12837,1.12835,1000000,8470000
2019-07-11 12:29:27.684000,1.12837,1.12835,1000000,1310000
2019-07-11 12:29:27.735000,1.12838,1.12837,1000000,1000000
2019-07-11 12:29:27.837000,1.1284,1.12837,1250000,1450000
2019-07-11 12:29:28.040000,1.1284,1.12837,1250000,1000000
2019-07-11 12:29:28.313000,1.12841,1.12836,1250000,1310000
2019-07-11 12:29:28.516000,1.12842,1.12836,4370000,2950000
2019-07-11 12:29:28.921000,1.12842,1.1284,2440000,1690000
2019-07-11 12:29:29.023000,1.12842,1.12837,2060000,5160000
2019-07-11 12:29:29.177000,1.12842,1.12838,2060000,1410000
2019-07-11 12:29:29.279000,1.12842,1.12837,1370000,2010000
2019-07-11 12:29:30.318000,1.1284,1.12837,1500000,1010000
2019-07-11 12:29:30.369000,1.1284,1.12835,5690000,1120000
2019-07-11 12:29:30.471000,1.12838,1.12834,3560000,1250000
2019-07-11 12:29:30.625000,1.12839,1.12833,3550000,1370000
2019-07-11 12:29:30.867000,1.12838,1.12833,1310000,1250000
2019-07-11 12:29:30.969000,1.12838,1.12833,2190000,1940000
2019-07-11 12:29:31.736000,1.12838,1.12833,1690000,1940000
2019-07-11 12:29:31.838000,1.12837,1.12833,1000000,2160000
2019-07-11 12:29:31.941000,1.12837,1.12832,1000000,7350000
2019-07-11 12:29:33.307000,1.12838,1.12832,3370000,4600000
2019-07-11 12:29:33.828000,1.12838,1.12833,5370000,1950000
2019-07-11 12:29:34.031000,1.12837,1.12834,1870000,1000000
2019-07-11 12:29:34.231000,1.12838,1.12833,4250000,1100000
2019-07-11 12:29:34.574000,1.12835,1.12831,2000000,2470000
2019-07-11 12:29:34.677000,1.12834,1.12831,1120000,1000000
2019-07-11 12:29:34.881000,1.12836,1.12831,3000000,3450000
2019-07-11 12:29:35.389000,1.12834,1.12831,1000000,1100000
2019-07-11 12:29:35.440000,1.12834,1.12829,1500000,4870000
2019-07-11 12:29:35.592000,1.12835,1.1283,1000000,2320000
2019-07-11 12:29:35.795000,1.12836,1.1283,1500000,2320000
2019-07-11 12:29:35.934000,1.12835,1.12831,1000000,1000000
2019-07-11 12:29:36.470000,1.12834,1.12829,1500000,1000000
2019-07-11 12:29:36.589000,1.12834,1.12828,1500000,2250000
2019-07-11 12:29:36.691000,1.12833,1.12828,1310000,2250000
2019-07-11 12:29:36.999000,1.12832,1.12828,1370000,1200000
2019-07-11 12:29:37.101000,1.12832,1.12829,1870000,1000000
2019-07-11 12:29:37.861000,1.12832,1.12828,3370000,1000000
2019-07-11 12:29:37.989000,1.12831,1.12826,2620000,1000000
2019-07-11 12:29:38.091000,1.1283,1.12825,1000000,1100000
2019-07-11 12:29:39.389000,1.1283,1.12824,1500000,2320000
2019-07-11 12:29:40.068000,1.12831,1.12824,2620000,2700000
2019-07-11 12:29:40.281000,1.1283,1.12824,1000000,2470000
2019-07-11 12:29:40.384000,1.12831,1.12824,2620000,2350000
2019-07-11 12:29:40.486000,1.12831,1.12824,4120000,1200000
2019-07-11 12:29:40.588000,1.12831,1.12824,3000000,2720000
2019-07-11 12:29:40.690000,1.12831,1.12824,1120000,1570000
2019-07-11 12:29:40.838000,1.12829,1.12825,2250000,1000000
2019-07-11 12:29:40.940000,1.12827,1.12822,1000000,3000000
2019-07-11 12:29:40.992000,1.12828,1.12824,1000000,1000000
2019-07-11 12:29:41.093000,1.12829,1.12824,1000000,1500000
2019-07-11 12:29:42.356000,1.1283,1.12823,2250000,1000000
2019-07-11 12:29:43.979000,1.12829,1.12823,1000000,1500000
2019-07-11 12:29:44.081000,1.1283,1.12823,1500000,1000000
2019-07-11 12:29:44.319000,1.1283,1.12824,1500000,1000000
2019-07-11 12:29:45.065000,1.12829,1.12824,1000000,1000000
2019-07-11 12:29:46.399000,1.1283,1.12825,2250000,1000000
2019-07-11 12:29:46.450000,1.12831,1.12823,1120000,1500000
2019-07-11 12:29:46.553000,1.12831,1.12826,1500000,1000000
2019-07-11 12:29:47.033000,1.12831,1.12824,1000000,1570000
2019-07-11 12:29:47.338000,1.12831,1.12824,1000000,2820000
2019-07-11 12:29:47.439000,1.12832,1.12824,1000000,1620000
2019-07-11 12:29:47.720000,1.12832,1.12824,1000000,1000000
2019-07-11 12:29:48.084000,1.12832,1.12823,1500000,1000000
2019-07-11 12:29:48.220000,1.12831,1.12822,1000000,1000000
2019-07-11 12:29:48.322000,1.1283,1.12822,1000000,1000000
2019-07-11 12:29:49.074000,1.12831,1.12822,1000000,1000000
2019-07-11 12:29:49.125000,1.12831,1.12822,1000000,1500000
2019-07-11 12:29:49.227000,1.12832,1.12827,1000000,1000000
2019-07-11 12:29:49.329000,1.12833,1.12827,1500000,1000000
2019-07-11 12:29:49.431000,1.12832,1.12824,1120000,1870000
2019-07-11 12:29:49.540000,1.12833,1.12824,1500000,1000000
2019-07-11 12:29:49.905000,1.12831,1.12824,1870000,1500000
2019-07-11 12:29:50.008000,1.12829,1.12824,1000000,1000000
2019-07-11 12:29:50.108000,1.12829,1.12822,1000000,4500000
2019-07-11 12:29:50.212000,1.12826,1.12821,2000000,1500000
2019-07-11 12:29:50.264000,1.12826,1.12816,2400000,3870000
2019-07-11 12:29:50.366000,1.12826,1.12813,2400000,9750000
2019-07-11 12:29:50.477000,1.12826,1.12814,3150000,1000000
2019-07-11 12:29:50.581000,1.12824,1.12813,1500000,3000000
2019-07-11 12:29:50.784000,1.12823,1.12813,1500000,6750000
2019-07-11 12:29:54.879000,1.12824,1.12813,2250000,1200000
2019-07-11 12:29:55.142000,1.12825,1.12813,1500000,4120000
2019-07-11 12:29:55.407000,1.12825,1.12814,1500000,1000000
2019-07-11 12:29:55.797000,1.12825,1.12813,1500000,3370000
2019-07-11 12:29:56.353000,1.12821,1.12813,6000000,1870000
2019-07-11 12:29:56.455000,1.1282,1.12811,1200000,1000000
2019-07-11 12:29:56.507000,1.12821,1.12809,2820000,1500000
2019-07-11 12:29:56.621000,1.12819,1.12809,1500000,2250000
2019-07-11 12:29:56.672000,1.12824,1.12811,3000000,1000000
2019-07-11 12:29:56.875000,1.12824,1.12812,3000000,1000000
2019-07-11 12:29:56.976000,1.12823,1.12812,1500000,1000000
2019-07-11 12:29:57.180000,1.12824,1.12812,3370000,1000000
2019-07-11 12:29:57.282000,1.12823,1.12811,1000000,1000000
2019-07-11 12:29:58.215000,1.12822,1.12814,1000000,1120000
2019-07-11 12:29:58.266000,1.12824,1.12813,2250000,1000000
2019-07-11 12:29:58.373000,1.1282,1.12814,3750000,1870000
2019-07-11 12:29:58.476000,1.1282,1.12809,1100000,3000000
2019-07-11 12:29:58.732000,1.12822,1.12811,2100000,4500000
2019-07-11 12:29:58.784000,1.12824,1.12813,3000000,1110000
2019-07-11 12:29:59.066000,1.12821,1.12809,1120000,1000000
2019-07-11 12:29:59.118000,1.12821,1.12808,1720000,6000000
2019-07-11 12:29:59.220000,1.12823,1.12814,1800000,1000000
2019-07-11 12:29:59.323000,1.12824,1.12814,2250000,1000000
2019-07-11 12:29:59.424000,1.12824,1.12813,1000000,4500000
2019-07-11 12:29:59.526000,1.12824,1.12814,1000000,1000000
2019-07-11 12:29:59.648000,1.12828,1.12817,1000000,1000000
2019-07-11 12:29:59.749000,1.12829,1.12818,2250000,1000000
2019-07-11 12:29:59.851000,1.12828,1.12817,1000000,1000000
2019-07-11 12:29:59.953000,1.12829,1.1282,2250000,1000000
2019-07-11 12:30:00.055000,1.12829,1.12814,1500000,1120000
2019-07-11 12:30:00.171000,1.12827,1.12816,1000000,1000000
2019-07-11 12:30:00.222000,1.12829,1.12814,1500000,1120000
2019-07-11 12:30:00.278000,1.12826,1.12814,2000000,1120000
2019-07-11 12:30:00.380000,1.12822,1.12816,1000000,1120000
2019-07-11 12:30:00.432000,1.12828,1.12817,1000000,1000000
2019-07-11 12:30:00.534000,1.12829,1.12817,1420000,1000000
2019-07-11 12:30:00.683000,1.12829,1.12816,2220000,1000000
2019-07-11 12:30:00.787000,1.12829,1.12816,2770000,1000000
2019-07-11 12:30:00.838000,1.12827,1.12816,1000000,1000000
2019-07-11 12:30:00.941000,1.12824,1.12815,1000000,1000000
2019-07-11 12:30:01.043000,1.12823,1.12814,1000000,2620000
2019-07-11 12:30:01.145000,1.12824,1.12815,1000000,1000000
2019-07-11 12:30:01.250000,1.12824,1.12814,1000000,2620000
2019-07-11 12:30:01.301000,1.12828,1.12814,1500000,2620000
2019-07-11 12:30:01.352000,1.1273,1.12724,1000000,1000000
2019-07-11 12:30:01.454000,1.12721,1.12718,2500000,1000000
2019-07-11 12:30:01.569000,1.1272,1.12716,1500000,1500000
2019-07-11 12:30:01.624000,1.1272,1.12711,2320000,1540000
2019-07-11 12:30:01.675000,1.12719,1.12711,1500000,1500000
2019-07-11 12:30:01.768000,1.12715,1.12706,1030000,2100000
2019-07-11 12:30:01.819000,1.12707,1.12705,1500000,2000000
2019-07-11 12:30:01.873000,1.12707,1.12704,1500000,1000000
2019-07-11 12:30:01.924000,1.12707,1.12698,1500000,1250000
2019-07-11 12:30:02.002000,1.12707,1.12697,3750000,1790000
2019-07-11 12:30:02.103000,1.12705,1.12696,1000000,1540000
2019-07-11 12:30:02.154000,1.12705,1.12693,2170000,2620000
2019-07-11 12:30:02.268000,1.12698,1.12691,1000000,1500000
2019-07-11 12:30:02.372000,1.12687,1.12682,1120000,1750000
2019-07-11 12:30:02.423000,1.12673,1.12664,750000,1000000
2019-07-11 12:30:02.549000,1.1267,1.12665,1000000,1500000
2019-07-11 12:30:02.600000,1.12669,1.12665,1000000,1000000
2019-07-11 12:30:02.652000,1.12668,1.12661,1500000,1000000
2019-07-11 12:30:02.703000,1.12664,1.12657,1000000,1830000
2019-07-11 12:30:02.762000,1.12668,1.12657,1500000,1830000
2019-07-11 12:30:02.813000,1.12666,1.12659,2930000,1000000
2019-07-11 12:30:02.917000,1.12665,1.1266,1200000,1500000
2019-07-11 12:30:03.027000,1.12666,1.1266,1500000,1870000
2019-07-11 12:30:03.128000,1.12672,1.1266,1000000,1870000
2019-07-11 12:30:03.230000,1.12673,1.1266,1570000,1870000
2019-07-11 12:30:03.433000,1.12674,1.12664,4500000,1000000
2019-07-11 12:30:03.484000,1.12674,1.12662,3750000,1000000
2019-07-11 12:30:03.535000,1.12678,1.12662,6750000,1120000
2019-07-11 12:30:03.586000,1.12675,1.12658,1500000,4160000
2019-07-11 12:30:03.689000,1.12675,1.1266,1400000,1870000
2019-07-11 12:30:03.740000,1.12673,1.1266,1000000,1000000
2019-07-11 12:30:03.813000,1.12673,1.12659,1000000,2000000
2019-07-11 12:30:03.914000,1.12669,1.12659,1500000,1000000
2019-07-11 12:30:04.016000,1.12673,1.12666,1000000,1200000
2019-07-11 12:30:04.117000,1.12675,1.12665,2250000,1000000
2019-07-11 12:30:04.294000,1.12675,1.12665,3220000,1000000
2019-07-11 12:30:04.346000,1.12675,1.12663,1060000,1500000
2019-07-11 12:30:04.397000,1.12676,1.12663,3200000,1000000
2019-07-11 12:30:04.447000,1.12675,1.1266,1500000,3370000
2019-07-11 12:30:04.499000,1.12675,1.1266,2750000,3000000
2019-07-11 12:30:04.550000,1.12675,1.1266,2520000,1870000
2019-07-11 12:30:04.693000,1.12675,1.12665,1500000,1720000
2019-07-11 12:30:04.795000,1.12676,1.12667,3640000,1000000
2019-07-11 12:30:04.846000,1.12676,1.12662,3730000,1000000
2019-07-11 12:30:04.947000,1.12676,1.12661,2820000,2000000
2019-07-11 12:30:05.049000,1.12676,1.1267,1500000,1000000
2019-07-11 12:30:05.149000,1.12683,1.12674,1250000,1870000
2019-07-11 12:30:05.203000,1.12684,1.12679,1050000,1000000
2019-07-11 12:30:05.304000,1.12687,1.12679,1250000,3120000
2019-07-11 12:30:05.355000,1.12687,1.1268,1250000,1870000
2019-07-11 12:30:05.457000,1.12689,1.12685,1250000,1000000
2019-07-11 12:30:05.601000,1.12703,1.12689,1500000,1620000
2019-07-11 12:30:05.652000,1.12704,1.12694,3620000,1000000
2019-07-11 12:30:05.754000,1.12707,1.12695,2770000,1120000
2019-07-11 12:30:05.856000,1.12707,1.12696,4000000,1000000
2019-07-11 12:30:05.907000,1.12707,1.12696,4010000,1000000
2019-07-11 12:30:05.958000,1.12707,1.12699,2250000,1000000
2019-07-11 12:30:06.061000,1.12709,1.12699,2620000,2020000
2019-07-11 12:30:06.163000,1.12706,1.12699,4120000,1250000
2019-07-11 12:30:06.214000,1.12705,1.12699,1870000,1000000
2019-07-11 12:30:06.317000,1.12705,1.12696,3470000,1250000
2019-07-11 12:30:06.368000,1.12708,1.12699,2150000,1250000
2019-07-11 12:30:06.419000,1.12708,1.12703,1250000,1720000
2019-07-11 12:30:06.470000,1.12708,1.127,1000000,2250000
2019-07-11 12:30:06.522000,1.1271,1.12698,1250000,2250000
2019-07-11 12:30:06.625000,1.12707,1.12696,1310000,1250000
2019-07-11 12:30:06.728000,1.12707,1.12698,1500000,1250000
2019-07-11 12:30:06.780000,1.12707,1.12696,1870000,1500000
2019-07-11 12:30:06.865000,1.12707,1.12693,5500000,1540000
2019-07-11 12:30:06.975000,1.12701,1.12694,1500000,1500000
2019-07-11 12:30:07.027000,1.12703,1.1269,1500000,2370000
2019-07-11 12:30:07.080000,1.127,1.1269,1200000,1500000
2019-07-11 12:30:07.131000,1.12701,1.12697,1000000,1500000
2019-07-11 12:30:07.182000,1.12701,1.12696,2620000,1500000
2019-07-11 12:30:07.285000,1.12699,1.12691,2250000,1250000
2019-07-11 12:30:07.336000,1.12697,1.12687,1000000,3870000
2019-07-11 12:30:07.387000,1.12696,1.12687,1500000,2500000
2019-07-11 12:30:07.438000,1.12694,1.12682,3450000,1600000
2019-07-11 12:30:07.540000,1.12694,1.12682,2170000,2000000
2019-07-11 12:30:07.678000,1.12694,1.12681,2620000,1500000
2019-07-11 12:30:07.729000,1.12694,1.1268,2620000,2870000
2019-07-11 12:30:07.780000,1.12693,1.1268,1120000,3120000
2019-07-11 12:30:07.843000,1.12693,1.12681,1870000,1250000
2019-07-11 12:30:07.896000,1.12691,1.1268,1120000,1750000
2019-07-11 12:30:07.998000,1.12691,1.12681,1500000,1250000
2019-07-11 12:30:08.108000,1.12691,1.12684,1250000,1000000
2019-07-11 12:30:08.159000,1.12698,1.12693,1000000,1620000
2019-07-11 12:30:08.261000,1.12708,1.127,1500000,1000000
2019-07-11 12:30:08.363000,1.12709,1.12704,1000000,1000000
2019-07-11 12:30:08.464000,1.1271,1.127,1750000,1000000
2019-07-11 12:30:08.515000,1.1271,1.12703,2000000,1500000
2019-07-11 12:30:08.566000,1.12713,1.12706,1920000,1000000
2019-07-11 12:30:08.668000,1.12712,1.12699,1870000,4250000
2019-07-11 12:30:08.719000,1.1271,1.12699,2810000,2500000
2019-07-11 12:30:08.839000,1.12708,1.127,1120000,1750000
2019-07-11 12:30:08.941000,1.12708,1.127,1120000,1500000
2019-07-11 12:30:08.992000,1.12708,1.12699,2620000,1500000
2019-07-11 12:30:09.043000,1.12709,1.12699,3170000,1250000
2019-07-11 12:30:09.094000,1.12709,1.12699,1420000,4000000
2019-07-11 12:30:09.146000,1.1271,1.12699,1250000,3940000
2019-07-11 12:30:09.225000,1.1271,1.12699,1250000,3630000
2019-07-11 12:30:09.327000,1.1271,1.12699,1250000,6000000
2019-07-11 12:30:09.429000,1.12713,1.12705,1000000,2250000
2019-07-11 12:30:09.531000,1.12715,1.12705,2370000,3370000
2019-07-11 12:30:09.684000,1.12715,1.12707,1250000,1500000
2019-07-11 12:30:09.795000,1.12716,1.12707,1250000,8690000
2019-07-11 12:30:10.147000,1.12717,1.12708,1250000,1500000
2019-07-11 12:30:10.251000,1.12717,1.12709,1000000,1500000
2019-07-11 12:30:10.353000,1.12716,1.12709,1120000,1500000
2019-07-11 12:30:10.455000,1.1271,1.12707,2250000,1000000
2019-07-11 12:30:10.549000,1.12701,1.12695,3000000,1120000
2019-07-11 12:30:10.609000,1.12699,1.12687,2250000,1870000
2019-07-11 12:30:10.660000,1.12695,1.12684,2620000,1000000
2019-07-11 12:30:10.813000,1.12693,1.12684,3620000,1370000
2019-07-11 12:30:10.865000,1.12692,1.12681,2250000,1310000
2019-07-11 12:30:10.966000,1.12689,1.12681,1000000,1000000
2019-07-11 12:30:11.018000,1.12689,1.12681,4000000,1000000
2019-07-11 12:30:11.121000,1.12687,1.12681,1000000,1940000
2019-07-11 12:30:11.174000,1.12682,1.12678,1500000,1500000
2019-07-11 12:30:11.226000,1.12681,1.12676,1000000,1620000
2019-07-11 12:30:11.373000,1.1268,1.12675,1000000,1250000
2019-07-11 12:30:11.425000,1.12682,1.12673,3250000,2000000
2019-07-11 12:30:11.476000,1.12681,1.12673,1250000,2250000
2019-07-11 12:30:11.579000,1.12682,1.12673,3870000,1000000
2019-07-11 12:30:11.681000,1.12682,1.12672,1000000,1000000
2019-07-11 12:30:11.733000,1.12683,1.12672,1500000,1250000
2019-07-11 12:30:11.979000,1.12684,1.12672,2690000,1500000
2019-07-11 12:30:12.132000,1.12684,1.12674,2690000,2620000
2019-07-11 12:30:12.290000,1.12682,1.12674,1250000,5310000
2019-07-11 12:30:12.393000,1.12679,1.12674,1120000,2060000
2019-07-11 12:30:12.445000,1.12676,1.12674,1000000,1310000
2019-07-11 12:30:12.547000,1.12676,1.1267,2940000,1000000
2019-07-11 12:30:12.660000,1.12677,1.12668,1250000,1100000
2019-07-11 12:30:12.712000,1.12675,1.12666,1000000,1250000
2019-07-11 12:30:12.764000,1.1267,1.12663,1120000,1500000
2019-07-11 12:30:12.815000,1.12672,1.12665,1000000,1500000
2019-07-11 12:30:12.866000,1.12675,1.12668,1500000,1120000
2019-07-11 12:30:12.918000,1.12675,1.1267,1500000,2070000
2019-07-11 12:30:12.970000,1.12681,1.12671,1750000,1500000
2019-07-11 12:30:13.038000,1.12683,1.12672,3000000,1000000
2019-07-11 12:30:13.092000,1.12683,1.12671,5000000,1500000
2019-07-11 12:30:13.196000,1.12679,1.12669,1500000,2620000
2019-07-11 12:30:13.298000,1.12678,1.1267,3750000,1250000
2019-07-11 12:30:13.349000,1.12678,1.12675,1250000,1000000
2019-07-11 12:30:13.400000,1.12679,1.12676,2120000,1000000
2019-07-11 12:30:13.451000,1.12679,1.12675,2120000,1000000
2019-07-11 12:30:13.604000,1.12681,1.12678,1000000,1100000
2019-07-11 12:30:13.706000,1.12684,1.12678,2000000,1000000
2019-07-11 12:30:13.757000,1.1269,1.12688,1000000,1000000
2019-07-11 12:30:13.808000,1.12692,1.12686,3370000,1870000
2019-07-11 12:30:13.860000,1.12696,1.12689,2750000,1100000
2019-07-11 12:30:13.961000,1.12693,1.12688,1000000,1950000
2019-07-11 12:30:14.063000,1.12692,1.12688,1000000,1200000
2019-07-11 12:30:14.165000,1.12692,1.12689,1000000,1870000
2019-07-11 12:30:14.320000,1.12692,1.12685,1500000,1000000
2019-07-11 12:30:14.377000,1.1269,1.12686,3950000,1250000
2019-07-11 12:30:14.479000,1.12693,1.12687,3370000,1250000
2019-07-11 12:30:14.581000,1.12697,1.1269,1350000,1500000
2019-07-11 12:30:14.632000,1.12698,1.1269,3250000,3000000
2019-07-11 12:30:14.684000,1.12698,1.1269,2940000,1570000
2019-07-11 12:30:14.748000,1.12695,1.12689,1000000,2720000
2019-07-11 12:30:14.853000,1.12695,1.12687,1770000,1700000
2019-07-11 12:30:14.979000,1.12691,1.12686,1000000,1500000
2019-07-11 12:30:15.082000,1.12694,1.12687,3370000,1620000
2019-07-11 12:30:15.206000,1.1269,1.12683,1020000,3970000
2019-07-11 12:30:15.309000,1.12687,1.12683,1000000,1500000
2019-07-11 12:30:15.412000,1.12688,1.12683,1000000,1620000
2019-07-11 12:30:15.515000,1.12689,1.12682,3000000,1560000
2019-07-11 12:30:15.633000,1.12688,1.12684,1620000,1500000
2019-07-11 12:30:15.684000,1.12692,1.12685,1560000,2250000
2019-07-11 12:30:15.786000,1.12693,1.12683,3190000,1250000
2019-07-11 12:30:15.838000,1.12692,1.12683,2120000,1000000
2019-07-11 12:30:15.941000,1.12692,1.12684,2000000,1500000
2019-07-11 12:30:16.042000,1.12693,1.12684,2750000,3690000
2019-07-11 12:30:16.195000,1.12689,1.12685,1500000,1000000
2019-07-11 12:30:16.297000,1.1269,1.12682,2590000,1260000
2019-07-11 12:30:16.415000,1.12693,1.1269,1250000,1000000
2019-07-11 12:30:16.469000,1.127,1.12696,2250000,1000000
2019-07-11 12:30:16.573000,1.12702,1.12695,1000000,3470000
2019-07-11 12:30:16.675000,1.12702,1.12697,1000000,1100000
2019-07-11 12:30:16.774000,1.12702,1.12696,1250000,1600000
2019-07-11 12:30:16.826000,1.12702,1.12696,1250000,1250000
2019-07-11 12:30:16.928000,1.12701,1.12696,1500000,1500000
2019-07-11 12:30:17.030000,1.12703,1.12696,2140000,1100000
2019-07-11 12:30:17.081000,1.12699,1.12696,1000000,1200000
2019-07-11 12:30:17.132000,1.12697,1.12692,1000000,1110000
2019-07-11 12:30:17.236000,1.127,1.12695,1750000,1000000
2019-07-11 12:30:17.338000,1.12702,1.12693,1250000,1370000
2019-07-11 12:30:17.440000,1.12702,1.12694,1500000,1120000
2019-07-11 12:30:17.491000,1.12701,1.12695,1500000,1000000
2019-07-11 12:30:17.542000,1.12702,1.12695,1500000,1000000
2019-07-11 12:30:17.691000,1.12699,1.12691,1120000,2010000
2019-07-11 12:30:17.793000,1.12697,1.1269,1000000,2040000
2019-07-11 12:30:17.895000,1.12698,1.12692,1690000,1250000
2019-07-11 12:30:18.036000,1.12697,1.12689,1250000,2060000
2019-07-11 12:30:18.088000,1.12697,1.12689,3500000,2350000
2019-07-11 12:30:18.192000,1.12696,1.12689,1500000,2470000
2019-07-11 12:30:18.294000,1.12695,1.12689,1000000,1500000
2019-07-11 12:30:18.396000,1.12697,1.12689,2370000,2470000
2019-07-11 12:30:18.499000,1.12695,1.12688,1500000,1370000
2019-07-11 12:30:18.602000,1.12695,1.12691,1940000,1000000
2019-07-11 12:30:18.846000,1.12694,1.12691,1100000,1000000
2019-07-11 12:30:18.947000,1.12694,1.12691,1100000,1000000
2019-07-11 12:30:19.049000,1.12697,1.12688,3620000,2120000
2019-07-11 12:30:19.100000,1.12695,1.12688,1500000,1250000
2019-07-11 12:30:19.203000,1.12693,1.12688,2850000,1250000
2019-07-11 12:30:19.342000,1.12692,1.12689,1250000,2620000
2019-07-11 12:30:19.444000,1.12695,1.12689,1450000,5000000
2019-07-11 12:30:19.495000,1.12698,1.12696,1200000,1500000
2019-07-11 12:30:19.598000,1.12702,1.127,3000000,1000000
2019-07-11 12:30:19.649000,1.12702,1.12698,1500000,1120000
2019-07-11 12:30:19.755000,1.12702,1.12697,1250000,1000000
2019-07-11 12:30:19.806000,1.12703,1.12697,1000000,3000000
2019-07-11 12:30:19.857000,1.12703,1.12697,1450000,1000000
2019-07-11 12:30:19.909000,1.12703,1.12699,1450000,1000000
2019-07-11 12:30:20.013000,1.12705,1.12699,1750000,1000000
2019-07-11 12:30:20.116000,1.12706,1.12701,1100000,1000000
2019-07-11 12:30:20.219000,1.12707,1.12701,2620000,1500000
2019-07-11 12:30:20.322000,1.1271,1.12705,1100000,1500000
2019-07-11 12:30:20.373000,1.1271,1.12707,1100000,1000000
2019-07-11 12:30:20.475000,1.12712,1.12707,1600000,1120000
2019-07-11 12:30:20.577000,1.12713,1.1271,2000000,1000000
2019-07-11 12:30:20.696000,1.12716,1.12712,1100000,1000000
2019-07-11 12:30:20.798000,1.12717,1.12711,1620000,1000000
2019-07-11 12:30:20.900000,1.12715,1.12711,1100000,1310000
2019-07-11 12:30:21.002000,1.12716,1.1271,1100000,2250000
2019-07-11 12:30:21.108000,1.12717,1.12712,1310000,1000000
2019-07-11 12:30:21.211000,1.12717,1.12712,2120000,1000000
2019-07-11 12:30:21.363000,1.12717,1.12712,1250000,1250000
2019-07-11 12:30:21.769000,1.12717,1.12715,1120000,1000000
2019-07-11 12:30:21.820000,1.1272,1.12719,1990000,1500000
2019-07-11 12:30:21.871000,1.12723,1.1272,1750000,3750000
2019-07-11 12:30:21.922000,1.12725,1.12723,1500000,2750000
2019-07-11 12:30:22.025000,1.12732,1.12731,1500000,1000000
2019-07-11 12:30:22.080000,1.12737,1.12732,1000000,2250000
2019-07-11 12:30:22.132000,1.12737,1.12734,1000000,1000000
2019-07-11 12:30:22.187000,1.12739,1.12735,1000000,1000000
2019-07-11 12:30:22.238000,1.12742,1.12736,1000000,1000000
2019-07-11 12:30:22.370000,1.12743,1.12739,1000000,1500000
2019-07-11 12:30:22.425000,1.12747,1.1274,1000000,4220000
2019-07-11 12:30:22.527000,1.12744,1.1274,1250000,5250000
2019-07-11 12:30:22.578000,1.12743,1.12739,1250000,4500000
2019-07-11 12:30:22.679000,1.12746,1.1274,1620000,2000000
2019-07-11 12:30:22.730000,1.12747,1.1274,1250000,3750000
2019-07-11 12:30:22.896000,1.12744,1.1274,1970000,2500000
2019-07-11 12:30:22.998000,1.12744,1.12737,4730000,2370000
2019-07-11 12:30:23.049000,1.12744,1.12737,1850000,1370000
2019-07-11 12:30:23.151000,1.12744,1.12736,2250000,1560000
2019-07-11 12:30:23.253000,1.12741,1.12735,1100000,3500000
2019-07-11 12:30:23.355000,1.12739,1.12735,1000000,1750000
2019-07-11 12:30:23.458000,1.12742,1.12733,4910000,1500000
2019-07-11 12:30:23.560000,1.12739,1.12733,2890000,1500000
2019-07-11 12:30:23.612000,1.12737,1.12732,1250000,1500000
2019-07-11 12:30:23.664000,1.12735,1.1273,1950000,1250000
2019-07-11 12:30:23.715000,1.12735,1.1273,2320000,1250000
2019-07-11 12:30:23.850000,1.12735,1.12727,3420000,1620000
2019-07-11 12:30:23.952000,1.12735,1.12728,4450000,1250000
2019-07-11 12:30:24.004000,1.12735,1.12727,3330000,1310000
2019-07-11 12:30:24.105000,1.12734,1.12726,2190000,4820000
2019-07-11 12:30:24.159000,1.12732,1.12729,1100000,1000000
2019-07-11 12:30:24.304000,1.12731,1.12726,1250000,2560000
2019-07-11 12:30:24.407000,1.12729,1.12722,2870000,2370000
2019-07-11 12:30:24.510000,1.12728,1.12721,1250000,1750000
2019-07-11 12:30:24.561000,1.12728,1.12722,1250000,1120000
2019-07-11 12:30:24.718000,1.12731,1.12724,3000000,2940000
2019-07-11 12:30:24.820000,1.1273,1.12725,1250000,1000000
2019-07-11 12:30:24.923000,1.12734,1.12727,3650000,1120000
2019-07-11 12:30:24.974000,1.12733,1.12726,1500000,1120000
2019-07-11 12:30:25.077000,1.12735,1.1273,2370000,1500000
2019-07-11 12:30:25.281000,1.12735,1.1273,2000000,1120000
2019-07-11 12:30:25.332000,1.12735,1.12732,1000000,1000000
2019-07-11 12:30:25.434000,1.12735,1.12729,1000000,1750000
2019-07-11 12:30:25.536000,1.12735,1.12731,1250000,2250000
2019-07-11 12:30:25.682000,1.12735,1.12733,1000000,1000000
2019-07-11 12:30:25.784000,1.12737,1.12732,1500000,2250000
2019-07-11 12:30:25.835000,1.12738,1.12731,2820000,4370000
2019-07-11 12:30:25.887000,1.12738,1.12731,1450000,2810000
2019-07-11 12:30:25.938000,1.12738,1.12731,1450000,2810000
2019-07-11 12:30:26.397000,1.12735,1.12731,2190000,2440000
2019-07-11 12:30:26.501000,1.12735,1.12731,2060000,1250000
2019-07-11 12:30:26.552000,1.12735,1.12729,1750000,1870000
2019-07-11 12:30:26.646000,1.12734,1.12729,1250000,1120000
2019-07-11 12:30:26.748000,1.12733,1.12729,6660000,1000000
2019-07-11 12:30:26.799000,1.12732,1.12726,1010000,1750000
2019-07-11 12:30:26.851000,1.12731,1.12726,1350000,1000000
2019-07-11 12:30:26.902000,1.1273,1.12724,1750000,3000000
2019-07-11 12:30:27.054000,1.12729,1.12723,2500000,3000000
2019-07-11 12:30:27.155000,1.12729,1.12725,1500000,1250000
2019-07-11 12:30:27.257000,1.1273,1.12723,3620000,2500000
2019-07-11 12:30:27.359000,1.1273,1.12724,2390000,2000000
2019-07-11 12:30:27.461000,1.12732,1.12728,2250000,1250000
2019-07-11 12:30:27.512000,1.12736,1.1273,1940000,1000000
2019-07-11 12:30:27.670000,1.12732,1.12725,1310000,2200000
2019-07-11 12:30:27.721000,1.12733,1.12726,6640000,2810000
2019-07-11 12:30:27.823000,1.12732,1.12726,1750000,1000000
2019-07-11 12:30:27.925000,1.12732,1.12724,2950000,4000000
2019-07-11 12:30:28.077000,1.12731,1.12722,7200000,7680000
2019-07-11 12:30:28.191000,1.12729,1.12722,3540000,1250000
2019-07-11 12:30:28.344000,1.12728,1.12722,1450000,1000000
2019-07-11 12:30:28.446000,1.12727,1.12721,4040000,1000000
2019-07-11 12:30:28.497000,1.12721,1.12719,1000000,4870000
2019-07-11 12:30:28.600000,1.1272,1.12712,2940000,3500000
2019-07-11 12:30:28.736000,1.1272,1.12715,1250000,2500000
2019-07-11 12:30:28.838000,1.12719,1.12715,1000000,1250000
2019-07-11 12:30:28.940000,1.1272,1.12713,2920000,1500000
2019-07-11 12:30:29.042000,1.12719,1.12712,1260000,4500000
2019-07-11 12:30:29.144000,1.12719,1.12713,2000000,3750000
2019-07-11 12:30:29.348000,1.12716,1.12711,1000000,1500000
2019-07-11 12:30:29.450000,1.12717,1.12711,1100000,1500000
2019-07-11 12:30:29.552000,1.12717,1.12711,1250000,1250000
2019-07-11 12:30:29.704000,1.12717,1.12711,4220000,1000000
2019-07-11 12:30:29.857000,1.12716,1.1271,1250000,1250000
2019-07-11 12:30:29.958000,1.12717,1.12712,1370000,1000000
2019-07-11 12:30:30.060000,1.12718,1.12712,1500000,1000000
2019-07-11 12:30:30.173000,1.12718,1.12712,1250000,3000000
2019-07-11 12:30:30.278000,1.12718,1.12712,1850000,2250000
2019-07-11 12:30:30.380000,1.12718,1.12713,2570000,2250000
2019-07-11 12:30:30.482000,1.12718,1.12713,1450000,1000000
2019-07-11 12:30:30.597000,1.12718,1.12712,1820000,3110000
2019-07-11 12:30:30.700000,1.12718,1.12713,2720000,1000000
2019-07-11 12:30:30.955000,1.12718,1.12713,1850000,1500000
2019-07-11 12:30:31.161000,1.12718,1.12711,1750000,4500000
2019-07-11 12:30:31.313000,1.12718,1.12713,1250000,1500000
2019-07-11 12:30:31.415000,1.12719,1.12713,1250000,2000000
2019-07-11 12:30:31.517000,1.12718,1.12715,1000000,1000000
2019-07-11 12:30:31.635000,1.12719,1.12714,1690000,1310000
2019-07-11 12:30:31.738000,1.12716,1.12712,1000000,1940000
2019-07-11 12:30:31.840000,1.12718,1.12712,1750000,1690000
2019-07-11 12:30:32.149000,1.12717,1.12715,1250000,1500000
2019-07-11 12:30:32.251000,1.12721,1.12719,1000000,1500000
2019-07-11 12:30:32.403000,1.12724,1.12717,2850000,4910000
2019-07-11 12:30:32.506000,1.12723,1.12719,2140000,1120000
2019-07-11 12:30:32.609000,1.12724,1.12718,1500000,3250000
2019-07-11 12:30:32.761000,1.12724,1.12718,2060000,1250000
2019-07-11 12:30:32.863000,1.12723,1.12716,1000000,3000000
2019-07-11 12:30:33.010000,1.12725,1.12719,2750000,1000000
2019-07-11 12:30:33.216000,1.12724,1.12719,1350000,1250000
2019-07-11 12:30:33.414000,1.12724,1.12718,1720000,2720000
2019-07-11 12:30:33.516000,1.12724,1.12719,1200000,2010000
2019-07-11 12:30:33.619000,1.12723,1.12719,1100000,1570000
2019-07-11 12:30:33.721000,1.12725,1.12719,3470000,1450000
2019-07-11 12:30:33.894000,1.12725,1.12718,6850000,10040000
2019-07-11 12:30:34.046000,1.12724,1.12719,1010000,1450000
2019-07-11 12:30:34.148000,1.12726,1.12719,4220000,4790000
2019-07-11 12:30:34.361000,1.12726,1.12719,4600000,3540000
2019-07-11 12:30:34.462000,1.12725,1.12719,2160000,4570000
2019-07-11 12:30:34.564000,1.12724,1.12719,1820000,3070000
2019-07-11 12:30:34.841000,1.12724,1.1272,1370000,2320000
2019-07-11 12:30:34.893000,1.12725,1.12721,2690000,1600000
2019-07-11 12:30:34.995000,1.12724,1.12722,1250000,1100000
2019-07-11 12:30:35.046000,1.12728,1.12725,4720000,1500000
2019-07-11 12:30:35.148000,1.1273,1.12728,1250000,1000000
2019-07-11 12:30:35.199000,1.12732,1.1273,1500000,1000000
2019-07-11 12:30:35.368000,1.12731,1.12729,1000000,2000000
2019-07-11 12:30:35.470000,1.12731,1.1273,2250000,1000000
2019-07-11 12:30:35.572000,1.12732,1.12728,1100000,2500000
2019-07-11 12:30:35.674000,1.12731,1.12727,1250000,5910000
2019-07-11 12:30:35.780000,1.12733,1.12729,1500000,2600000
2019-07-11 12:30:35.882000,1.12734,1.12729,1750000,2100000
2019-07-11 12:30:35.984000,1.12733,1.1273,1250000,1100000
2019-07-11 12:30:36.087000,1.12734,1.12729,2500000,2100000
2019-07-11 12:30:36.138000,1.12733,1.12728,1350000,1950000
2019-07-11 12:30:36.189000,1.12733,1.1273,1200000,1000000
2019-07-11 12:30:36.342000,1.12734,1.1273,1000000,2350000
2019-07-11 12:30:36.447000,1.12735,1.12733,1250000,1000000
2019-07-11 12:30:36.550000,1.1274,1.12735,6220000,1100000
2019-07-11 12:30:36.720000,1.12739,1.12735,1250000,2160000
2019-07-11 12:30:37.802000,1.12741,1.12738,1760000,2250000
2019-07-11 12:30:37.904000,1.12743,1.12737,1250000,3560000
2019-07-11 12:30:38.006000,1.12742,1.12737,1250000,2250000
2019-07-11 12:30:38.108000,1.12743,1.12737,1250000,3000000
2019-07-11 12:30:38.270000,1.12745,1.1274,1600000,1000000
2019-07-11 12:30:38.371000,1.12743,1.12738,2500000,1310000
2019-07-11 12:30:38.473000,1.12742,1.12736,2200000,2850000
2019-07-11 12:30:38.681000,1.12742,1.12736,2950000,3600000
2019-07-11 12:30:38.797000,1.1274,1.12736,1250000,1100000
2019-07-11 12:30:38.900000,1.12739,1.12734,1450000,4700000
2019-07-11 12:30:39.004000,1.12736,1.12733,4220000,1000000
2019-07-11 12:30:39.108000,1.12736,1.12731,1100000,1970000
2019-07-11 12:30:39.289000,1.12734,1.1273,1570000,1500000
2019-07-11 12:30:39.342000,1.12733,1.12729,1120000,2140000
2019-07-11 12:30:39.393000,1.12732,1.12729,1600000,1690000
2019-07-11 12:30:39.498000,1.1273,1.12725,1100000,1700000
2019-07-11 12:30:39.656000,1.12729,1.12725,1000000,1850000
2019-07-11 12:30:39.759000,1.12729,1.12724,1000000,3160000
2019-07-11 12:30:39.860000,1.12729,1.12723,5540000,1010000
2019-07-11 12:30:39.911000,1.12729,1.12725,2290000,1120000
2019-07-11 12:30:40.060000,1.12729,1.12724,1390000,4070000
2019-07-11 12:30:40.162000,1.12729,1.12726,1390000,2750000
2019-07-11 12:30:40.264000,1.1273,1.12728,1250000,1000000
2019-07-11 12:30:40.418000,1.12733,1.12728,1570000,1100000
2019-07-11 12:30:40.520000,1.12733,1.12727,4970000,1760000
2019-07-11 12:30:40.674000,1.12731,1.12726,2350000,1100000
2019-07-11 12:30:40.776000,1.12731,1.12726,3470000,1000000
2019-07-11 12:30:40.878000,1.12728,1.12724,2320000,1940000
2019-07-11 12:30:40.985000,1.12728,1.12724,4910000,1500000
2019-07-11 12:30:41.087000,1.12727,1.12722,2470000,2720000
2019-07-11 12:30:41.189000,1.12727,1.12722,1450000,1610000
2019-07-11 12:30:41.494000,1.12725,1.12721,1820000,1500000
2019-07-11 12:30:41.649000,1.12722,1.1272,1000000,1570000
2019-07-11 12:30:41.701000,1.12721,1.12719,1000000,1250000
2019-07-11 12:30:41.803000,1.12724,1.12719,2350000,2720000
2019-07-11 12:30:41.991000,1.12724,1.12719,1390000,2140000
2019-07-11 12:30:42.094000,1.12721,1.12718,1000000,1000000
2019-07-11 12:30:42.197000,1.12721,1.12717,1000000,1100000
2019-07-11 12:30:42.300000,1.1272,1.12715,1000000,5350000
2019-07-11 12:30:42.403000,1.1272,1.12715,2450000,2320000
2019-07-11 12:30:42.505000,1.1272,1.12714,2140000,5540000
2019-07-11 12:30:42.607000,1.1272,1.12714,3040000,4640000
2019-07-11 12:30:42.658000,1.12717,1.12715,1250000,1000000
2019-07-11 12:30:42.760000,1.12716,1.12712,3040000,1250000
2019-07-11 12:30:42.863000,1.12709,1.12708,1000000,3190000
2019-07-11 12:30:42.965000,1.12708,1.12704,2470000,2500000
2019-07-11 12:30:43.017000,1.12705,1.12703,1200000,1500000
2019-07-11 12:30:43.121000,1.12706,1.12702,1200000,1000000
2019-07-11 12:30:43.172000,1.12705,1.127,1120000,3160000
2019-07-11 12:30:43.275000,1.12706,1.12701,1720000,1250000
2019-07-11 12:30:43.390000,1.12705,1.12701,3220000,1560000
2019-07-11 12:30:43.492000,1.12705,1.12701,2470000,1250000
2019-07-11 12:30:43.746000,1.12705,1.12703,2470000,1000000
2019-07-11 12:30:43.875000,1.12705,1.12702,2660000,1000000
2019-07-11 12:30:44.283000,1.12706,1.12704,1970000,1000000
2019-07-11 12:30:44.405000,1.12709,1.12706,1970000,1500000
2019-07-11 12:30:44.507000,1.12711,1.12706,2540000,2000000
2019-07-11 12:30:44.608000,1.1271,1.12706,1450000,1870000
2019-07-11 12:30:44.710000,1.12708,1.12704,1720000,1310000
2019-07-11 12:30:44.819000,1.12707,1.12704,1100000,1370000
2019-07-11 12:30:44.871000,1.12705,1.12703,1950000,1000000
2019-07-11 12:30:44.922000,1.12704,1.12701,1600000,1000000
2019-07-11 12:30:44.973000,1.12704,1.12699,1100000,2700000
2019-07-11 12:30:45.025000,1.12703,1.12701,1100000,1000000
2019-07-11 12:30:45.076000,1.12704,1.12699,2850000,1570000
2019-07-11 12:30:45.178000,1.12702,1.12698,1100000,1000000
2019-07-11 12:30:45.275000,1.12702,1.12699,1100000,1250000
2019-07-11 12:30:45.379000,1.12703,1.12699,1100000,1500000
2019-07-11 12:30:45.481000,1.12703,1.12698,6470000,1250000
2019-07-11 12:30:45.583000,1.12701,1.12699,1000000,1250000
2019-07-11 12:30:45.686000,1.12702,1.12697,5470000,1370000
2019-07-11 12:30:45.797000,1.12703,1.12698,2250000,4230000
2019-07-11 12:30:45.848000,1.12703,1.12699,1750000,1100000
2019-07-11 12:30:45.949000,1.12702,1.127,1500000,1100000
2019-07-11 12:30:46,1.12704,1.127,1720000,1100000
2019-07-11 12:30:46.102000,1.12704,1.12702,1000000,1200000
2019-07-11 12:30:46.154000,1.12707,1.12704,1250000,1500000
2019-07-11 12:30:46.205000,1.12709,1.12707,1100000,2000000
2019-07-11 12:30:46.307000,1.12713,1.12709,1570000,1120000
2019-07-11 12:30:46.409000,1.12715,1.12713,2320000,1000000
2019-07-11 12:30:46.460000,1.12717,1.12714,1570000,1000000
2019-07-11 12:30:46.562000,1.12717,1.12713,1000000,3070000
2019-07-11 12:30:46.614000,1.12716,1.12713,1250000,1950000
2019-07-11 12:30:46.765000,1.12718,1.12713,2160000,4600000
2019-07-11 12:30:46.867000,1.12718,1.12713,1100000,1640000
2019-07-11 12:30:46.918000,1.12718,1.12713,1100000,1390000
2019-07-11 12:30:47.319000,1.12718,1.12713,1000000,3290000
2019-07-11 12:30:47.514000,1.12718,1.12713,1600000,4790000
2019-07-11 12:30:47.666000,1.12718,1.12713,3220000,4690000
2019-07-11 12:30:48.184000,1.12718,1.12713,1200000,2510000
2019-07-11 12:30:48.287000,1.12716,1.12713,1200000,1250000
2019-07-11 12:30:48.389000,1.12714,1.12711,1390000,1260000
2019-07-11 12:30:48.508000,1.1271,1.12708,1000000,4390000
2019-07-11 12:30:48.610000,1.1271,1.12708,1910000,4200000
2019-07-11 12:30:48.662000,1.1271,1.12706,2660000,1250000
2019-07-11 12:30:48.764000,1.12707,1.12705,1100000,1750000
2019-07-11 12:30:48.933000,1.12708,1.12704,1100000,1000000
2019-07-11 12:30:49.035000,1.12706,1.12701,1350000,2140000
2019-07-11 12:30:49.139000,1.12705,1.12702,1010000,1120000
2019-07-11 12:30:49.241000,1.12706,1.12702,1100000,2120000
2019-07-11 12:30:49.831000,1.12707,1.12701,2640000,3660000
2019-07-11 12:30:49.938000,1.12707,1.12701,4390000,3660000
2019-07-11 12:30:50.281000,1.12707,1.12702,2540000,2470000
2019-07-11 12:30:51.475000,1.12708,1.12705,2470000,1690000
2019-07-11 12:30:51.577000,1.12711,1.12708,1200000,1000000
2019-07-11 12:30:51.722000,1.12713,1.1271,1000000,1570000
2019-07-11 12:30:51.773000,1.12716,1.12711,4040000,1690000
2019-07-11 12:30:51.976000,1.12716,1.12712,3290000,1000000
2019-07-11 12:30:52.028000,1.12718,1.12715,1370000,1100000
2019-07-11 12:30:52.079000,1.12719,1.12715,1500000,1350000
2019-07-11 12:30:52.215000,1.12721,1.12719,1250000,1000000
2019-07-11 12:30:52.317000,1.12721,1.12719,1000000,1690000
2019-07-11 12:30:52.520000,1.12723,1.12719,1600000,1390000
2019-07-11 12:30:52.950000,1.12721,1.12717,1000000,2970000
2019-07-11 12:30:53.052000,1.1272,1.12716,3290000,2640000
2019-07-11 12:30:53.104000,1.1272,1.12716,3660000,1390000
2019-07-11 12:30:53.210000,1.1272,1.12716,3640000,1250000
2019-07-11 12:30:53.312000,1.12722,1.12716,5720000,1010000
2019-07-11 12:30:53.465000,1.12722,1.12718,3350000,1120000
2019-07-11 12:30:53.567000,1.12724,1.1272,2000000,5700000
2019-07-11 12:30:53.669000,1.12724,1.1272,1120000,1950000
2019-07-11 12:30:53.773000,1.12723,1.12717,4160000,1510000
2019-07-11 12:30:53.875000,1.12724,1.12719,1660000,3300000
2019-07-11 12:30:54.128000,1.12724,1.1272,1000000,1510000
2019-07-11 12:30:54.232000,1.12726,1.1272,6100000,1350000
2019-07-11 12:30:54.387000,1.12724,1.12719,1000000,7470000
2019-07-11 12:30:54.489000,1.12724,1.12719,1220000,5910000
2019-07-11 12:30:54.592000,1.12725,1.12722,2260000,1000000
2019-07-11 12:30:54.698000,1.12725,1.12721,1760000,1000000
2019-07-11 12:30:54.801000,1.12725,1.1272,1010000,2510000
2019-07-11 12:30:55.003000,1.12725,1.1272,1010000,3320000
2019-07-11 12:30:55.105000,1.12725,1.12721,1220000,1760000
2019-07-11 12:30:55.326000,1.12727,1.12721,3410000,4290000
2019-07-11 12:30:55.429000,1.12727,1.12723,1100000,4370000
2019-07-11 12:30:55.480000,1.12729,1.12724,1200000,3140000
2019-07-11 12:30:55.684000,1.12729,1.12725,1600000,1570000
2019-07-11 12:30:55.837000,1.12726,1.12724,1000000,1010000
2019-07-11 12:30:55.939000,1.12726,1.12722,1000000,1640000
2019-07-11 12:30:56.040000,1.12726,1.12721,1100000,3700000
2019-07-11 12:30:56.548000,1.12724,1.12721,1000000,3850000
2019-07-11 12:30:56.804000,1.12723,1.1272,6750000,1950000
2019-07-11 12:30:56.855000,1.12719,1.12717,3000000,1010000
2019-07-11 12:30:56.966000,1.12717,1.12715,1200000,2810000
2019-07-11 12:30:57.017000,1.12716,1.12712,1250000,2010000
2019-07-11 12:30:57.068000,1.12715,1.12712,1220000,1500000
2019-07-11 12:30:57.171000,1.12717,1.12713,2720000,2000000
2019-07-11 12:30:57.275000,1.12719,1.12716,1500000,2250000
2019-07-11 12:30:57.326000,1.12719,1.12716,1200000,1950000
2019-07-11 12:30:57.830000,1.1272,1.12716,1500000,1760000
2019-07-11 12:30:58.186000,1.12719,1.12715,1100000,6850000
2019-07-11 12:30:58.308000,1.12716,1.12714,1000000,1000000
2019-07-11 12:30:58.410000,1.12715,1.12711,1450000,5160000
2019-07-11 12:30:58.512000,1.12715,1.12711,1250000,3640000
2019-07-11 12:30:59.100000,1.12714,1.1271,3100000,4600000
2019-07-11 12:30:59.203000,1.12711,1.12708,2060000,1400000
2019-07-11 12:30:59.306000,1.12711,1.12707,2700000,1250000
2019-07-11 12:30:59.451000,1.12711,1.12707,2510000,1690000
2019-07-11 12:30:59.870000,1.12711,1.12707,3790000,1010000
2019-07-11 12:31:00.127000,1.1271,1.12706,2810000,2510000
2019-07-11 12:31:00.281000,1.1271,1.12705,5890000,1790000
2019-07-11 12:31:00.430000,1.12706,1.12704,1000000,3100000
2019-07-11 12:31:00.532000,1.12707,1.12702,5720000,1750000
2019-07-11 12:31:00.686000,1.12707,1.12701,4040000,1600000
2019-07-11 12:31:00.737000,1.12707,1.12704,3350000,1500000
2019-07-11 12:31:00.880000,1.1271,1.12708,1000000,3070000
2019-07-11 12:31:00.932000,1.12714,1.12709,4200000,1950000
2019-07-11 12:31:01.034000,1.12712,1.1271,1250000,1570000
2019-07-11 12:31:01.085000,1.12714,1.1271,1250000,2320000
2019-07-11 12:31:01.136000,1.12716,1.1271,6350000,2890000
2019-07-11 12:31:01.285000,1.12716,1.12711,6350000,1000000
2019-07-11 12:31:01.488000,1.12716,1.12713,1350000,1000000
2019-07-11 12:31:01.640000,1.12716,1.12712,3290000,1200000
2019-07-11 12:31:01.742000,1.12716,1.12711,3660000,2440000
2019-07-11 12:31:01.844000,1.12716,1.12711,1390000,3260000
2019-07-11 12:31:01.992000,1.12715,1.12711,1200000,1250000
2019-07-11 12:31:02.094000,1.12715,1.1271,2570000,4070000
2019-07-11 12:31:02.197000,1.12714,1.1271,1510000,1000000
2019-07-11 12:31:02.329000,1.12712,1.12709,2320000,1000000
2019-07-11 12:31:02.432000,1.1271,1.12707,2250000,1000000
2019-07-11 12:31:02.535000,1.12712,1.12705,7410000,5160000
2019-07-11 12:31:02.642000,1.12711,1.12706,1100000,1350000
2019-07-11 12:31:02.746000,1.12712,1.12706,2140000,2160000
2019-07-11 12:31:02.848000,1.12711,1.12706,1120000,3410000
2019-07-11 12:31:02.949000,1.12712,1.12706,6540000,1200000
2019-07-11 12:31:03.269000,1.12711,1.12706,1690000,1600000
2019-07-11 12:31:03.377000,1.12711,1.12706,1760000,1200000
2019-07-11 12:31:03.580000,1.12711,1.12706,3660000,2470000
2019-07-11 12:31:04.138000,1.12711,1.12706,2890000,1200000
2019-07-11 12:31:04.240000,1.1271,1.12705,3260000,3070000
2019-07-11 12:31:04.342000,1.12709,1.12704,4010000,2510000
2019-07-11 12:31:04.444000,1.12709,1.12703,1950000,5290000
2019-07-11 12:31:04.583000,1.12709,1.12705,1890000,1000000
2019-07-11 12:31:04.685000,1.12709,1.12706,1250000,1500000
2019-07-11 12:31:04.786000,1.12711,1.12708,2720000,1500000
2019-07-11 12:31:04.888000,1.12713,1.12709,3070000,6410000
2019-07-11 12:31:04.990000,1.12713,1.12712,1120000,1000000
2019-07-11 12:31:05.129000,1.12713,1.12711,1000000,2100000
2019-07-11 12:31:05.231000,1.12712,1.1271,1000000,4970000
2019-07-11 12:31:05.333000,1.12713,1.12711,1310000,1200000
2019-07-11 12:31:05.434000,1.12713,1.1271,1310000,1200000
2019-07-11 12:31:05.642000,1.12713,1.12709,1310000,1200000
2019-07-11 12:31:05.744000,1.12713,1.12709,1790000,1570000
2019-07-11 12:31:05.846000,1.12712,1.1271,1000000,1000000
2019-07-11 12:31:05.948000,1.12713,1.12709,1250000,4200000
2019-07-11 12:31:06.158000,1.12711,1.12708,2250000,1200000
2019-07-11 12:31:06.284000,1.12709,1.12705,3560000,4350000
2019-07-11 12:31:06.385000,1.12709,1.12705,1760000,2620000
2019-07-11 12:31:06.538000,1.1271,1.12704,4470000,8190000
2019-07-11 12:31:06.640000,1.12711,1.12707,1850000,1100000
2019-07-11 12:31:06.793000,1.1271,1.12707,1250000,1100000
2019-07-11 12:31:06.946000,1.1271,1.12709,1250000,1000000
2019-07-11 12:31:07.048000,1.12714,1.12713,1250000,1200000
2019-07-11 12:31:07.311000,1.12716,1.12713,1250000,1000000
2019-07-11 12:31:07.413000,1.12716,1.12713,1250000,1950000
2019-07-11 12:31:07.668000,1.12716,1.12713,1250000,4220000
2019-07-11 12:31:07.719000,1.12718,1.12715,1250000,2870000
2019-07-11 12:31:07.878000,1.12718,1.12714,1000000,4790000
2019-07-11 12:31:08.031000,1.12718,1.12714,1250000,3450000
2019-07-11 12:31:08.133000,1.12716,1.12713,2250000,3260000
2019-07-11 12:31:08.285000,1.12717,1.12714,1500000,2700000
2019-07-11 12:31:08.374000,1.12718,1.12714,1120000,4200000
2019-07-11 12:31:08.527000,1.12717,1.12715,1000000,1570000
2019-07-11 12:31:08.578000,1.12719,1.12714,1690000,4410000
2019-07-11 12:31:08.679000,1.12718,1.12714,1000000,4760000
2019-07-11 12:31:09.058000,1.12717,1.12715,1000000,1500000
2019-07-11 12:31:09.159000,1.12719,1.12715,3350000,3190000
2019-07-11 12:31:09.262000,1.12718,1.12716,1390000,2250000
2019-07-11 12:31:09.517000,1.12718,1.12714,1390000,4220000
2019-07-11 12:31:09.569000,1.12716,1.12715,1310000,1100000
2019-07-11 12:31:09.670000,1.12717,1.12713,3750000,2140000
2019-07-11 12:31:09.772000,1.12717,1.12712,3820000,2140000
2019-07-11 12:31:10.519000,1.12714,1.12712,1000000,3260000
2019-07-11 12:31:10.621000,1.12715,1.12712,1250000,1760000
2019-07-11 12:31:10.959000,1.12715,1.12711,1690000,6820000
2019-07-11 12:31:11.060000,1.12715,1.12711,1250000,5720000
2019-07-11 12:31:11.162000,1.12715,1.12711,1250000,2320000
2019-07-11 12:31:11.264000,1.12715,1.12711,1250000,4600000
2019-07-11 12:31:11.589000,1.12714,1.12712,1500000,1200000
2019-07-11 12:31:11.692000,1.12715,1.12712,1010000,1200000
2019-07-11 12:31:11.794000,1.12714,1.12711,1500000,1720000
2019-07-11 12:31:11.845000,1.12711,1.12709,1500000,3000000
2019-07-11 12:31:11.896000,1.12709,1.12707,2500000,2140000
2019-07-11 12:31:11.998000,1.12705,1.12704,1000000,1570000
2019-07-11 12:31:12.107000,1.12704,1.12702,1000000,1600000
2019-07-11 12:31:12.209000,1.12703,1.127,1000000,1450000
2019-07-11 12:31:12.311000,1.12703,1.12699,1000000,5960000
2019-07-11 12:31:12.560000,1.12701,1.12699,2620000,1390000
2019-07-11 12:31:12.662000,1.127,1.12697,6120000,1250000
2019-07-11 12:31:12.763000,1.12698,1.12695,1120000,2320000
2019-07-11 12:31:12.866000,1.12699,1.12695,5840000,1450000
2019-07-11 12:31:12.917000,1.12697,1.12694,1000000,1790000
2019-07-11 12:31:13.041000,1.12696,1.12692,1490000,2320000
2019-07-11 12:31:13.245000,1.12696,1.12692,2200000,1750000
2019-07-11 12:31:13.398000,1.12696,1.12692,3450000,3500000
2019-07-11 12:31:13.500000,1.12695,1.12692,1100000,3370000
2019-07-11 12:31:13.606000,1.12697,1.12694,1500000,1000000
2019-07-11 12:31:13.708000,1.12699,1.12695,3190000,1000000
2019-07-11 12:31:13.809000,1.127,1.12699,1250000,1500000
2019-07-11 12:31:13.861000,1.12702,1.12701,1690000,1000000
2019-07-11 12:31:13.912000,1.12705,1.12704,1250000,1500000
2019-07-11 12:31:14.015000,1.1271,1.12708,3970000,1120000
2019-07-11 12:31:14.066000,1.12709,1.12707,1500000,2250000
2019-07-11 12:31:14.117000,1.12711,1.12707,1820000,3750000
2019-07-11 12:31:14.219000,1.12712,1.12708,4070000,1250000
2019-07-11 12:31:14.321000,1.1271,1.12706,2250000,3640000
2019-07-11 12:31:14.423000,1.12708,1.12705,1000000,1760000
2019-07-11 12:31:14.538000,1.12708,1.12704,2620000,2010000
2019-07-11 12:31:14.590000,1.12706,1.12702,6820000,1940000
2019-07-11 12:31:14.641000,1.12704,1.12702,1000000,1690000
2019-07-11 12:31:14.744000,1.12704,1.12701,1250000,1950000
2019-07-11 12:31:14.897000,1.12705,1.12702,2320000,5250000
2019-07-11 12:31:14.998000,1.12705,1.12702,1870000,4000000
2019-07-11 12:31:15.775000,1.12701,1.127,1200000,1310000
2019-07-11 12:31:15.878000,1.12699,1.12697,2320000,1000000
2019-07-11 12:31:15.929000,1.12698,1.12696,1200000,1250000
2019-07-11 12:31:16.031000,1.12698,1.12695,1570000,1120000
2019-07-11 12:31:16.133000,1.12698,1.12695,2350000,1120000
2019-07-11 12:31:16.235000,1.12695,1.12693,1100000,1870000
2019-07-11 12:31:16.360000,1.12695,1.12691,1700000,2000000
2019-07-11 12:31:16.412000,1.12695,1.12692,1890000,1000000
2019-07-11 12:31:16.463000,1.12696,1.12693,4260000,1000000
2019-07-11 12:31:16.667000,1.12695,1.12693,1000000,1000000
2019-07-11 12:31:16.769000,1.12696,1.12694,1200000,1000000
2019-07-11 12:31:16.918000,1.12696,1.12694,4600000,1000000
2019-07-11 12:31:17.071000,1.12696,1.12694,2620000,1000000
2019-07-11 12:31:17.172000,1.12696,1.12694,2720000,1000000
2019-07-11 12:31:17.274000,1.12698,1.12696,2820000,1250000
2019-07-11 12:31:17.376000,1.12699,1.12696,1950000,1250000
2019-07-11 12:31:17.631000,1.12699,1.12696,4820000,2250000
2019-07-11 12:31:17.735000,1.12698,1.12695,1850000,1000000
2019-07-11 12:31:17.836000,1.12699,1.12696,7350000,1000000
2019-07-11 12:31:17.943000,1.12698,1.12696,1100000,1000000
2019-07-11 12:31:18.045000,1.12699,1.12696,8330000,1000000
2019-07-11 12:31:18.590000,1.12698,1.12696,1000000,1000000
2019-07-11 12:31:18.692000,1.12696,1.12694,1690000,2720000
2019-07-11 12:31:18.794000,1.12695,1.12694,1000000,1000000
2019-07-11 12:31:19.004000,1.12695,1.12691,1200000,6190000
2019-07-11 12:31:19.106000,1.12692,1.1269,1000000,1350000
2019-07-11 12:31:19.209000,1.1269,1.12689,3820000,3940000
2019-07-11 12:31:19.312000,1.12688,1.12687,1100000,1000000
2019-07-11 12:31:19.427000,1.1269,1.12688,1970000,1000000
2019-07-11 12:31:19.478000,1.12691,1.1269,1690000,1000000
2019-07-11 12:31:19.529000,1.12691,1.12689,1750000,4120000
2019-07-11 12:31:19.733000,1.1269,1.12686,4540000,1860000
2019-07-11 12:31:19.913000,1.12689,1.12686,2570000,1110000
2019-07-11 12:31:20.065000,1.1269,1.12686,2700000,1110000
2019-07-11 12:31:20.168000,1.12687,1.12686,1500000,1110000
2019-07-11 12:31:20.219000,1.12685,1.12683,1500000,1000000
2019-07-11 12:31:20.321000,1.12684,1.12683,1200000,1000000
2019-07-11 12:31:20.399000,1.12684,1.1268,1570000,1750000
2019-07-11 12:31:20.451000,1.12683,1.1268,1720000,1690000
2019-07-11 12:31:20.656000,1.12682,1.1268,3370000,1000000
2019-07-11 12:31:20.758000,1.12681,1.1268,1000000,1250000
2019-07-11 12:31:20.809000,1.12684,1.1268,9640000,3060000
2019-07-11 12:31:20.911000,1.12684,1.12681,1570000,1870000
2019-07-11 12:31:21.170000,1.12685,1.12681,3000000,1000000
2019-07-11 12:31:21.272000,1.12685,1.12681,3100000,1000000
2019-07-11 12:31:21.425000,1.12686,1.12681,4790000,1000000
2019-07-11 12:31:21.528000,1.12684,1.12681,1500000,3440000
2019-07-11 12:31:21.630000,1.12684,1.12681,1200000,1000000
2019-07-11 12:31:21.732000,1.12685,1.12681,5850000,1000000
2019-07-11 12:31:21.783000,1.12685,1.12681,4760000,1000000
2019-07-11 12:31:21.885000,1.12683,1.1268,1000000,1690000
2019-07-11 12:31:22.023000,1.12684,1.1268,2890000,1000000
2019-07-11 12:31:22.074000,1.12681,1.12678,4200000,1750000
2019-07-11 12:31:22.127000,1.12676,1.12675,1100000,4120000
2019-07-11 12:31:22.230000,1.12675,1.12674,1200000,1500000
2019-07-11 12:31:22.383000,1.12675,1.12673,3290000,1000000
2019-07-11 12:31:22.498000,1.12671,1.12669,2720000,1500000
2019-07-11 12:31:22.549000,1.1267,1.12666,3450000,1000000
2019-07-11 12:31:22.600000,1.1267,1.12666,4570000,1250000
2019-07-11 12:31:22.701000,1.1267,1.12666,3970000,1250000
2019-07-11 12:31:22.803000,1.12669,1.12665,1970000,3070000
2019-07-11 12:31:22.854000,1.12671,1.12666,1600000,5440000
2019-07-11 12:31:23.091000,1.12669,1.12666,1390000,2250000
2019-07-11 12:31:23.194000,1.12669,1.12665,3100000,2500000
2019-07-11 12:31:23.299000,1.12666,1.12663,2250000,3700000
2019-07-11 12:31:23.402000,1.12664,1.12663,1000000,1000000
2019-07-11 12:31:23.505000,1.12664,1.12661,1100000,1000000
2019-07-11 12:31:23.759000,1.12665,1.1266,2600000,2250000
2019-07-11 12:31:24.179000,1.12665,1.1266,1850000,1310000
2019-07-11 12:31:24.332000,1.12665,1.12661,1010000,2620000
2019-07-11 12:31:24.434000,1.12665,1.12661,2910000,2950000
2019-07-11 12:31:24.740000,1.1266,1.12658,1000000,2250000
2019-07-11 12:31:24.842000,1.12662,1.12658,5100000,1000000
2019-07-11 12:31:24.944000,1.12661,1.12658,1000000,1000000
2019-07-11 12:31:25.046000,1.12663,1.12658,1500000,9210000
2019-07-11 12:31:25.148000,1.12665,1.12661,2560000,1950000
2019-07-11 12:31:25.249000,1.12665,1.12662,1500000,1120000
2019-07-11 12:31:25.352000,1.12666,1.12661,1690000,3290000
2019-07-11 12:31:25.454000,1.12665,1.12661,1370000,1950000
2019-07-11 12:31:25.556000,1.12666,1.12661,2890000,1100000
2019-07-11 12:31:25.709000,1.12666,1.12663,1850000,1000000
2019-07-11 12:31:25.867000,1.12664,1.12662,1100000,1000000
2019-07-11 12:31:25.970000,1.12664,1.1266,1820000,3250000
2019-07-11 12:31:26.021000,1.12664,1.12662,1100000,1000000
2019-07-11 12:31:26.273000,1.1266,1.12659,1710000,3450000
2019-07-11 12:31:26.326000,1.12658,1.12656,1120000,2120000
2019-07-11 12:31:26.429000,1.12659,1.12656,1700000,1000000
2019-07-11 12:31:26.574000,1.12659,1.12655,2320000,1250000
2019-07-11 12:31:26.677000,1.1266,1.12656,1760000,1790000
2019-07-11 12:31:26.783000,1.12659,1.12655,1950000,2060000
2019-07-11 12:31:26.885000,1.12657,1.12655,3000000,1250000
2019-07-11 12:31:26.987000,1.12656,1.12654,2700000,1250000
2019-07-11 12:31:27.089000,1.12656,1.12654,3100000,1250000
2019-07-11 12:31:27.209000,1.12654,1.12653,1000000,1000000
2019-07-11 12:31:27.463000,1.12653,1.12651,1000000,3260000
2019-07-11 12:31:27.566000,1.12654,1.12653,1000000,1000000
2019-07-11 12:31:27.693000,1.12654,1.1265,1000000,4200000
2019-07-11 12:31:27.794000,1.12654,1.12652,1200000,1000000
2019-07-11 12:31:27.948000,1.12653,1.12652,1100000,1000000
2019-07-11 12:31:28.050000,1.12653,1.1265,2250000,1250000
2019-07-11 12:31:28.523000,1.12652,1.1265,1000000,1000000
2019-07-11 12:31:28.625000,1.12651,1.1265,1310000,1000000
2019-07-11 12:31:28.759000,1.12651,1.1265,1000000,1000000
2019-07-11 12:31:28.863000,1.12651,1.1265,1120000,1000000
2019-07-11 12:31:29.015000,1.12653,1.1265,2620000,2850000
2019-07-11 12:31:29.067000,1.12654,1.12652,2440000,1000000
2019-07-11 12:31:29.186000,1.12656,1.12652,3390000,2470000
2019-07-11 12:31:29.288000,1.12656,1.12652,3440000,1200000
2019-07-11 12:31:29.441000,1.12656,1.12652,1940000,1220000
2019-07-11 12:31:29.492000,1.12656,1.12652,2620000,1220000
2019-07-11 12:31:29.595000,1.12655,1.12652,1250000,1200000
2019-07-11 12:31:29.754000,1.12655,1.12652,3000000,1100000
2019-07-11 12:31:29.856000,1.12652,1.12651,1000000,1000000
2019-07-11 12:31:29.958000,1.12653,1.12652,1000000,1000000
2019-07-11 12:31:30.110000,1.12654,1.12652,1570000,1000000
2019-07-11 12:31:30.161000,1.12653,1.12651,1300000,1200000
2019-07-11 12:31:30.280000,1.12651,1.12649,1300000,1000000
2019-07-11 12:31:30.536000,1.12651,1.12649,1250000,1000000
2019-07-11 12:31:30.762000,1.12652,1.12651,1000000,1000000
2019-07-11 12:31:30.813000,1.12654,1.1265,1250000,3410000
2019-07-11 12:31:31.363000,1.12654,1.12651,1690000,5470000
2019-07-11 12:31:31.517000,1.12654,1.12651,2500000,3070000
2019-07-11 12:31:31.620000,1.12654,1.12652,1500000,1000000
2019-07-11 12:31:31.772000,1.12654,1.12652,1000000,2190000
2019-07-11 12:31:31.824000,1.12656,1.12654,1250000,1200000
2019-07-11 12:31:31.875000,1.12655,1.12653,1500000,1200000
2019-07-11 12:31:31.926000,1.12655,1.12652,1750000,1200000
2019-07-11 12:31:32.027000,1.12654,1.12652,1000000,3600000
2019-07-11 12:31:32.129000,1.12654,1.12652,1000000,1200000
2019-07-11 12:31:32.333000,1.12654,1.12652,1000000,3220000
2019-07-11 12:31:32.447000,1.12657,1.12655,1500000,1200000
2019-07-11 12:31:32.550000,1.12658,1.12656,1120000,2850000
2019-07-11 12:31:32.602000,1.1266,1.12657,1190000,4200000
2019-07-11 12:31:32.653000,1.12661,1.1266,1830000,1000000
2019-07-11 12:31:32.705000,1.12662,1.12658,3890000,5850000
2019-07-11 12:31:32.757000,1.12663,1.12661,1690000,1000000
2019-07-11 12:31:32.912000,1.12664,1.12661,1000000,3220000
2019-07-11 12:31:32.964000,1.12661,1.12659,1000000,4310000
2019-07-11 12:31:33.169000,1.12662,1.1266,1000000,1200000
2019-07-11 12:31:33.376000,1.12663,1.12661,1000000,1200000
2019-07-11 12:31:33.477000,1.12664,1.12661,1000000,3070000
2019-07-11 12:31:33.579000,1.12664,1.12662,1250000,1200000
2019-07-11 12:31:33.630000,1.12662,1.1266,1000000,4810000
2019-07-11 12:31:33.871000,1.12662,1.12659,1500000,2950000
2019-07-11 12:31:33.973000,1.12664,1.12662,1750000,1200000
2019-07-11 12:31:34.075000,1.12664,1.12662,1250000,1200000
2019-07-11 12:31:34.177000,1.12663,1.12661,2370000,1100000
2019-07-11 12:31:34.380000,1.12663,1.12661,1000000,1100000
2019-07-11 12:31:34.483000,1.12663,1.1266,1000000,2320000
2019-07-11 12:31:34.895000,1.12664,1.1266,2210000,3600000
2019-07-11 12:31:35.268000,1.12664,1.12661,1500000,3100000
2019-07-11 12:31:35.327000,1.12663,1.1266,2120000,2700000
2019-07-11 12:31:35.429000,1.12661,1.12659,1120000,4410000
2019-07-11 12:31:35.531000,1.12661,1.12658,1570000,3070000
2019-07-11 12:31:36.156000,1.12659,1.12657,1000000,1760000
2019-07-11 12:31:36.258000,1.12658,1.12657,1000000,1200000
2019-07-11 12:31:36.377000,1.12658,1.12655,1000000,4890000
2019-07-11 12:31:36.769000,1.12659,1.12655,1000000,6410000
2019-07-11 12:31:36.911000,1.12659,1.12656,1000000,1010000
2019-07-11 12:31:37.064000,1.12657,1.12656,1250000,1100000
2019-07-11 12:31:37.115000,1.12655,1.12651,1000000,2450000
2019-07-11 12:31:37.217000,1.12654,1.12652,1500000,1870000
2019-07-11 12:31:37.319000,1.12655,1.12652,1750000,3000000
2019-07-11 12:31:37.550000,1.12655,1.12653,1500000,1000000
2019-07-11 12:31:37.651000,1.12655,1.12652,1500000,1000000
2019-07-11 12:31:37.753000,1.12656,1.12652,1850000,1100000
2019-07-11 12:31:37.905000,1.12655,1.12653,1390000,1000000
2019-07-11 12:31:38.009000,1.12656,1.12652,4970000,1000000
2019-07-11 12:31:38.673000,1.12655,1.12651,2290000,3070000
2019-07-11 12:31:38.776000,1.12656,1.12651,4970000,3750000
2019-07-11 12:31:38.877000,1.12656,1.12651,4220000,2570000
2019-07-11 12:31:38.979000,1.12656,1.12651,4850000,3000000
2019-07-11 12:31:39.438000,1.12655,1.12651,1850000,3700000
2019-07-11 12:31:39.541000,1.12655,1.12652,1760000,1250000
2019-07-11 12:31:39.820000,1.12653,1.12651,1000000,5320000
2019-07-11 12:31:39.871000,1.12651,1.12649,1000000,1100000
2019-07-11 12:31:39.974000,1.12648,1.12647,1500000,1310000
2019-07-11 12:31:40.026000,1.12644,1.12642,1000000,4570000
2019-07-11 12:31:40.078000,1.12648,1.12647,1500000,1000000
2019-07-11 12:31:40.216000,1.12648,1.12646,1620000,1500000
2019-07-11 12:31:40.369000,1.12648,1.12645,1250000,1000000
2019-07-11 12:31:40.472000,1.12648,1.12646,1000000,1200000
2019-07-11 12:31:40.640000,1.1265,1.12645,1250000,4790000
2019-07-11 12:31:40.742000,1.12649,1.12647,1500000,3260000
2019-07-11 12:31:40.947000,1.12649,1.12647,1120000,1850000
2019-07-11 12:31:41.050000,1.12652,1.1265,3470000,1000000
2019-07-11 12:31:41.194000,1.12652,1.1265,1120000,2660000
2019-07-11 12:31:41.296000,1.12654,1.12651,2000000,1600000
2019-07-11 12:31:41.398000,1.12655,1.12652,1680000,1600000
2019-07-11 12:31:41.551000,1.12656,1.12653,1500000,2470000
2019-07-11 12:31:41.654000,1.12655,1.12653,1000000,1530000
2019-07-11 12:31:41.757000,1.12656,1.12654,1000000,1000000
2019-07-11 12:31:41.859000,1.12657,1.12655,1500000,1200000
2019-07-11 12:31:41.961000,1.12657,1.12654,1500000,2140000
2019-07-11 12:31:42.117000,1.12659,1.12658,3190000,1000000
2019-07-11 12:31:42.169000,1.12662,1.12659,1570000,1000000
2019-07-11 12:31:42.220000,1.12663,1.12661,3690000,1950000
2019-07-11 12:31:42.582000,1.12664,1.12663,1250000,1000000
2019-07-11 12:31:42.736000,1.12665,1.12663,1500000,1600000
2019-07-11 12:31:42.838000,1.12664,1.12662,1000000,3200000
2019-07-11 12:31:43.042000,1.12668,1.12666,3440000,1000000
2019-07-11 12:31:43.094000,1.12667,1.12663,1000000,2650000
2019-07-11 12:31:43.197000,1.12666,1.12662,1000000,2760000
2019-07-11 12:31:43.299000,1.12666,1.12663,1500000,1250000
2019-07-11 12:31:43.450000,1.12666,1.12662,1690000,2140000
2019-07-11 12:31:43.553000,1.12665,1.12662,1100000,1250000
2019-07-11 12:31:43.831000,1.12666,1.12663,2140000,1000000
2019-07-11 12:31:43.883000,1.12666,1.12661,3700000,4760000
2019-07-11 12:31:43.990000,1.12666,1.12662,2540000,1000000
2019-07-11 12:31:44.093000,1.12665,1.12661,1750000,1760000
2019-07-11 12:31:44.194000,1.12665,1.12662,1500000,1500000
2019-07-11 12:31:44.245000,1.12665,1.12661,1750000,1390000
2019-07-11 12:31:44.347000,1.12665,1.12661,2250000,1820000
2019-07-11 12:31:44.766000,1.12662,1.12659,1250000,5810000
2019-07-11 12:31:44.868000,1.12661,1.12659,6260000,2250000
2019-07-11 12:31:44.919000,1.12661,1.12657,1200000,2440000
2019-07-11 12:31:45.055000,1.12659,1.12656,1760000,1690000
2019-07-11 12:31:45.156000,1.12658,1.12656,1200000,1690000
2019-07-11 12:31:45.258000,1.12658,1.12656,1200000,1750000
2019-07-11 12:31:45.309000,1.12657,1.12654,1310000,1810000
2019-07-11 12:31:45.360000,1.12656,1.12652,3690000,4720000
2019-07-11 12:31:45.497000,1.12656,1.12652,1750000,1200000
2019-07-11 12:31:45.599000,1.12656,1.12654,1500000,1500000
2019-07-11 12:31:45.701000,1.12659,1.12657,1750000,1500000
2019-07-11 12:31:45.905000,1.1266,1.12658,1250000,1000000
2019-07-11 12:31:46.134000,1.12661,1.1266,1500000,2250000
2019-07-11 12:31:46.185000,1.12663,1.12661,2890000,1000000
2019-07-11 12:31:46.237000,1.12664,1.12661,1000000,1000000
2019-07-11 12:31:46.339000,1.12664,1.12661,1250000,2320000
2019-07-11 12:31:46.442000,1.12664,1.12661,1250000,1570000
2019-07-11 12:31:46.905000,1.12665,1.12662,1960000,1000000
2019-07-11 12:31:46.957000,1.12666,1.12664,1970000,1000000
2019-07-11 12:31:47.060000,1.12666,1.12664,1000000,1000000
2019-07-11 12:31:47.331000,1.12666,1.12663,1000000,3450000
2019-07-11 12:31:47.433000,1.12666,1.12663,1000000,3970000
2019-07-11 12:31:47.535000,1.12667,1.12665,1000000,1690000
2019-07-11 12:31:47.586000,1.12668,1.12666,1000000,1000000
2019-07-11 12:31:47.689000,1.12666,1.12665,1000000,1200000
2019-07-11 12:31:47.793000,1.12666,1.12664,1000000,1000000
2019-07-11 12:31:47.895000,1.12666,1.12665,1000000,1200000
2019-07-11 12:31:47.946000,1.1267,1.12668,2570000,1000000
2019-07-11 12:31:47.997000,1.12672,1.12668,4410000,1870000
2019-07-11 12:31:48.048000,1.12673,1.12671,2250000,1000000
2019-07-11 12:31:48.202000,1.12676,1.12672,1750000,3370000
2019-07-11 12:31:48.308000,1.12675,1.12673,1250000,1200000
2019-07-11 12:31:48.411000,1.12676,1.12674,1750000,2700000
2019-07-11 12:31:48.462000,1.12677,1.12676,1250000,1200000
2019-07-11 12:31:48.621000,1.12678,1.12675,4870000,1120000
2019-07-11 12:31:48.724000,1.12679,1.12678,1000000,1000000
2019-07-11 12:31:48.980000,1.12678,1.12676,1000000,2140000
2019-07-11 12:31:49.082000,1.12677,1.12675,1000000,1760000
2019-07-11 12:31:49.183000,1.12677,1.12676,1000000,1200000
2019-07-11 12:31:51.200000,1.12676,1.12674,1000000,4290000
2019-07-11 12:31:51.297000,1.12676,1.12673,1000000,1120000
2019-07-11 12:31:51.348000,1.12678,1.12675,4220000,1500000
2019-07-11 12:31:51.399000,1.12678,1.12676,2060000,1000000
2019-07-11 12:31:51.451000,1.1268,1.12678,2810000,2450000
2019-07-11 12:31:51.553000,1.12684,1.12683,2250000,1570000
2019-07-11 12:31:51.772000,1.12687,1.12684,3570000,1000000
2019-07-11 12:31:51.823000,1.12687,1.12683,1220000,1450000
2019-07-11 12:31:51.975000,1.12688,1.12683,3790000,1250000
2019-07-11 12:31:52.026000,1.12687,1.12683,2700000,3120000
2019-07-11 12:31:52.077000,1.12686,1.12682,1000000,4320000
2019-07-11 12:31:52.236000,1.12686,1.12684,1000000,1000000
2019-07-11 12:31:52.287000,1.12686,1.12682,1000000,1390000
2019-07-11 12:31:52.490000,1.12686,1.12682,1000000,1350000
2019-07-11 12:31:52.592000,1.12686,1.12681,2220000,3040000
2019-07-11 12:31:52.693000,1.12685,1.12681,1760000,1250000
2019-07-11 12:31:52.822000,1.12685,1.12682,1250000,1000000
2019-07-11 12:31:53.077000,1.12685,1.12683,1000000,1000000
2019-07-11 12:31:53.280000,1.12685,1.12682,1000000,2700000
2019-07-11 12:31:53.782000,1.12685,1.12682,1000000,2700000
2019-07-11 12:31:54.199000,1.12685,1.12683,1000000,1000000
2019-07-11 12:31:54.410000,1.12685,1.12683,1190000,1500000
2019-07-11 12:31:54.512000,1.12685,1.12683,1600000,1500000
2019-07-11 12:31:54.715000,1.12687,1.12686,1570000,1000000
2019-07-11 12:31:54.802000,1.12689,1.12688,3000000,1500000
2019-07-11 12:31:54.853000,1.12694,1.12693,1120000,1000000
2019-07-11 12:31:55.157000,1.12695,1.12693,1000000,1120000
2019-07-11 12:31:55.439000,1.12695,1.12692,1000000,2250000
2019-07-11 12:31:55.743000,1.12695,1.12691,3450000,2250000
2019-07-11 12:31:55.845000,1.12692,1.12688,2510000,3750000
2019-07-11 12:31:55.897000,1.1269,1.12688,1000000,2250000
2019-07-11 12:31:56.014000,1.1269,1.12688,1500000,1000000
2019-07-11 12:31:56.362000,1.12691,1.12688,1250000,1000000
2019-07-11 12:31:57.321000,1.12692,1.12691,2700000,1000000
2019-07-11 12:31:57.423000,1.12695,1.12692,6000000,1000000
2019-07-11 12:31:58.253000,1.12695,1.12691,1350000,1000000
2019-07-11 12:31:58.405000,1.12693,1.1269,1250000,2250000
2019-07-11 12:31:58.507000,1.12692,1.1269,2070000,1000000
2019-07-11 12:31:58.710000,1.12691,1.12687,1470000,2320000
2019-07-11 12:31:58.761000,1.12691,1.12689,3660000,1000000
2019-07-11 12:31:58.862000,1.12691,1.12689,1760000,1000000
2019-07-11 12:31:59.112000,1.12691,1.12688,1000000,1260000
2019-07-11 12:31:59.163000,1.12692,1.12691,1000000,1000000
2019-07-11 12:31:59.265000,1.12693,1.12692,3370000,1000000
2019-07-11 12:31:59.367000,1.12695,1.12692,2250000,1250000
2019-07-11 12:31:59.469000,1.12695,1.12693,1000000,1200000
2019-07-11 12:31:59.618000,1.12697,1.12696,1500000,1000000
2019-07-11 12:31:59.720000,1.12699,1.12696,1500000,2440000
2019-07-11 12:31:59.823000,1.127,1.12696,2190000,1760000
2019-07-11 12:31:59.975000,1.12699,1.12696,1600000,1250000
2019-07-11 12:32:00.150000,1.12699,1.12695,1690000,1760000
2019-07-11 12:32:00.259000,1.127,1.12696,3440000,3070000
2019-07-11 12:32:00.411000,1.127,1.12696,5950000,1750000
2019-07-11 12:32:00.591000,1.127,1.12698,2500000,1000000
2019-07-11 12:32:00.743000,1.127,1.12697,1500000,1690000
2019-07-11 12:32:00.845000,1.127,1.12697,1690000,1750000
2019-07-11 12:32:01.256000,1.12698,1.12696,1500000,1100000
2019-07-11 12:32:01.359000,1.12695,1.12693,5250000,1470000
2019-07-11 12:32:01.410000,1.12692,1.1269,1870000,3870000
2019-07-11 12:32:01.513000,1.12691,1.12688,4500000,4070000
2019-07-11 12:32:01.717000,1.12693,1.12689,1750000,4970000
2019-07-11 12:32:01.768000,1.12693,1.12692,1310000,1500000
2019-07-11 12:32:01.819000,1.12697,1.12695,5250000,1000000
2019-07-11 12:32:01.871000,1.12702,1.127,1950000,1500000
2019-07-11 12:32:01.923000,1.12703,1.12702,2620000,1000000
2019-07-11 12:32:02.052000,1.12703,1.12699,1100000,2470000
2019-07-11 12:32:02.104000,1.12701,1.127,1000000,1100000
2019-07-11 12:32:02.158000,1.12701,1.12698,1000000,1390000
2019-07-11 12:32:02.262000,1.127,1.12697,1600000,3190000
2019-07-11 12:32:02.365000,1.127,1.12696,1200000,6000000
2019-07-11 12:32:02.467000,1.127,1.12697,1220000,1000000
2019-07-11 12:32:02.596000,1.127,1.12697,1450000,1120000
2019-07-11 12:32:02.698000,1.127,1.12697,1000000,1310000
2019-07-11 12:32:02.800000,1.12701,1.12698,4700000,1000000
2019-07-11 12:32:03.265000,1.12701,1.12699,1100000,1250000
2019-07-11 12:32:03.367000,1.12702,1.12698,2260000,1500000
2019-07-11 12:32:03.520000,1.12701,1.12696,3070000,5200000
2019-07-11 12:32:03.622000,1.12698,1.12695,1000000,2440000
2019-07-11 12:32:03.724000,1.12697,1.12693,4570000,3500000
2019-07-11 12:32:03.828000,1.12696,1.12692,1100000,3940000
2019-07-11 12:32:03.929000,1.12697,1.12692,4160000,4010000
2019-07-11 12:32:04.031000,1.12697,1.12692,3640000,4390000
2019-07-11 12:32:04.437000,1.12697,1.12693,1690000,1570000
2019-07-11 12:32:04.539000,1.12698,1.12697,1000000,1000000
2019-07-11 12:32:04.641000,1.127,1.12696,1750000,7160000
2019-07-11 12:32:05.261000,1.12701,1.12696,1190000,4850000
2019-07-11 12:32:05.312000,1.12697,1.12695,1870000,1600000
2019-07-11 12:32:05.449000,1.12697,1.12695,1100000,1000000
2019-07-11 12:32:05.551000,1.12697,1.12694,1180000,1310000
2019-07-11 12:32:05.703000,1.12698,1.12694,1760000,3190000
2019-07-11 12:32:06.448000,1.12698,1.12697,1250000,1000000
2019-07-11 12:32:06.551000,1.12699,1.12697,1000000,1100000
2019-07-11 12:32:06.961000,1.127,1.12698,1510000,1000000
2019-07-11 12:32:07.063000,1.12702,1.12698,4880000,3750000
2019-07-11 12:32:07.165000,1.12701,1.12698,1870000,2970000
2019-07-11 12:32:07.299000,1.12701,1.12697,2240000,3700000
2019-07-11 12:32:07.402000,1.12698,1.12696,1000000,2790000
2019-07-11 12:32:07.504000,1.12696,1.12694,1000000,2570000
2019-07-11 12:32:07.606000,1.12695,1.12693,1500000,1250000
2019-07-11 12:32:07.708000,1.12694,1.12691,1310000,1500000
2019-07-11 12:32:08.099000,1.12693,1.12691,1000000,1000000
2019-07-11 12:32:08.201000,1.1269,1.12689,1000000,2890000
2019-07-11 12:32:08.253000,1.12692,1.12691,1500000,1000000
2019-07-11 12:32:08.389000,1.12692,1.12689,2250000,2600000
2019-07-11 12:32:08.846000,1.12692,1.12691,1000000,1500000
2019-07-11 12:32:08.976000,1.12695,1.12694,4200000,1500000
2019-07-11 12:32:09.079000,1.12696,1.12693,1000000,1690000
2019-07-11 12:32:09.182000,1.12696,1.12694,1500000,1000000
2019-07-11 12:32:09.437000,1.12696,1.12692,1500000,3320000
2019-07-11 12:32:09.545000,1.12695,1.12692,1000000,3260000
2019-07-11 12:32:09.647000,1.12697,1.12696,1570000,1500000
2019-07-11 12:32:09.749000,1.12698,1.12697,1500000,2440000
2019-07-11 12:32:09.851000,1.127,1.12697,1690000,1690000
2019-07-11 12:32:10.055000,1.12699,1.12697,1000000,1250000
2019-07-11 12:32:10.107000,1.127,1.12699,1500000,1000000
2019-07-11 12:32:10.158000,1.12702,1.127,6320000,1000000
2019-07-11 12:32:10.261000,1.12703,1.12701,1250000,1000000
2019-07-11 12:32:10.362000,1.12703,1.12702,1000000,1000000
2019-07-11 12:32:10.926000,1.12704,1.12702,4500000,1000000
2019-07-11 12:32:11.372000,1.12703,1.127,1000000,1000000
2019-07-11 12:32:11.423000,1.12701,1.12699,2250000,1200000
2019-07-11 12:32:11.526000,1.12704,1.12701,2470000,1000000
2019-07-11 12:32:11.629000,1.12704,1.12701,1000000,1250000
2019-07-11 12:32:11.776000,1.12704,1.12702,1000000,1250000
2019-07-11 12:32:13.451000,1.12702,1.12701,3750000,1870000
2019-07-11 12:32:13.503000,1.127,1.12699,1000000,1500000
2019-07-11 12:32:13.604000,1.127,1.12695,2870000,4970000
2019-07-11 12:32:13.707000,1.127,1.12695,4310000,6100000
2019-07-11 12:32:13.809000,1.12699,1.12696,2620000,1820000
2019-07-11 12:32:13.911000,1.12697,1.12695,1500000,1850000
2019-07-11 12:32:14.013000,1.12696,1.12693,1500000,1250000
2019-07-11 12:32:14.114000,1.12695,1.12691,1870000,7100000
2019-07-11 12:32:14.216000,1.12694,1.12692,1000000,1890000
2019-07-11 12:32:14.471000,1.12695,1.12691,1120000,5350000
2019-07-11 12:32:14.573000,1.12694,1.12691,2250000,1450000
2019-07-11 12:32:14.625000,1.12693,1.12691,3250000,1390000
2019-07-11 12:32:14.676000,1.12691,1.12688,1120000,4910000
2019-07-11 12:32:14.779000,1.12691,1.12689,1000000,2870000
2019-07-11 12:32:14.831000,1.12693,1.1269,3750000,1450000
2019-07-11 12:32:14.933000,1.12693,1.1269,1000000,1390000
2019-07-11 12:32:15.037000,1.12692,1.12688,1200000,4220000
2019-07-11 12:32:15.140000,1.1269,1.12688,1000000,1250000
2019-07-11 12:32:15.193000,1.12692,1.12691,4390000,1000000
2019-07-11 12:32:15.245000,1.12691,1.12689,1120000,2140000
2019-07-11 12:32:15.297000,1.12693,1.1269,1000000,2500000
2019-07-11 12:32:15.348000,1.12693,1.1269,1750000,4570000
2019-07-11 12:32:15.450000,1.12693,1.1269,1250000,4950000
2019-07-11 12:32:15.553000,1.12693,1.1269,1000000,2160000
2019-07-11 12:32:15.995000,1.12693,1.1269,1250000,1100000
2019-07-11 12:32:16.226000,1.12694,1.1269,2440000,3390000
2019-07-11 12:32:16.756000,1.12694,1.1269,2890000,1250000
2019-07-11 12:32:16.807000,1.12692,1.12689,1250000,1420000
2019-07-11 12:32:16.909000,1.12691,1.12688,3260000,1000000
2019-07-11 12:32:17.011000,1.1269,1.12687,2320000,5370000
2019-07-11 12:32:17.126000,1.12691,1.12687,1570000,5690000
2019-07-11 12:32:17.177000,1.12691,1.12688,1600000,1250000
2019-07-11 12:32:17.279000,1.12691,1.12689,1600000,1250000
2019-07-11 12:32:17.381000,1.12692,1.1269,1100000,1500000
2019-07-11 12:32:17.483000,1.12694,1.1269,3100000,1000000
2019-07-11 12:32:17.584000,1.12694,1.1269,3040000,3250000
2019-07-11 12:32:17.686000,1.12694,1.1269,2700000,1690000
2019-07-11 12:32:17.789000,1.12692,1.12689,1500000,1450000
2019-07-11 12:32:17.891000,1.12692,1.12688,2100000,2440000
2019-07-11 12:32:17.942000,1.12692,1.1269,1720000,1500000
2019-07-11 12:32:17.993000,1.12693,1.1269,2440000,1500000
2019-07-11 12:32:18.095000,1.12693,1.1269,1100000,4870000
2019-07-11 12:32:18.199000,1.12694,1.1269,4510000,4120000
2019-07-11 12:32:18.250000,1.12694,1.1269,4510000,5390000
2019-07-11 12:32:18.302000,1.12694,1.1269,2640000,4390000
2019-07-11 12:32:18.456000,1.12692,1.12689,1600000,1250000
2019-07-11 12:32:18.560000,1.12692,1.1269,1500000,1690000
2019-07-11 12:32:18.719000,1.12694,1.1269,7070000,5250000
2019-07-11 12:32:18.822000,1.12693,1.12691,1000000,1000000
2019-07-11 12:32:18.924000,1.12694,1.12691,2890000,1000000
2019-07-11 12:32:19.025000,1.12694,1.1269,2140000,2510000
2019-07-11 12:32:19.331000,1.12694,1.12691,2890000,1000000
2019-07-11 12:32:19.585000,1.12694,1.12691,1950000,1750000
2019-07-11 12:32:19.688000,1.12694,1.12691,2140000,1500000
2019-07-11 12:32:19.842000,1.12693,1.1269,1140000,1690000
2019-07-11 12:32:19.958000,1.1269,1.12689,2470000,2140000
2019-07-11 12:32:20.010000,1.12686,1.12682,5750000,1800000
2019-07-11 12:32:20.062000,1.12686,1.12682,2750000,2700000
2019-07-11 12:32:20.165000,1.12686,1.12682,4950000,1750000
2019-07-11 12:32:20.268000,1.12685,1.12682,1570000,1250000
2019-07-11 12:32:20.425000,1.12684,1.1268,2850000,3510000
2019-07-11 12:32:20.527000,1.12683,1.12681,1100000,1120000
2019-07-11 12:32:20.578000,1.12685,1.12681,9600000,1250000
2019-07-11 12:32:20.680000,1.12684,1.1268,4970000,1250000
2019-07-11 12:32:20.783000,1.12682,1.12679,3970000,1250000
2019-07-11 12:32:20.885000,1.12682,1.12679,1100000,1450000
2019-07-11 12:32:20.996000,1.12682,1.12679,2700000,1250000
2019-07-11 12:32:21.098000,1.12682,1.12678,5570000,2440000
2019-07-11 12:32:21.149000,1.12682,1.12678,2700000,2500000
2019-07-11 12:32:21.251000,1.12682,1.12678,5510000,2690000
2019-07-11 12:32:21.569000,1.12681,1.12678,1500000,4000000
2019-07-11 12:32:21.620000,1.1268,1.12678,1000000,3000000
2019-07-11 12:32:21.734000,1.12679,1.12676,1310000,1500000
2019-07-11 12:32:21.937000,1.12679,1.12678,1250000,1000000
2019-07-11 12:32:22.039000,1.12682,1.1268,1640000,1000000
2019-07-11 12:32:22.141000,1.12682,1.12679,1370000,2700000
2019-07-11 12:32:22.192000,1.12682,1.12679,1000000,1820000
2019-07-11 12:32:22.329000,1.12682,1.1268,1120000,3750000
2019-07-11 12:32:22.432000,1.12683,1.1268,1500000,1390000
2019-07-11 12:32:22.484000,1.12683,1.12681,1690000,1850000
2019-07-11 12:32:22.636000,1.12683,1.1268,1000000,2220000
2019-07-11 12:32:22.794000,1.12685,1.12682,2440000,1200000
2019-07-11 12:32:22.896000,1.12684,1.12682,1000000,1570000
2019-07-11 12:32:23.150000,1.12684,1.12683,1000000,1000000
2019-07-11 12:32:23.201000,1.12686,1.12685,1690000,1000000
2019-07-11 12:32:23.303000,1.12686,1.12684,1250000,7950000
2019-07-11 12:32:23.410000,1.12687,1.12685,1500000,3790000
2019-07-11 12:32:23.512000,1.12688,1.12685,1000000,4160000
2019-07-11 12:32:23.614000,1.12688,1.12685,1000000,5660000
2019-07-11 12:32:23.716000,1.12688,1.12685,1250000,5470000
2019-07-11 12:32:24.448000,1.12688,1.12685,1000000,2890000
2019-07-11 12:32:24.601000,1.12688,1.12686,1690000,1000000
2019-07-11 12:32:24.755000,1.12686,1.12684,1250000,3070000
2019-07-11 12:32:24.869000,1.12684,1.12682,3370000,1000000
2019-07-11 12:32:24.972000,1.12682,1.1268,6750000,1350000
2019-07-11 12:32:25.075000,1.12681,1.12677,3750000,1450000
2019-07-11 12:32:25.126000,1.12681,1.12676,3750000,3470000
2019-07-11 12:32:25.181000,1.12681,1.1268,1250000,1000000
2019-07-11 12:32:25.283000,1.12682,1.1268,1310000,1200000
2019-07-11 12:32:25.429000,1.12681,1.12679,1000000,1600000
2019-07-11 12:32:25.534000,1.12679,1.12678,2250000,1200000
2019-07-11 12:32:25.636000,1.12678,1.12677,1000000,1000000
2019-07-11 12:32:25.739000,1.12679,1.12677,1870000,1100000
2019-07-11 12:32:25.841000,1.12679,1.12676,1120000,4010000
2019-07-11 12:32:26.081000,1.1268,1.12678,6560000,1500000
2019-07-11 12:32:26.133000,1.12682,1.12679,2120000,4200000
2019-07-11 12:32:26.238000,1.12682,1.12678,2120000,6040000
2019-07-11 12:32:26.393000,1.1268,1.12677,2250000,5470000
2019-07-11 12:32:26.496000,1.12679,1.12677,1500000,1500000
2019-07-11 12:32:26.597000,1.12679,1.12676,2250000,2890000
2019-07-11 12:32:26.800000,1.12679,1.12676,2250000,3660000
2019-07-11 12:32:27.022000,1.12679,1.12678,1000000,3000000
2019-07-11 12:32:27.074000,1.12683,1.12679,5500000,1600000
2019-07-11 12:32:27.420000,1.12683,1.1268,1000000,1760000
2019-07-11 12:32:27.578000,1.12684,1.1268,5750000,2140000
2019-07-11 12:32:27.629000,1.12684,1.1268,2810000,2510000
2019-07-11 12:32:27.731000,1.12684,1.1268,2060000,3040000
2019-07-11 12:32:28.036000,1.12684,1.12681,1750000,1010000
2019-07-11 12:32:28.160000,1.12684,1.1268,3940000,4010000
2019-07-11 12:32:28.682000,1.12684,1.1268,3370000,2540000
2019-07-11 12:32:28.989000,1.12684,1.1268,4120000,1760000
2019-07-11 12:32:29.091000,1.12682,1.1268,1000000,1760000
2019-07-11 12:32:29.566000,1.12683,1.12679,2690000,6520000
2019-07-11 12:32:29.669000,1.12683,1.1268,2700000,1650000
2019-07-11 12:32:29.822000,1.12684,1.1268,1310000,4010000
2019-07-11 12:32:30.080000,1.12683,1.1268,1000000,5440000
2019-07-11 12:32:30.182000,1.12684,1.1268,2930000,4490000
2019-07-11 12:32:30.284000,1.12684,1.12682,1310000,1000000
2019-07-11 12:32:30.385000,1.12685,1.12681,3430000,3000000
2019-07-11 12:32:31.203000,1.12685,1.1268,4180000,1760000
2019-07-11 12:32:31.304000,1.12684,1.1268,1120000,1820000
2019-07-11 12:32:31.406000,1.12681,1.1268,1000000,1000000
2019-07-11 12:32:31.508000,1.12681,1.12678,3640000,1000000
2019-07-11 12:32:31.661000,1.12681,1.1268,2250000,3000000
2019-07-11 12:32:31.763000,1.12681,1.12678,1750000,1410000
2019-07-11 12:32:31.864000,1.12681,1.12678,1570000,1390000
2019-07-11 12:32:32.062000,1.12681,1.12677,1570000,5350000
2019-07-11 12:32:32.518000,1.12682,1.1268,1500000,1000000
2019-07-11 12:32:32.570000,1.12684,1.1268,5700000,2440000
2019-07-11 12:32:32.679000,1.12683,1.1268,1000000,3350000
2019-07-11 12:32:32.781000,1.12684,1.1268,4120000,2950000
2019-07-11 12:32:32.883000,1.12684,1.1268,4310000,4010000
2019-07-11 12:32:33.533000,1.12684,1.12681,3560000,1000000
2019-07-11 12:32:33.787000,1.12683,1.12681,1000000,2320000
2019-07-11 12:32:33.973000,1.12684,1.12681,2440000,1570000
2019-07-11 12:32:34.126000,1.12683,1.12681,1000000,1200000
2019-07-11 12:32:34.550000,1.12682,1.1268,1000000,1370000
2019-07-11 12:32:34.690000,1.12681,1.12679,1500000,1600000
2019-07-11 12:32:34.742000,1.12681,1.12678,1120000,1690000
2019-07-11 12:32:34.794000,1.12682,1.12681,1100000,1250000
2019-07-11 12:32:34.896000,1.12684,1.1268,3260000,6190000
2019-07-11 12:32:35.242000,1.12683,1.1268,1000000,2510000
2019-07-11 12:32:35.399000,1.12684,1.12679,4390000,2570000
2019-07-11 12:32:35.503000,1.12683,1.12679,1200000,4470000
2019-07-11 12:32:35.606000,1.12684,1.12681,3260000,1000000
2019-07-11 12:32:35.759000,1.12683,1.12681,1000000,1000000
2019-07-11 12:32:35.976000,1.12684,1.12681,2440000,1000000
2019-07-11 12:32:36.156000,1.12684,1.12681,1250000,2720000
2019-07-11 12:32:36.258000,1.12684,1.12681,1250000,1950000
2019-07-11 12:32:36.614000,1.12684,1.12681,1250000,2720000
