time,ask,bid,ask_volume,bid_volume
2019-12-12 12:40:03.213000,1.11333,1.11331,750000,1760000
2019-12-12 12:40:03.607000,1.11333,1.11332,750000,940000
2019-12-12 12:40:07.933000,1.11334,1.11333,2250000,370000
2019-12-12 12:40:08.034000,1.11334,1.11333,2250000,370000
2019-12-12 12:40:09.036000,1.11334,1.11332,1500000,1010000
2019-12-12 12:40:11.438000,1.11334,1.11333,1500000,370000
2019-12-12 12:40:11.751000,1.11334,1.11332,2250000,190000
2019-12-12 12:40:13.589000,1.11333,1.11332,750000,940000
2019-12-12 12:40:13.791000,1.11334,1.11332,2250000,940000
2019-12-12 12:40:23.441000,1.11334,1.11331,2250000,3820000
2019-12-12 12:40:23.817000,1.11334,1.11332,1500000,1500000
2019-12-12 12:40:24.101000,1.11331,1.1133,15370000,2060000
2019-12-12 12:40:24.152000,1.11328,1.11327,7200000,750000
2019-12-12 12:40:24.203000,1.11324,1.11323,1500000,820000
2019-12-12 12:40:24.305000,1.11325,1.11323,2440000,750000
2019-12-12 12:40:24.457000,1.11324,1.11322,1500000,2700000
2019-12-12 12:40:25.207000,1.11324,1.11323,1500000,1120000
2019-12-12 12:40:26.264000,1.11324,1.11322,1500000,2060000
2019-12-12 12:40:28.813000,1.11325,1.11321,2440000,3560000
2019-12-12 12:40:30.213000,1.11323,1.11321,100000,1760000
2019-12-12 12:40:32.888000,1.11324,1.11321,1500000,2510000
2019-12-12 12:40:34.219000,1.11325,1.11321,9260000,3640000
2019-12-12 12:40:34.371000,1.11324,1.11321,1500000,5140000
2019-12-12 12:40:34.853000,1.11325,1.11321,8510000,3640000
2019-12-12 12:40:35.112000,1.11325,1.11323,8510000,750000
2019-12-12 12:40:37.454000,1.11326,1.11323,8140000,750000
2019-12-12 12:40:40.046000,1.11325,1.11323,8140000,750000
2019-12-12 12:40:43.333000,1.11324,1.11322,1500000,2250000
2019-12-12 12:40:48.331000,1.11324,1.11321,2620000,4310000
2019-12-12 12:40:48.432000,1.11324,1.11322,1870000,750000
2019-12-12 12:40:48.685000,1.11324,1.11321,3750000,4310000
2019-12-12 12:40:48.787000,1.11324,1.11322,2250000,750000
2019-12-12 12:40:49.188000,1.11324,1.11321,2250000,5060000
2019-12-12 12:40:49.698000,1.11324,1.11322,3000000,1500000
2019-12-12 12:40:54.011000,1.11323,1.11322,750000,750000
2019-12-12 12:40:56.458000,1.11324,1.11322,3000000,750000
2019-12-12 12:40:56.841000,1.11323,1.11322,750000,750000
2019-12-12 12:40:57.679000,1.11324,1.11322,2320000,750000
2019-12-12 12:41:01.650000,1.11325,1.11322,4390000,820000
2019-12-12 12:41:02.653000,1.11324,1.11322,750000,820000
2019-12-12 12:41:07.400000,1.11325,1.11323,1870000,1500000
2019-12-12 12:41:07.455000,1.11326,1.11325,3750000,750000
2019-12-12 12:41:07.557000,1.1133,1.11327,2810000,940000
2019-12-12 12:41:12.521000,1.1133,1.11328,2440000,750000
2019-12-12 12:41:13.473000,1.1133,1.11327,3190000,3190000
2019-12-12 12:41:14.486000,1.1133,1.11328,2440000,750000
2019-12-12 12:41:15.463000,1.1133,1.11327,3940000,3940000
2019-12-12 12:41:17.770000,1.11329,1.11327,750000,940000
2019-12-12 12:41:17.871000,1.1133,1.11327,6190000,1690000
2019-12-12 12:41:18.771000,1.11329,1.11327,750000,940000
2019-12-12 12:41:19.733000,1.1133,1.11327,3560000,940000
2019-12-12 12:41:20.022000,1.11329,1.11327,370000,1690000
2019-12-12 12:41:29.805000,1.1133,1.11327,4390000,750000
2019-12-12 12:41:33.076000,1.11329,1.11327,370000,1870000
2019-12-12 12:41:34.835000,1.11329,1.11328,370000,750000
2019-12-12 12:41:38.386000,1.1133,1.11328,4200000,1500000
2019-12-12 12:41:47.910000,1.11329,1.11328,750000,750000
2019-12-12 12:41:48.062000,1.1133,1.11328,1570000,750000
2019-12-12 12:41:48.175000,1.11329,1.11328,370000,750000
2019-12-12 12:41:50.995000,1.11329,1.11327,1120000,2620000
2019-12-12 12:41:55.518000,1.11329,1.11328,2250000,750000
2019-12-12 12:41:59.787000,1.1133,1.11328,1870000,750000
2019-12-12 12:42:03.630000,1.11329,1.11328,750000,750000
2019-12-12 12:42:03.732000,1.11329,1.11327,1120000,750000
2019-12-12 12:42:04.035000,1.1133,1.11327,5060000,750000
2019-12-12 12:42:06.566000,1.11329,1.11327,1500000,750000
2019-12-12 12:42:10.605000,1.11328,1.11327,750000,750000
2019-12-12 12:42:11.221000,1.11329,1.11327,3940000,750000
2019-12-12 12:42:16.427000,1.11328,1.11326,750000,4010000
2019-12-12 12:42:20.393000,1.11328,1.11326,750000,5140000
2019-12-12 12:42:20.837000,1.11328,1.11327,750000,750000
2019-12-12 12:42:22.598000,1.11327,1.11326,750000,4390000
2019-12-12 12:42:27.189000,1.11328,1.11327,1870000,750000
2019-12-12 12:42:27.240000,1.11329,1.11328,750000,100000
2019-12-12 12:42:27.342000,1.11329,1.11326,1500000,5140000
2019-12-12 12:42:27.493000,1.11328,1.11326,750000,4570000
2019-12-12 12:42:28.184000,1.11328,1.11327,750000,750000
2019-12-12 12:42:30.590000,1.11328,1.11326,750000,4390000
2019-12-12 12:42:34.468000,1.11329,1.11327,4120000,750000
2019-12-12 12:42:34.519000,1.11328,1.11326,750000,5140000
2019-12-12 12:42:34.620000,1.11328,1.11327,750000,1500000
2019-12-12 12:42:38.787000,1.11329,1.11327,2250000,750000
2019-12-12 12:42:43.771000,1.11329,1.11326,1500000,4760000
2019-12-12 12:42:44.168000,1.11329,1.11327,1870000,370000
2019-12-12 12:42:48.749000,1.11328,1.11327,750000,1500000
2019-12-12 12:42:48.856000,1.11328,1.11326,750000,3450000
2019-12-12 12:42:53.470000,1.11328,1.11327,750000,1500000
2019-12-12 12:42:53.572000,1.11329,1.11327,2250000,1500000
2019-12-12 12:42:53.807000,1.11329,1.11326,1500000,4950000
2019-12-12 12:42:53.908000,1.11329,1.11327,2250000,750000
2019-12-12 12:42:55.202000,1.11329,1.11326,1500000,5700000
2019-12-12 12:42:56.273000,1.11329,1.11327,1500000,100000
2019-12-12 12:42:56.375000,1.1133,1.11327,5440000,1570000
2019-12-12 12:42:57.423000,1.1133,1.11326,3940000,7950000
2019-12-12 12:42:57.672000,1.11328,1.11327,750000,1500000
2019-12-12 12:43:00.199000,1.11329,1.11326,750000,7950000
2019-12-12 12:43:00.608000,1.1133,1.11326,3190000,7950000
2019-12-12 12:43:06.073000,1.1133,1.11327,4690000,750000
2019-12-12 12:43:06.840000,1.11329,1.11327,750000,750000
2019-12-12 12:43:07.601000,1.11327,1.11325,750000,1120000
2019-12-12 12:43:07.702000,1.11328,1.11325,1120000,1500000
2019-12-12 12:43:07.946000,1.11327,1.11325,750000,4500000
2019-12-12 12:43:08.461000,1.11327,1.11326,750000,750000
2019-12-12 12:43:08.563000,1.11327,1.11325,750000,2250000
2019-12-12 12:43:08.665000,1.11328,1.11325,750000,1500000
2019-12-12 12:43:08.925000,1.11328,1.11326,2250000,750000
2019-12-12 12:43:09.700000,1.11329,1.11325,6000000,4390000
2019-12-12 12:43:11.353000,1.11328,1.11327,750000,750000
2019-12-12 12:43:11.455000,1.11328,1.11326,750000,750000
2019-12-12 12:43:12.393000,1.11328,1.11325,1500000,1200000
2019-12-12 12:43:12.545000,1.11326,1.11324,6000000,750000
2019-12-12 12:43:12.646000,1.11326,1.11324,8060000,750000
2019-12-12 12:43:12.748000,1.11325,1.11324,750000,750000
2019-12-12 12:43:13.053000,1.11325,1.11323,750000,4010000
2019-12-12 12:43:13.659000,1.11324,1.11323,750000,750000
2019-12-12 12:43:15.229000,1.11324,1.11322,1690000,820000
2019-12-12 12:43:16.006000,1.11323,1.11322,750000,820000
2019-12-12 12:43:22.586000,1.11323,1.11321,1570000,1500000
2019-12-12 12:43:25.974000,1.11323,1.11321,2320000,750000
2019-12-12 12:43:29.752000,1.11323,1.1132,1760000,3940000
2019-12-12 12:43:29.992000,1.11323,1.11322,260000,750000
2019-12-12 12:43:30.457000,1.11323,1.11321,260000,750000
2019-12-12 12:43:31.438000,1.11324,1.11321,1570000,750000
2019-12-12 12:43:32.553000,1.11324,1.11322,1390000,3750000
2019-12-12 12:43:32.655000,1.11324,1.11323,1200000,750000
2019-12-12 12:43:32.768000,1.11323,1.11322,100000,750000
2019-12-12 12:43:33.002000,1.11323,1.1132,100000,4310000
2019-12-12 12:43:33.143000,1.11323,1.11321,100000,750000
2019-12-12 12:43:34.223000,1.11322,1.1132,100000,1500000
2019-12-12 12:43:34.325000,1.11322,1.11319,100000,2620000
2019-12-12 12:43:35.263000,1.11321,1.11319,100000,1500000
2019-12-12 12:43:37.493000,1.11323,1.11321,6450000,750000
2019-12-12 12:43:37.595000,1.11323,1.11321,2620000,750000
2019-12-12 12:43:37.697000,1.11323,1.11321,750000,750000
2019-12-12 12:43:40.368000,1.11323,1.11322,750000,750000
2019-12-12 12:43:40.603000,1.11323,1.11321,750000,1500000
2019-12-12 12:43:40.899000,1.11322,1.1132,850000,1870000
2019-12-12 12:43:41,1.11322,1.1132,100000,2620000
2019-12-12 12:43:44.139000,1.11321,1.11319,1200000,750000
2019-12-12 12:43:44.241000,1.11321,1.11318,1950000,2250000
2019-12-12 12:43:44.343000,1.11319,1.11317,1010000,1690000
2019-12-12 12:43:44.933000,1.11319,1.11318,750000,750000
2019-12-12 12:43:45.136000,1.1132,1.11317,750000,2810000
2019-12-12 12:43:47.113000,1.11319,1.11317,100000,1690000
2019-12-12 12:43:51.508000,1.1132,1.11317,820000,4500000
2019-12-12 12:43:54.480000,1.11321,1.11318,370000,3000000
2019-12-12 12:43:54.532000,1.11323,1.11321,3450000,3190000
2019-12-12 12:43:54.633000,1.11323,1.11321,3070000,5700000
2019-12-12 12:43:55.934000,1.11325,1.11321,1310000,7120000
2019-12-12 12:43:56.035000,1.11325,1.11322,750000,1500000
2019-12-12 12:43:56.566000,1.11326,1.11323,1950000,1500000
2019-12-12 12:43:56.667000,1.11326,1.11323,100000,2250000
2019-12-12 12:43:57.405000,1.11327,1.11323,5330000,2250000
2019-12-12 12:43:58.488000,1.11326,1.11323,830000,2320000
2019-12-12 12:44:00.091000,1.11327,1.11324,810000,190000
2019-12-12 12:44:00.193000,1.11326,1.11324,370000,2060000
2019-12-12 12:44:00.333000,1.11328,1.11326,1580000,940000
2019-12-12 12:44:00.485000,1.11328,1.11327,250000,750000
2019-12-12 12:44:00.738000,1.11328,1.11326,270000,1690000
2019-12-12 12:44:00.839000,1.11327,1.11325,750000,190000
2019-12-12 12:44:00.942000,1.11327,1.11323,750000,4010000
2019-12-12 12:44:01.043000,1.11327,1.11324,750000,750000
2019-12-12 12:44:01.145000,1.11326,1.11323,1000000,750000
2019-12-12 12:44:01.246000,1.11326,1.11322,1750000,2440000
2019-12-12 12:44:01.348000,1.11325,1.11322,1770000,750000
2019-12-12 12:44:01.450000,1.11323,1.11321,190000,3940000
2019-12-12 12:44:04.997000,1.11325,1.11322,2120000,750000
2019-12-12 12:44:05.363000,1.11325,1.11323,810000,750000
2019-12-12 12:44:05.659000,1.11325,1.11322,810000,370000
2019-12-12 12:44:08.169000,1.11325,1.11322,2140000,1120000
2019-12-12 12:44:08.312000,1.11324,1.11321,620000,3560000
2019-12-12 12:44:08.414000,1.11324,1.11322,190000,750000
2019-12-12 12:44:09.499000,1.11324,1.11321,190000,4870000
2019-12-12 12:44:10.069000,1.11325,1.11322,190000,2250000
2019-12-12 12:44:12.196000,1.11325,1.11321,190000,6820000
2019-12-12 12:44:13.440000,1.11325,1.11321,270000,4950000
2019-12-12 12:44:13.542000,1.11325,1.11322,2140000,750000
2019-12-12 12:44:14.788000,1.11325,1.11321,1200000,1950000
2019-12-12 12:44:17.096000,1.11324,1.1132,1750000,940000
2019-12-12 12:44:17.963000,1.11324,1.11321,250000,1500000
2019-12-12 12:44:18.260000,1.11324,1.1132,250000,190000
2019-12-12 12:44:18.371000,1.11324,1.11319,250000,4390000
2019-12-12 12:44:18.422000,1.11322,1.11319,190000,2620000
2019-12-12 12:44:18.524000,1.11322,1.1132,190000,750000
2019-12-12 12:44:18.575000,1.11321,1.11318,1560000,1930000
2019-12-12 12:44:18.627000,1.1132,1.11318,1770000,1500000
2019-12-12 12:44:19.210000,1.11321,1.11318,1000000,750000
2019-12-12 12:44:20.079000,1.11321,1.11317,250000,2250000
2019-12-12 12:44:20.946000,1.11321,1.11317,450000,3560000
2019-12-12 12:44:21.076000,1.11321,1.11317,430000,3560000
2019-12-12 12:44:21.178000,1.11319,1.11317,250000,760000
2019-12-12 12:44:21.280000,1.1132,1.11317,250000,1500000
2019-12-12 12:44:21.382000,1.1132,1.11318,250000,750000
2019-12-12 12:44:22.107000,1.11322,1.11319,250000,750000
2019-12-12 12:44:22.208000,1.11323,1.1132,250000,370000
2019-12-12 12:44:22.411000,1.11323,1.1132,640000,750000
2019-12-12 12:44:22.520000,1.11323,1.11319,640000,2250000
2019-12-12 12:44:22.767000,1.11324,1.11322,1690000,1500000
2019-12-12 12:44:22.869000,1.11325,1.11322,1310000,1500000
2019-12-12 12:44:23.454000,1.11325,1.11321,940000,1500000
2019-12-12 12:44:24.129000,1.11324,1.11321,940000,1500000
2019-12-12 12:44:24.230000,1.11323,1.1132,190000,750000
2019-12-12 12:44:24.382000,1.11323,1.11319,190000,1120000
2019-12-12 12:44:26.088000,1.11324,1.11322,190000,750000
2019-12-12 12:44:26.190000,1.11325,1.11322,1390000,750000
2019-12-12 12:44:26.315000,1.11324,1.11322,190000,750000
2019-12-12 12:44:26.531000,1.11325,1.11322,1950000,750000
2019-12-12 12:44:29.813000,1.11325,1.11321,1120000,4310000
2019-12-12 12:44:30.041000,1.11325,1.11322,260000,1500000
2019-12-12 12:44:30.092000,1.11323,1.11319,1200000,5140000
2019-12-12 12:44:30.193000,1.11322,1.11317,3750000,4690000
2019-12-12 12:44:31.109000,1.11322,1.11318,1570000,450000
2019-12-12 12:44:31.600000,1.11321,1.11318,100000,1200000
2019-12-12 12:44:33.482000,1.11322,1.11318,100000,2510000
2019-12-12 12:44:33.796000,1.11322,1.11319,100000,2510000
2019-12-12 12:44:35.218000,1.11322,1.11319,100000,1310000
2019-12-12 12:44:35.961000,1.11323,1.11319,100000,1310000
2019-12-12 12:44:37.194000,1.11323,1.1132,100000,560000
2019-12-12 12:44:37.295000,1.11323,1.11319,100000,2810000
2019-12-12 12:44:38.077000,1.11323,1.1132,100000,750000
2019-12-12 12:44:38.181000,1.11326,1.11322,100000,750000
2019-12-12 12:44:38.282000,1.11327,1.11321,100000,4500000
2019-12-12 12:44:38.383000,1.11326,1.11321,100000,2060000
2019-12-12 12:44:38.811000,1.11326,1.1132,100000,2810000
2019-12-12 12:44:38.942000,1.11327,1.1132,820000,1500000
2019-12-12 12:44:39.940000,1.11326,1.1132,100000,2250000
2019-12-12 12:44:40.220000,1.11326,1.11321,100000,750000
2019-12-12 12:44:42.763000,1.11326,1.11319,100000,6080000
2019-12-12 12:44:42.937000,1.11326,1.1132,100000,750000
2019-12-12 12:44:43.039000,1.11326,1.11319,100000,6830000
2019-12-12 12:44:43.741000,1.11326,1.11321,100000,750000
2019-12-12 12:44:43.842000,1.11326,1.11322,100000,750000
2019-12-12 12:44:45.149000,1.11326,1.11321,100000,750000
2019-12-12 12:44:46.893000,1.11323,1.11319,750000,2250000
2019-12-12 12:44:46.995000,1.11322,1.11319,750000,1500000
2019-12-12 12:44:47.096000,1.11318,1.11316,100000,760000
2019-12-12 12:44:47.198000,1.11318,1.11315,450000,750000
2019-12-12 12:44:47.300000,1.11319,1.11314,820000,1310000
2019-12-12 12:44:47.350000,1.1132,1.11318,2250000,750000
2019-12-12 12:44:47.452000,1.11322,1.11319,100000,750000
2019-12-12 12:44:48.520000,1.11322,1.11317,100000,750000
2019-12-12 12:44:48.742000,1.11322,1.11315,100000,2510000
2019-12-12 12:44:48.844000,1.11321,1.11314,100000,3750000
2019-12-12 12:44:48.946000,1.11321,1.11315,100000,750000
2019-12-12 12:44:49.240000,1.11321,1.11314,100000,4500000
2019-12-12 12:44:49.869000,1.11324,1.11315,100000,1500000
2019-12-12 12:44:50.074000,1.11325,1.11315,820000,1500000
2019-12-12 12:44:50.183000,1.11324,1.11315,100000,750000
2019-12-12 12:44:50.285000,1.11323,1.11315,1200000,750000
2019-12-12 12:44:50.387000,1.11323,1.11314,100000,2250000
2019-12-12 12:44:50.758000,1.11323,1.11315,100000,750000
2019-12-12 12:44:50.867000,1.11323,1.11314,100000,1500000
2019-12-12 12:44:51.569000,1.11324,1.11314,100000,2250000
2019-12-12 12:44:51.620000,1.11322,1.11314,100000,2250000
2019-12-12 12:44:51.807000,1.11322,1.11315,100000,750000
2019-12-12 12:44:51.908000,1.11322,1.11314,100000,2250000
2019-12-12 12:44:52.210000,1.11323,1.11314,100000,2250000
2019-12-12 12:44:52.312000,1.11322,1.11314,100000,2250000
2019-12-12 12:44:52.465000,1.11322,1.11315,100000,750000
2019-12-12 12:44:52.617000,1.11322,1.11316,100000,750000
2019-12-12 12:44:52.856000,1.11322,1.11314,100000,750000
2019-12-12 12:44:52.958000,1.11321,1.11313,100000,750000
2019-12-12 12:44:53.983000,1.1132,1.11313,100000,750000
2019-12-12 12:44:55.063000,1.11322,1.11313,100000,750000
2019-12-12 12:44:55.316000,1.1132,1.11313,100000,1500000
2019-12-12 12:44:55.468000,1.11318,1.11313,750000,1500000
2019-12-12 12:44:55.519000,1.11319,1.11311,820000,370000
2019-12-12 12:44:55.601000,1.11314,1.11309,100000,750000
2019-12-12 12:44:55.703000,1.11311,1.11308,190000,1500000
2019-12-12 12:44:55.854000,1.11311,1.11308,190000,750000
2019-12-12 12:44:56.130000,1.11317,1.11308,1500000,750000
2019-12-12 12:44:56.181000,1.11313,1.11308,1500000,750000
2019-12-12 12:44:56.302000,1.11314,1.11308,750000,750000
2019-12-12 12:44:56.405000,1.11315,1.11308,750000,750000
2019-12-12 12:44:56.557000,1.11315,1.11308,3710000,760000
2019-12-12 12:44:56.658000,1.11317,1.11308,1500000,750000
2019-12-12 12:44:56.822000,1.11321,1.11308,750000,1500000
2019-12-12 12:44:57.572000,1.11321,1.11312,750000,750000
2019-12-12 12:44:57.623000,1.11324,1.11311,1500000,1500000
2019-12-12 12:44:57.674000,1.11325,1.11313,750000,750000
2019-12-12 12:44:59.248000,1.11326,1.11313,900000,300000
2019-12-12 12:44:59.626000,1.11326,1.11311,900000,750000
2019-12-12 12:44:59.857000,1.11327,1.11311,750000,750000
2019-12-12 12:45:00.016000,1.11327,1.1131,750000,2250000
2019-12-12 12:45:00.388000,1.11323,1.1131,750000,750000
2019-12-12 12:45:00.489000,1.11324,1.11311,750000,750000
2019-12-12 12:45:00.591000,1.11325,1.11311,1500000,750000
2019-12-12 12:45:00.844000,1.11324,1.11313,300000,620000
2019-12-12 12:45:02.626000,1.11324,1.11315,300000,1500000
2019-12-12 12:45:02.676000,1.11329,1.11319,490000,750000
2019-12-12 12:45:02.736000,1.11327,1.1132,750000,750000
2019-12-12 12:45:03.071000,1.11328,1.11315,750000,170000
2019-12-12 12:45:03.397000,1.11328,1.11313,750000,620000
2019-12-12 12:45:03.559000,1.11328,1.11316,750000,750000
2019-12-12 12:45:03.661000,1.11327,1.11316,750000,3000000
2019-12-12 12:45:04.673000,1.11328,1.11316,2250000,750000
2019-12-12 12:45:05.273000,1.11326,1.11317,750000,1500000
2019-12-12 12:45:05.375000,1.11324,1.11319,750000,1120000
2019-12-12 12:45:05.425000,1.11324,1.11317,1050000,750000
2019-12-12 12:45:05.526000,1.11324,1.11315,1050000,750000
2019-12-12 12:45:07.134000,1.11318,1.11315,100000,750000
2019-12-12 12:45:07.896000,1.11319,1.11316,100000,750000
2019-12-12 12:45:08.509000,1.11319,1.11315,100000,1500000
2019-12-12 12:45:08.623000,1.1132,1.11314,75000,3000000
2019-12-12 12:45:10.362000,1.11317,1.11311,100000,3000000
2019-12-12 12:45:10.532000,1.11318,1.11311,100000,4570000
2019-12-12 12:45:12.657000,1.11318,1.11313,100000,100000
2019-12-12 12:45:13.124000,1.11318,1.11312,100000,1310000
2019-12-12 12:45:13.239000,1.11318,1.11313,100000,100000
2019-12-12 12:45:15.070000,1.1132,1.11318,820000,750000
2019-12-12 12:45:15.121000,1.11319,1.11316,1500000,820000
2019-12-12 12:45:15.224000,1.1132,1.11316,1570000,1120000
2019-12-12 12:45:15.326000,1.1132,1.11315,3820000,100000
2019-12-12 12:45:15.428000,1.1132,1.11314,3070000,1390000
2019-12-12 12:45:15.479000,1.11318,1.11314,100000,100000
2019-12-12 12:45:15.582000,1.11318,1.11313,100000,750000
2019-12-12 12:45:15.876000,1.11318,1.11314,100000,750000
2019-12-12 12:45:15.980000,1.11318,1.11315,100000,750000
2019-12-12 12:45:16.082000,1.11319,1.11315,1500000,750000
2019-12-12 12:45:18.524000,1.1132,1.11315,2320000,3750000
2019-12-12 12:45:18.966000,1.1132,1.11316,100000,1500000
2019-12-12 12:45:20.470000,1.1132,1.11317,100000,750000
2019-12-12 12:45:20.521000,1.11323,1.11322,3750000,1500000
2019-12-12 12:45:20.622000,1.11327,1.11326,750000,750000
2019-12-12 12:45:20.729000,1.11329,1.11326,750000,750000
2019-12-12 12:45:20.831000,1.1133,1.11326,100000,1500000
2019-12-12 12:45:20.934000,1.1133,1.11327,100000,1500000
2019-12-12 12:45:21.085000,1.11331,1.11327,260000,1500000
2019-12-12 12:45:21.237000,1.11333,1.1133,750000,1500000
2019-12-12 12:45:21.338000,1.11334,1.11331,100000,750000
2019-12-12 12:45:22.360000,1.11334,1.1133,100000,3000000
2019-12-12 12:45:22.614000,1.11332,1.11329,750000,2060000
2019-12-12 12:45:22.716000,1.11331,1.11329,2250000,1870000
2019-12-12 12:45:22.767000,1.1133,1.11327,750000,1950000
2019-12-12 12:45:22.818000,1.1133,1.11326,6190000,750000
2019-12-12 12:45:22.869000,1.11327,1.11324,6150000,750000
2019-12-12 12:45:22.959000,1.11326,1.11322,2250000,750000
2019-12-12 12:45:23.010000,1.11325,1.11321,5440000,750000
2019-12-12 12:45:23.212000,1.11324,1.11318,940000,2620000
2019-12-12 12:45:23.263000,1.11321,1.11318,2320000,750000
2019-12-12 12:45:23.365000,1.1132,1.11317,370000,750000
2019-12-12 12:45:23.415000,1.1132,1.11315,2540000,940000
2019-12-12 12:45:23.517000,1.11319,1.11314,820000,2140000
2019-12-12 12:45:23.644000,1.11319,1.11314,1200000,3260000
2019-12-12 12:45:23.795000,1.11319,1.11314,1760000,1500000
2019-12-12 12:45:23.998000,1.11318,1.11314,2320000,750000
2019-12-12 12:45:25.370000,1.11318,1.11313,4010000,1500000
2019-12-12 12:45:26.183000,1.11318,1.11314,1570000,2060000
2019-12-12 12:45:26.335000,1.11317,1.11315,750000,750000
2019-12-12 12:45:26.522000,1.11317,1.11314,750000,750000
2019-12-12 12:45:26.623000,1.11317,1.11315,750000,750000
2019-12-12 12:45:26.725000,1.11317,1.11314,750000,750000
2019-12-12 12:45:26.826000,1.11319,1.11316,750000,750000
2019-12-12 12:45:26.962000,1.11319,1.11318,190000,750000
2019-12-12 12:45:27.013000,1.11321,1.11318,260000,750000
2019-12-12 12:45:27.165000,1.1132,1.11316,100000,450000
2019-12-12 12:45:27.418000,1.1132,1.11317,260000,750000
2019-12-12 12:45:27.469000,1.11319,1.11315,100000,3260000
2019-12-12 12:45:27.621000,1.11318,1.11315,190000,2250000
2019-12-12 12:45:27.755000,1.11319,1.11315,190000,3000000
2019-12-12 12:45:27.857000,1.11318,1.11315,100000,1500000
2019-12-12 12:45:27.959000,1.11319,1.11315,260000,2250000
2019-12-12 12:45:28.111000,1.11319,1.11316,260000,1500000
2019-12-12 12:45:28.212000,1.11318,1.11315,940000,3940000
2019-12-12 12:45:29.047000,1.11317,1.11315,940000,3000000
2019-12-12 12:45:29.166000,1.11317,1.11316,940000,750000
2019-12-12 12:45:29.268000,1.11317,1.11315,100000,1500000
2019-12-12 12:45:29.821000,1.11317,1.11314,260000,2250000
2019-12-12 12:45:29.872000,1.11314,1.11313,100000,2250000
2019-12-12 12:45:29.973000,1.11313,1.1131,100000,1500000
2019-12-12 12:45:30.146000,1.11315,1.11313,940000,1500000
2019-12-12 12:45:30.197000,1.11316,1.11313,2620000,750000
2019-12-12 12:45:30.298000,1.11316,1.11314,260000,750000
2019-12-12 12:45:30.400000,1.11316,1.11312,260000,750000
2019-12-12 12:45:31.294000,1.11315,1.11312,100000,750000
2019-12-12 12:45:31.396000,1.11314,1.11311,190000,750000
2019-12-12 12:45:31.599000,1.11315,1.11311,190000,1500000
2019-12-12 12:45:32.011000,1.11315,1.11314,260000,750000
2019-12-12 12:45:32.062000,1.11316,1.11314,1010000,750000
2019-12-12 12:45:32.164000,1.11317,1.11315,100000,1500000
2019-12-12 12:45:32.265000,1.11319,1.11316,1010000,1120000
2019-12-12 12:45:32.367000,1.11318,1.11316,260000,750000
2019-12-12 12:45:32.475000,1.11318,1.11315,820000,2250000
2019-12-12 12:45:32.615000,1.11319,1.11315,940000,2250000
2019-12-12 12:45:32.987000,1.11318,1.11315,190000,750000
2019-12-12 12:45:33.138000,1.11318,1.11314,190000,4390000
2019-12-12 12:45:33.240000,1.11318,1.11315,190000,750000
2019-12-12 12:45:33.341000,1.11318,1.11316,190000,3750000
2019-12-12 12:45:33.392000,1.1132,1.11317,1690000,370000
2019-12-12 12:45:33.559000,1.1132,1.11316,2440000,3070000
2019-12-12 12:45:34.418000,1.1132,1.11318,1760000,750000
2019-12-12 12:45:34.771000,1.1132,1.11317,1760000,750000
2019-12-12 12:45:35.154000,1.1132,1.11316,260000,1500000
2019-12-12 12:45:35.431000,1.1132,1.11318,260000,750000
2019-12-12 12:45:35.532000,1.1132,1.11316,260000,1870000
2019-12-12 12:45:35.634000,1.1132,1.11317,260000,750000
2019-12-12 12:45:35.917000,1.1132,1.11316,260000,1500000
2019-12-12 12:45:38.734000,1.1132,1.11317,260000,370000
2019-12-12 12:45:39.527000,1.11321,1.11317,1760000,370000
2019-12-12 12:45:39.679000,1.11321,1.11318,2890000,370000
2019-12-12 12:45:40.176000,1.1132,1.11318,100000,370000
2019-12-12 12:45:40.227000,1.1132,1.11316,260000,2060000
2019-12-12 12:45:41.401000,1.1132,1.11317,260000,750000
2019-12-12 12:45:42.661000,1.11318,1.11317,100000,1500000
2019-12-12 12:45:42.813000,1.1132,1.11318,260000,750000
2019-12-12 12:45:42.917000,1.11319,1.11318,190000,750000
2019-12-12 12:45:42.968000,1.11319,1.11315,190000,2620000
2019-12-12 12:45:43.980000,1.11318,1.11315,750000,1870000
2019-12-12 12:45:45.377000,1.11318,1.11316,750000,750000
2019-12-12 12:45:45.479000,1.11318,1.11315,750000,4870000
2019-12-12 12:45:46.113000,1.11319,1.11316,820000,1690000
2019-12-12 12:45:46.250000,1.11317,1.11315,100000,190000
2019-12-12 12:45:46.406000,1.11318,1.11315,820000,1690000
2019-12-12 12:45:46.520000,1.11318,1.11317,100000,370000
2019-12-12 12:45:47.429000,1.1132,1.11317,3070000,370000
2019-12-12 12:45:51.400000,1.11321,1.11317,1200000,1870000
2019-12-12 12:45:53.186000,1.1132,1.11317,750000,1500000
2019-12-12 12:45:54.622000,1.11318,1.11316,3260000,750000
2019-12-12 12:45:54.723000,1.11316,1.11314,1570000,750000
2019-12-12 12:45:54.774000,1.11316,1.11312,1760000,1870000
2019-12-12 12:45:55.609000,1.11314,1.11312,100000,1870000
2019-12-12 12:45:55.711000,1.11319,1.11317,1310000,1500000
2019-12-12 12:45:55.762000,1.1132,1.11317,560000,2620000
2019-12-12 12:45:55.895000,1.11322,1.11318,260000,3190000
2019-12-12 12:45:56.047000,1.11321,1.11318,190000,3750000
2019-12-12 12:45:56.967000,1.11322,1.11318,100000,4120000
2019-12-12 12:46:02.343000,1.11322,1.11319,100000,750000
2019-12-12 12:46:02.909000,1.11322,1.11318,100000,5620000
2019-12-12 12:46:04.711000,1.11322,1.11319,100000,750000
2019-12-12 12:46:13.231000,1.11322,1.11318,820000,6370000
2019-12-12 12:46:13.332000,1.11322,1.11319,820000,750000
2019-12-12 12:46:14.348000,1.11321,1.11318,750000,4120000
2019-12-12 12:46:14.449000,1.11321,1.11319,750000,750000
2019-12-12 12:46:14.742000,1.11321,1.11318,750000,1870000
2019-12-12 12:46:14.967000,1.11322,1.11318,3640000,1870000
2019-12-12 12:46:15.089000,1.11321,1.11318,750000,1870000
2019-12-12 12:46:15.657000,1.1132,1.11318,100000,750000
2019-12-12 12:46:16.223000,1.1132,1.11319,100000,750000
2019-12-12 12:46:16.399000,1.11321,1.11319,2250000,750000
2019-12-12 12:46:17.126000,1.1132,1.11318,750000,1500000
2019-12-12 12:46:17.492000,1.11322,1.11318,4390000,1500000
2019-12-12 12:46:18.917000,1.11321,1.11318,190000,1500000
2019-12-12 12:46:20.287000,1.11321,1.11317,260000,750000
2019-12-12 12:46:22.030000,1.11321,1.11318,260000,750000
2019-12-12 12:46:38.418000,1.1132,1.11318,260000,1500000
2019-12-12 12:46:38.571000,1.11321,1.11318,1200000,1500000
2019-12-12 12:46:41.071000,1.11322,1.11318,7390000,750000
2019-12-12 12:46:42.259000,1.11321,1.11318,750000,750000
2019-12-12 12:46:43.445000,1.11322,1.11321,1570000,1500000
2019-12-12 12:46:43.546000,1.11324,1.11321,2250000,2250000
2019-12-12 12:46:47.214000,1.11324,1.11322,750000,1500000
2019-12-12 12:46:47.348000,1.11324,1.11321,750000,3750000
2019-12-12 12:46:47.874000,1.11324,1.11323,750000,370000
2019-12-12 12:46:48.157000,1.11325,1.11323,1690000,370000
2019-12-12 12:46:48.383000,1.11326,1.11323,3370000,1870000
2019-12-12 12:46:48.485000,1.11328,1.11327,2250000,750000
2019-12-12 12:46:48.586000,1.11329,1.11326,1120000,4120000
2019-12-12 12:46:48.792000,1.11329,1.11327,370000,750000
2019-12-12 12:46:48.946000,1.1133,1.11327,1760000,100000
2019-12-12 12:46:49.426000,1.1133,1.11328,1760000,370000
2019-12-12 12:46:49.709000,1.1133,1.11327,1760000,1570000
2019-12-12 12:46:50.079000,1.11329,1.11327,940000,750000
2019-12-12 12:46:50.994000,1.11329,1.11326,940000,5510000
2019-12-12 12:46:51.995000,1.11329,1.11327,940000,370000
2019-12-12 12:46:55.599000,1.11329,1.11326,940000,5440000
2019-12-12 12:46:55.700000,1.11329,1.11327,940000,750000
2019-12-12 12:46:58.183000,1.11329,1.11326,940000,5510000
2019-12-12 12:46:58.439000,1.11329,1.11327,940000,370000
2019-12-12 12:47:00.090000,1.11329,1.11326,940000,5440000
2019-12-12 12:47:00.292000,1.11329,1.11327,940000,750000
2019-12-12 12:47:01.917000,1.11329,1.11326,1690000,6190000
2019-12-12 12:47:02.022000,1.11329,1.11327,1690000,1500000
2019-12-12 12:47:03.788000,1.11329,1.11328,2020000,1120000
2019-12-12 12:47:03.940000,1.1133,1.11328,3070000,1120000
2019-12-12 12:47:04.091000,1.11329,1.11328,750000,1120000
2019-12-12 12:47:04.193000,1.1133,1.11328,3070000,1120000
2019-12-12 12:47:07.234000,1.1133,1.11327,3070000,3070000
2019-12-12 12:47:07.399000,1.11329,1.11327,1500000,2250000
2019-12-12 12:47:07.658000,1.11329,1.11328,3000000,750000
2019-12-12 12:47:07.840000,1.11329,1.11327,3000000,750000
2019-12-12 12:47:10.841000,1.11327,1.11326,750000,2980000
2019-12-12 12:47:10.958000,1.11326,1.11323,2250000,2620000
2019-12-12 12:47:13.671000,1.11325,1.11323,750000,750000
2019-12-12 12:47:13.952000,1.11324,1.11321,750000,7270000
2019-12-12 12:47:14.993000,1.11324,1.11322,750000,1120000
2019-12-12 12:47:15.095000,1.11324,1.11323,1500000,750000
2019-12-12 12:47:15.727000,1.11322,1.11321,2320000,750000
2019-12-12 12:47:15.779000,1.11321,1.11318,3000000,1690000
2019-12-12 12:47:16.054000,1.1132,1.11318,750000,1500000
2019-12-12 12:47:16.971000,1.11321,1.11318,2810000,1120000
2019-12-12 12:47:17.223000,1.1132,1.11318,750000,1120000
2019-12-12 12:47:18.751000,1.11319,1.11318,750000,750000
2019-12-12 12:47:20.240000,1.1132,1.11318,190000,1870000
2019-12-12 12:47:20.360000,1.11321,1.11318,2890000,1120000
2019-12-12 12:47:22.813000,1.1132,1.11318,750000,2620000
2019-12-12 12:47:22.917000,1.11321,1.11318,3450000,1870000
2019-12-12 12:47:23.157000,1.11322,1.1132,3000000,750000
2019-12-12 12:47:23.208000,1.11323,1.11322,1500000,1500000
2019-12-12 12:47:23.310000,1.11325,1.11322,940000,1870000
2019-12-12 12:47:23.411000,1.11325,1.11323,1690000,750000
2019-12-12 12:47:23.540000,1.11325,1.11322,1760000,1120000
2019-12-12 12:47:24.446000,1.11325,1.11321,1690000,5320000
2019-12-12 12:47:25.228000,1.11325,1.11322,1690000,370000
2019-12-12 12:47:26.217000,1.11325,1.11321,2440000,6070000
2019-12-12 12:47:26.788000,1.11325,1.11322,1690000,750000
2019-12-12 12:47:27.114000,1.11325,1.11321,1690000,6070000
2019-12-12 12:47:28.209000,1.11325,1.11322,940000,370000
2019-12-12 12:47:29.199000,1.11325,1.11321,1690000,6070000
2019-12-12 12:47:30.489000,1.11322,1.11321,3000000,370000
2019-12-12 12:47:30.541000,1.1132,1.11319,2440000,2250000
2019-12-12 12:47:30.592000,1.1132,1.11317,1870000,2250000
2019-12-12 12:47:30.693000,1.1132,1.11318,2250000,820000
2019-12-12 12:47:31.163000,1.11322,1.1132,3900000,1500000
2019-12-12 12:47:31.265000,1.11323,1.11321,2250000,3750000
2019-12-12 12:47:31.316000,1.11324,1.11322,750000,1500000
2019-12-12 12:47:31.417000,1.11325,1.11323,1690000,940000
2019-12-12 12:47:32.600000,1.11326,1.11323,1570000,190000
2019-12-12 12:47:32.899000,1.11326,1.11322,2510000,5250000
2019-12-12 12:47:34.248000,1.11325,1.11322,750000,4870000
2019-12-12 12:47:34.350000,1.11325,1.11323,750000,750000
2019-12-12 12:47:34.451000,1.11325,1.11322,750000,2700000
2019-12-12 12:47:36.048000,1.11325,1.11323,750000,750000
2019-12-12 12:47:36.739000,1.11325,1.11322,750000,2700000
2019-12-12 12:47:36.891000,1.11322,1.11321,750000,1870000
2019-12-12 12:47:36.992000,1.11322,1.11319,3000000,750000
2019-12-12 12:47:37.094000,1.11322,1.1132,6000000,370000
2019-12-12 12:47:37.647000,1.11322,1.11319,3750000,1500000
2019-12-12 12:47:38.716000,1.11322,1.11318,2320000,3070000
2019-12-12 12:47:38.818000,1.11321,1.11318,2960000,1120000
2019-12-12 12:47:38.919000,1.1132,1.11318,1570000,750000
2019-12-12 12:47:39.021000,1.1132,1.11317,820000,370000
2019-12-12 12:47:40.529000,1.1132,1.11316,940000,5320000
2019-12-12 12:47:40.933000,1.1132,1.11317,940000,750000
2019-12-12 12:47:41.128000,1.11321,1.11319,4690000,750000
2019-12-12 12:47:41.943000,1.1132,1.11319,750000,2250000
2019-12-12 12:47:43.500000,1.11321,1.11319,2250000,750000
2019-12-12 12:47:48.225000,1.11321,1.1132,750000,750000
2019-12-12 12:47:48.657000,1.11321,1.11319,750000,750000
2019-12-12 12:48:00.561000,1.11322,1.11321,750000,940000
2019-12-12 12:48:00.663000,1.11324,1.11322,750000,3710000
2019-12-12 12:48:00.714000,1.11325,1.11323,560000,1690000
2019-12-12 12:48:00.824000,1.11326,1.11324,1570000,750000
2019-12-12 12:48:00.925000,1.11326,1.11323,820000,5140000
2019-12-12 12:48:01.027000,1.11327,1.11325,2620000,750000
2019-12-12 12:48:01.128000,1.11327,1.11324,1500000,4500000
2019-12-12 12:48:01.427000,1.11326,1.11324,750000,3000000
2019-12-12 12:48:03.186000,1.11326,1.11323,2250000,3000000
2019-12-12 12:48:05.907000,1.11326,1.11324,4690000,100000
2019-12-12 12:48:06.709000,1.11325,1.11324,2250000,100000
2019-12-12 12:48:06.810000,1.11325,1.11323,2250000,2620000
2019-12-12 12:48:06.912000,1.11324,1.11323,6000000,1500000
2019-12-12 12:48:07.013000,1.11324,1.11322,6000000,750000
2019-12-12 12:48:07.467000,1.11323,1.11322,1500000,750000
2019-12-12 12:48:07.951000,1.11324,1.11322,860000,2620000
2019-12-12 12:48:14.554000,1.11323,1.11322,370000,750000
2019-12-12 12:48:14.604000,1.11322,1.1132,1500000,1870000
2019-12-12 12:48:14.655000,1.1132,1.11318,750000,2440000
2019-12-12 12:48:14.807000,1.1132,1.11316,3940000,9640000
2019-12-12 12:48:14.858000,1.1132,1.11318,2810000,750000
2019-12-12 12:48:14.960000,1.1132,1.11317,3560000,750000
2019-12-12 12:48:15.068000,1.11319,1.11317,2250000,750000
2019-12-12 12:48:16.171000,1.1132,1.11317,5440000,750000
2019-12-12 12:48:16.439000,1.1132,1.11316,3940000,7010000
2019-12-12 12:48:16.745000,1.1132,1.11317,750000,1950000
2019-12-12 12:48:16.846000,1.11321,1.11318,750000,4840000
2019-12-12 12:48:16.948000,1.11321,1.11319,750000,1500000
2019-12-12 12:48:17.112000,1.11322,1.11319,4760000,1570000
2019-12-12 12:48:22.929000,1.11322,1.1132,2250000,1690000
2019-12-12 12:48:23.048000,1.11322,1.11321,750000,100000
2019-12-12 12:48:23.150000,1.11324,1.11321,2510000,2320000
2019-12-12 12:48:23.252000,1.11324,1.11322,750000,750000
2019-12-12 12:48:23.353000,1.11325,1.11322,3940000,750000
2019-12-12 12:48:31.008000,1.11324,1.11321,100000,5320000
2019-12-12 12:48:31.111000,1.11322,1.1132,750000,1570000
2019-12-12 12:48:31.263000,1.11321,1.11319,370000,750000
2019-12-12 12:48:31.415000,1.11321,1.11318,4120000,4870000
2019-12-12 12:48:32.195000,1.1132,1.11318,190000,2250000
2019-12-12 12:48:32.347000,1.1132,1.11317,190000,3000000
2019-12-12 12:48:37.253000,1.1132,1.11318,1690000,750000
2019-12-12 12:48:37.656000,1.1132,1.11317,940000,2620000
2019-12-12 12:48:38.256000,1.1132,1.11318,190000,750000
2019-12-12 12:48:38.394000,1.1132,1.11317,260000,2810000
2019-12-12 12:48:49.247000,1.1132,1.11318,2890000,370000
2019-12-12 12:48:51.150000,1.1132,1.11317,5700000,940000
2019-12-12 12:48:51.303000,1.11319,1.11317,820000,1690000
2019-12-12 12:48:57.165000,1.11318,1.11316,1120000,1670000
2019-12-12 12:48:59.786000,1.11318,1.11315,1950000,2060000
2019-12-12 12:49:00.968000,1.11318,1.11316,1500000,750000
2019-12-12 12:49:01.363000,1.11318,1.11315,1500000,2510000
2019-12-12 12:49:07.231000,1.11316,1.11314,2250000,1870000
2019-12-12 12:49:07.333000,1.11314,1.11313,190000,170000
2019-12-12 12:49:07.384000,1.11313,1.11311,750000,2440000
2019-12-12 12:49:07.485000,1.11312,1.11311,750000,100000
2019-12-12 12:49:07.642000,1.11312,1.11309,750000,6340000
2019-12-12 12:49:07.925000,1.11312,1.11311,750000,750000
2019-12-12 12:49:11.684000,1.11312,1.1131,750000,5250000
2019-12-12 12:49:11.939000,1.11312,1.11309,750000,2700000
2019-12-12 12:49:12.040000,1.11309,1.11308,750000,1740000
2019-12-12 12:49:12.142000,1.11309,1.11307,750000,170000
2019-12-12 12:49:12.279000,1.11308,1.11305,750000,2620000
2019-12-12 12:49:12.382000,1.11308,1.11304,1690000,7820000
2019-12-12 12:49:12.698000,1.11308,1.11305,1690000,750000
2019-12-12 12:49:13.815000,1.11308,1.11304,1690000,7120000
2019-12-12 12:49:15.103000,1.11308,1.11305,7010000,750000
2019-12-12 12:49:15.898000,1.11308,1.11304,2140000,7370000
2019-12-12 12:49:16.267000,1.11308,1.11305,1690000,750000
2019-12-12 12:49:17.742000,1.11307,1.11305,750000,3170000
2019-12-12 12:49:17.946000,1.11308,1.11305,2810000,1500000
2019-12-12 12:49:18.148000,1.11307,1.11305,1500000,1500000
2019-12-12 12:49:18.855000,1.11308,1.11305,3620000,1500000
2019-12-12 12:49:19.580000,1.11309,1.11305,7690000,2250000
2019-12-12 12:49:20.080000,1.11308,1.11305,2440000,1500000
2019-12-12 12:49:20.182000,1.11307,1.11305,190000,2250000
2019-12-12 12:49:20.394000,1.11308,1.11305,2250000,750000
2019-12-12 12:49:21.178000,1.11307,1.11305,190000,750000
2019-12-12 12:49:21.881000,1.11308,1.11305,3560000,940000
2019-12-12 12:49:22.083000,1.11309,1.11305,7750000,940000
2019-12-12 12:49:22.389000,1.11308,1.11305,1500000,940000
2019-12-12 12:49:24.272000,1.11308,1.11305,3080000,750000
2019-12-12 12:49:24.373000,1.11306,1.11305,2440000,750000
2019-12-12 12:49:24.425000,1.11305,1.11303,940000,2700000
2019-12-12 12:49:24.526000,1.11305,1.11304,940000,750000
2019-12-12 12:49:24.749000,1.11304,1.11303,190000,1500000
2019-12-12 12:49:24.800000,1.11304,1.11302,190000,3190000
2019-12-12 12:49:25.085000,1.11304,1.11303,190000,750000
2019-12-12 12:49:25.186000,1.11304,1.11302,190000,940000
2019-12-12 12:49:30.559000,1.11303,1.11302,750000,750000
2019-12-12 12:49:30.661000,1.11304,1.11301,2500000,1870000
2019-12-12 12:49:30.763000,1.11303,1.11301,750000,750000
2019-12-12 12:49:31.998000,1.11304,1.11301,3560000,750000
2019-12-12 12:49:32.216000,1.11303,1.11301,2250000,750000
2019-12-12 12:49:32.724000,1.11302,1.11301,750000,750000
2019-12-12 12:49:32.825000,1.11303,1.11301,1870000,750000
2019-12-12 12:49:32.977000,1.11304,1.11302,3000000,750000
2019-12-12 12:49:34.778000,1.11304,1.11301,1500000,1870000
2019-12-12 12:49:34.954000,1.11302,1.11299,1500000,5490000
2019-12-12 12:49:35.056000,1.11301,1.11299,670000,1680000
2019-12-12 12:49:35.321000,1.11302,1.11299,5460000,1670000
2019-12-12 12:49:35.422000,1.113,1.11299,750000,1500000
2019-12-12 12:49:35.523000,1.113,1.11298,750000,1510000
2019-12-12 12:49:35.884000,1.113,1.11297,3210000,3000000
2019-12-12 12:49:36.853000,1.11298,1.11296,190000,940000
2019-12-12 12:49:37.470000,1.11298,1.11296,750000,3220000
2019-12-12 12:49:37.572000,1.11299,1.11296,3040000,1720000
2019-12-12 12:49:38.319000,1.11299,1.11296,1570000,1710000
2019-12-12 12:49:42.553000,1.11302,1.113,7200000,2250000
2019-12-12 12:49:42.654000,1.11303,1.11301,1570000,100000
2019-12-12 12:49:42.756000,1.11304,1.113,5020000,1010000
2019-12-12 12:49:42.857000,1.11303,1.113,750000,2510000
2019-12-12 12:49:42.958000,1.11304,1.113,4690000,2510000
2019-12-12 12:49:45.905000,1.11302,1.11299,370000,6560000
2019-12-12 12:49:46.006000,1.11301,1.11299,750000,2250000
2019-12-12 12:49:46.107000,1.11302,1.11299,2060000,2140000
2019-12-12 12:49:46.209000,1.11303,1.11299,5620000,4950000
2019-12-12 12:49:46.416000,1.11303,1.113,8400000,750000
2019-12-12 12:49:46.558000,1.11301,1.11299,1690000,1500000
2019-12-12 12:49:46.659000,1.11301,1.11298,2440000,3000000
2019-12-12 12:49:47.015000,1.11301,1.11299,1500000,750000
2019-12-12 12:49:47.168000,1.11302,1.11299,3640000,1500000
2019-12-12 12:49:47.270000,1.11302,1.11301,750000,1500000
2019-12-12 12:49:47.398000,1.11303,1.113,1500000,5250000
2019-12-12 12:49:48.616000,1.11302,1.113,750000,750000
2019-12-12 12:49:48.793000,1.11301,1.11299,1690000,1500000
2019-12-12 12:49:53.672000,1.113,1.11299,190000,750000
2019-12-12 12:49:53.773000,1.113,1.11298,190000,4500000
2019-12-12 12:49:54.218000,1.11301,1.11298,1760000,1500000
2019-12-12 12:49:55.976000,1.11299,1.11298,190000,750000
2019-12-12 12:49:56.027000,1.11301,1.11297,3000000,3070000
2019-12-12 12:49:56.292000,1.11301,1.11298,3750000,750000
2019-12-12 12:49:56.511000,1.113,1.11298,370000,750000
2019-12-12 12:49:57.001000,1.11301,1.11298,3750000,750000
2019-12-12 12:49:58.278000,1.11301,1.11299,750000,750000
2019-12-12 12:49:59.716000,1.113,1.11298,100000,1500000
2019-12-12 12:49:59.817000,1.113,1.11297,820000,3000000
2019-12-12 12:50:00.247000,1.113,1.11298,3070000,750000
2019-12-12 12:50:01.001000,1.113,1.11297,1500000,2250000
2019-12-12 12:50:01.167000,1.113,1.11298,1500000,750000
2019-12-12 12:50:01.284000,1.113,1.11297,1500000,3000000
2019-12-12 12:50:01.385000,1.113,1.11297,1500000,3040000
2019-12-12 12:50:01.436000,1.113,1.11297,1440000,3030000
2019-12-12 12:50:01.995000,1.11301,1.113,1950000,2320000
2019-12-12 12:50:02.097000,1.11304,1.11302,2320000,750000
2019-12-12 12:50:02.199000,1.11305,1.11301,2210000,5250000
2019-12-12 12:50:02.351000,1.11305,1.11302,2400000,750000
2019-12-12 12:50:02.576000,1.11306,1.11305,2250000,750000
2019-12-12 12:50:02.678000,1.11307,1.11305,1500000,750000
2019-12-12 12:50:02.932000,1.11307,1.11304,2810000,940000
2019-12-12 12:50:04.158000,1.11306,1.11304,750000,2250000
2019-12-12 12:50:05.312000,1.11307,1.11304,4650000,1500000
2019-12-12 12:50:05.589000,1.11306,1.11304,750000,1500000
2019-12-12 12:50:06.731000,1.11307,1.11304,5700000,750000
2019-12-12 12:50:06.985000,1.11307,1.11305,750000,1500000
2019-12-12 12:50:09.865000,1.11307,1.11304,1500000,5810000
2019-12-12 12:50:12.133000,1.11307,1.11305,1500000,190000
2019-12-12 12:50:12.235000,1.11307,1.11304,1870000,1690000
2019-12-12 12:50:15.369000,1.11306,1.11304,750000,750000
2019-12-12 12:50:15.623000,1.11305,1.11303,100000,2250000
2019-12-12 12:50:15.730000,1.11304,1.11302,750000,1570000
2019-12-12 12:50:16.084000,1.11305,1.11302,2250000,1500000
2019-12-12 12:50:16.796000,1.11304,1.11302,750000,2250000
2019-12-12 12:50:17.414000,1.11305,1.11302,1500000,1500000
2019-12-12 12:50:17.699000,1.11304,1.11302,750000,3000000
2019-12-12 12:50:17.801000,1.11305,1.11302,1500000,2250000
2019-12-12 12:50:18.131000,1.11304,1.11302,750000,2250000
2019-12-12 12:50:18.611000,1.11304,1.11301,750000,2510000
2019-12-12 12:50:19.242000,1.11304,1.11302,1120000,370000
2019-12-12 12:50:20.120000,1.11304,1.11301,1120000,2060000
2019-12-12 12:50:21.116000,1.11304,1.11302,1120000,750000
2019-12-12 12:50:21.218000,1.11305,1.11302,3000000,4010000
2019-12-12 12:50:21.320000,1.11306,1.11303,4310000,450000
2019-12-12 12:50:21.507000,1.11305,1.11303,1310000,100000
2019-12-12 12:50:21.608000,1.11305,1.11302,1310000,3450000
2019-12-12 12:50:22.264000,1.11306,1.11302,4500000,2510000
2019-12-12 12:50:24.902000,1.11306,1.11303,3560000,100000
2019-12-12 12:50:27.441000,1.11305,1.11303,750000,1200000
2019-12-12 12:50:27.543000,1.11306,1.11303,3000000,450000
2019-12-12 12:50:33.053000,1.11306,1.11302,750000,3710000
2019-12-12 12:50:36.751000,1.11307,1.11306,4200000,1950000
2019-12-12 12:50:36.805000,1.11309,1.11308,1310000,2510000
2019-12-12 12:50:36.917000,1.11312,1.1131,1200000,940000
2019-12-12 12:50:37.018000,1.11313,1.1131,3000000,940000
2019-12-12 12:50:37.120000,1.11313,1.11311,2250000,750000
2019-12-12 12:50:37.222000,1.11314,1.11312,6750000,750000
2019-12-12 12:50:37.324000,1.11314,1.11311,5250000,750000
2019-12-12 12:50:37.476000,1.11313,1.11311,750000,2250000
2019-12-12 12:50:37.578000,1.11314,1.11311,2320000,2250000
2019-12-12 12:50:37.944000,1.11313,1.11311,750000,750000
2019-12-12 12:50:37.995000,1.11311,1.1131,820000,750000
2019-12-12 12:50:38.324000,1.1131,1.11309,750000,370000
2019-12-12 12:50:40.114000,1.11312,1.11309,5250000,370000
2019-12-12 12:50:40.367000,1.11311,1.11309,100000,1120000
2019-12-12 12:50:41.505000,1.11312,1.11309,6190000,750000
2019-12-12 12:50:44.132000,1.11311,1.11309,100000,370000
2019-12-12 12:50:44.961000,1.11311,1.11307,1570000,4120000
2019-12-12 12:50:45.420000,1.11311,1.11308,750000,370000
2019-12-12 12:50:45.521000,1.11312,1.11309,10200000,750000
2019-12-12 12:50:45.673000,1.11311,1.11309,750000,370000
2019-12-12 12:50:45.848000,1.11312,1.11309,7950000,1120000
2019-12-12 12:50:47.474000,1.11311,1.11309,2060000,1120000
2019-12-12 12:50:47.576000,1.11312,1.11309,7200000,370000
2019-12-12 12:50:47.780000,1.11311,1.11309,750000,1120000
2019-12-12 12:50:50.060000,1.11311,1.11308,1310000,2250000
2019-12-12 12:50:50.790000,1.1131,1.11308,190000,750000
2019-12-12 12:50:50.892000,1.1131,1.11309,940000,750000
2019-12-12 12:50:50.998000,1.1131,1.11308,940000,750000
2019-12-12 12:50:51.100000,1.11311,1.11309,1500000,750000
2019-12-12 12:50:51.252000,1.1131,1.11309,750000,750000
2019-12-12 12:50:51.759000,1.11311,1.11309,750000,750000
2019-12-12 12:50:51.860000,1.1131,1.11309,750000,750000
2019-12-12 12:50:51.961000,1.11311,1.11308,2250000,3920000
2019-12-12 12:50:52.164000,1.11311,1.11309,4500000,750000
2019-12-12 12:50:52.265000,1.11311,1.11308,2250000,1120000
2019-12-12 12:50:52.491000,1.11311,1.11309,3750000,750000
2019-12-12 12:50:52.659000,1.11311,1.11308,2250000,1120000
2019-12-12 12:50:54.849000,1.1131,1.11308,750000,750000
2019-12-12 12:50:54.950000,1.11311,1.11309,3150000,750000
2019-12-12 12:50:55.051000,1.11311,1.11308,2320000,750000
2019-12-12 12:50:55.515000,1.11311,1.11309,3820000,750000
2019-12-12 12:50:55.624000,1.11311,1.11308,2320000,750000
2019-12-12 12:50:55.826000,1.11309,1.11308,750000,750000
2019-12-12 12:50:55.927000,1.11309,1.11307,750000,3450000
2019-12-12 12:50:58.823000,1.11309,1.11308,750000,370000
2019-12-12 12:50:59.215000,1.11311,1.11308,5060000,940000
2019-12-12 12:51:00.202000,1.1131,1.11308,750000,370000
2019-12-12 12:51:00.303000,1.11311,1.11307,4200000,3540000
2019-12-12 12:51:00.557000,1.11311,1.11308,5700000,370000
2019-12-12 12:51:01.751000,1.11311,1.11309,1870000,100000
2019-12-12 12:51:02.186000,1.11312,1.11309,5060000,100000
2019-12-12 12:51:02.840000,1.11312,1.11308,5060000,3370000
2019-12-12 12:51:02.955000,1.11311,1.11308,1570000,4370000
2019-12-12 12:51:03.519000,1.11311,1.11309,1570000,750000
2019-12-12 12:51:03.620000,1.11311,1.11308,1570000,4370000
2019-12-12 12:51:03.996000,1.11311,1.11309,2320000,750000
2019-12-12 12:51:06.219000,1.11312,1.11308,8890000,3760000
2019-12-12 12:51:06.320000,1.11311,1.11308,2250000,4480000
2019-12-12 12:51:07.148000,1.11311,1.11309,2250000,750000
2019-12-12 12:51:07.406000,1.11311,1.1131,1500000,1010000
2019-12-12 12:51:07.457000,1.11313,1.11311,1010000,750000
2019-12-12 12:51:07.678000,1.11313,1.1131,1500000,1690000
2019-12-12 12:51:07.779000,1.11312,1.1131,1500000,3360000
2019-12-12 12:51:11.724000,1.11312,1.11309,2810000,1010000
2019-12-12 12:51:12.353000,1.11312,1.1131,2810000,100000
2019-12-12 12:51:12.493000,1.11312,1.11309,2810000,1010000
2019-12-12 12:51:12.679000,1.11311,1.11309,2250000,1120000
2019-12-12 12:51:13.085000,1.11312,1.11309,1500000,4570000
2019-12-12 12:51:13.186000,1.11313,1.1131,5320000,1390000
2019-12-12 12:51:13.288000,1.11313,1.11311,3260000,100000
2019-12-12 12:51:13.389000,1.11312,1.11309,370000,3820000
2019-12-12 12:51:13.490000,1.11312,1.1131,1120000,100000
2019-12-12 12:51:13.591000,1.11312,1.11309,1120000,2120000
2019-12-12 12:51:13.743000,1.11311,1.11309,750000,1290000
2019-12-12 12:51:13.868000,1.1131,1.11309,750000,540000
2019-12-12 12:51:13.999000,1.11312,1.11311,3370000,1500000
2019-12-12 12:51:14.100000,1.11313,1.11312,2440000,750000
2019-12-12 12:51:14.201000,1.11312,1.1131,750000,3820000
2019-12-12 12:51:14.303000,1.11312,1.11311,1500000,1390000
2019-12-12 12:51:14.404000,1.11313,1.11312,1690000,750000
2019-12-12 12:51:15.029000,1.11312,1.11311,750000,900000
2019-12-12 12:51:16.975000,1.11313,1.11312,750000,1570000
2019-12-12 12:51:17.026000,1.11314,1.11312,750000,4270000
2019-12-12 12:51:17.127000,1.11314,1.11313,750000,750000
2019-12-12 12:51:17.229000,1.11315,1.11314,750000,100000
2019-12-12 12:51:17.334000,1.11316,1.11315,750000,1200000
2019-12-12 12:51:17.605000,1.11317,1.11315,1500000,750000
2019-12-12 12:51:18.099000,1.11315,1.11313,190000,4200000
2019-12-12 12:51:19.351000,1.11316,1.11313,2440000,2440000
2019-12-12 12:51:19.503000,1.11316,1.11314,1690000,100000
2019-12-12 12:51:19.989000,1.11316,1.11313,1690000,2890000
2019-12-12 12:51:20.193000,1.11316,1.11313,3820000,1570000
2019-12-12 12:51:20.295000,1.11316,1.11312,10200000,5700000
2019-12-12 12:51:20.397000,1.11316,1.11313,10200000,100000
2019-12-12 12:51:22.875000,1.11315,1.11312,2140000,3070000
2019-12-12 12:51:23.227000,1.11315,1.11313,370000,2250000
2019-12-12 12:51:23.480000,1.11314,1.11313,750000,750000
2019-12-12 12:51:23.615000,1.11315,1.11313,2440000,750000
2019-12-12 12:51:23.754000,1.11314,1.11313,750000,3000000
2019-12-12 12:51:23.855000,1.11315,1.11313,1950000,3070000
2019-12-12 12:51:24.058000,1.11315,1.11314,2510000,750000
2019-12-12 12:51:24.204000,1.11314,1.11313,750000,750000
2019-12-12 12:51:25.277000,1.11314,1.11312,750000,3820000
2019-12-12 12:51:25.379000,1.11315,1.11312,4120000,6260000
2019-12-12 12:51:26.334000,1.11314,1.11312,750000,7390000
2019-12-12 12:51:26.435000,1.11315,1.11312,3190000,5140000
2019-12-12 12:51:29.963000,1.11315,1.11313,2440000,750000
2019-12-12 12:51:30.070000,1.11315,1.11314,940000,750000
2019-12-12 12:51:30.181000,1.11315,1.11313,940000,1500000
2019-12-12 12:51:31.821000,1.11315,1.11312,1690000,2140000
2019-12-12 12:51:32.357000,1.11315,1.11313,940000,750000
2019-12-12 12:51:32.459000,1.11316,1.11313,3750000,5320000
2019-12-12 12:51:32.561000,1.11316,1.11314,750000,5890000
2019-12-12 12:51:32.662000,1.11317,1.11314,560000,6640000
2019-12-12 12:51:33.350000,1.11317,1.11315,1120000,750000
2019-12-12 12:51:33.451000,1.11317,1.11314,1120000,3450000
2019-12-12 12:51:33.709000,1.11317,1.11315,1120000,750000
2019-12-12 12:51:33.810000,1.11317,1.11314,1120000,4570000
2019-12-12 12:51:34.499000,1.11317,1.11315,3370000,750000
2019-12-12 12:51:34.817000,1.11317,1.11314,3370000,5890000
2019-12-12 12:51:34.969000,1.11316,1.11314,2320000,2810000
2019-12-12 12:51:35.070000,1.11315,1.11314,2250000,750000
2019-12-12 12:51:35.172000,1.11316,1.11314,6260000,750000
2019-12-12 12:51:35.378000,1.11316,1.11315,750000,1690000
2019-12-12 12:51:35.480000,1.11317,1.11316,1500000,560000
2019-12-12 12:51:35.581000,1.11319,1.11316,5510000,560000
2019-12-12 12:51:35.682000,1.11319,1.11315,5510000,2890000
2019-12-12 12:51:36.620000,1.11319,1.11316,6450000,370000
2019-12-12 12:51:37.189000,1.11318,1.11316,1500000,2060000
2019-12-12 12:51:38.710000,1.11318,1.11317,1500000,750000
2019-12-12 12:51:39.337000,1.11318,1.11316,1500000,4200000
2019-12-12 12:51:41.228000,1.11318,1.11315,1870000,4390000
2019-12-12 12:51:41.330000,1.11317,1.11314,1500000,3640000
2019-12-12 12:51:41.960000,1.11318,1.11314,7310000,2510000
2019-12-12 12:51:43.672000,1.11318,1.11315,9750000,100000
2019-12-12 12:51:43.774000,1.11318,1.11314,9000000,1200000
2019-12-12 12:51:43.875000,1.11318,1.11315,6000000,100000
2019-12-12 12:51:44.026000,1.11318,1.11314,6000000,1950000
2019-12-12 12:51:45.132000,1.11317,1.11314,750000,2250000
2019-12-12 12:51:45.709000,1.11318,1.11314,4310000,750000
2019-12-12 12:51:47.820000,1.11317,1.11314,750000,1500000
2019-12-12 12:51:50.294000,1.11317,1.11315,750000,100000
2019-12-12 12:51:51.070000,1.11315,1.11314,1500000,3000000
2019-12-12 12:51:51.172000,1.11315,1.11312,4010000,2510000
2019-12-12 12:51:51.331000,1.11314,1.11313,940000,560000
2019-12-12 12:51:51.433000,1.11314,1.11312,190000,1760000
2019-12-12 12:51:55.177000,1.11314,1.11313,940000,100000
2019-12-12 12:51:55.381000,1.11314,1.11312,190000,1950000
2019-12-12 12:51:55.661000,1.11315,1.11312,1500000,1200000
2019-12-12 12:51:55.989000,1.11315,1.11314,1500000,100000
2019-12-12 12:51:56.861000,1.11315,1.11312,1500000,2700000
2019-12-12 12:51:56.963000,1.11317,1.11315,7870000,1870000
2019-12-12 12:51:57.115000,1.11317,1.11316,750000,1390000
2019-12-12 12:51:57.216000,1.11318,1.11317,3000000,750000
2019-12-12 12:51:58.767000,1.11318,1.11316,3750000,2440000
2019-12-12 12:51:59.179000,1.11319,1.11318,3750000,820000
2019-12-12 12:51:59.230000,1.11321,1.1132,5250000,8890000
2019-12-12 12:51:59.281000,1.11324,1.11323,370000,1500000
2019-12-12 12:51:59.383000,1.11325,1.11323,100000,1690000
2019-12-12 12:51:59.638000,1.11327,1.11326,820000,820000
2019-12-12 12:52:00.196000,1.11328,1.11326,750000,2320000
2019-12-12 12:52:00.299000,1.11331,1.11328,1310000,4760000
2019-12-12 12:52:00.401000,1.11331,1.11329,190000,750000
2019-12-12 12:52:00.503000,1.11332,1.11329,4200000,820000
2019-12-12 12:52:00.863000,1.11332,1.11331,2250000,940000
2019-12-12 12:52:00.965000,1.11334,1.11333,820000,450000
2019-12-12 12:52:01.067000,1.11332,1.11331,3260000,5810000
2019-12-12 12:52:01.196000,1.11331,1.11329,2250000,1500000
2019-12-12 12:52:01.247000,1.11331,1.11328,3750000,4570000
2019-12-12 12:52:01.348000,1.11331,1.1133,2250000,1010000
2019-12-12 12:52:01.450000,1.11333,1.11332,750000,750000
2019-12-12 12:52:01.602000,1.11334,1.11332,4500000,1310000
2019-12-12 12:52:02.230000,1.11333,1.11332,750000,750000
2019-12-12 12:52:02.331000,1.11334,1.11332,5700000,750000
2019-12-12 12:52:02.833000,1.11333,1.11332,1500000,750000
2019-12-12 12:52:02.935000,1.11333,1.11331,1500000,450000
2019-12-12 12:52:03.037000,1.11333,1.11332,750000,100000
2019-12-12 12:52:03.139000,1.11333,1.11331,750000,450000
2019-12-12 12:52:03.291000,1.11333,1.1133,750000,1390000
2019-12-12 12:52:03.394000,1.11333,1.11331,3070000,100000
2019-12-12 12:52:03.496000,1.11332,1.1133,750000,750000
2019-12-12 12:52:03.750000,1.11331,1.1133,1500000,100000
2019-12-12 12:52:03.852000,1.11332,1.11329,4570000,750000
2019-12-12 12:52:03.954000,1.11331,1.11329,750000,750000
2019-12-12 12:52:04.114000,1.11331,1.11328,750000,4950000
2019-12-12 12:52:04.371000,1.11332,1.11328,7570000,3640000
2019-12-12 12:52:04.723000,1.11332,1.11329,6820000,750000
2019-12-12 12:52:04.825000,1.11332,1.11328,4570000,5320000
2019-12-12 12:52:04.927000,1.11332,1.11329,3820000,100000
2019-12-12 12:52:05.262000,1.11331,1.11329,750000,100000
2019-12-12 12:52:06.575000,1.11332,1.11328,3820000,4950000
2019-12-12 12:52:06.727000,1.11332,1.11329,6070000,1200000
2019-12-12 12:52:07.207000,1.11332,1.11328,4570000,2510000
2019-12-12 12:52:07.884000,1.11331,1.11328,710000,3070000
2019-12-12 12:52:10.164000,1.11331,1.11329,2250000,750000
2019-12-12 12:52:10.561000,1.11331,1.11328,3000000,4200000
2019-12-12 12:52:10.900000,1.11331,1.11329,2250000,100000
2019-12-12 12:52:14.481000,1.11331,1.11328,750000,3260000
2019-12-12 12:52:14.582000,1.11331,1.11329,750000,450000
2019-12-12 12:52:14.683000,1.11331,1.11328,750000,3640000
2019-12-12 12:52:15.233000,1.11331,1.11329,750000,750000
2019-12-12 12:52:15.796000,1.11331,1.11328,750000,3190000
2019-12-12 12:52:16.449000,1.11331,1.11329,820000,750000
2019-12-12 12:52:16.610000,1.11331,1.11328,750000,3560000
2019-12-12 12:52:19.098000,1.1133,1.11328,750000,2250000
2019-12-12 12:52:19.251000,1.1133,1.11329,750000,450000
2019-12-12 12:52:19.681000,1.1133,1.11328,1500000,5810000
2019-12-12 12:52:19.794000,1.1133,1.11329,1500000,1500000
2019-12-12 12:52:21.296000,1.11332,1.11331,3750000,750000
2019-12-12 12:52:21.408000,1.11333,1.11332,1500000,7540000
2019-12-12 12:52:21.460000,1.11335,1.11333,2620000,750000
2019-12-12 12:52:23.278000,1.11334,1.11333,1310000,750000
2019-12-12 12:52:23.689000,1.11335,1.11333,4650000,750000
2019-12-12 12:52:27.317000,1.11337,1.11336,3260000,750000
2019-12-12 12:52:27.470000,1.11337,1.11336,750000,750000
2019-12-12 12:52:27.571000,1.11338,1.11336,1500000,750000
2019-12-12 12:52:27.899000,1.11338,1.11337,1500000,1500000
2019-12-12 12:52:28,1.11338,1.11336,750000,3070000
2019-12-12 12:52:32.662000,1.11339,1.11337,1650000,750000
2019-12-12 12:52:32.764000,1.11338,1.11337,190000,750000
2019-12-12 12:52:32.865000,1.11337,1.11336,100000,1500000
2019-12-12 12:52:33.353000,1.11338,1.11337,190000,750000
2019-12-12 12:52:33.952000,1.11339,1.11336,3820000,3370000
2019-12-12 12:52:34.156000,1.1134,1.11339,4570000,1500000
2019-12-12 12:52:34.208000,1.11342,1.11341,1760000,1500000
2019-12-12 12:52:34.259000,1.11343,1.11342,750000,750000
2019-12-12 12:52:34.367000,1.11345,1.11342,2890000,1870000
2019-12-12 12:52:34.420000,1.11346,1.11344,2510000,2250000
2019-12-12 12:52:36.708000,1.11347,1.11345,1950000,260000
2019-12-12 12:52:36.911000,1.11347,1.11344,940000,750000
2019-12-12 12:52:37.012000,1.11346,1.11343,750000,7480000
2019-12-12 12:52:37.421000,1.11347,1.11344,5250000,2250000
2019-12-12 12:52:37.522000,1.11346,1.11344,750000,1500000
2019-12-12 12:52:37.725000,1.11345,1.11344,820000,750000
2019-12-12 12:52:37.826000,1.11345,1.11342,3520000,2420000
2019-12-12 12:52:37.927000,1.11344,1.11342,100000,3920000
2019-12-12 12:52:38.031000,1.11345,1.11342,6820000,3920000
2019-12-12 12:52:44.825000,1.11343,1.11342,820000,1120000
2019-12-12 12:52:44.876000,1.11343,1.1134,1570000,450000
2019-12-12 12:52:45.068000,1.11343,1.11341,820000,100000
2019-12-12 12:52:47.330000,1.11343,1.1134,1570000,1870000
2019-12-12 12:52:48.224000,1.11343,1.11341,820000,100000
2019-12-12 12:52:48.326000,1.11342,1.1134,100000,6260000
2019-12-12 12:52:50.730000,1.11343,1.1134,2250000,7950000
2019-12-12 12:52:50.831000,1.11344,1.1134,4950000,9450000
2019-12-12 12:52:51.070000,1.11343,1.11341,750000,750000
2019-12-12 12:52:51.460000,1.11342,1.1134,100000,5810000
2019-12-12 12:52:51.601000,1.11339,1.11338,370000,1760000
2019-12-12 12:52:51.652000,1.11339,1.11336,1310000,4500000
2019-12-12 12:52:51.803000,1.11338,1.11336,750000,2250000
2019-12-12 12:52:51.905000,1.11339,1.11336,3750000,2250000
2019-12-12 12:52:52.012000,1.11339,1.11337,3000000,750000
2019-12-12 12:52:52.630000,1.11339,1.11336,3000000,750000
2019-12-12 12:52:54.349000,1.11338,1.11336,750000,750000
2019-12-12 12:52:55.633000,1.11339,1.11335,4390000,7500000
2019-12-12 12:52:55.811000,1.11338,1.11336,2320000,750000
2019-12-12 12:52:55.913000,1.11338,1.11337,2250000,750000
2019-12-12 12:52:56.015000,1.11339,1.11337,1500000,1500000
2019-12-12 12:52:59.893000,1.11339,1.11336,820000,3750000
2019-12-12 12:53:00.045000,1.11338,1.11335,940000,5810000
2019-12-12 12:53:00.399000,1.11338,1.11336,1200000,940000
2019-12-12 12:53:00.501000,1.11338,1.11335,2510000,3190000
2019-12-12 12:53:01.113000,1.11338,1.11336,750000,750000
2019-12-12 12:53:01.214000,1.11339,1.11336,3900000,750000
2019-12-12 12:53:06.332000,1.11338,1.11336,1500000,1500000
2019-12-12 12:53:07.804000,1.11337,1.11336,100000,1500000
2019-12-12 12:53:07.905000,1.11338,1.11336,3070000,2250000
2019-12-12 12:53:08.904000,1.11339,1.11337,4500000,750000
2019-12-12 12:53:09.005000,1.11339,1.11338,750000,750000
2019-12-12 12:53:09.106000,1.11339,1.11337,750000,190000
2019-12-12 12:53:14.788000,1.11338,1.11337,750000,940000
2019-12-12 12:53:15.443000,1.11339,1.11337,750000,2440000
2019-12-12 12:53:15.544000,1.11339,1.11338,750000,820000
2019-12-12 12:53:16.491000,1.11342,1.1134,2620000,3000000
2019-12-12 12:53:16.592000,1.11341,1.1134,750000,940000
2019-12-12 12:53:16.643000,1.11343,1.11341,2440000,750000
2019-12-12 12:53:16.758000,1.11342,1.1134,750000,940000
2019-12-12 12:53:17.119000,1.11341,1.1134,750000,190000
2019-12-12 12:53:17.303000,1.11341,1.11339,750000,4310000
2019-12-12 12:53:17.459000,1.11342,1.11339,1500000,3560000
2019-12-12 12:53:17.561000,1.11341,1.11339,1500000,750000
2019-12-12 12:53:17.662000,1.11341,1.1134,750000,750000
2019-12-12 12:53:17.810000,1.11342,1.1134,750000,750000
2019-12-12 12:53:18.399000,1.1134,1.11339,750000,3000000
2019-12-12 12:53:18.502000,1.1134,1.11338,1570000,750000
2019-12-12 12:53:18.603000,1.11339,1.11337,5320000,750000
2019-12-12 12:53:18.704000,1.11338,1.11337,750000,750000
2019-12-12 12:53:18.810000,1.11339,1.11337,4570000,750000
2019-12-12 12:53:18.911000,1.11338,1.11337,750000,750000
2019-12-12 12:53:19.683000,1.11338,1.11336,670000,750000
2019-12-12 12:53:19.784000,1.11338,1.11335,750000,5320000
2019-12-12 12:53:19.973000,1.11339,1.11335,5050000,5700000
2019-12-12 12:53:20.585000,1.11339,1.11336,6550000,1500000
2019-12-12 12:53:20.760000,1.11338,1.11335,1500000,5700000
2019-12-12 12:53:20.861000,1.11338,1.11336,820000,750000
2019-12-12 12:53:20.963000,1.11338,1.11335,820000,3000000
2019-12-12 12:53:22.522000,1.11338,1.11334,2890000,5320000
2019-12-12 12:53:22.671000,1.11335,1.11334,750000,750000
2019-12-12 12:53:22.722000,1.11335,1.11332,3820000,3000000
2019-12-12 12:53:22.824000,1.11335,1.11333,2320000,1870000
2019-12-12 12:53:22.925000,1.11336,1.11334,2250000,1500000
2019-12-12 12:53:23.228000,1.11336,1.11333,750000,4120000
2019-12-12 12:53:23.644000,1.11336,1.11334,1500000,750000
2019-12-12 12:53:23.746000,1.11336,1.11333,1500000,3370000
2019-12-12 12:53:24.434000,1.11336,1.11334,1500000,750000
2019-12-12 12:53:25.464000,1.11336,1.11333,1500000,4120000
2019-12-12 12:53:25.706000,1.11336,1.11334,2250000,750000
2019-12-12 12:53:26.046000,1.11337,1.11335,2700000,750000
2019-12-12 12:53:26.198000,1.11338,1.11335,750000,3000000
2019-12-12 12:53:26.299000,1.11338,1.11336,2250000,750000
2019-12-12 12:53:26.401000,1.11337,1.11335,1570000,750000
2019-12-12 12:53:26.554000,1.11337,1.11334,820000,3450000
2019-12-12 12:53:29.444000,1.11336,1.11334,750000,2700000
2019-12-12 12:53:30.729000,1.11336,1.11335,750000,750000
2019-12-12 12:53:30.931000,1.11336,1.11334,750000,2700000
2019-12-12 12:53:31.148000,1.11337,1.11334,2150000,2320000
2019-12-12 12:53:31.645000,1.11337,1.11334,2230000,2700000
2019-12-12 12:53:31.750000,1.11337,1.11334,1570000,2320000
2019-12-12 12:53:31.852000,1.11337,1.11335,820000,190000
2019-12-12 12:53:35.461000,1.11336,1.11334,750000,7840000
2019-12-12 12:53:37.705000,1.11338,1.11337,750000,1500000
2019-12-12 12:53:37.807000,1.11339,1.11337,1690000,750000
2019-12-12 12:53:37.962000,1.11339,1.11336,1690000,3260000
2019-12-12 12:53:40.069000,1.11337,1.11335,750000,5620000
2019-12-12 12:53:40.170000,1.11336,1.11334,1500000,1870000
2019-12-12 12:53:40.272000,1.11335,1.11334,750000,3190000
2019-12-12 12:53:40.550000,1.11335,1.11333,750000,7120000
2019-12-12 12:53:41.283000,1.11336,1.11334,1500000,750000
2019-12-12 12:53:42.079000,1.11335,1.11333,750000,5060000
2019-12-12 12:53:42.181000,1.11335,1.11334,750000,750000
2019-12-12 12:53:42.599000,1.11336,1.11335,3000000,750000
2019-12-12 12:53:42.854000,1.11337,1.11335,2250000,3370000
2019-12-12 12:53:43.107000,1.11336,1.11335,750000,1120000
2019-12-12 12:53:43.208000,1.11337,1.11335,1500000,370000
2019-12-12 12:53:43.681000,1.11337,1.11334,1500000,4120000
2019-12-12 12:53:43.930000,1.11337,1.11335,1500000,750000
2019-12-12 12:53:44.032000,1.11337,1.11334,1500000,4120000
2019-12-12 12:53:46.434000,1.11336,1.11335,750000,750000
2019-12-12 12:53:46.586000,1.11337,1.11335,3000000,750000
2019-12-12 12:53:46.711000,1.11337,1.11334,2250000,3000000
2019-12-12 12:53:46.932000,1.11336,1.11335,750000,750000
2019-12-12 12:53:47.044000,1.11337,1.11334,2250000,2250000
2019-12-12 12:53:47.611000,1.11336,1.11334,750000,2620000
2019-12-12 12:53:47.712000,1.11336,1.11335,750000,750000
2019-12-12 12:53:47.814000,1.11336,1.11334,750000,2320000
2019-12-12 12:53:49.292000,1.11337,1.11334,2250000,3450000
2019-12-12 12:53:49.343000,1.11337,1.11336,3190000,6370000
2019-12-12 12:53:49.477000,1.11337,1.11335,2440000,750000
2019-12-12 12:53:49.629000,1.11337,1.11335,2440000,6370000
2019-12-12 12:53:50.081000,1.11337,1.11335,2440000,2250000
2019-12-12 12:53:50.510000,1.11336,1.11335,750000,1310000
2019-12-12 12:53:50.612000,1.11337,1.11335,1570000,560000
2019-12-12 12:53:51.398000,1.11336,1.11334,750000,1950000
2019-12-12 12:53:51.500000,1.11335,1.11334,750000,370000
2019-12-12 12:53:52.485000,1.11335,1.11333,750000,4500000
2019-12-12 12:53:52.591000,1.11335,1.11334,750000,750000
2019-12-12 12:53:52.761000,1.11335,1.11333,750000,2440000
2019-12-12 12:53:53.701000,1.11335,1.11334,750000,1500000
2019-12-12 12:53:54.860000,1.11335,1.11333,750000,8620000
2019-12-12 12:53:55.233000,1.11336,1.11334,750000,3940000
2019-12-12 12:53:55.437000,1.11336,1.11335,750000,190000
2019-12-12 12:53:55.538000,1.11335,1.11334,750000,4010000
2019-12-12 12:53:58.731000,1.11336,1.11334,750000,1120000
2019-12-12 12:53:59.417000,1.11336,1.11335,1500000,750000
2019-12-12 12:54:02.786000,1.11336,1.11334,1500000,2700000
2019-12-12 12:54:05.788000,1.11336,1.11335,1500000,750000
2019-12-12 12:54:07.154000,1.11337,1.11335,1500000,3940000
2019-12-12 12:54:07.307000,1.11338,1.11336,2440000,6370000
2019-12-12 12:54:08.320000,1.11338,1.11336,2440000,2250000
2019-12-12 12:54:11.385000,1.11339,1.11337,2620000,6560000
2019-12-12 12:54:12.743000,1.11339,1.11338,750000,750000
2019-12-12 12:54:17.789000,1.11339,1.11337,750000,5060000
2019-12-12 12:54:22.980000,1.11339,1.11338,750000,450000
2019-12-12 12:54:24.916000,1.11339,1.11337,750000,2420000
2019-12-12 12:54:25.361000,1.11338,1.11337,750000,1500000
2019-12-12 12:54:29.684000,1.11337,1.11336,820000,3000000
2019-12-12 12:54:29.785000,1.11336,1.11334,750000,2890000
2019-12-12 12:54:30.502000,1.11336,1.11335,1500000,100000
2019-12-12 12:54:32.020000,1.11337,1.11335,2320000,100000
2019-12-12 12:54:32.534000,1.11337,1.11334,750000,6710000
2019-12-12 12:54:32.635000,1.11338,1.11336,4010000,450000
2019-12-12 12:54:32.838000,1.11338,1.11335,3070000,100000
2019-12-12 12:54:33.022000,1.11337,1.11335,750000,820000
2019-12-12 12:54:33.524000,1.11337,1.11334,2320000,4010000
2019-12-12 12:54:35.907000,1.11336,1.11334,750000,1500000
2019-12-12 12:54:36.113000,1.11337,1.11334,3000000,750000
2019-12-12 12:54:36.824000,1.11337,1.11335,2250000,1500000
2019-12-12 12:54:41.814000,1.11337,1.11335,3000000,2250000
2019-12-12 12:54:42.070000,1.11337,1.11335,1500000,1500000
2019-12-12 12:54:42.171000,1.11337,1.11334,750000,5250000
2019-12-12 12:54:45.549000,1.11337,1.11334,750000,1900000
2019-12-12 12:54:45.702000,1.11338,1.11336,4500000,1500000
2019-12-12 12:54:45.803000,1.11339,1.11336,3560000,3640000
2019-12-12 12:54:47.022000,1.11339,1.11337,3190000,6370000
2019-12-12 12:54:47.124000,1.11338,1.11337,750000,6370000
2019-12-12 12:54:47.310000,1.11339,1.11337,3190000,6370000
2019-12-12 12:54:50.810000,1.1134,1.11337,5810000,3750000
2019-12-12 12:54:52.997000,1.1134,1.11338,2810000,370000
2019-12-12 12:54:53.431000,1.1134,1.11337,2810000,4870000
2019-12-12 12:54:55.507000,1.11339,1.11337,100000,820000
2019-12-12 12:54:55.915000,1.11338,1.11337,190000,4200000
2019-12-12 12:54:56.868000,1.11339,1.11338,2510000,370000
2019-12-12 12:55:00.517000,1.11338,1.11337,190000,1570000
2019-12-12 12:55:00.669000,1.11339,1.11338,2440000,100000
2019-12-12 12:55:02.570000,1.11339,1.11337,940000,7570000
2019-12-12 12:55:05.543000,1.11339,1.11338,940000,370000
2019-12-12 12:55:05.889000,1.11339,1.11337,940000,9450000
2019-12-12 12:55:07.954000,1.1134,1.11338,1500000,1500000
2019-12-12 12:55:08.006000,1.11341,1.1134,2250000,190000
2019-12-12 12:55:08.123000,1.11343,1.11342,1500000,1310000
2019-12-12 12:55:11.045000,1.11344,1.11342,940000,1010000
2019-12-12 12:55:11.146000,1.11345,1.11343,1690000,6370000
2019-12-12 12:55:11.339000,1.11346,1.11344,1870000,3750000
2019-12-12 12:55:11.391000,1.11347,1.11346,2060000,750000
2019-12-12 12:55:11.493000,1.11348,1.11347,1690000,750000
2019-12-12 12:55:11.597000,1.11348,1.11347,750000,750000
2019-12-12 12:55:12.001000,1.11347,1.11345,750000,1650000
2019-12-12 12:55:14.074000,1.11346,1.11345,750000,750000
2019-12-12 12:55:14.175000,1.11347,1.11345,8060000,750000
2019-12-12 12:55:17.803000,1.11347,1.11344,3940000,2320000
2019-12-12 12:55:18.927000,1.11347,1.11346,1500000,750000
2019-12-12 12:55:19.029000,1.11349,1.11346,5140000,6450000
2019-12-12 12:55:19.616000,1.11349,1.11347,2620000,750000
2019-12-12 12:55:20.075000,1.11349,1.11346,1870000,6450000
2019-12-12 12:55:20.902000,1.11349,1.11347,1120000,750000
2019-12-12 12:55:22.094000,1.11349,1.11346,750000,7270000
2019-12-12 12:55:22.202000,1.11349,1.11347,750000,750000
2019-12-12 12:55:22.303000,1.11349,1.11346,750000,7270000
2019-12-12 12:55:23.134000,1.11349,1.11347,1570000,3750000
2019-12-12 12:55:26.520000,1.11349,1.11348,1500000,750000
2019-12-12 12:55:26.651000,1.11349,1.11347,750000,3000000
2019-12-12 12:55:26.786000,1.1135,1.11347,9150000,2250000
2019-12-12 12:55:26.969000,1.1135,1.11348,9150000,3750000
2019-12-12 12:55:27.323000,1.11349,1.11348,1310000,3750000
2019-12-12 12:55:28.304000,1.11349,1.11347,1310000,2250000
2019-12-12 12:55:28.503000,1.1135,1.11347,9150000,2250000
2019-12-12 12:55:29.785000,1.11349,1.11347,1500000,5250000
2019-12-12 12:55:30.924000,1.1135,1.11347,7570000,5250000
2019-12-12 12:55:32.797000,1.11348,1.11346,4390000,3070000
2019-12-12 12:55:32.898000,1.11347,1.11345,2320000,940000
2019-12-12 12:55:33.101000,1.11347,1.11344,3070000,4690000
2019-12-12 12:55:33.202000,1.11345,1.11343,750000,3450000
2019-12-12 12:55:33.253000,1.11347,1.11343,9640000,3450000
2019-12-12 12:55:33.355000,1.11347,1.11344,8210000,750000
2019-12-12 12:55:33.496000,1.11346,1.11344,750000,1500000
2019-12-12 12:55:33.838000,1.11347,1.11345,5810000,750000
2019-12-12 12:55:33.941000,1.11348,1.11347,820000,750000
2019-12-12 12:55:34.042000,1.11349,1.11348,3000000,1500000
2019-12-12 12:55:34.244000,1.11349,1.11347,750000,3000000
2019-12-12 12:55:34.423000,1.11349,1.11348,1500000,750000
2019-12-12 12:55:34.474000,1.11348,1.11346,940000,750000
2019-12-12 12:55:34.576000,1.11348,1.11347,940000,1500000
2019-12-12 12:55:36.275000,1.11349,1.11347,1570000,750000
2019-12-12 12:55:36.830000,1.11348,1.11347,750000,2250000
2019-12-12 12:55:36.937000,1.11349,1.11347,2320000,2250000
2019-12-12 12:55:38.092000,1.11348,1.11347,750000,750000
2019-12-12 12:55:39.360000,1.11349,1.11347,2250000,7120000
2019-12-12 12:55:39.626000,1.11349,1.11348,1500000,3750000
2019-12-12 12:55:40.361000,1.11349,1.11347,1500000,7120000
2019-12-12 12:55:42.510000,1.11348,1.11347,750000,9370000
2019-12-12 12:55:42.782000,1.11349,1.11347,750000,7270000
2019-12-12 12:55:43.314000,1.11349,1.11348,750000,1120000
2019-12-12 12:55:43.516000,1.11349,1.11347,750000,7840000
2019-12-12 12:55:43.624000,1.11349,1.11348,750000,1120000
2019-12-12 12:55:43.726000,1.1135,1.11348,4500000,4500000
2019-12-12 12:55:43.827000,1.11349,1.11348,750000,4500000
2019-12-12 12:55:44.209000,1.11348,1.11347,750000,2250000
2019-12-12 12:55:44.362000,1.11349,1.11348,2250000,750000
2019-12-12 12:55:44.729000,1.11348,1.11347,750000,6260000
2019-12-12 12:55:44.900000,1.11349,1.11348,2250000,750000
2019-12-12 12:55:45.551000,1.11349,1.11347,940000,5250000
2019-12-12 12:55:45.905000,1.11349,1.11348,1500000,750000
2019-12-12 12:55:46.058000,1.1135,1.11348,3940000,750000
2019-12-12 12:55:46.160000,1.11349,1.11348,1500000,820000
2019-12-12 12:55:46.382000,1.1135,1.11348,3560000,750000
2019-12-12 12:55:47.786000,1.11349,1.11348,750000,750000
2019-12-12 12:55:52.824000,1.11348,1.11347,750000,5250000
2019-12-12 12:55:53.175000,1.11349,1.11348,2810000,370000
2019-12-12 12:55:54.826000,1.11349,1.11347,2250000,1120000
2019-12-12 12:55:58.125000,1.11348,1.11347,750000,5960000
2019-12-12 12:55:58.227000,1.1135,1.11349,750000,9000000
2019-12-12 12:55:58.329000,1.11351,1.1135,3190000,100000
2019-12-12 12:55:58.379000,1.1135,1.11348,940000,4390000
2019-12-12 12:55:58.582000,1.11349,1.11348,750000,820000
2019-12-12 12:55:59.012000,1.1135,1.11348,1690000,100000
2019-12-12 12:56:00.001000,1.1135,1.11349,1690000,750000
2019-12-12 12:56:00.122000,1.11349,1.11348,750000,5140000
2019-12-12 12:56:00.302000,1.1135,1.11349,2250000,750000
2019-12-12 12:56:00.562000,1.1135,1.11348,2250000,1390000
2019-12-12 12:56:00.959000,1.1135,1.11347,6940000,4950000
2019-12-12 12:56:01.061000,1.11349,1.11347,3750000,2320000
2019-12-12 12:56:01.214000,1.11348,1.11347,750000,2320000
2019-12-12 12:56:01.335000,1.11349,1.11348,1500000,100000
2019-12-12 12:56:01.437000,1.11348,1.11347,750000,3450000
2019-12-12 12:56:03.103000,1.11348,1.11347,750000,6750000
2019-12-12 12:56:03.483000,1.11349,1.11348,2250000,370000
2019-12-12 12:56:03.897000,1.11348,1.11347,750000,1500000
2019-12-12 12:56:04.269000,1.11349,1.11347,2250000,4490000
2019-12-12 12:56:05.838000,1.11349,1.11348,750000,370000
2019-12-12 12:56:05.889000,1.11349,1.11346,2250000,5060000
2019-12-12 12:56:05.990000,1.11349,1.11347,5620000,2250000
2019-12-12 12:56:06.091000,1.11349,1.11346,2620000,2810000
2019-12-12 12:56:06.885000,1.11349,1.11347,1870000,750000
2019-12-12 12:56:07.357000,1.11347,1.11345,1500000,2250000
2019-12-12 12:56:07.459000,1.11347,1.11344,3750000,2250000
2019-12-12 12:56:07.754000,1.11347,1.11345,3750000,750000
2019-12-12 12:56:08.243000,1.11347,1.11344,2250000,2250000
2019-12-12 12:56:08.531000,1.11347,1.11345,3750000,750000
2019-12-12 12:56:09.435000,1.11346,1.11345,750000,750000
2019-12-12 12:56:09.875000,1.11347,1.11345,2250000,750000
2019-12-12 12:56:10.081000,1.11348,1.11346,1310000,750000
2019-12-12 12:56:11.609000,1.11348,1.11347,1500000,370000
2019-12-12 12:56:14.159000,1.11349,1.11347,3940000,1500000
2019-12-12 12:56:15.161000,1.11349,1.11346,2440000,2510000
2019-12-12 12:56:15.280000,1.11349,1.11347,1690000,750000
2019-12-12 12:56:15.587000,1.11349,1.11348,1500000,100000
2019-12-12 12:56:16.158000,1.11348,1.11347,750000,900000
2019-12-12 12:56:16.736000,1.11349,1.11348,1500000,100000
2019-12-12 12:56:17.056000,1.11349,1.11347,1500000,4650000
2019-12-12 12:56:17.186000,1.11348,1.11347,750000,4500000
2019-12-12 12:56:17.439000,1.11349,1.11347,1500000,4500000
2019-12-12 12:56:17.793000,1.11349,1.11348,750000,750000
2019-12-12 12:56:18.193000,1.11349,1.11347,750000,1200000
2019-12-12 12:56:18.634000,1.1135,1.11348,7120000,750000
2019-12-12 12:56:18.736000,1.11349,1.11348,750000,560000
2019-12-12 12:56:18.838000,1.1135,1.11348,5060000,750000
2019-12-12 12:56:18.990000,1.11349,1.11348,750000,750000
2019-12-12 12:56:19.470000,1.1135,1.11348,5810000,750000
2019-12-12 12:56:19.622000,1.11349,1.11348,750000,750000
2019-12-12 12:56:19.723000,1.11349,1.11347,750000,1570000
2019-12-12 12:56:21.789000,1.11348,1.11347,750000,2250000
2019-12-12 12:56:28.060000,1.11348,1.11346,750000,4200000
2019-12-12 12:56:28.265000,1.11347,1.11346,750000,2320000
2019-12-12 12:56:28.418000,1.11347,1.11344,3940000,1650000
2019-12-12 12:56:28.926000,1.11346,1.11344,750000,2770000
2019-12-12 12:56:29.362000,1.11347,1.11344,3940000,1270000
2019-12-12 12:56:29.729000,1.11346,1.11344,750000,1270000
2019-12-12 12:56:29.831000,1.11347,1.11344,3940000,1270000
2019-12-12 12:56:30.274000,1.11347,1.11346,1500000,100000
2019-12-12 12:56:30.382000,1.11348,1.11346,2250000,3260000
2019-12-12 12:56:30.586000,1.11347,1.11346,750000,4010000
2019-12-12 12:56:30.688000,1.11348,1.11347,750000,820000
2019-12-12 12:56:30.789000,1.1135,1.11348,1500000,2140000
2019-12-12 12:56:30.992000,1.1135,1.11347,1690000,4200000
2019-12-12 12:56:32.075000,1.11349,1.11347,750000,4010000
2019-12-12 12:56:32.400000,1.11349,1.11348,750000,370000
2019-12-12 12:56:33.348000,1.11349,1.11347,750000,1570000
2019-12-12 12:56:33.530000,1.11349,1.11347,750000,1500000
2019-12-12 12:56:33.897000,1.11348,1.11346,750000,6450000
2019-12-12 12:56:34.925000,1.11348,1.11347,750000,750000
2019-12-12 12:56:35.524000,1.11348,1.11346,750000,2210000
2019-12-12 12:56:35.625000,1.11348,1.11347,750000,750000
2019-12-12 12:56:35.777000,1.11348,1.11346,1500000,2320000
2019-12-12 12:56:36.511000,1.11347,1.11345,750000,4760000
2019-12-12 12:56:36.663000,1.11348,1.11345,3750000,4570000
2019-12-12 12:56:38.866000,1.11348,1.11346,2250000,560000
2019-12-12 12:56:38.968000,1.11346,1.11345,1690000,2140000
2019-12-12 12:56:39.018000,1.11346,1.11344,750000,2770000
2019-12-12 12:56:39.121000,1.11345,1.11343,3750000,2770000
2019-12-12 12:56:39.325000,1.11345,1.11344,750000,450000
2019-12-12 12:56:42.309000,1.11345,1.11343,3940000,820000
2019-12-12 12:56:42.411000,1.11344,1.11342,750000,1570000
2019-12-12 12:56:42.462000,1.11345,1.11343,1500000,2250000
2019-12-12 12:56:44.395000,1.11346,1.11343,5250000,820000
2019-12-12 12:56:45.982000,1.11345,1.11343,750000,820000
2019-12-12 12:56:46.324000,1.11346,1.11343,4500000,820000
2019-12-12 12:56:46.833000,1.11345,1.11343,1500000,820000
2019-12-12 12:56:50.070000,1.11346,1.11343,6000000,750000
2019-12-12 12:56:50.902000,1.11347,1.11346,4310000,1870000
2019-12-12 12:56:50.995000,1.11348,1.11346,3750000,1870000
2019-12-12 12:56:52.589000,1.11349,1.11346,3370000,3000000
2019-12-12 12:56:52.838000,1.11349,1.11347,3370000,370000
2019-12-12 12:56:53.828000,1.11349,1.11347,2810000,740000
2019-12-12 12:56:54.449000,1.11349,1.11346,1500000,2250000
2019-12-12 12:56:54.701000,1.11349,1.11347,1500000,370000
2019-12-12 12:56:55.676000,1.11348,1.11346,4570000,560000
2019-12-12 12:56:55.777000,1.11348,1.11345,3750000,2320000
2019-12-12 12:56:55.879000,1.11348,1.11346,4200000,100000
2019-12-12 12:56:57.105000,1.11348,1.11347,2250000,750000
2019-12-12 12:56:57.225000,1.11348,1.11346,1500000,3070000
2019-12-12 12:56:57.920000,1.11348,1.11347,1500000,1500000
2019-12-12 12:56:58.059000,1.11348,1.11346,1500000,3450000
2019-12-12 12:56:58.161000,1.11348,1.11347,1500000,370000
2019-12-12 12:56:59.320000,1.11349,1.11347,3370000,2250000
2019-12-12 12:56:59.820000,1.11349,1.11348,1870000,750000
2019-12-12 12:57:00.103000,1.11349,1.11347,1870000,750000
2019-12-12 12:57:00.327000,1.11349,1.11348,1870000,750000
2019-12-12 12:57:01.840000,1.11349,1.11347,4310000,750000
2019-12-12 12:57:05.307000,1.11349,1.11348,1870000,750000
2019-12-12 12:57:05.788000,1.11348,1.11347,750000,3750000
2019-12-12 12:57:06.245000,1.1135,1.11348,1500000,100000
2019-12-12 12:57:07.606000,1.1135,1.11347,190000,3820000
2019-12-12 12:57:08.440000,1.1135,1.11348,1310000,750000
2019-12-12 12:57:08.541000,1.1135,1.11347,560000,4200000
2019-12-12 12:57:09.746000,1.11351,1.11349,5960000,750000
2019-12-12 12:57:09.847000,1.1135,1.11348,750000,1570000
2019-12-12 12:57:10.525000,1.11351,1.1135,1650000,1570000
2019-12-12 12:57:10.628000,1.11353,1.11352,750000,100000
2019-12-12 12:57:10.730000,1.11354,1.11352,1500000,1570000
2019-12-12 12:57:10.833000,1.11355,1.11353,2440000,1500000
2019-12-12 12:57:10.935000,1.11356,1.11353,2850000,3000000
2019-12-12 12:57:11.232000,1.11356,1.11354,1910000,100000
2019-12-12 12:57:11.334000,1.11355,1.11353,750000,100000
2019-12-12 12:57:11.485000,1.11356,1.11353,4120000,100000
2019-12-12 12:57:11.597000,1.11355,1.11353,1600000,2320000
2019-12-12 12:57:11.698000,1.11356,1.11353,5620000,100000
2019-12-12 12:57:11.808000,1.11355,1.11353,850000,820000
2019-12-12 12:57:12.010000,1.11356,1.11353,6930000,100000
2019-12-12 12:57:12.344000,1.11355,1.11353,2250000,100000
2019-12-12 12:57:12.446000,1.11356,1.11353,6550000,100000
2019-12-12 12:57:12.738000,1.11355,1.11353,750000,100000
2019-12-12 12:57:14.209000,1.11356,1.11353,5800000,100000
2019-12-12 12:57:14.311000,1.11353,1.11352,750000,750000
2019-12-12 12:57:14.413000,1.11354,1.11351,3750000,4460000
2019-12-12 12:57:16.270000,1.11353,1.11351,750000,750000
2019-12-12 12:57:17.434000,1.11353,1.1135,370000,3070000
2019-12-12 12:57:17.833000,1.11353,1.11351,370000,750000
2019-12-12 12:57:21.472000,1.11354,1.11351,5250000,750000
2019-12-12 12:57:21.930000,1.11354,1.11352,3000000,750000
2019-12-12 12:57:22.031000,1.11355,1.11354,1650000,4500000
2019-12-12 12:57:22.133000,1.11356,1.11354,750000,1500000
2019-12-12 12:57:22.285000,1.11355,1.11353,1310000,1500000
2019-12-12 12:57:22.942000,1.11355,1.11352,4870000,2620000
2019-12-12 12:57:23.043000,1.11355,1.11353,4310000,750000
2019-12-12 12:57:23.145000,1.11355,1.11352,6560000,1870000
2019-12-12 12:57:24.441000,1.11354,1.11352,750000,750000
2019-12-12 12:57:24.791000,1.11354,1.11351,750000,4760000
2019-12-12 12:57:25.513000,1.11353,1.11351,750000,3070000
2019-12-12 12:57:25.745000,1.11354,1.11351,2440000,3070000
2019-12-12 12:57:26.093000,1.11353,1.11351,750000,3070000
2019-12-12 12:57:26.753000,1.11354,1.11351,2440000,3070000
2019-12-12 12:57:27.767000,1.11353,1.11352,750000,1500000
2019-12-12 12:57:27.872000,1.11353,1.11351,750000,4570000
2019-12-12 12:57:29.193000,1.11352,1.11351,1500000,1500000
2019-12-12 12:57:29.337000,1.11351,1.11348,2440000,4010000
2019-12-12 12:57:29.490000,1.11351,1.1135,750000,1500000
2019-12-12 12:57:29.591000,1.11351,1.11349,1500000,1570000
2019-12-12 12:57:30.019000,1.11352,1.11348,4690000,5320000
2019-12-12 12:57:30.121000,1.11351,1.11347,4310000,3070000
2019-12-12 12:57:30.223000,1.11349,1.11347,1500000,1500000
2019-12-12 12:57:31.143000,1.11349,1.11346,3940000,750000
2019-12-12 12:57:31.272000,1.11348,1.11345,5060000,2620000
2019-12-12 12:57:31.627000,1.11347,1.11345,750000,4120000
2019-12-12 12:57:32.051000,1.11348,1.11345,3560000,3370000
2019-12-12 12:57:32.153000,1.11348,1.11346,940000,1120000
2019-12-12 12:57:33.155000,1.11348,1.11347,1500000,750000
2019-12-12 12:57:34.484000,1.11346,1.11344,940000,3000000
2019-12-12 12:57:34.586000,1.11345,1.11343,750000,3070000
2019-12-12 12:57:35.169000,1.11345,1.11342,4870000,1500000
2019-12-12 12:57:35.270000,1.11345,1.11341,4120000,2440000
2019-12-12 12:57:35.689000,1.11344,1.11342,1500000,1500000
2019-12-12 12:57:41.812000,1.11344,1.11341,1500000,3000000
2019-12-12 12:57:43.356000,1.11344,1.11342,2250000,1500000
2019-12-12 12:57:43.457000,1.11344,1.11341,3000000,1500000
2019-12-12 12:57:43.704000,1.11344,1.11342,3000000,100000
2019-12-12 12:57:43.806000,1.11343,1.11342,750000,750000
2019-12-12 12:57:47.531000,1.11342,1.11341,750000,750000
2019-12-12 12:57:47.582000,1.11342,1.1134,750000,4840000
2019-12-12 12:57:48.478000,1.1134,1.11339,940000,750000
2019-12-12 12:57:48.529000,1.1134,1.11338,190000,6450000
2019-12-12 12:57:48.630000,1.11341,1.11338,1760000,2700000
2019-12-12 12:57:48.906000,1.11341,1.11339,2590000,750000
2019-12-12 12:57:49.007000,1.11339,1.11338,1500000,750000
2019-12-12 12:57:49.159000,1.1134,1.11337,1500000,4270000
2019-12-12 12:57:49.261000,1.1134,1.11338,1500000,820000
2019-12-12 12:57:49.595000,1.11339,1.11338,750000,820000
2019-12-12 12:57:51.519000,1.1134,1.11338,750000,100000
2019-12-12 12:57:52.067000,1.11339,1.11338,750000,100000
2019-12-12 12:57:53.098000,1.1134,1.11338,1690000,100000
2019-12-12 12:57:53.556000,1.11339,1.11338,750000,100000
2019-12-12 12:57:53.760000,1.11339,1.11336,5250000,1200000
2019-12-12 12:57:54.114000,1.11338,1.11335,1500000,4120000
2019-12-12 12:57:54.216000,1.11337,1.11335,940000,4310000
2019-12-12 12:57:54.267000,1.11336,1.11334,940000,2890000
2019-12-12 12:57:54.419000,1.11335,1.11334,940000,1500000
2019-12-12 12:57:54.975000,1.11335,1.11332,1690000,4950000
2019-12-12 12:57:55.026000,1.11335,1.11334,750000,450000
2019-12-12 12:57:55.127000,1.11336,1.11334,1690000,450000
2019-12-12 12:57:55.593000,1.11336,1.11333,940000,1500000
2019-12-12 12:57:55.849000,1.11335,1.11333,190000,750000
2019-12-12 12:57:55.950000,1.11336,1.11333,1500000,1500000
2019-12-12 12:57:56.102000,1.11337,1.11333,5810000,1870000
2019-12-12 12:57:56.204000,1.11336,1.11334,750000,100000
2019-12-12 12:57:56.931000,1.11336,1.11333,750000,1120000
2019-12-12 12:57:57.086000,1.11336,1.11334,2250000,750000
2019-12-12 12:57:57.188000,1.11336,1.11333,1500000,1570000
2019-12-12 12:58:00.015000,1.11334,1.11332,750000,6000000
2019-12-12 12:58:00.067000,1.11336,1.11333,3940000,2440000
2019-12-12 12:58:00.274000,1.11335,1.11333,750000,730000
2019-12-12 12:58:00.377000,1.11336,1.11332,4310000,4200000
2019-12-12 12:58:02.241000,1.11336,1.11333,4500000,750000
2019-12-12 12:58:02.807000,1.11336,1.11332,2250000,5700000
2019-12-12 12:58:03.768000,1.11335,1.11332,940000,4200000
2019-12-12 12:58:03.920000,1.11335,1.11333,3940000,750000
2019-12-12 12:58:04.026000,1.11335,1.11332,2440000,3750000
2019-12-12 12:58:04.337000,1.11335,1.11333,3940000,750000
2019-12-12 12:58:04.438000,1.11335,1.11332,3190000,5250000
2019-12-12 12:58:05.358000,1.11335,1.11333,1690000,1690000
2019-12-12 12:58:05.561000,1.11336,1.11334,1500000,750000
2019-12-12 12:58:05.612000,1.11337,1.11336,1500000,750000
2019-12-12 12:58:05.714000,1.11338,1.11336,750000,1120000
2019-12-12 12:58:06.280000,1.11338,1.11337,750000,750000
2019-12-12 12:58:06.382000,1.11339,1.11336,2250000,3710000
2019-12-12 12:58:06.484000,1.11338,1.11337,1500000,2810000
2019-12-12 12:58:06.586000,1.11339,1.11337,750000,1500000
2019-12-12 12:58:06.738000,1.1134,1.11338,2440000,750000
2019-12-12 12:58:07.144000,1.1134,1.11337,940000,5140000
2019-12-12 12:58:10.565000,1.1134,1.11338,3000000,750000
2019-12-12 12:58:10.667000,1.11341,1.1134,2250000,3260000
2019-12-12 12:58:10.719000,1.11343,1.11342,3000000,260000
2019-12-12 12:58:10.897000,1.11344,1.11342,5140000,260000
2019-12-12 12:58:11.291000,1.11343,1.11342,750000,260000
2019-12-12 12:58:11.561000,1.11344,1.11342,5140000,260000
2019-12-12 12:58:12.149000,1.11344,1.11343,1010000,750000
2019-12-12 12:58:12.289000,1.11344,1.11342,1760000,1010000
2019-12-12 12:58:13.282000,1.11343,1.11342,750000,260000
2019-12-12 12:58:14.891000,1.11343,1.11341,1500000,750000
2019-12-12 12:58:14.992000,1.11343,1.1134,1500000,4460000
2019-12-12 12:58:15.094000,1.11344,1.1134,7390000,3710000
2019-12-12 12:58:15.195000,1.11343,1.1134,2250000,6710000
2019-12-12 12:58:15.398000,1.11344,1.1134,9640000,5960000
2019-12-12 12:58:15.785000,1.11343,1.1134,100000,940000
2019-12-12 12:58:16.038000,1.11344,1.1134,7310000,2440000
2019-12-12 12:58:16.140000,1.11343,1.1134,100000,2440000
2019-12-12 12:58:16.289000,1.11342,1.1134,2620000,750000
2019-12-12 12:58:16.390000,1.11341,1.11338,1010000,6450000
2019-12-12 12:58:16.491000,1.1134,1.11338,190000,1200000
2019-12-12 12:58:16.593000,1.1134,1.11337,260000,2250000
2019-12-12 12:58:17.314000,1.11339,1.11338,750000,750000
2019-12-12 12:58:17.988000,1.11339,1.11337,750000,750000
2019-12-12 12:58:18.241000,1.11338,1.11336,1500000,2140000
2019-12-12 12:58:22.301000,1.11338,1.11335,1500000,5700000
2019-12-12 12:58:22.493000,1.11338,1.11336,2250000,750000
2019-12-12 12:58:22.594000,1.11338,1.11335,2250000,7570000
2019-12-12 12:58:22.858000,1.11338,1.11336,1500000,750000
2019-12-12 12:58:22.959000,1.11338,1.11335,2250000,8320000
2019-12-12 12:58:23.306000,1.11337,1.11335,100000,3260000
2019-12-12 12:58:23.493000,1.11336,1.11335,1010000,750000
2019-12-12 12:58:23.595000,1.11336,1.11334,2510000,750000
2019-12-12 12:58:23.747000,1.11335,1.11334,750000,1500000
2019-12-12 12:58:23.848000,1.11336,1.11334,5590000,750000
2019-12-12 12:58:23.949000,1.11335,1.11334,3000000,750000
2019-12-12 12:58:25.701000,1.11336,1.11334,6940000,750000
2019-12-12 12:58:25.803000,1.11335,1.11334,750000,750000
2019-12-12 12:58:25.904000,1.11336,1.11334,5620000,750000
2019-12-12 12:58:26.450000,1.11335,1.11334,750000,750000
2019-12-12 12:58:26.578000,1.11336,1.11334,6370000,750000
2019-12-12 12:58:26.679000,1.11335,1.11334,1120000,750000
2019-12-12 12:58:27.114000,1.11335,1.11333,1120000,750000
2019-12-12 12:58:27.309000,1.11335,1.11332,1120000,3450000
2019-12-12 12:58:28.286000,1.11334,1.11332,370000,1950000
2019-12-12 12:58:28.391000,1.11335,1.11332,1120000,2700000
2019-12-12 12:58:29.002000,1.11333,1.11332,750000,3070000
2019-12-12 12:58:29.104000,1.11333,1.11331,2320000,3560000
2019-12-12 12:58:29.205000,1.11332,1.1133,2440000,750000
2019-12-12 12:58:29.307000,1.11331,1.11329,1690000,750000
2019-12-12 12:58:29.510000,1.11332,1.11328,3000000,6450000
2019-12-12 12:58:29.662000,1.11331,1.11328,750000,4760000
2019-12-12 12:58:30.101000,1.11332,1.1133,750000,750000
2019-12-12 12:58:30.203000,1.11333,1.1133,3000000,820000
2019-12-12 12:58:30.306000,1.11333,1.11331,1500000,940000
2019-12-12 12:58:33.647000,1.11333,1.1133,3070000,4690000
2019-12-12 12:58:37.114000,1.11332,1.1133,190000,190000
2019-12-12 12:58:37.267000,1.1133,1.11329,1010000,4950000
2019-12-12 12:58:37.369000,1.1133,1.11328,1760000,2060000
2019-12-12 12:58:39.641000,1.1133,1.11327,1500000,3070000
2019-12-12 12:58:40.171000,1.1133,1.11328,4570000,750000
2019-12-12 12:58:40.975000,1.1133,1.11327,3070000,1500000
2019-12-12 12:58:41.753000,1.1133,1.11326,3820000,3920000
2019-12-12 12:58:41.854000,1.11328,1.11326,100000,1500000
2019-12-12 12:58:41.956000,1.11328,1.11325,820000,2620000
2019-12-12 12:58:42.898000,1.11328,1.11326,750000,370000
2019-12-12 12:58:43.726000,1.11328,1.11325,1690000,2060000
2019-12-12 12:58:43.828000,1.11329,1.11327,6520000,750000
2019-12-12 12:58:43.930000,1.11329,1.11327,1840000,1500000
2019-12-12 12:58:44.125000,1.1133,1.11326,2810000,10870000
2019-12-12 12:58:44.227000,1.1133,1.11327,2440000,2250000
2019-12-12 12:58:44.328000,1.1133,1.11326,2250000,11440000
2019-12-12 12:58:45.359000,1.11329,1.11326,940000,6370000
2019-12-12 12:58:45.474000,1.11328,1.11325,2250000,1500000
2019-12-12 12:58:45.575000,1.11327,1.11325,750000,1500000
2019-12-12 12:58:45.678000,1.11326,1.11325,2250000,560000
2019-12-12 12:58:45.780000,1.11326,1.11324,2250000,750000
2019-12-12 12:58:47.340000,1.11327,1.11325,2320000,1500000
2019-12-12 12:58:47.592000,1.11328,1.11325,4950000,3370000
2019-12-12 12:58:48.380000,1.11326,1.11325,1010000,2250000
2019-12-12 12:58:48.482000,1.11326,1.11324,2510000,750000
2019-12-12 12:58:48.583000,1.11326,1.11323,3340000,1500000
2019-12-12 12:58:48.684000,1.11325,1.11323,750000,1500000
2019-12-12 12:58:49.341000,1.11326,1.11323,4010000,1500000
2019-12-12 12:58:49.443000,1.11325,1.11323,750000,1500000
2019-12-12 12:58:52.226000,1.11325,1.11322,2140000,750000
2019-12-12 12:58:52.327000,1.11324,1.11321,100000,5440000
2019-12-12 12:58:52.674000,1.11325,1.11321,4390000,5440000
2019-12-12 12:58:53.695000,1.11324,1.11322,750000,750000
2019-12-12 12:58:57.283000,1.11323,1.11322,750000,750000
2019-12-12 12:58:58.945000,1.11322,1.1132,750000,4310000
2019-12-12 12:58:59.250000,1.11323,1.11321,2250000,750000
2019-12-12 12:59:00.140000,1.11322,1.11321,750000,940000
2019-12-12 12:59:00.448000,1.11323,1.11321,1500000,190000
2019-12-12 12:59:00.947000,1.11322,1.11321,750000,190000
2019-12-12 12:59:01.200000,1.11323,1.11321,2250000,190000
2019-12-12 12:59:05.486000,1.11324,1.11321,3450000,940000
2019-12-12 12:59:05.945000,1.11323,1.1132,2250000,4120000
2019-12-12 12:59:06.056000,1.11322,1.1132,8320000,1870000
2019-12-12 12:59:06.158000,1.11323,1.1132,3750000,5580000
2019-12-12 12:59:06.521000,1.11323,1.11321,750000,190000
2019-12-12 12:59:06.622000,1.11323,1.1132,750000,890000
2019-12-12 12:59:07.077000,1.11323,1.11321,1690000,940000
2019-12-12 12:59:07.205000,1.11323,1.1132,940000,2890000
2019-12-12 12:59:07.306000,1.11323,1.11321,2440000,750000
2019-12-12 12:59:13.333000,1.11323,1.11322,1500000,750000
2019-12-12 12:59:13.561000,1.11323,1.11321,1500000,2440000
2019-12-12 12:59:14.206000,1.11323,1.1132,4270000,940000
2019-12-12 12:59:14.308000,1.11323,1.11321,3000000,1500000
2019-12-12 12:59:14.594000,1.11323,1.1132,1500000,2810000
2019-12-12 12:59:15.054000,1.11323,1.11321,2250000,750000
2019-12-12 12:59:16.217000,1.11323,1.1132,1690000,3000000
2019-12-12 12:59:16.319000,1.11321,1.11319,1500000,3370000
2019-12-12 12:59:16.420000,1.11322,1.11319,6370000,1200000
2019-12-12 12:59:16.735000,1.11321,1.1132,370000,750000
2019-12-12 12:59:16.786000,1.1132,1.11318,3370000,1500000
2019-12-12 12:59:16.888000,1.11321,1.11319,3070000,190000
2019-12-12 12:59:16.989000,1.11322,1.1132,3970000,100000
2019-12-12 12:59:17.445000,1.11322,1.11319,4120000,190000
2019-12-12 12:59:17.774000,1.11323,1.11321,6190000,940000
2019-12-12 12:59:17.976000,1.11324,1.11321,6560000,940000
2019-12-12 12:59:18.283000,1.11323,1.11321,750000,190000
2019-12-12 12:59:18.800000,1.11324,1.11321,4500000,190000
2019-12-12 12:59:18.901000,1.11323,1.1132,750000,7760000
2019-12-12 12:59:19.119000,1.11324,1.1132,6560000,4950000
2019-12-12 12:59:19.225000,1.11323,1.1132,750000,7950000
2019-12-12 12:59:19.508000,1.11323,1.11321,1500000,1500000
2019-12-12 12:59:22.459000,1.11324,1.11321,5810000,750000
2019-12-12 12:59:22.561000,1.11323,1.11321,750000,750000
2019-12-12 12:59:23.213000,1.11324,1.11321,5720000,2250000
2019-12-12 12:59:23.887000,1.11323,1.11321,260000,3000000
2019-12-12 12:59:24.253000,1.11324,1.11321,6450000,2810000
2019-12-12 12:59:24.354000,1.11323,1.11321,1500000,5140000
2019-12-12 12:59:24.456000,1.11324,1.11322,560000,750000
2019-12-12 12:59:24.607000,1.11325,1.11322,4860000,750000
2019-12-12 12:59:25.339000,1.11324,1.11323,750000,750000
2019-12-12 12:59:26.433000,1.11324,1.11321,1120000,6190000
2019-12-12 12:59:27.271000,1.11323,1.11321,190000,1870000
2019-12-12 12:59:28.764000,1.11324,1.11321,5140000,820000
2019-12-12 12:59:28.878000,1.11323,1.11321,100000,1500000
2019-12-12 12:59:28.980000,1.11324,1.11321,7390000,1570000
2019-12-12 12:59:29.232000,1.11323,1.11321,750000,100000
2019-12-12 12:59:29.712000,1.11324,1.11321,5890000,450000
2019-12-12 12:59:29.814000,1.11323,1.11321,750000,450000
2019-12-12 12:59:30.365000,1.11324,1.11321,5890000,450000
2019-12-12 12:59:30.714000,1.11323,1.1132,750000,4570000
2019-12-12 12:59:30.815000,1.11324,1.1132,6260000,2320000
2019-12-12 12:59:32.838000,1.11324,1.11321,3940000,1500000
2019-12-12 12:59:33.336000,1.11323,1.11322,1500000,750000
2019-12-12 12:59:33.719000,1.11324,1.11321,5250000,750000
2019-12-12 12:59:33.821000,1.11323,1.11321,750000,750000
2019-12-12 12:59:36.671000,1.11324,1.11321,4010000,750000
2019-12-12 12:59:37.937000,1.11323,1.11321,750000,750000
2019-12-12 12:59:39.073000,1.11324,1.11321,4220000,2810000
2019-12-12 12:59:40.292000,1.11323,1.11321,750000,1870000
2019-12-12 12:59:40.393000,1.11324,1.11321,3070000,1870000
2019-12-12 12:59:40.494000,1.11323,1.11321,750000,1870000
2019-12-12 12:59:42.111000,1.11323,1.1132,1870000,7870000
2019-12-12 12:59:42.213000,1.11322,1.1132,820000,2810000
2019-12-12 12:59:42.690000,1.11323,1.1132,3370000,1500000
2019-12-12 12:59:43.104000,1.11322,1.1132,1570000,560000
2019-12-12 12:59:43.206000,1.11321,1.11319,190000,560000
2019-12-12 12:59:43.408000,1.11322,1.11319,4460000,1310000
2019-12-12 12:59:44.089000,1.11321,1.1132,750000,940000
2019-12-12 12:59:44.190000,1.11322,1.1132,750000,2060000
2019-12-12 12:59:44.671000,1.11323,1.1132,4200000,2060000
2019-12-12 12:59:44.859000,1.11323,1.1132,3450000,1310000
2019-12-12 12:59:45.092000,1.11323,1.1132,3370000,2810000
2019-12-12 12:59:48.443000,1.11322,1.1132,1690000,370000
2019-12-12 12:59:48.545000,1.11322,1.11319,10570000,1740000
2019-12-12 12:59:49.640000,1.11322,1.11321,2620000,820000
2019-12-12 12:59:49.844000,1.11323,1.11321,820000,100000
2019-12-12 12:59:51.123000,1.11321,1.11319,750000,3070000
2019-12-12 12:59:51.327000,1.11321,1.11318,750000,6640000
2019-12-12 12:59:51.428000,1.11322,1.11318,2320000,5890000
2019-12-12 12:59:51.535000,1.11321,1.11318,940000,4200000
2019-12-12 12:59:51.637000,1.11321,1.1132,2510000,100000
2019-12-12 12:59:53.531000,1.11321,1.11318,940000,2700000
2019-12-12 12:59:57.317000,1.11321,1.11319,190000,750000
2019-12-12 12:59:58.194000,1.11321,1.11318,3000000,1500000
2019-12-12 12:59:58.295000,1.11321,1.11319,1120000,100000
2019-12-12 12:59:58.397000,1.1132,1.11319,750000,820000
2019-12-12 12:59:58.602000,1.11321,1.11319,750000,100000
2019-12-12 12:59:59.110000,1.11321,1.11318,9190000,3070000
2019-12-12 12:59:59.212000,1.1132,1.11319,750000,750000
2019-12-12 12:59:59.313000,1.1132,1.11318,1870000,1010000
2019-12-12 12:59:59.675000,1.1132,1.11319,370000,190000
2019-12-12 13:00:00.100000,1.11321,1.11319,2440000,750000
