time,ask,bid,ask_volume,bid_volume
2019-05-23 12:25:00.669000,1.11386,1.11385,1000000,3370000
2019-05-23 12:25:00.776000,1.11385,1.11383,1000000,2320000
2019-05-23 12:25:00.878000,1.11386,1.11383,3370000,1120000
2019-05-23 12:25:01.133000,1.11386,1.11384,3370000,1000000
2019-05-23 12:25:02.153000,1.11385,1.11384,1000000,1000000
2019-05-23 12:25:02.256000,1.11386,1.11384,2250000,1000000
2019-05-23 12:25:02.375000,1.11386,1.11383,2250000,1000000
2019-05-23 12:25:02.491000,1.11385,1.11383,1500000,1000000
2019-05-23 12:25:03.681000,1.11385,1.11384,1500000,1000000
2019-05-23 12:25:03.804000,1.11387,1.11385,1200000,1750000
2019-05-23 12:25:03.906000,1.11388,1.11385,1250000,2870000
2019-05-23 12:25:04.318000,1.11387,1.11385,1000000,5870000
2019-05-23 12:25:05.128000,1.11387,1.11385,1500000,3370000
2019-05-23 12:25:05.491000,1.11387,1.11384,8250000,3560000
2019-05-23 12:25:05.593000,1.11387,1.11384,9120000,1310000
2019-05-23 12:25:06.911000,1.11387,1.11384,7870000,1250000
2019-05-23 12:25:07.013000,1.11387,1.11386,4120000,1120000
2019-05-23 12:25:07.166000,1.11388,1.11385,2620000,2190000
2019-05-23 12:25:07.268000,1.11387,1.11385,1500000,2190000
2019-05-23 12:25:07.697000,1.11387,1.11384,1500000,1750000
2019-05-23 12:25:09.230000,1.11388,1.11385,2250000,2060000
2019-05-23 12:25:09.960000,1.11387,1.11385,1000000,7310000
2019-05-23 12:25:10.130000,1.11388,1.11385,4120000,5060000
2019-05-23 12:25:10.512000,1.11387,1.11385,1000000,5060000
2019-05-23 12:25:10.630000,1.11388,1.11385,2250000,2810000
2019-05-23 12:25:14.490000,1.11388,1.11385,2250000,2940000
2019-05-23 12:25:18.303000,1.11388,1.11387,1000000,1000000
2019-05-23 12:25:18.405000,1.11388,1.11386,1000000,1120000
2019-05-23 12:25:18.990000,1.11387,1.11386,1000000,1000000
2019-05-23 12:25:22.798000,1.11388,1.11386,3000000,1500000
2019-05-23 12:25:23.662000,1.1139,1.11387,7500000,1500000
2019-05-23 12:25:23.714000,1.1139,1.11389,1310000,1000000
2019-05-23 12:25:23.816000,1.11391,1.11388,2870000,1000000
2019-05-23 12:25:23.918000,1.1139,1.11387,1250000,6370000
2019-05-23 12:25:24.020000,1.1139,1.11388,3190000,1500000
2019-05-23 12:25:24.162000,1.1139,1.11387,1250000,6450000
2019-05-23 12:25:24.269000,1.1139,1.11388,3190000,1000000
2019-05-23 12:25:24.371000,1.1139,1.11387,2440000,4870000
2019-05-23 12:25:25.084000,1.11389,1.11387,1000000,3070000
2019-05-23 12:25:25.187000,1.11389,1.11387,1000000,7570000
2019-05-23 12:25:25.594000,1.11388,1.11386,1690000,3640000
2019-05-23 12:25:26.238000,1.11387,1.11385,1000000,4500000
2019-05-23 12:25:26.407000,1.11386,1.11384,2250000,4500000
2019-05-23 12:25:26.612000,1.11385,1.11383,1000000,3820000
2019-05-23 12:25:26.714000,1.11386,1.11383,1000000,1570000
2019-05-23 12:25:28.045000,1.11385,1.11383,1000000,3450000
2019-05-23 12:25:28.801000,1.11386,1.11383,2620000,1200000
2019-05-23 12:25:28.950000,1.11386,1.11382,3370000,9260000
2019-05-23 12:25:29.067000,1.11386,1.11383,1500000,1000000
2019-05-23 12:25:29.220000,1.11387,1.11383,13310000,1500000
2019-05-23 12:25:29.321000,1.11386,1.11383,3750000,4500000
2019-05-23 12:25:29.867000,1.11387,1.11383,13310000,1950000
2019-05-23 12:25:29.969000,1.11386,1.11383,1500000,4950000
2019-05-23 12:25:30.194000,1.11386,1.11382,3750000,5140000
2019-05-23 12:25:30.564000,1.11386,1.11383,5250000,1120000
2019-05-23 12:25:30.666000,1.11385,1.11382,1500000,5510000
2019-05-23 12:25:31.196000,1.11386,1.11382,6750000,10010000
2019-05-23 12:25:31.611000,1.11386,1.11382,4870000,6760000
2019-05-23 12:25:32.082000,1.11385,1.11382,1000000,7140000
2019-05-23 12:25:32.344000,1.11386,1.11383,6000000,3370000
2019-05-23 12:25:32.862000,1.11386,1.11384,4120000,1000000
2019-05-23 12:25:32.964000,1.11386,1.11383,1870000,1870000
2019-05-23 12:25:33.066000,1.11385,1.11384,1000000,1000000
2019-05-23 12:25:33.215000,1.11385,1.11383,1000000,1120000
2019-05-23 12:25:33.316000,1.11384,1.11383,1000000,1120000
2019-05-23 12:25:33.418000,1.11385,1.11383,1500000,1120000
2019-05-23 12:25:34.760000,1.11384,1.11383,1000000,1120000
2019-05-23 12:25:34.862000,1.11385,1.11383,1870000,1120000
2019-05-23 12:25:35.477000,1.11384,1.11383,1000000,1950000
2019-05-23 12:25:39.112000,1.11385,1.11383,1120000,1120000
2019-05-23 12:25:43.895000,1.11383,1.11382,1000000,4310000
2019-05-23 12:25:43.997000,1.11385,1.11382,1810000,2060000
2019-05-23 12:25:44.963000,1.11382,1.11381,1000000,1500000
2019-05-23 12:25:45.102000,1.11383,1.1138,4120000,2810000
2019-05-23 12:25:45.204000,1.11382,1.1138,1000000,5810000
2019-05-23 12:25:46.980000,1.11382,1.11379,2440000,1120000
2019-05-23 12:25:48.393000,1.11381,1.11379,1250000,1000000
2019-05-23 12:25:48.496000,1.11379,1.11377,1310000,5810000
2019-05-23 12:25:48.598000,1.11378,1.11376,1000000,12520000
2019-05-23 12:25:48.886000,1.11379,1.11376,3560000,10660000
2019-05-23 12:25:49.397000,1.11378,1.11376,1000000,2440000
2019-05-23 12:25:49.499000,1.11378,1.11375,3940000,2700000
2019-05-23 12:25:49.601000,1.11377,1.11375,1250000,1120000
2019-05-23 12:25:49.754000,1.11378,1.11376,1310000,1000000
2019-05-23 12:25:54.828000,1.11379,1.11376,3620000,1000000
2019-05-23 12:25:54.931000,1.11378,1.11377,1250000,1000000
2019-05-23 12:25:57.487000,1.11377,1.11375,1000000,4500000
2019-05-23 12:25:57.590000,1.11375,1.11373,3250000,1000000
2019-05-23 12:25:57.692000,1.11375,1.11372,6250000,1500000
2019-05-23 12:25:57.794000,1.11375,1.11371,14700000,3370000
2019-05-23 12:25:57.896000,1.11373,1.11371,1000000,4120000
2019-05-23 12:26:00.323000,1.11375,1.11371,14470000,3750000
2019-05-23 12:26:00.675000,1.11374,1.11372,2060000,1000000
2019-05-23 12:26:00.879000,1.11375,1.11371,10690000,6560000
2019-05-23 12:26:00.981000,1.11377,1.11375,3950000,1000000
2019-05-23 12:26:01.114000,1.11376,1.11374,1120000,1870000
2019-05-23 12:26:01.268000,1.11375,1.11373,1000000,3870000
2019-05-23 12:26:01.852000,1.11376,1.11374,4870000,1000000
2019-05-23 12:26:02.209000,1.11375,1.11374,1000000,1000000
2019-05-23 12:26:02.372000,1.11376,1.11374,2250000,1000000
2019-05-23 12:26:02.974000,1.11377,1.11375,10910000,1000000
2019-05-23 12:26:03.076000,1.11377,1.11374,7120000,3940000
2019-05-23 12:26:04.886000,1.11377,1.11375,1870000,1000000
2019-05-23 12:26:04.938000,1.11376,1.11374,1000000,6000000
2019-05-23 12:26:04.989000,1.11377,1.11375,2140000,1000000
2019-05-23 12:26:05.040000,1.11376,1.11374,1120000,7870000
2019-05-23 12:26:05.401000,1.11377,1.11376,1500000,1000000
2019-05-23 12:26:05.453000,1.11379,1.11376,10120000,1250000
2019-05-23 12:26:06.215000,1.11378,1.11376,1000000,1250000
2019-05-23 12:26:06.316000,1.11379,1.11377,8620000,1000000
2019-05-23 12:26:13.184000,1.1138,1.11376,6750000,6620000
2019-05-23 12:26:13.855000,1.11379,1.11377,1000000,3190000
2019-05-23 12:26:13.967000,1.1138,1.11377,7120000,1250000
2019-05-23 12:26:14.069000,1.11379,1.11377,1000000,1250000
2019-05-23 12:26:14.121000,1.1138,1.11379,3000000,2440000
2019-05-23 12:26:14.225000,1.11385,1.11382,6450000,1690000
2019-05-23 12:26:14.329000,1.11386,1.11383,4120000,2440000
2019-05-23 12:26:15.558000,1.11385,1.11383,1000000,2850000
2019-05-23 12:26:15.660000,1.11386,1.11383,6000000,2100000
2019-05-23 12:26:15.957000,1.11385,1.11383,1000000,2100000
2019-05-23 12:26:16.185000,1.11386,1.11383,6000000,2100000
2019-05-23 12:26:16.473000,1.11386,1.11382,4500000,3560000
2019-05-23 12:26:16.881000,1.11385,1.11383,1000000,1000000
2019-05-23 12:26:17.456000,1.11386,1.11382,4500000,3190000
2019-05-23 12:26:17.904000,1.11385,1.11383,1500000,1500000
2019-05-23 12:26:18.058000,1.11384,1.11382,1000000,3940000
2019-05-23 12:26:18.162000,1.11383,1.11382,1000000,2810000
2019-05-23 12:26:19.154000,1.11383,1.11381,1000000,1870000
2019-05-23 12:26:25.438000,1.11384,1.11382,1690000,1000000
2019-05-23 12:26:26.013000,1.11384,1.11382,2440000,1000000
2019-05-23 12:26:26.218000,1.11385,1.11384,1690000,1000000
2019-05-23 12:26:26.320000,1.11385,1.11383,1750000,1120000
2019-05-23 12:26:26.694000,1.11385,1.11384,1690000,1000000
2019-05-23 12:26:27.760000,1.11386,1.11384,9620000,1000000
2019-05-23 12:26:27.934000,1.11386,1.11383,14120000,1120000
2019-05-23 12:26:28.886000,1.11386,1.11385,1000000,1000000
2019-05-23 12:26:28.989000,1.11389,1.11387,7750000,1000000
2019-05-23 12:26:29.249000,1.11388,1.11386,1690000,1000000
2019-05-23 12:26:30.013000,1.11389,1.11386,1120000,1000000
2019-05-23 12:26:30.304000,1.11389,1.11387,6000000,1000000
2019-05-23 12:26:30.406000,1.11389,1.11387,1120000,2750000
2019-05-23 12:26:30.610000,1.1139,1.11387,4440000,1870000
2019-05-23 12:26:30.961000,1.1139,1.11387,9190000,3000000
2019-05-23 12:26:31.258000,1.11389,1.11387,1500000,1000000
2019-05-23 12:26:31.360000,1.11388,1.11386,1250000,8620000
2019-05-23 12:26:31.607000,1.11388,1.11386,2500000,1870000
2019-05-23 12:26:31.812000,1.11388,1.11385,1810000,5230000
2019-05-23 12:26:32.465000,1.11388,1.11386,2940000,1000000
2019-05-23 12:26:32.567000,1.11388,1.11385,2940000,6370000
2019-05-23 12:26:32.669000,1.11388,1.11385,2440000,6000000
2019-05-23 12:26:33.335000,1.11387,1.11385,1000000,6000000
2019-05-23 12:26:34.315000,1.11388,1.11385,2440000,4500000
2019-05-23 12:26:34.884000,1.11386,1.11385,1120000,1000000
2019-05-23 12:26:34.986000,1.11386,1.11384,1120000,5250000
2019-05-23 12:26:35.696000,1.11387,1.11385,4500000,1120000
2019-05-23 12:26:35.799000,1.11388,1.11385,1310000,6220000
2019-05-23 12:26:35.973000,1.11387,1.11385,1000000,4120000
2019-05-23 12:26:36.075000,1.11389,1.11385,10500000,3370000
2019-05-23 12:26:36.177000,1.11387,1.11385,1870000,4870000
2019-05-23 12:26:38.695000,1.11388,1.11385,2440000,4500000
2019-05-23 12:26:39.031000,1.11386,1.11385,1000000,1500000
2019-05-23 12:26:39.650000,1.11388,1.11385,8870000,1000000
2019-05-23 12:26:40.433000,1.11386,1.11384,1000000,2250000
2019-05-23 12:26:41.691000,1.11387,1.11385,2560000,1500000
2019-05-23 12:26:41.793000,1.11387,1.11384,2810000,1870000
2019-05-23 12:26:41.895000,1.11386,1.11384,1000000,4120000
2019-05-23 12:26:42.288000,1.11387,1.11384,2810000,1870000
2019-05-23 12:26:42.419000,1.11387,1.11384,2910000,1870000
2019-05-23 12:26:42.522000,1.11387,1.11383,4060000,13360000
2019-05-23 12:26:42.624000,1.11387,1.11383,4060000,12990000
2019-05-23 12:26:43.078000,1.11387,1.11384,8560000,1870000
2019-05-23 12:26:43.180000,1.11387,1.11383,4060000,12990000
2019-05-23 12:26:43.361000,1.11387,1.11383,4060000,12990000
2019-05-23 12:26:43.564000,1.11387,1.11384,5190000,1000000
2019-05-23 12:26:45.116000,1.11387,1.11384,6260000,3370000
2019-05-23 12:26:45.220000,1.11387,1.11384,5160000,3000000
2019-05-23 12:26:45.714000,1.11387,1.11384,7390000,3750000
2019-05-23 12:26:46.974000,1.11387,1.11385,1000000,1500000
2019-05-23 12:26:47.076000,1.11388,1.11386,2060000,1120000
2019-05-23 12:26:49.831000,1.11388,1.11387,3190000,1000000
2019-05-23 12:26:50.260000,1.11388,1.11386,2810000,1120000
2019-05-23 12:26:50.958000,1.11388,1.11385,1690000,6220000
2019-05-23 12:26:52.379000,1.11388,1.11386,2810000,1500000
2019-05-23 12:26:52.669000,1.11388,1.11385,2060000,6220000
2019-05-23 12:26:53.115000,1.11388,1.11386,1310000,2250000
2019-05-23 12:26:53.218000,1.11389,1.11385,8620000,5470000
2019-05-23 12:26:53.827000,1.11389,1.11386,8620000,1000000
2019-05-23 12:26:58.104000,1.11389,1.11386,3940000,1870000
2019-05-23 12:26:58.267000,1.1139,1.11387,1120000,5290000
2019-05-23 12:26:58.369000,1.1139,1.11388,2620000,1000000
2019-05-23 12:26:58.472000,1.11392,1.1139,3860000,2250000
2019-05-23 12:26:58.575000,1.11391,1.11388,3940000,6870000
2019-05-23 12:26:58.728000,1.1139,1.11389,1000000,1500000
2019-05-23 12:26:58.856000,1.1139,1.11388,1000000,2620000
2019-05-23 12:26:58.969000,1.11391,1.11388,3560000,1870000
2019-05-23 12:26:59.070000,1.1139,1.11388,1000000,2620000
2019-05-23 12:26:59.475000,1.11392,1.11389,9940000,1000000
2019-05-23 12:26:59.579000,1.11393,1.11391,8140000,3000000
2019-05-23 12:26:59.682000,1.11393,1.11392,1690000,1000000
2019-05-23 12:26:59.841000,1.11395,1.11392,2190000,3220000
2019-05-23 12:27:00.697000,1.11395,1.11392,3940000,6220000
2019-05-23 12:27:01.086000,1.11394,1.11392,1120000,3220000
2019-05-23 12:27:01.734000,1.11395,1.11392,5810000,1350000
2019-05-23 12:27:02.995000,1.11394,1.11392,1000000,2100000
2019-05-23 12:27:03.097000,1.11395,1.11391,2810000,14490000
2019-05-23 12:27:03.920000,1.11394,1.11392,1000000,2850000
2019-05-23 12:27:04.022000,1.11393,1.11391,3190000,1000000
2019-05-23 12:27:04.127000,1.11393,1.1139,2440000,3750000
2019-05-23 12:27:04.885000,1.11393,1.11391,2440000,1000000
2019-05-23 12:27:05.086000,1.11394,1.11391,4690000,1500000
2019-05-23 12:27:05.431000,1.11393,1.11391,1500000,1500000
2019-05-23 12:27:05.585000,1.11394,1.11391,4690000,1500000
2019-05-23 12:27:05.779000,1.11393,1.1139,4750000,2810000
2019-05-23 12:27:05.882000,1.11391,1.11388,2500000,3560000
2019-05-23 12:27:06.187000,1.11391,1.11389,9640000,1000000
2019-05-23 12:27:07.639000,1.1139,1.11388,1250000,2060000
2019-05-23 12:27:08.408000,1.11391,1.11389,8120000,1500000
2019-05-23 12:27:10.454000,1.11391,1.11389,3370000,2250000
2019-05-23 12:27:11.168000,1.11393,1.1139,3620000,1120000
2019-05-23 12:27:11.270000,1.11393,1.1139,1120000,1120000
2019-05-23 12:27:11.487000,1.11392,1.11389,1120000,3190000
2019-05-23 12:27:11.590000,1.11392,1.11389,4370000,3000000
2019-05-23 12:27:11.692000,1.11391,1.11389,4370000,3370000
2019-05-23 12:27:12.066000,1.1139,1.11388,1250000,2250000
2019-05-23 12:27:12.662000,1.11391,1.11389,6620000,1120000
2019-05-23 12:27:13.665000,1.11391,1.11388,1370000,1120000
2019-05-23 12:27:14.704000,1.11391,1.11389,3620000,1000000
2019-05-23 12:27:14.807000,1.11391,1.11388,1250000,6590000
2019-05-23 12:27:14.959000,1.11392,1.1139,10010000,1000000
2019-05-23 12:27:15.062000,1.11392,1.11391,1000000,1500000
2019-05-23 12:27:15.210000,1.11395,1.11391,12970000,4720000
2019-05-23 12:27:16.064000,1.11394,1.11391,1690000,4120000
2019-05-23 12:27:30.669000,1.11395,1.11393,3940000,1000000
2019-05-23 12:27:30.720000,1.11396,1.11395,8320000,1000000
2019-05-23 12:27:30.834000,1.11398,1.11396,1000000,1690000
2019-05-23 12:27:30.936000,1.11399,1.11396,3640000,2060000
2019-05-23 12:27:31.622000,1.11398,1.11396,4500000,1690000
2019-05-23 12:27:32.310000,1.11398,1.11395,4690000,3750000
2019-05-23 12:27:36.020000,1.11397,1.11394,1250000,9370000
2019-05-23 12:27:36.141000,1.11397,1.11395,1250000,1000000
2019-05-23 12:27:38.195000,1.11398,1.11396,1250000,1000000
2019-05-23 12:27:38.421000,1.11399,1.11395,12470000,3560000
2019-05-23 12:27:40.083000,1.11399,1.11395,4870000,7310000
2019-05-23 12:27:40.337000,1.11399,1.11396,1870000,1000000
2019-05-23 12:27:41.217000,1.11399,1.11397,3000000,1000000
2019-05-23 12:27:41.353000,1.11399,1.11396,3750000,2620000
2019-05-23 12:27:45.191000,1.11398,1.11396,1000000,1120000
2019-05-23 12:27:45.293000,1.11396,1.11395,1120000,1000000
2019-05-23 12:27:45.395000,1.11396,1.11393,4540000,8190000
2019-05-23 12:27:45.874000,1.11397,1.11394,1000000,5060000
2019-05-23 12:27:45.977000,1.11398,1.11394,1500000,8500000
2019-05-23 12:27:51.611000,1.11397,1.11394,3940000,3450000
2019-05-23 12:27:51.858000,1.11397,1.11395,3370000,1000000
2019-05-23 12:27:51.960000,1.11398,1.11395,1310000,1500000
2019-05-23 12:27:52.211000,1.11397,1.11394,1000000,4310000
2019-05-23 12:27:52.313000,1.11396,1.11394,1000000,2250000
2019-05-23 12:27:52.525000,1.11397,1.11394,4690000,1000000
2019-05-23 12:27:52.627000,1.11397,1.11393,2440000,13540000
2019-05-23 12:27:52.751000,1.11397,1.11394,3190000,5250000
2019-05-23 12:27:53.628000,1.11396,1.11394,1000000,3000000
2019-05-23 12:27:53.883000,1.11397,1.11395,2250000,3190000
2019-05-23 12:27:53.985000,1.11398,1.11396,4120000,1000000
2019-05-23 12:27:54.087000,1.11398,1.11395,5620000,5440000
2019-05-23 12:27:58.748000,1.11398,1.11396,1000000,4720000
2019-05-23 12:27:58.901000,1.11398,1.11397,1000000,1000000
2019-05-23 12:27:59.014000,1.11398,1.11396,1250000,4160000
2019-05-23 12:27:59.371000,1.11398,1.11397,1250000,1500000
2019-05-23 12:28:00.240000,1.11399,1.11396,1250000,5440000
2019-05-23 12:28:00.621000,1.11399,1.11397,1750000,1000000
2019-05-23 12:28:00.766000,1.11399,1.11396,1750000,3940000
2019-05-23 12:28:00.920000,1.11399,1.11396,2120000,4440000
2019-05-23 12:28:01.286000,1.11399,1.11396,1120000,5250000
2019-05-23 12:28:02.152000,1.11399,1.11396,2810000,3000000
2019-05-23 12:28:02.255000,1.11398,1.11396,3000000,1000000
2019-05-23 12:28:02.682000,1.11399,1.11395,5660000,5620000
2019-05-23 12:28:03.133000,1.11398,1.11395,5190000,8250000
2019-05-23 12:28:03.819000,1.11396,1.11394,1000000,5250000
2019-05-23 12:28:03.922000,1.11397,1.11393,4690000,10120000
2019-05-23 12:28:04.075000,1.11396,1.11394,1000000,4690000
2019-05-23 12:28:04.177000,1.11397,1.11395,1120000,1500000
2019-05-23 12:28:04.324000,1.11398,1.11394,6310000,11060000
2019-05-23 12:28:04.864000,1.11397,1.11395,2620000,1500000
2019-05-23 12:28:04.984000,1.11397,1.11394,1870000,16440001
2019-05-23 12:28:05.628000,1.11398,1.11395,3310000,1000000
2019-05-23 12:28:05.882000,1.11398,1.11394,5560000,6560000
2019-05-23 12:28:07.079000,1.11397,1.11395,1120000,1000000
2019-05-23 12:28:07.342000,1.11396,1.11394,1000000,2440000
2019-05-23 12:28:07.394000,1.11395,1.11393,1000000,10870000
2019-05-23 12:28:07.495000,1.11397,1.11393,8510000,10120000
2019-05-23 12:28:07.970000,1.11396,1.11393,1000000,12370000
2019-05-23 12:28:08.072000,1.11397,1.11394,6640000,1120000
2019-05-23 12:28:08.226000,1.11396,1.11394,1000000,1000000
2019-05-23 12:28:09.854000,1.11396,1.11393,1120000,7870000
2019-05-23 12:28:09.956000,1.11395,1.11394,1500000,1000000
2019-05-23 12:28:10.007000,1.11394,1.11392,1000000,3190000
2019-05-23 12:28:10.110000,1.11393,1.11392,1690000,1000000
2019-05-23 12:28:10.212000,1.11393,1.11391,1720000,1000000
2019-05-23 12:28:10.327000,1.11393,1.1139,3220000,7120000
2019-05-23 12:28:11.119000,1.11393,1.11391,2620000,1870000
2019-05-23 12:28:15.253000,1.11393,1.11391,1970000,1000000
2019-05-23 12:28:15.355000,1.11393,1.11391,1200000,1000000
2019-05-23 12:28:15.579000,1.11392,1.11391,1000000,1000000
2019-05-23 12:28:15.683000,1.11393,1.11391,1800000,1000000
2019-05-23 12:28:15.887000,1.11393,1.11391,3100000,1000000
2019-05-23 12:28:16.039000,1.11393,1.11391,2320000,1000000
2019-05-23 12:28:16.365000,1.11393,1.11391,2350000,1000000
2019-05-23 12:28:16.763000,1.11393,1.11391,2250000,1000000
2019-05-23 12:28:16.815000,1.11392,1.11389,1120000,4310000
2019-05-23 12:28:17.971000,1.11392,1.11388,1120000,11810000
2019-05-23 12:28:18.073000,1.11392,1.11389,1950000,1500000
2019-05-23 12:28:19.341000,1.11392,1.11388,1200000,11060000
2019-05-23 12:28:19.443000,1.11392,1.11389,2700000,1000000
2019-05-23 12:28:20.963000,1.11392,1.11389,6570000,2620000
2019-05-23 12:28:24.142000,1.11391,1.11388,1000000,1500000
2019-05-23 12:28:24.243000,1.11392,1.11388,11140000,1000000
2019-05-23 12:28:24.541000,1.1139,1.11387,1310000,7250000
2019-05-23 12:28:24.643000,1.11388,1.11386,1000000,11440000
2019-05-23 12:28:25.441000,1.11389,1.11387,3370000,1000000
2019-05-23 12:28:26.158000,1.11389,1.11387,1870000,1000000
2019-05-23 12:28:26.733000,1.11388,1.11387,1500000,1000000
2019-05-23 12:28:26.886000,1.11388,1.11387,1000000,1000000
2019-05-23 12:28:27.582000,1.11389,1.11387,3750000,1000000
2019-05-23 12:28:27.813000,1.11389,1.11385,7500000,9670000
2019-05-23 12:28:27.865000,1.11386,1.11385,2250000,1000000
2019-05-23 12:28:27.980000,1.11385,1.11382,1250000,2440000
2019-05-23 12:28:28.083000,1.11384,1.11381,2140000,1500000
2019-05-23 12:28:28.356000,1.11382,1.1138,1000000,1000000
2019-05-23 12:28:28.458000,1.11382,1.11381,1000000,1000000
2019-05-23 12:28:28.585000,1.11383,1.11381,3260000,1000000
2019-05-23 12:28:28.687000,1.11383,1.11381,5890000,1000000
2019-05-23 12:28:28.840000,1.11382,1.11381,1000000,1000000
2019-05-23 12:28:28.941000,1.11383,1.11381,2510000,1000000
2019-05-23 12:28:29.446000,1.11383,1.1138,3820000,1000000
2019-05-23 12:28:29.498000,1.11381,1.11379,4120000,1000000
2019-05-23 12:28:29.600000,1.11381,1.11379,2350000,1000000
2019-05-23 12:28:30.249000,1.11381,1.11379,1950000,1000000
2019-05-23 12:28:30.751000,1.11382,1.1138,6110000,1000000
2019-05-23 12:28:30.853000,1.11381,1.1138,1000000,1000000
2019-05-23 12:28:30.963000,1.11381,1.11379,1000000,2250000
2019-05-23 12:28:31.807000,1.11382,1.11379,8140000,1000000
2019-05-23 12:28:31.934000,1.11382,1.11379,7490000,1000000
2019-05-23 12:28:34.849000,1.1138,1.11379,1000000,1000000
2019-05-23 12:28:35.306000,1.11382,1.11379,12040000,1000000
2019-05-23 12:28:36.349000,1.1138,1.11379,1870000,1500000
2019-05-23 12:28:38.519000,1.11382,1.11379,11960000,1000000
2019-05-23 12:28:39.937000,1.1138,1.11379,1000000,1000000
2019-05-23 12:28:40.286000,1.11381,1.11379,1870000,1000000
2019-05-23 12:28:45.900000,1.11381,1.1138,1950000,1000000
2019-05-23 12:28:45.952000,1.11381,1.11379,1950000,1000000
2019-05-23 12:28:46.057000,1.11383,1.1138,2350000,4160000
2019-05-23 12:28:46.108000,1.11384,1.11381,2290000,3000000
2019-05-23 12:28:46.210000,1.11384,1.11382,2440000,1000000
2019-05-23 12:28:51.532000,1.11386,1.11382,15320000,1000000
2019-05-23 12:28:54.047000,1.11385,1.11382,2120000,1000000
2019-05-23 12:28:54.529000,1.11385,1.11381,5870000,4500000
2019-05-23 12:28:54.682000,1.11385,1.11382,5870000,1000000
2019-05-23 12:28:55.114000,1.11385,1.11383,2870000,1000000
2019-05-23 12:28:57.985000,1.11385,1.11381,2870000,2620000
2019-05-23 12:28:58.036000,1.11384,1.11383,1250000,1000000
2019-05-23 12:28:59.487000,1.11385,1.11381,3620000,2620000
2019-05-23 12:29:00.457000,1.11385,1.11382,6620000,1000000
2019-05-23 12:29:00.561000,1.11385,1.11381,7000000,5620000
2019-05-23 12:29:00.875000,1.11383,1.11381,5120000,2620000
2019-05-23 12:29:01.001000,1.11383,1.1138,8440000,1000000
2019-05-23 12:29:01.357000,1.11383,1.11379,2060000,4310000
2019-05-23 12:29:01.737000,1.11383,1.1138,5060000,1000000
2019-05-23 12:29:01.940000,1.11384,1.11379,18670000,4310000
2019-05-23 12:29:02.124000,1.11382,1.11379,13300000,1000000
2019-05-23 12:29:03.030000,1.1138,1.11378,1250000,1870000
2019-05-23 12:29:03.429000,1.1138,1.11378,1250000,1870000
2019-05-23 12:29:08.161000,1.1138,1.11377,1250000,8810000
2019-05-23 12:29:08.314000,1.11382,1.11377,16049999,11060000
2019-05-23 12:29:08.748000,1.11381,1.11378,3250000,1000000
2019-05-23 12:29:09.601000,1.11381,1.11377,1250000,6370000
2019-05-23 12:29:09.855000,1.11381,1.11378,4000000,1000000
2019-05-23 12:29:09.957000,1.11381,1.11377,1250000,5620000
2019-05-23 12:29:10.157000,1.1138,1.11376,4690000,7200000
2019-05-23 12:29:10.266000,1.11379,1.11377,1000000,1500000
2019-05-23 12:29:10.474000,1.1138,1.11376,5440000,7120000
2019-05-23 12:29:10.687000,1.1138,1.11377,6940000,1500000
2019-05-23 12:29:10.901000,1.1138,1.11376,6190000,7500000
2019-05-23 12:29:11.104000,1.1138,1.11377,8060000,1500000
2019-05-23 12:29:11.230000,1.1138,1.11376,6560000,5620000
2019-05-23 12:29:11.471000,1.11379,1.11377,1000000,1500000
2019-05-23 12:29:11.573000,1.1138,1.11376,6560000,5620000
2019-05-23 12:29:11.933000,1.11379,1.11377,1000000,1500000
2019-05-23 12:29:12.288000,1.1138,1.11376,8440000,8250000
2019-05-23 12:29:12.725000,1.1138,1.11377,10690000,1000000
2019-05-23 12:29:13.466000,1.11379,1.11377,1000000,1500000
2019-05-23 12:29:13.567000,1.1138,1.11376,8440000,10120000
2019-05-23 12:29:14.227000,1.1138,1.11377,4910000,1000000
2019-05-23 12:29:14.330000,1.1138,1.11376,4160000,3370000
2019-05-23 12:29:15.793000,1.1138,1.11377,5810000,1000000
2019-05-23 12:29:16.300000,1.1138,1.11378,3560000,1000000
2019-05-23 12:29:16.657000,1.1138,1.11377,5060000,1000000
2019-05-23 12:29:16.759000,1.1138,1.11376,1310000,3370000
2019-05-23 12:29:16.911000,1.1138,1.11377,5060000,1000000
2019-05-23 12:29:17.014000,1.1138,1.11376,1310000,3370000
2019-05-23 12:29:17.946000,1.1138,1.11377,5060000,1500000
2019-05-23 12:29:19.816000,1.1138,1.11377,4370000,1500000
2019-05-23 12:29:21.594000,1.1138,1.11377,2060000,1000000
2019-05-23 12:29:22.080000,1.11379,1.11376,1000000,3370000
2019-05-23 12:29:22.183000,1.11379,1.11375,5470000,4240000
2019-05-23 12:29:22.312000,1.11377,1.11375,6940000,1500000
2019-05-23 12:29:22.414000,1.11377,1.11374,7910000,1000000
2019-05-23 12:29:22.516000,1.11377,1.11374,13690000,1000000
2019-05-23 12:29:22.669000,1.11377,1.11374,19010000,1000000
2019-05-23 12:29:25.828000,1.11377,1.11374,11060000,1000000
2019-05-23 12:29:25.931000,1.11375,1.11374,1000000,1000000
2019-05-23 12:29:30.987000,1.11375,1.11372,1500000,2440000
2019-05-23 12:29:32.659000,1.11375,1.11373,1000000,1000000
2019-05-23 12:29:33.159000,1.11375,1.11372,1500000,6940000
2019-05-23 12:29:33.261000,1.11375,1.11373,1500000,1000000
2019-05-23 12:29:33.661000,1.11376,1.11373,3940000,1000000
2019-05-23 12:29:35.017000,1.11377,1.11373,5920000,1500000
2019-05-23 12:29:35.222000,1.11377,1.11375,3750000,1000000
2019-05-23 12:29:35.325000,1.11377,1.11376,2250000,1120000
2019-05-23 12:29:35.441000,1.11381,1.11377,9830000,2250000
2019-05-23 12:29:35.696000,1.11381,1.11377,7570000,3000000
2019-05-23 12:29:35.991000,1.1138,1.11377,2250000,3750000
2019-05-23 12:29:36.218000,1.11381,1.11378,4200000,3000000
2019-05-23 12:29:36.356000,1.11381,1.11379,4200000,1500000
2019-05-23 12:29:38.183000,1.11382,1.1138,2620000,2250000
2019-05-23 12:29:38.286000,1.11383,1.11382,1500000,1000000
2019-05-23 12:29:38.430000,1.11384,1.11382,4200000,1500000
2019-05-23 12:29:40.283000,1.11383,1.11382,1000000,1500000
2019-05-23 12:29:40.385000,1.11384,1.11382,6670000,1500000
2019-05-23 12:29:45.683000,1.11384,1.11381,5620000,3000000
2019-05-23 12:29:45.785000,1.11383,1.1138,2100000,2250000
2019-05-23 12:29:45.896000,1.11383,1.11381,3750000,1000000
2019-05-23 12:29:45.997000,1.11383,1.1138,4120000,2250000
2019-05-23 12:29:46.099000,1.11383,1.11381,4870000,1000000
2019-05-23 12:29:46.226000,1.11383,1.1138,6000000,2250000
2019-05-23 12:29:46.420000,1.11383,1.11381,2620000,1000000
2019-05-23 12:29:46.573000,1.11383,1.1138,4500000,3750000
2019-05-23 12:29:46.675000,1.11382,1.11381,1120000,1000000
2019-05-23 12:29:46.727000,1.11382,1.11378,7350000,3450000
2019-05-23 12:29:46.833000,1.11382,1.11377,10720000,1500000
2019-05-23 12:29:46.937000,1.11382,1.11378,8700000,2250000
2019-05-23 12:29:47.041000,1.11382,1.11379,5620000,2250000
2019-05-23 12:29:47.145000,1.11381,1.11379,1120000,1000000
2019-05-23 12:29:47.247000,1.11381,1.11378,1120000,2250000
2019-05-23 12:29:47.508000,1.11382,1.11379,4870000,1000000
2019-05-23 12:29:47.761000,1.11382,1.11378,4120000,2250000
2019-05-23 12:29:48.006000,1.11382,1.11379,4870000,1000000
2019-05-23 12:29:48.109000,1.11384,1.11381,5250000,1000000
2019-05-23 12:29:49.124000,1.11383,1.11381,1500000,1000000
2019-05-23 12:29:49.264000,1.11384,1.11381,5250000,1000000
2019-05-23 12:29:49.366000,1.11383,1.11381,1000000,1500000
2019-05-23 12:29:49.467000,1.11384,1.11381,3000000,1500000
2019-05-23 12:29:49.821000,1.11383,1.11382,1500000,1000000
2019-05-23 12:29:49.927000,1.11384,1.11381,1000000,1500000
2019-05-23 12:29:50.031000,1.11384,1.11382,1120000,1500000
2019-05-23 12:29:51.067000,1.11384,1.11381,1000000,1500000
2019-05-23 12:29:51.331000,1.11385,1.11381,5620000,2250000
2019-05-23 12:29:51.884000,1.11385,1.11382,5620000,1000000
2019-05-23 12:29:52.229000,1.11385,1.11381,5620000,2250000
2019-05-23 12:29:52.679000,1.11385,1.11382,7120000,1000000
2019-05-23 12:29:52.930000,1.11385,1.11381,5620000,2250000
2019-05-23 12:29:53.140000,1.11384,1.11381,2250000,2250000
2019-05-23 12:29:53.867000,1.11384,1.11382,2250000,1000000
2019-05-23 12:29:54.616000,1.11385,1.11381,6750000,3000000
2019-05-23 12:29:55.251000,1.11385,1.11382,5620000,1000000
2019-05-23 12:29:55.725000,1.11384,1.11381,1500000,2250000
2019-05-23 12:29:55.827000,1.11384,1.11382,1500000,1000000
2019-05-23 12:29:55.929000,1.11384,1.11381,1000000,2250000
2019-05-23 12:29:56.031000,1.11385,1.11381,4870000,1000000
2019-05-23 12:29:56.143000,1.11384,1.11381,1000000,1000000
2019-05-23 12:29:56.296000,1.11383,1.11381,1500000,1000000
2019-05-23 12:29:56.399000,1.11384,1.1138,2250000,2250000
2019-05-23 12:29:56.502000,1.11384,1.11381,1120000,2250000
2019-05-23 12:29:56.613000,1.11384,1.11382,1120000,1000000
2019-05-23 12:29:56.715000,1.11384,1.11381,1120000,2250000
2019-05-23 12:29:56.817000,1.11385,1.11381,9000000,2250000
2019-05-23 12:29:56.919000,1.11384,1.11381,1500000,2250000
2019-05-23 12:29:57.027000,1.11385,1.11381,8250000,2250000
2019-05-23 12:29:57.233000,1.11384,1.11382,1120000,1000000
2019-05-23 12:29:57.869000,1.11385,1.11382,7870000,1000000
2019-05-23 12:29:58.568000,1.11384,1.11382,1120000,1000000
2019-05-23 12:29:59.604000,1.11384,1.11381,1000000,2250000
2019-05-23 12:29:59.741000,1.11385,1.11381,3000000,2250000
2019-05-23 12:30:00.010000,1.11386,1.11381,4500000,2250000
2019-05-23 12:30:00.112000,1.11385,1.11381,2620000,2250000
2019-05-23 12:30:00.247000,1.11385,1.11382,1870000,1000000
2019-05-23 12:30:00.348000,1.11386,1.11382,3370000,1500000
2019-05-23 12:30:00.450000,1.11385,1.11382,1000000,1500000
2019-05-23 12:30:00.777000,1.11386,1.11382,3370000,1000000
2019-05-23 12:30:00.878000,1.11385,1.11382,1000000,1000000
2019-05-23 12:30:01.020000,1.11384,1.11381,1000000,2250000
2019-05-23 12:30:01.122000,1.11384,1.11382,1000000,1500000
2019-05-23 12:30:02.037000,1.11384,1.11383,1000000,1250000
2019-05-23 12:30:02.139000,1.11384,1.11382,1000000,1250000
2019-05-23 12:30:02.241000,1.11388,1.11384,4500000,7120000
2019-05-23 12:30:02.345000,1.11391,1.11387,1500000,3750000
2019-05-23 12:30:02.447000,1.11392,1.11387,4870000,1500000
2019-05-23 12:30:02.701000,1.11391,1.11387,1500000,2250000
2019-05-23 12:30:02.823000,1.11391,1.11388,1500000,1000000
2019-05-23 12:30:02.925000,1.11392,1.11388,8620000,1000000
2019-05-23 12:30:03.027000,1.11392,1.11387,5620000,1500000
2019-05-23 12:30:03.561000,1.11391,1.11387,3750000,2250000
2019-05-23 12:30:03.669000,1.11392,1.11387,9370000,1500000
2019-05-23 12:30:04.047000,1.11391,1.11388,1000000,1000000
2019-05-23 12:30:04.149000,1.11392,1.11387,7120000,1500000
2019-05-23 12:30:04.427000,1.11391,1.11387,3000000,2250000
2019-05-23 12:30:04.529000,1.11392,1.11387,8620000,1500000
2019-05-23 12:30:04.724000,1.11391,1.11387,3000000,2250000
2019-05-23 12:30:04.827000,1.11392,1.11387,7120000,1500000
2019-05-23 12:30:05.031000,1.11391,1.11387,2250000,1500000
2019-05-23 12:30:05.549000,1.11391,1.11388,2250000,2250000
2019-05-23 12:30:05.651000,1.11394,1.1139,9600000,1500000
2019-05-23 12:30:05.754000,1.11394,1.11391,1000000,1000000
2019-05-23 12:30:05.888000,1.11395,1.1139,4870000,3750000
2019-05-23 12:30:05.990000,1.11395,1.11392,5060000,1250000
2019-05-23 12:30:07.959000,1.11394,1.11391,1000000,1750000
2019-05-23 12:30:08.235000,1.11395,1.11391,9560000,1250000
2019-05-23 12:30:08.409000,1.11393,1.1139,2560000,4500000
2019-05-23 12:30:08.511000,1.11391,1.11389,1870000,2500000
2019-05-23 12:30:08.562000,1.11391,1.11386,2620000,7310000
2019-05-23 12:30:08.664000,1.11391,1.11387,3000000,1000000
2019-05-23 12:30:08.766000,1.11391,1.11388,5250000,1000000
2019-05-23 12:30:08.868000,1.11391,1.11387,2620000,2250000
2019-05-23 12:30:09.027000,1.1139,1.11387,1000000,2250000
2019-05-23 12:30:09.129000,1.11391,1.11387,1870000,2250000
2019-05-23 12:30:09.341000,1.11391,1.11388,3370000,1000000
2019-05-23 12:30:09.443000,1.11391,1.11387,1870000,2250000
2019-05-23 12:30:09.609000,1.1139,1.11387,1000000,3560000
2019-05-23 12:30:09.711000,1.11391,1.11387,3000000,1250000
2019-05-23 12:30:10.140000,1.1139,1.11388,1000000,1000000
2019-05-23 12:30:10.242000,1.1139,1.11387,1000000,1310000
2019-05-23 12:30:10.481000,1.11391,1.11387,2250000,2060000
2019-05-23 12:30:10.805000,1.11391,1.11388,3750000,1000000
2019-05-23 12:30:10.907000,1.11391,1.11387,1500000,2440000
2019-05-23 12:30:10.959000,1.11389,1.11387,1250000,1690000
2019-05-23 12:30:11.119000,1.11389,1.11386,1690000,1120000
2019-05-23 12:30:11.222000,1.11388,1.11386,1000000,2620000
2019-05-23 12:30:13.206000,1.11389,1.11386,2140000,1000000
2019-05-23 12:30:14.549000,1.11389,1.11385,3260000,2620000
2019-05-23 12:30:14.760000,1.11389,1.11386,6260000,1000000
2019-05-23 12:30:14.862000,1.11389,1.11385,3640000,4120000
2019-05-23 12:30:15.367000,1.11389,1.11386,3640000,1000000
2019-05-23 12:30:15.469000,1.1139,1.11387,6950000,1000000
2019-05-23 12:30:15.571000,1.1139,1.11386,1820000,4500000
2019-05-23 12:30:15.673000,1.11391,1.11386,10100000,5440000
2019-05-23 12:30:16.626000,1.11391,1.11387,4820000,1120000
2019-05-23 12:30:17.680000,1.11392,1.11388,13160000,1870000
2019-05-23 12:30:18.059000,1.11392,1.11388,8140000,1870000
2019-05-23 12:30:18.161000,1.11391,1.11389,2250000,1000000
2019-05-23 12:30:18.263000,1.11391,1.11388,3190000,2620000
2019-05-23 12:30:18.844000,1.11391,1.11389,4690000,1000000
2019-05-23 12:30:19.058000,1.11391,1.11388,1250000,1870000
2019-05-23 12:30:19.379000,1.11391,1.11388,3620000,1120000
2019-05-23 12:30:19.881000,1.11391,1.11389,9250000,1000000
2019-05-23 12:30:20.034000,1.11391,1.11389,9190000,1000000
2019-05-23 12:30:20.136000,1.11391,1.11388,3190000,1870000
2019-05-23 12:30:20.360000,1.1139,1.11388,1250000,1120000
2019-05-23 12:30:20.929000,1.11391,1.11388,1250000,1120000
2019-05-23 12:30:21.032000,1.11391,1.11389,5440000,1000000
2019-05-23 12:30:21.252000,1.11391,1.11388,1750000,1120000
2019-05-23 12:30:21.608000,1.11391,1.11389,4000000,1000000
2019-05-23 12:30:21.710000,1.1139,1.11388,1750000,1120000
2019-05-23 12:30:21.829000,1.11391,1.11388,2210000,1120000
2019-05-23 12:30:21.931000,1.1139,1.11388,1250000,1120000
2019-05-23 12:30:22.033000,1.11389,1.11388,1000000,1870000
2019-05-23 12:30:22.142000,1.1139,1.11388,1250000,1120000
2019-05-23 12:30:22.410000,1.1139,1.11389,1250000,1000000
2019-05-23 12:30:22.691000,1.1139,1.11388,1250000,1120000
2019-05-23 12:30:23.478000,1.1139,1.11387,5870000,1500000
2019-05-23 12:30:23.621000,1.11389,1.11388,1250000,1000000
2019-05-23 12:30:23.753000,1.11389,1.11387,1250000,1500000
2019-05-23 12:30:23.855000,1.11389,1.11388,1250000,1000000
2019-05-23 12:30:23.958000,1.11389,1.11387,1250000,1500000
2019-05-23 12:30:29.599000,1.11388,1.11387,1000000,2250000
2019-05-23 12:30:29.701000,1.11389,1.11387,1250000,1500000
2019-05-23 12:30:30.131000,1.11388,1.11387,1000000,2250000
2019-05-23 12:30:30.409000,1.11389,1.11387,1250000,1500000
2019-05-23 12:30:30.791000,1.11388,1.11387,1000000,2250000
2019-05-23 12:30:30.903000,1.11389,1.11387,1250000,1500000
2019-05-23 12:30:32.128000,1.11388,1.11387,1000000,3000000
2019-05-23 12:30:32.232000,1.1139,1.11387,1250000,2250000
2019-05-23 12:30:32.440000,1.1139,1.11387,3320000,3000000
2019-05-23 12:30:32.569000,1.1139,1.11387,1760000,3000000
2019-05-23 12:30:34.801000,1.11389,1.11387,1250000,3370000
2019-05-23 12:30:34.903000,1.1139,1.11387,2060000,4870000
2019-05-23 12:30:35.646000,1.1139,1.11387,4000000,3370000
2019-05-23 12:30:40.291000,1.1139,1.11388,5870000,1000000
2019-05-23 12:30:40.394000,1.1139,1.11387,5120000,4870000
2019-05-23 12:30:42.510000,1.1139,1.11388,4370000,1000000
2019-05-23 12:30:43.191000,1.1139,1.11387,2870000,4500000
2019-05-23 12:30:46.673000,1.1139,1.11387,1690000,5250000
2019-05-23 12:30:47.067000,1.1139,1.11387,1310000,6500000
2019-05-23 12:30:48.993000,1.11392,1.1139,4390000,1000000
2019-05-23 12:30:49.095000,1.11392,1.11391,1570000,1000000
2019-05-23 12:30:49.146000,1.11394,1.11391,5440000,1000000
2019-05-23 12:30:49.499000,1.11393,1.11391,1000000,3000000
2019-05-23 12:30:49.810000,1.11394,1.11391,4690000,1000000
2019-05-23 12:30:50.557000,1.11395,1.11392,12970000,1000000
2019-05-23 12:30:54.379000,1.11394,1.11391,1250000,6750000
2019-05-23 12:30:54.482000,1.11394,1.11392,3940000,1000000
2019-05-23 12:31:00.685000,1.11394,1.11391,1250000,4500000
2019-05-23 12:31:01.069000,1.11394,1.11392,1690000,2250000
2019-05-23 12:31:01.272000,1.11394,1.11391,1250000,6750000
2019-05-23 12:31:01.692000,1.11394,1.11392,1250000,1000000
2019-05-23 12:31:01.794000,1.11394,1.11391,1250000,6750000
2019-05-23 12:31:01.895000,1.11394,1.11392,1690000,1000000
2019-05-23 12:31:01.997000,1.11394,1.11391,1250000,6000000
2019-05-23 12:31:02.254000,1.11394,1.11391,1250000,8000000
2019-05-23 12:31:02.507000,1.11395,1.11393,1690000,8620000
2019-05-23 12:31:02.610000,1.11397,1.11393,2560000,4870000
2019-05-23 12:31:02.713000,1.11398,1.11396,3340000,1000000
2019-05-23 12:31:02.815000,1.11398,1.11396,2440000,1000000
2019-05-23 12:31:02.918000,1.11398,1.11395,1250000,9370000
2019-05-23 12:31:03.274000,1.11399,1.11396,1200000,1000000
2019-05-23 12:31:03.807000,1.11399,1.11397,1500000,1000000
2019-05-23 12:31:03.961000,1.114,1.11397,5060000,1120000
2019-05-23 12:31:04.767000,1.11399,1.11396,1000000,11370000
2019-05-23 12:31:04.981000,1.114,1.11396,5060000,11370000
2019-05-23 12:31:07.830000,1.11399,1.11397,1000000,1120000
2019-05-23 12:31:08.609000,1.114,1.11397,8440000,1120000
2019-05-23 12:31:09.293000,1.11399,1.11397,1000000,1120000
2019-05-23 12:31:09.880000,1.114,1.11397,8440000,1120000
2019-05-23 12:31:09.982000,1.11399,1.11397,1000000,3370000
2019-05-23 12:31:10.354000,1.114,1.11397,8440000,1120000
2019-05-23 12:31:10.619000,1.11399,1.11397,1000000,3370000
2019-05-23 12:31:10.753000,1.114,1.11397,8440000,1120000
2019-05-23 12:31:10.855000,1.114,1.11397,11190000,1500000
2019-05-23 12:31:13.046000,1.114,1.11397,4310000,1120000
2019-05-23 12:31:14.267000,1.11401,1.11399,1950000,3000000
2019-05-23 12:31:14.369000,1.11402,1.11401,1500000,1120000
2019-05-23 12:31:14.486000,1.11404,1.11402,1870000,1000000
2019-05-23 12:31:14.589000,1.11405,1.11402,5250000,2060000
2019-05-23 12:31:15.114000,1.11404,1.11402,1000000,3750000
2019-05-23 12:31:15.396000,1.11405,1.11402,2440000,1500000
2019-05-23 12:31:15.833000,1.11404,1.11402,1000000,1500000
2019-05-23 12:31:15.973000,1.11405,1.11402,3560000,1000000
2019-05-23 12:31:18.351000,1.11404,1.11402,1000000,1500000
2019-05-23 12:31:18.504000,1.11405,1.11402,3640000,3940000
2019-05-23 12:31:18.607000,1.11405,1.11402,1690000,5190000
2019-05-23 12:31:18.658000,1.11407,1.11405,6820000,3050000
2019-05-23 12:31:18.709000,1.11408,1.11407,1500000,1250000
2019-05-23 12:31:18.824000,1.11411,1.1141,3370000,1500000
2019-05-23 12:31:18.927000,1.11413,1.11411,1000000,2250000
2019-05-23 12:31:19.029000,1.11414,1.11412,1850000,1000000
2019-05-23 12:31:19.131000,1.11415,1.11411,7270000,1000000
2019-05-23 12:31:19.355000,1.11415,1.11413,4370000,1000000
2019-05-23 12:31:19.458000,1.11415,1.11413,2550000,1000000
2019-05-23 12:31:19.611000,1.11415,1.11412,2470000,1500000
2019-05-23 12:31:19.812000,1.11415,1.11413,2550000,1000000
2019-05-23 12:31:19.914000,1.11415,1.11412,2550000,2440000
2019-05-23 12:31:20.109000,1.11416,1.11412,3850000,4690000
2019-05-23 12:31:20.212000,1.11415,1.11413,2250000,1000000
2019-05-23 12:31:20.324000,1.11416,1.11412,2320000,4690000
2019-05-23 12:31:20.427000,1.11417,1.11415,2020000,2250000
2019-05-23 12:31:20.530000,1.11419,1.11416,4520000,1000000
2019-05-23 12:31:20.633000,1.11417,1.11414,2810000,2250000
2019-05-23 12:31:20.684000,1.11415,1.11414,1000000,3750000
2019-05-23 12:31:20.788000,1.11416,1.11413,1500000,6000000
2019-05-23 12:31:21.241000,1.11416,1.11414,2250000,1000000
2019-05-23 12:31:21.344000,1.11416,1.11413,1500000,3750000
2019-05-23 12:31:22.168000,1.11413,1.11412,1120000,2250000
2019-05-23 12:31:22.268000,1.11412,1.11409,4910000,5620000
2019-05-23 12:31:22.372000,1.11411,1.11409,3190000,1000000
2019-05-23 12:31:22.807000,1.1141,1.11409,1000000,1500000
2019-05-23 12:31:23.684000,1.1141,1.11408,1000000,1500000
2019-05-23 12:31:23.786000,1.1141,1.11407,1000000,1500000
2019-05-23 12:31:24.001000,1.1141,1.11408,1500000,1000000
2019-05-23 12:31:24.344000,1.1141,1.11406,1120000,6940000
2019-05-23 12:31:24.501000,1.11408,1.11406,3940000,4120000
2019-05-23 12:31:24.603000,1.11406,1.11403,1000000,7370000
2019-05-23 12:31:24.705000,1.11405,1.11403,1000000,8120000
2019-05-23 12:31:27.016000,1.11404,1.11402,1500000,3190000
2019-05-23 12:31:27.067000,1.11405,1.11403,8060000,1000000
2019-05-23 12:31:27.222000,1.11405,1.11403,1690000,1000000
2019-05-23 12:31:31.954000,1.11407,1.11406,2020000,3000000
2019-05-23 12:31:32.057000,1.11409,1.11407,6190000,1000000
2019-05-23 12:31:32.221000,1.11409,1.11406,4690000,3370000
2019-05-23 12:31:32.645000,1.11407,1.11406,1000000,3000000
2019-05-23 12:31:32.841000,1.11407,1.11404,1010000,3420000
2019-05-23 12:31:32.995000,1.11406,1.11403,1000000,7810000
2019-05-23 12:31:33.097000,1.11406,1.11403,1500000,3750000
2019-05-23 12:31:34.555000,1.11407,1.11403,7690000,4000000
2019-05-23 12:31:34.707000,1.11405,1.11403,1000000,9250000
2019-05-23 12:31:36.051000,1.11408,1.11407,6940000,2250000
2019-05-23 12:31:36.153000,1.1141,1.11408,2890000,1000000
2019-05-23 12:31:40.387000,1.1141,1.11409,1250000,1000000
2019-05-23 12:31:42.441000,1.11411,1.11408,1820000,1120000
2019-05-23 12:31:43.444000,1.11411,1.11409,4750000,1000000
2019-05-23 12:31:43.997000,1.11411,1.11409,3560000,1000000
2019-05-23 12:31:47.605000,1.1141,1.11409,1000000,1000000
2019-05-23 12:31:47.708000,1.11412,1.1141,8510000,1000000
2019-05-23 12:31:47.831000,1.11412,1.11411,1570000,1500000
2019-05-23 12:31:47.882000,1.11414,1.11411,2140000,2250000
2019-05-23 12:31:48.087000,1.11414,1.11412,1000000,2250000
2019-05-23 12:31:48.190000,1.11414,1.11411,1000000,4690000
2019-05-23 12:31:48.293000,1.11415,1.11411,15560000,7690000
2019-05-23 12:31:49.051000,1.11415,1.11411,3190000,7060000
2019-05-23 12:31:52.769000,1.11414,1.11412,1000000,1500000
2019-05-23 12:31:52.872000,1.11414,1.11411,4370000,3190000
2019-05-23 12:31:53.821000,1.11414,1.11412,3250000,1000000
2019-05-23 12:31:55.499000,1.11415,1.11411,10910000,3940000
2019-05-23 12:31:55.551000,1.11413,1.11411,1000000,1870000
2019-05-23 12:31:55.602000,1.11414,1.11412,1250000,1000000
2019-05-23 12:31:55.706000,1.11413,1.11411,1000000,1000000
2019-05-23 12:31:56.183000,1.11412,1.1141,1500000,7120000
2019-05-23 12:31:56.387000,1.11413,1.11409,5440000,6370000
2019-05-23 12:31:56.517000,1.11414,1.11412,2440000,1000000
2019-05-23 12:31:58.816000,1.11415,1.11412,6410000,2250000
2019-05-23 12:31:59.015000,1.11414,1.11412,1500000,5250000
2019-05-23 12:31:59.277000,1.11414,1.11413,1500000,1000000
2019-05-23 12:31:59.379000,1.11416,1.11414,3940000,1500000
2019-05-23 12:31:59.583000,1.11416,1.11415,3750000,1500000
2019-05-23 12:31:59.681000,1.11419,1.11416,7310000,1000000
2019-05-23 12:31:59.835000,1.1142,1.11417,8870000,1000000
2019-05-23 12:32:00.786000,1.1142,1.11417,2620000,3000000
2019-05-23 12:32:02.699000,1.1142,1.11418,2250000,1000000
2019-05-23 12:32:02.818000,1.1142,1.11417,1500000,3000000
2019-05-23 12:32:03.818000,1.1142,1.11418,2250000,1000000
2019-05-23 12:32:03.976000,1.1142,1.11417,1000000,3000000
2019-05-23 12:32:04.129000,1.1142,1.11418,1000000,1500000
2019-05-23 12:32:04.231000,1.1142,1.11417,1000000,3750000
2019-05-23 12:32:04.626000,1.11421,1.11417,7160000,3820000
2019-05-23 12:32:04.762000,1.11421,1.11418,7160000,1000000
2019-05-23 12:32:04.815000,1.11422,1.11421,3000000,1000000
2019-05-23 12:32:04.917000,1.11422,1.11419,1000000,5250000
2019-05-23 12:32:05.020000,1.11421,1.1142,1000000,1000000
2019-05-23 12:32:05.122000,1.11422,1.11419,5620000,3000000
2019-05-23 12:32:06.238000,1.11422,1.11419,4000000,3370000
2019-05-23 12:32:06.289000,1.11423,1.11421,9750000,1000000
2019-05-23 12:32:06.340000,1.11424,1.11422,2630000,1000000
2019-05-23 12:32:06.442000,1.11424,1.11421,7430000,1000000
2019-05-23 12:32:06.565000,1.11424,1.11422,4120000,1500000
2019-05-23 12:32:07.327000,1.11424,1.11422,1000000,3000000
2019-05-23 12:32:07.531000,1.11424,1.11422,1250000,4620000
2019-05-23 12:32:08.530000,1.11424,1.11422,3560000,1500000
2019-05-23 12:32:08.632000,1.11424,1.11421,2060000,6750000
2019-05-23 12:32:08.973000,1.11425,1.11422,7220000,1000000
2019-05-23 12:32:09.126000,1.11424,1.11423,1250000,1000000
2019-05-23 12:32:09.279000,1.11425,1.11422,4820000,1500000
2019-05-23 12:32:09.592000,1.11425,1.11422,2510000,1870000
2019-05-23 12:32:09.764000,1.11425,1.11422,2570000,1500000
2019-05-23 12:32:09.865000,1.11425,1.11423,2510000,1000000
2019-05-23 12:32:10.121000,1.11425,1.11422,1250000,3750000
2019-05-23 12:32:10.223000,1.11425,1.11422,1750000,3750000
2019-05-23 12:32:10.394000,1.11425,1.11423,4480000,2250000
2019-05-23 12:32:10.547000,1.11425,1.11422,1750000,3000000
2019-05-23 12:32:13.601000,1.11425,1.11422,1760000,2250000
2019-05-23 12:32:14.008000,1.11425,1.11422,7070000,6000000
2019-05-23 12:32:14.753000,1.11425,1.11423,3260000,1000000
2019-05-23 12:32:14.856000,1.11425,1.11422,3250000,4500000
2019-05-23 12:32:15.975000,1.11425,1.11423,1690000,2250000
2019-05-23 12:32:16.078000,1.11427,1.11424,3830000,1120000
2019-05-23 12:32:17.728000,1.11423,1.11422,1500000,1000000
2019-05-23 12:32:17.831000,1.11422,1.11421,2440000,1500000
2019-05-23 12:32:17.933000,1.11423,1.11422,1000000,1000000
2019-05-23 12:32:18.106000,1.11425,1.11423,2140000,1000000
2019-05-23 12:32:18.565000,1.11426,1.11423,1000000,4310000
2019-05-23 12:32:20.551000,1.11426,1.11424,1000000,1000000
2019-05-23 12:32:20.653000,1.11427,1.11423,3940000,4120000
2019-05-23 12:32:20.806000,1.11426,1.11423,1000000,6370000
2019-05-23 12:32:20.908000,1.11427,1.11423,4760000,3370000
2019-05-23 12:32:21.776000,1.11425,1.11424,1000000,1000000
2019-05-23 12:32:21.880000,1.11427,1.11423,4760000,4120000
2019-05-23 12:32:22.814000,1.11427,1.11424,10760000,1120000
2019-05-23 12:32:23.210000,1.11427,1.11423,3940000,6370000
2019-05-23 12:32:23.312000,1.11427,1.11424,8510000,1870000
2019-05-23 12:32:23.439000,1.11427,1.11423,4010000,6370000
2019-05-23 12:32:24.452000,1.11426,1.11424,3000000,1120000
2019-05-23 12:32:26.052000,1.11426,1.11423,1000000,4120000
2019-05-23 12:32:27.513000,1.11427,1.11423,4500000,8890000
2019-05-23 12:32:27.676000,1.11427,1.11424,3000000,1000000
2019-05-23 12:32:28.113000,1.11428,1.11424,8820000,2620000
2019-05-23 12:32:28.222000,1.11427,1.11424,1500000,5620000
2019-05-23 12:32:28.325000,1.11427,1.11425,2250000,1000000
2019-05-23 12:32:28.428000,1.11427,1.11424,1500000,4120000
2019-05-23 12:32:29.872000,1.11427,1.11425,2640000,1000000
2019-05-23 12:32:32.330000,1.11427,1.11424,1500000,2620000
2019-05-23 12:32:34.832000,1.11426,1.11424,1000000,7120000
2019-05-23 12:32:35.179000,1.11427,1.11424,2810000,5620000
2019-05-23 12:32:36.924000,1.11426,1.11424,1500000,2250000
2019-05-23 12:32:37.395000,1.11427,1.11424,2440000,1120000
2019-05-23 12:32:40.517000,1.11426,1.11424,1000000,8250000
2019-05-23 12:32:40.701000,1.11427,1.11424,13830000,7500000
2019-05-23 12:32:42.405000,1.11426,1.11424,1500000,3500000
2019-05-23 12:32:43.251000,1.11427,1.11425,5620000,1310000
2019-05-23 12:32:43.362000,1.11428,1.11426,2250000,2250000
2019-05-23 12:32:43.464000,1.11429,1.11426,1250000,3000000
2019-05-23 12:32:43.569000,1.11427,1.11426,1690000,1000000
2019-05-23 12:32:43.673000,1.11426,1.11424,3000000,3000000
2019-05-23 12:32:44.757000,1.11427,1.11424,3560000,1000000
2019-05-23 12:32:47.504000,1.11426,1.11424,1000000,1000000
2019-05-23 12:32:47.654000,1.11427,1.11424,3560000,1000000
2019-05-23 12:32:48.899000,1.11428,1.11424,6560000,2810000
2019-05-23 12:32:49.001000,1.11428,1.11424,5140000,5560000
2019-05-23 12:32:49.135000,1.11427,1.11425,1000000,1120000
2019-05-23 12:32:49.237000,1.11428,1.11424,5140000,5560000
2019-05-23 12:32:51.056000,1.11429,1.11427,6250000,1500000
2019-05-23 12:32:51.107000,1.1143,1.11427,7200000,1120000
2019-05-23 12:32:51.209000,1.11431,1.11427,9040000,2000000
2019-05-23 12:32:52.073000,1.11431,1.11427,6040000,1870000
2019-05-23 12:32:52.175000,1.11431,1.11428,6040000,1000000
2019-05-23 12:32:52.429000,1.1143,1.11428,1000000,1500000
2019-05-23 12:32:53.159000,1.11431,1.11428,4760000,1500000
2019-05-23 12:32:55.281000,1.1143,1.11428,1000000,3000000
2019-05-23 12:32:56.005000,1.11431,1.11428,5360000,2620000
2019-05-23 12:32:59.173000,1.1143,1.11428,1500000,1000000
2019-05-23 12:33:00.185000,1.11431,1.11428,5740000,1000000
2019-05-23 12:33:00.288000,1.11429,1.11428,1000000,1120000
2019-05-23 12:33:00.390000,1.1143,1.11428,3230000,1500000
2019-05-23 12:33:00.492000,1.1143,1.11428,2480000,1120000
2019-05-23 12:33:01.175000,1.1143,1.11428,1000000,1620000
2019-05-23 12:33:01.278000,1.1143,1.11428,1370000,1870000
2019-05-23 12:33:01.430000,1.1143,1.11428,2060000,4870000
2019-05-23 12:33:01.710000,1.11431,1.11429,4950000,1000000
2019-05-23 12:33:01.915000,1.11431,1.11428,2700000,4870000
2019-05-23 12:33:02.376000,1.11431,1.11428,4690000,1500000
2019-05-23 12:33:02.428000,1.1143,1.11428,1310000,1500000
2019-05-23 12:33:02.582000,1.11431,1.11429,6370000,1000000
2019-05-23 12:33:02.794000,1.11432,1.11431,4310000,1000000
2019-05-23 12:33:02.896000,1.11433,1.11432,1000000,2250000
2019-05-23 12:33:02.999000,1.11435,1.11433,1250000,5250000
2019-05-23 12:33:03.401000,1.11434,1.11433,1000000,4120000
2019-05-23 12:33:03.554000,1.11435,1.11433,2440000,3370000
2019-05-23 12:33:03.656000,1.11435,1.11433,3190000,6500000
2019-05-23 12:33:03.995000,1.11435,1.11433,2810000,3750000
2019-05-23 12:33:04.445000,1.11434,1.11433,1000000,3750000
2019-05-23 12:33:04.547000,1.11435,1.11433,2810000,3000000
2019-05-23 12:33:04.649000,1.11434,1.11433,1000000,3000000
2019-05-23 12:33:04.777000,1.11435,1.11433,3560000,3000000
2019-05-23 12:33:04.932000,1.11437,1.11435,4950000,5100000
2019-05-23 12:33:05.035000,1.11438,1.11437,1000000,1000000
2019-05-23 12:33:05.137000,1.11438,1.11436,2440000,2250000
2019-05-23 12:33:05.245000,1.11438,1.11434,4760000,4120000
2019-05-23 12:33:05.399000,1.11437,1.11436,1000000,1000000
2019-05-23 12:33:05.660000,1.11437,1.11435,3620000,3750000
2019-05-23 12:33:05.815000,1.11436,1.11434,1250000,3750000
2019-05-23 12:33:06.020000,1.11436,1.11434,5500000,6370000
2019-05-23 12:33:08.222000,1.11435,1.11433,1690000,2250000
2019-05-23 12:33:08.326000,1.11435,1.11431,1250000,20290001
2019-05-23 12:33:08.435000,1.11434,1.11432,1010000,1000000
2019-05-23 12:33:08.538000,1.11432,1.1143,4000000,2250000
2019-05-23 12:33:08.589000,1.1143,1.11429,1690000,1500000
2019-05-23 12:33:08.691000,1.11428,1.11426,1750000,6750000
2019-05-23 12:33:09.187000,1.11429,1.11427,2810000,1000000
2019-05-23 12:33:09.358000,1.11429,1.11426,2810000,3370000
2019-05-23 12:33:09.721000,1.11429,1.11427,3190000,1000000
2019-05-23 12:33:09.824000,1.11429,1.11426,1250000,2620000
2019-05-23 12:33:10.710000,1.11428,1.11427,1000000,1000000
2019-05-23 12:33:10.813000,1.11429,1.11426,3640000,1000000
2019-05-23 12:33:11.118000,1.11429,1.11427,1760000,1000000
2019-05-23 12:33:11.558000,1.11429,1.11426,1010000,1000000
2019-05-23 12:33:11.711000,1.11428,1.11426,1000000,1000000
2019-05-23 12:33:11.838000,1.11428,1.11427,1000000,1000000
2019-05-23 12:33:12.847000,1.11429,1.11427,3190000,1000000
2019-05-23 12:33:13.041000,1.11429,1.11426,1690000,7500000
2019-05-23 12:33:13.194000,1.11428,1.11426,1250000,5250000
2019-05-23 12:33:13.344000,1.11427,1.11425,2440000,1000000
2019-05-23 12:33:13.499000,1.11427,1.11424,4690000,9000000
2019-05-23 12:33:13.991000,1.11427,1.11426,1250000,1000000
2019-05-23 12:33:14.204000,1.11427,1.11424,1250000,2620000
2019-05-23 12:33:14.561000,1.11426,1.11424,1620000,1500000
2019-05-23 12:33:14.709000,1.11426,1.11423,1620000,6600000
2019-05-23 12:33:14.863000,1.11426,1.11424,3200000,1000000
2019-05-23 12:33:14.966000,1.11426,1.11423,1620000,7540000
2019-05-23 12:33:15.687000,1.11426,1.11423,1870000,9360000
2019-05-23 12:33:18.482000,1.11426,1.11424,1100000,1000000
2019-05-23 12:33:18.635000,1.11427,1.11424,2250000,1870000
2019-05-23 12:33:20.015000,1.11426,1.11424,1000000,4120000
2019-05-23 12:33:20.258000,1.11425,1.11423,1000000,10720000
2019-05-23 12:33:20.396000,1.11425,1.11424,1000000,1000000
2019-05-23 12:33:20.550000,1.11425,1.11423,1000000,5250000
2019-05-23 12:33:20.653000,1.11424,1.11423,1000000,1120000
2019-05-23 12:33:20.704000,1.11424,1.11421,1000000,9560000
2019-05-23 12:33:20.806000,1.11424,1.11422,1000000,1000000
2019-05-23 12:33:20.935000,1.11424,1.11423,1000000,1000000
2019-05-23 12:33:21.140000,1.11425,1.11424,1500000,1000000
2019-05-23 12:33:21.191000,1.11426,1.11424,6070000,1500000
2019-05-23 12:33:21.295000,1.11427,1.11424,1570000,4350000
2019-05-23 12:33:23.504000,1.11427,1.11425,1000000,1000000
2019-05-23 12:33:23.607000,1.11426,1.11424,1000000,5250000
2019-05-23 12:33:25.493000,1.11426,1.11423,2250000,9370000
2019-05-23 12:33:26.319000,1.11425,1.11423,1750000,3000000
2019-05-23 12:33:29.124000,1.11425,1.11422,1250000,5290000
2019-05-23 12:33:29.278000,1.11423,1.11422,1000000,1100000
2019-05-23 12:33:31.003000,1.11423,1.11421,1120000,3000000
2019-05-23 12:33:31.105000,1.11424,1.11422,3190000,1000000
2019-05-23 12:33:34.708000,1.11424,1.11421,3940000,6370000
2019-05-23 12:33:34.914000,1.11422,1.1142,1250000,6450000
2019-05-23 12:33:35.019000,1.1142,1.11419,1000000,2250000
2019-05-23 12:33:35.146000,1.1142,1.11418,1000000,5620000
2019-05-23 12:33:35.299000,1.1142,1.11419,1000000,1000000
2019-05-23 12:33:35.691000,1.1142,1.11418,1000000,3000000
2019-05-23 12:33:35.845000,1.1142,1.11419,1000000,1000000
2019-05-23 12:33:35.949000,1.11422,1.11421,2890000,4500000
2019-05-23 12:33:36.175000,1.11422,1.1142,2810000,2500000
2019-05-23 12:33:36.278000,1.11423,1.1142,7500000,7570000
2019-05-23 12:33:36.381000,1.11422,1.1142,1000000,7870000
2019-05-23 12:33:36.432000,1.11424,1.11422,8570000,1000000
2019-05-23 12:33:36.534000,1.11424,1.11422,4690000,1000000
2019-05-23 12:33:39.454000,1.11424,1.11422,1000000,1000000
2019-05-23 12:33:40.255000,1.11424,1.11421,1000000,10010000
2019-05-23 12:33:40.483000,1.11424,1.11422,1500000,1000000
2019-05-23 12:33:40.723000,1.11425,1.11423,7160000,1000000
2019-05-23 12:33:40.774000,1.11424,1.11422,1000000,1500000
2019-05-23 12:33:43.054000,1.11425,1.11423,2190000,1000000
2019-05-23 12:33:43.165000,1.11427,1.11424,4060000,1000000
2019-05-23 12:33:43.470000,1.11427,1.11425,1250000,4500000
2019-05-23 12:33:43.573000,1.11427,1.11424,1250000,5250000
2019-05-23 12:33:44.989000,1.11428,1.11426,3370000,1000000
2019-05-23 12:33:45.142000,1.11428,1.11426,1000000,1000000
2019-05-23 12:33:45.257000,1.11428,1.11425,2440000,7120000
2019-05-23 12:33:45.359000,1.11427,1.11425,1000000,2250000
2019-05-23 12:33:45.614000,1.11427,1.11424,2000000,2920000
2019-05-23 12:33:46.307000,1.11427,1.11424,6370000,3820000
2019-05-23 12:33:46.414000,1.11427,1.11425,6370000,1000000
2019-05-23 12:33:46.769000,1.11427,1.11426,1500000,2620000
2019-05-23 12:33:46.872000,1.11428,1.11426,1250000,1000000
2019-05-23 12:33:46.974000,1.11427,1.11426,1690000,1120000
2019-05-23 12:33:47.025000,1.11426,1.11424,1000000,9750000
2019-05-23 12:33:47.614000,1.11426,1.11424,3250000,1000000
2019-05-23 12:33:47.856000,1.11426,1.11424,2250000,1000000
2019-05-23 12:33:48.011000,1.11425,1.11424,1250000,1000000
2019-05-23 12:33:48.948000,1.11425,1.11423,1000000,11170000
2019-05-23 12:33:49.052000,1.11425,1.11424,1000000,1120000
2019-05-23 12:33:49.378000,1.11427,1.11425,5060000,3000000
2019-05-23 12:33:49.510000,1.11428,1.11426,2870000,4500000
2019-05-23 12:33:51.018000,1.11428,1.11424,2870000,12370000
2019-05-23 12:33:51.121000,1.11428,1.11425,4370000,3070000
2019-05-23 12:33:51.965000,1.11428,1.11424,2250000,9370000
2019-05-23 12:33:52.068000,1.11426,1.11424,2250000,3380000
2019-05-23 12:33:52.850000,1.11427,1.11424,1870000,1000000
2019-05-23 12:33:52.901000,1.11427,1.11426,1000000,1000000
2019-05-23 12:33:53.036000,1.11426,1.11424,1250000,1870000
2019-05-23 12:33:53.139000,1.11426,1.11423,1000000,9370000
2019-05-23 12:33:57.851000,1.11426,1.11424,2250000,1120000
2019-05-23 12:33:58.107000,1.11425,1.11424,1000000,1120000
2019-05-23 12:34:00.926000,1.11425,1.11423,1000000,7540000
2019-05-23 12:34:01.282000,1.11426,1.11423,2810000,11660000
2019-05-23 12:34:01.468000,1.11426,1.11424,2810000,1000000
2019-05-23 12:34:01.570000,1.11426,1.11423,1310000,13160000
2019-05-23 12:34:01.622000,1.11427,1.11425,1250000,1000000
2019-05-23 12:34:01.725000,1.11428,1.11427,2900000,1000000
2019-05-23 12:34:01.827000,1.11429,1.11426,5620000,1000000
2019-05-23 12:34:02.233000,1.11429,1.11428,2410000,3750000
2019-05-23 12:34:02.446000,1.1143,1.11428,1250000,4500000
2019-05-23 12:34:02.904000,1.11432,1.11431,1250000,1000000
2019-05-23 12:34:03.014000,1.11435,1.11432,5420000,1500000
2019-05-23 12:34:03.117000,1.11435,1.11432,2440000,1000000
2019-05-23 12:34:03.372000,1.11435,1.11433,3190000,1500000
2019-05-23 12:34:05.751000,1.11436,1.11433,4870000,3000000
2019-05-23 12:34:07.893000,1.11436,1.11434,8620000,1120000
2019-05-23 12:34:08.825000,1.11436,1.11433,3750000,5620000
2019-05-23 12:34:10.813000,1.11436,1.11434,4500000,1120000
2019-05-23 12:34:12.047000,1.11437,1.11435,4000000,1500000
2019-05-23 12:34:12.151000,1.11438,1.11437,1020000,1000000
2019-05-23 12:34:12.255000,1.11438,1.11436,1000000,1000000
2019-05-23 12:34:12.482000,1.11439,1.11437,2250000,1000000
2019-05-23 12:34:13.474000,1.11439,1.11438,2620000,1000000
2019-05-23 12:34:16.807000,1.11439,1.11437,1500000,1000000
2019-05-23 12:34:16.909000,1.11439,1.11436,1500000,7500000
2019-05-23 12:34:17.253000,1.11438,1.11436,4500000,2250000
2019-05-23 12:34:17.401000,1.11437,1.11434,4000000,1250000
2019-05-23 12:34:17.606000,1.11437,1.11434,6190000,1870000
2019-05-23 12:34:17.708000,1.11437,1.11434,7690000,1870000
2019-05-23 12:34:17.817000,1.11437,1.11434,5440000,1650000
2019-05-23 12:34:17.925000,1.11436,1.11434,1500000,3150000
2019-05-23 12:34:18.078000,1.11437,1.11433,6190000,7820000
2019-05-23 12:34:18.180000,1.11436,1.11433,1000000,8570000
2019-05-23 12:34:18.662000,1.11436,1.11434,1000000,1820000
2019-05-23 12:34:19.561000,1.11436,1.11434,1000000,1000000
2019-05-23 12:34:21.069000,1.11436,1.11433,1000000,8060000
2019-05-23 12:34:21.273000,1.11436,1.11434,1000000,1870000
2019-05-23 12:34:21.476000,1.11436,1.11434,1620000,1000000
2019-05-23 12:34:21.898000,1.11436,1.11433,2370000,8440000
2019-05-23 12:34:22.204000,1.11435,1.11432,1870000,3940000
2019-05-23 12:34:24.045000,1.11435,1.11431,5060000,13390000
2019-05-23 12:34:24.198000,1.11434,1.11432,1000000,3000000
2019-05-23 12:34:24.301000,1.11435,1.11432,5060000,3750000
2019-05-23 12:34:24.616000,1.11435,1.11432,1250000,3200000
2019-05-23 12:34:25.069000,1.11435,1.11432,1250000,3750000
2019-05-23 12:34:25.375000,1.11434,1.11432,1350000,1000000
2019-05-23 12:34:26.159000,1.11434,1.11431,1350000,7010000
2019-05-23 12:34:26.261000,1.11434,1.11432,1350000,1000000
2019-05-23 12:34:26.363000,1.11435,1.11431,1690000,4760000
2019-05-23 12:34:26.617000,1.11435,1.11432,1690000,1000000
2019-05-23 12:34:28.171000,1.11434,1.11432,1000000,1000000
2019-05-23 12:34:29.251000,1.11435,1.11432,3190000,1000000
2019-05-23 12:34:30.258000,1.11434,1.11432,1500000,1500000
2019-05-23 12:34:30.461000,1.11434,1.11431,1000000,8510000
2019-05-23 12:34:30.667000,1.11434,1.11432,1000000,1000000
2019-05-23 12:34:30.790000,1.11434,1.11431,1000000,9260000
2019-05-23 12:34:31.181000,1.11434,1.11432,1000000,1000000
2019-05-23 12:34:31.794000,1.11433,1.11431,1000000,5060000
2019-05-23 12:34:32.049000,1.11433,1.11432,1000000,1500000
2019-05-23 12:34:32.151000,1.11434,1.11432,1000000,4820000
2019-05-23 12:34:33.714000,1.11435,1.11434,1690000,1000000
2019-05-23 12:34:33.816000,1.11436,1.11434,2120000,1000000
2019-05-23 12:34:33.997000,1.11437,1.11433,3120000,4390000
2019-05-23 12:34:34.665000,1.11437,1.11433,3870000,9290000
2019-05-23 12:34:34.954000,1.11437,1.11433,3870000,8060000
2019-05-23 12:34:35.555000,1.11437,1.11433,5370000,7790000
2019-05-23 12:34:35.658000,1.11437,1.11433,9500000,9560000
2019-05-23 12:34:36.065000,1.11434,1.11432,1500000,5540000
2019-05-23 12:34:36.168000,1.11434,1.11431,1000000,4010000
2019-05-23 12:34:36.440000,1.11434,1.11432,1500000,1000000
2019-05-23 12:34:37.542000,1.11433,1.11431,1000000,2250000
2019-05-23 12:34:38.829000,1.11432,1.11431,3190000,1000000
2019-05-23 12:34:38.931000,1.11431,1.1143,1690000,1870000
2019-05-23 12:34:39.367000,1.1143,1.11428,1500000,6820000
2019-05-23 12:34:39.683000,1.11431,1.11428,7090000,1120000
2019-05-23 12:34:39.785000,1.1143,1.11428,1000000,1120000
2019-05-23 12:34:40.202000,1.11431,1.11428,8810000,1870000
2019-05-23 12:34:40.508000,1.1143,1.11428,1500000,1870000
2019-05-23 12:34:40.946000,1.11431,1.11428,8060000,1870000
2019-05-23 12:34:41.503000,1.11431,1.11429,9190000,1120000
2019-05-23 12:34:41.605000,1.11431,1.11428,8840000,1870000
2019-05-23 12:34:42.209000,1.11431,1.11428,7840000,1870000
2019-05-23 12:34:42.822000,1.1143,1.11429,2320000,1120000
2019-05-23 12:34:42.924000,1.11431,1.11428,7310000,1870000
2019-05-23 12:34:43.076000,1.11431,1.11428,7340000,1870000
2019-05-23 12:34:44.375000,1.11431,1.11428,7840000,6370000
2019-05-23 12:34:45.114000,1.11431,1.11429,1690000,1120000
2019-05-23 12:34:45.571000,1.11431,1.11428,1690000,5620000
2019-05-23 12:34:45.673000,1.11432,1.11431,1690000,1000000
2019-05-23 12:34:45.776000,1.11433,1.11431,5250000,1500000
2019-05-23 12:34:45.910000,1.11434,1.11432,5440000,2250000
2019-05-23 12:34:46.012000,1.11435,1.11432,2440000,2320000
2019-05-23 12:34:49.731000,1.11435,1.11431,2440000,7540000
2019-05-23 12:34:49.909000,1.11435,1.11432,3940000,1000000
2019-05-23 12:34:50.013000,1.11435,1.11431,1690000,9790000
2019-05-23 12:34:50.115000,1.11435,1.11432,3190000,1500000
2019-05-23 12:34:51.242000,1.11435,1.11431,1690000,8360000
2019-05-23 12:34:51.648000,1.11435,1.11432,3190000,1500000
2019-05-23 12:34:52.095000,1.11435,1.11431,2440000,8360000
2019-05-23 12:34:52.198000,1.11435,1.11432,3190000,1500000
2019-05-23 12:34:52.466000,1.11435,1.11431,1690000,8740000
2019-05-23 12:34:53.133000,1.11435,1.11432,3940000,1000000
2019-05-23 12:34:53.307000,1.11435,1.11431,1690000,9860000
2019-05-23 12:34:53.460000,1.11435,1.11431,1690000,10740000
2019-05-23 12:34:53.899000,1.11435,1.11431,1690000,9860000
2019-05-23 12:34:54.120000,1.11435,1.11432,3940000,1500000
2019-05-23 12:34:54.916000,1.11435,1.11431,1690000,10240000
2019-05-23 12:34:55.394000,1.11435,1.11432,5810000,1000000
2019-05-23 12:34:55.496000,1.11435,1.11431,2440000,9110000
2019-05-23 12:34:55.706000,1.11435,1.11432,9000000,1000000
2019-05-23 12:34:55.860000,1.11435,1.11433,6750000,1000000
2019-05-23 12:34:56.002000,1.11435,1.11431,3000000,7240000
2019-05-23 12:34:56.104000,1.11435,1.11431,3000000,7260000
2019-05-23 12:34:56.206000,1.11435,1.11431,4500000,10540000
2019-05-23 12:34:56.308000,1.11435,1.11432,2250000,1000000
2019-05-23 12:34:57.582000,1.11434,1.11432,1500000,1000000
2019-05-23 12:34:57.684000,1.11434,1.11431,1500000,3190000
2019-05-23 12:34:58.246000,1.11434,1.11432,5250000,1000000
2019-05-23 12:34:58.348000,1.11434,1.11431,5250000,1000000
2019-05-23 12:34:58.683000,1.11433,1.11431,1000000,3000000
2019-05-23 12:34:58.785000,1.11434,1.11431,6000000,1000000
2019-05-23 12:34:58.938000,1.11434,1.11432,5250000,1000000
2019-05-23 12:34:59.155000,1.11433,1.11432,1000000,1000000
2019-05-23 12:34:59.257000,1.11434,1.11432,3750000,1000000
2019-05-23 12:35:00.255000,1.11434,1.11432,3000000,1000000
2019-05-23 12:35:00.357000,1.11434,1.11431,4500000,3000000
2019-05-23 12:35:00.806000,1.11434,1.1143,3000000,18190001
2019-05-23 12:35:00.910000,1.11433,1.1143,1690000,6750000
2019-05-23 12:35:01.012000,1.11432,1.1143,1690000,3000000
2019-05-23 12:35:01.114000,1.11432,1.1143,3250000,1000000
2019-05-23 12:35:01.263000,1.11432,1.11429,4750000,1500000
2019-05-23 12:35:01.366000,1.11432,1.1143,4000000,1000000
2019-05-23 12:35:01.468000,1.11432,1.11429,4000000,1000000
2019-05-23 12:35:01.722000,1.11432,1.11428,3250000,7500000
2019-05-23 12:35:01.932000,1.11432,1.11429,7750000,1720000
2019-05-23 12:35:02.239000,1.11432,1.11428,7000000,3370000
2019-05-23 12:35:02.558000,1.11432,1.11429,10600000,1000000
2019-05-23 12:35:02.958000,1.11431,1.11428,1250000,8620000
2019-05-23 12:35:03.060000,1.11431,1.11429,1310000,1000000
2019-05-23 12:35:03.263000,1.11431,1.11428,1310000,8620000
2019-05-23 12:35:05.471000,1.11431,1.11428,2410000,4870000
2019-05-23 12:35:05.567000,1.11431,1.11429,1540000,1000000
2019-05-23 12:35:06.180000,1.11431,1.1143,1690000,1000000
2019-05-23 12:35:06.815000,1.11432,1.11429,4370000,1000000
2019-05-23 12:35:07.840000,1.11431,1.11428,1250000,1500000
2019-05-23 12:35:08.451000,1.11432,1.11427,11500000,14360000
2019-05-23 12:35:08.987000,1.11431,1.11428,8440000,1100000
2019-05-23 12:35:10.044000,1.11431,1.11427,6690000,5720000
2019-05-23 12:35:10.242000,1.11431,1.11427,6690000,4950000
2019-05-23 12:35:10.601000,1.11431,1.11428,8940000,1000000
2019-05-23 12:35:11.120000,1.1143,1.11428,1000000,1000000
2019-05-23 12:35:11.222000,1.11431,1.11428,1750000,4350000
2019-05-23 12:35:11.324000,1.11431,1.11428,2250000,6600000
2019-05-23 12:35:12.101000,1.11431,1.11429,1000000,1000000
2019-05-23 12:35:12.254000,1.11431,1.11428,2250000,7310000
2019-05-23 12:35:12.567000,1.11432,1.11429,10760000,1250000
2019-05-23 12:35:12.720000,1.11432,1.1143,2060000,1000000
2019-05-23 12:35:12.861000,1.11433,1.11431,6850000,1000000
2019-05-23 12:35:12.963000,1.11433,1.11431,1000000,1500000
2019-05-23 12:35:13.066000,1.11434,1.11431,1120000,1000000
2019-05-23 12:35:13.168000,1.11434,1.11432,4500000,1000000
2019-05-23 12:35:14.076000,1.11434,1.11431,3370000,1000000
2019-05-23 12:35:14.550000,1.11433,1.11431,1000000,1000000
2019-05-23 12:35:15.351000,1.11434,1.11431,5550000,1000000
2019-05-23 12:35:15.576000,1.11435,1.11432,6490000,1000000
2019-05-23 12:35:15.678000,1.11435,1.11434,1090000,1000000
2019-05-23 12:35:15.843000,1.11436,1.11433,9070000,1500000
2019-05-23 12:35:15.946000,1.11436,1.11433,3820000,2070000
2019-05-23 12:35:16.099000,1.11435,1.11432,1250000,3870000
2019-05-23 12:35:16.201000,1.11435,1.11432,4120000,3850000
2019-05-23 12:35:16.364000,1.11435,1.11432,1000000,1120000
2019-05-23 12:35:17.907000,1.11434,1.11431,2440000,1120000
2019-05-23 12:35:18.466000,1.11433,1.11431,1120000,2620000
2019-05-23 12:35:18.640000,1.11434,1.11431,1120000,1870000
2019-05-23 12:35:20.029000,1.11432,1.11431,1000000,1000000
2019-05-23 12:35:20.145000,1.11432,1.1143,1000000,2250000
2019-05-23 12:35:20.299000,1.11432,1.1143,1000000,4000000
2019-05-23 12:35:20.401000,1.11432,1.1143,1000000,2440000
2019-05-23 12:35:20.866000,1.11432,1.11431,1000000,1000000
2019-05-23 12:35:20.968000,1.11432,1.1143,1000000,3750000
2019-05-23 12:35:21.253000,1.11432,1.11431,1000000,2250000
2019-05-23 12:35:21.479000,1.11431,1.1143,1000000,3370000
2019-05-23 12:35:21.581000,1.11432,1.11428,1690000,9910000
2019-05-23 12:35:21.684000,1.11431,1.11428,1000000,7540000
2019-05-23 12:35:22.161000,1.11431,1.11429,1500000,1000000
2019-05-23 12:35:22.657000,1.11431,1.1143,1500000,1000000
2019-05-23 12:35:23.541000,1.11431,1.11428,1200000,3310000
2019-05-23 12:35:23.983000,1.11431,1.11428,1760000,4870000
2019-05-23 12:35:25.070000,1.11432,1.11428,8800000,2440000
2019-05-23 12:35:25.518000,1.11432,1.11429,8390000,1000000
2019-05-23 12:35:28.411000,1.11432,1.1143,4790000,1000000
2019-05-23 12:35:28.463000,1.11433,1.1143,2890000,1500000
2019-05-23 12:35:28.586000,1.11434,1.11431,8520000,3000000
2019-05-23 12:35:29.643000,1.11434,1.11432,2750000,1500000
2019-05-23 12:35:29.816000,1.11434,1.11431,2000000,2810000
2019-05-23 12:35:29.918000,1.11434,1.11432,2750000,1000000
2019-05-23 12:35:30.034000,1.11434,1.11431,2750000,2810000
2019-05-23 12:35:32.832000,1.11435,1.11433,7390000,1000000
2019-05-23 12:35:32.935000,1.11435,1.11433,1120000,4690000
2019-05-23 12:35:33.354000,1.11435,1.11434,1120000,1000000
2019-05-23 12:35:33.456000,1.11435,1.11433,1120000,2060000
2019-05-23 12:35:33.639000,1.11436,1.11434,2000000,1000000
2019-05-23 12:35:33.741000,1.11436,1.11433,1000000,2060000
2019-05-23 12:35:34.111000,1.11437,1.11435,7950000,1000000
2019-05-23 12:35:34.878000,1.11436,1.11434,1000000,2810000
2019-05-23 12:35:39.312000,1.11434,1.11433,1310000,1000000
2019-05-23 12:35:39.431000,1.11433,1.1143,3190000,6760000
2019-05-23 12:35:39.483000,1.11431,1.11429,5510000,1120000
2019-05-23 12:35:39.585000,1.11431,1.11428,5960000,1000000
2019-05-23 12:35:39.687000,1.1143,1.11427,1120000,2620000
2019-05-23 12:35:39.790000,1.11429,1.11426,1000000,9160000
2019-05-23 12:35:39.916000,1.1143,1.11427,3820000,1120000
2019-05-23 12:35:41.266000,1.1143,1.11426,5700000,5060000
2019-05-23 12:35:41.369000,1.11429,1.11426,1120000,3560000
2019-05-23 12:35:41.854000,1.11429,1.11426,1120000,4060000
2019-05-23 12:35:42.849000,1.11429,1.11426,1120000,3560000
2019-05-23 12:35:43.951000,1.1143,1.11427,9070000,1000000
2019-05-23 12:35:44.425000,1.1143,1.11426,3000000,5810000
2019-05-23 12:35:44.930000,1.1143,1.11426,1500000,5190000
2019-05-23 12:35:46.567000,1.11429,1.11427,1000000,1000000
2019-05-23 12:35:46.741000,1.1143,1.11427,7950000,1000000
2019-05-23 12:35:47.637000,1.11429,1.11427,1000000,1870000
2019-05-23 12:35:52.849000,1.1143,1.11427,9070000,1000000
2019-05-23 12:35:57.885000,1.11429,1.11427,1250000,1000000
2019-05-23 12:35:57.987000,1.1143,1.11426,10450000,6190000
2019-05-23 12:35:58.915000,1.11429,1.11427,2000000,1250000
2019-05-23 12:36:00.466000,1.11429,1.11428,1870000,1000000
2019-05-23 12:36:00.518000,1.1143,1.11428,1120000,1000000
2019-05-23 12:36:00.672000,1.1143,1.11427,1870000,2250000
2019-05-23 12:36:01.772000,1.11431,1.11426,10210000,14660000
2019-05-23 12:36:01.874000,1.1143,1.11427,1120000,2250000
2019-05-23 12:36:02.148000,1.1143,1.11426,1200000,11060000
2019-05-23 12:36:02.280000,1.11429,1.11427,1000000,3000000
2019-05-23 12:36:02.382000,1.11429,1.11426,1000000,2060000
2019-05-23 12:36:05.356000,1.11429,1.11427,7200000,3750000
2019-05-23 12:36:05.408000,1.1143,1.11429,1500000,9040000
2019-05-23 12:36:05.520000,1.11433,1.11431,1000000,2850000
2019-05-23 12:36:05.572000,1.11435,1.11432,16860001,3000000
2019-05-23 12:36:05.726000,1.11435,1.11432,8510000,1000000
2019-05-23 12:36:05.828000,1.11435,1.11431,8590000,10310000
2019-05-23 12:36:05.930000,1.11435,1.11432,12340000,2250000
2019-05-23 12:36:06.062000,1.11434,1.11432,3750000,2250000
2019-05-23 12:36:06.218000,1.11434,1.11431,7070000,1690000
2019-05-23 12:36:10.056000,1.11434,1.1143,16070000,2060000
2019-05-23 12:36:10.204000,1.11433,1.11429,9820000,8000000
2019-05-23 12:36:10.314000,1.11431,1.1143,1100000,1120000
2019-05-23 12:36:10.416000,1.11431,1.1143,2250000,1000000
2019-05-23 12:36:10.469000,1.1143,1.11428,1000000,1310000
2019-05-23 12:36:10.571000,1.11431,1.11428,6640000,1000000
2019-05-23 12:36:10.673000,1.11431,1.11427,4390000,1310000
2019-05-23 12:36:10.784000,1.1143,1.11428,1000000,1000000
2019-05-23 12:36:10.987000,1.11431,1.11428,4390000,2250000
2019-05-23 12:36:11.321000,1.11431,1.11429,7390000,1000000
2019-05-23 12:36:11.423000,1.1143,1.11427,10410000,7690000
2019-05-23 12:36:11.525000,1.1143,1.11426,11890000,1370000
2019-05-23 12:36:11.577000,1.1143,1.11425,17170000,12190000
2019-05-23 12:36:11.679000,1.11429,1.11426,4390000,1500000
2019-05-23 12:36:11.806000,1.11429,1.11425,1390000,6940000
2019-05-23 12:36:11.908000,1.11429,1.11426,3640000,1000000
2019-05-23 12:36:12.062000,1.11429,1.11425,1390000,9190000
2019-05-23 12:36:12.164000,1.11429,1.11426,4310000,1500000
2019-05-23 12:36:12.317000,1.11429,1.11425,3940000,8060000
2019-05-23 12:36:12.656000,1.11429,1.11426,3560000,1000000
2019-05-23 12:36:12.929000,1.11429,1.11426,4370000,1000000
2019-05-23 12:36:13.103000,1.11429,1.11425,2120000,7120000
2019-05-23 12:36:13.205000,1.11429,1.11426,4820000,1000000
2019-05-23 12:36:13.307000,1.11429,1.11425,2570000,6750000
2019-05-23 12:36:13.936000,1.11429,1.11426,7070000,1500000
2019-05-23 12:36:14.089000,1.11429,1.11425,2950000,6750000
2019-05-23 12:36:14.351000,1.11429,1.11426,6700000,1500000
2019-05-23 12:36:14.643000,1.11429,1.11425,2950000,6000000
2019-05-23 12:36:14.745000,1.11429,1.11426,5200000,1000000
2019-05-23 12:36:15.209000,1.11429,1.11425,2950000,6000000
2019-05-23 12:36:16.351000,1.11429,1.11426,6700000,1500000
2019-05-23 12:36:16.453000,1.11429,1.11425,2950000,7120000
2019-05-23 12:36:16.606000,1.11429,1.11427,2950000,1000000
2019-05-23 12:36:16.871000,1.11429,1.11426,3250000,1000000
2019-05-23 12:36:17.490000,1.11429,1.11426,2440000,1000000
2019-05-23 12:36:17.642000,1.11428,1.11426,1000000,2250000
2019-05-23 12:36:18.923000,1.11429,1.11426,1760000,1500000
2019-05-23 12:36:19.047000,1.11428,1.11426,1000000,1500000
2019-05-23 12:36:19.600000,1.11429,1.11427,3450000,1690000
2019-05-23 12:36:19.744000,1.1143,1.11427,1650000,5250000
2019-05-23 12:36:19.846000,1.11431,1.11429,7120000,1000000
2019-05-23 12:36:20.061000,1.11431,1.11428,4120000,2060000
2019-05-23 12:36:20.164000,1.11431,1.11429,4120000,1000000
2019-05-23 12:36:20.276000,1.11431,1.11428,4120000,2060000
2019-05-23 12:36:20.480000,1.11431,1.11429,4200000,1000000
2019-05-23 12:36:20.583000,1.11431,1.11428,4200000,3560000
2019-05-23 12:36:22.573000,1.11431,1.11429,1870000,1000000
2019-05-23 12:36:22.810000,1.11431,1.11428,4500000,5010000
2019-05-23 12:36:23.616000,1.11429,1.11428,1000000,3000000
2019-05-23 12:36:23.718000,1.11429,1.11427,1000000,2440000
2019-05-23 12:36:23.838000,1.11428,1.11426,1000000,5120000
2019-05-23 12:36:25.145000,1.11428,1.11426,1500000,1000000
2019-05-23 12:36:25.249000,1.11428,1.11425,1000000,5810000
2019-05-23 12:36:26.502000,1.11428,1.11426,1000000,1500000
2019-05-23 12:36:26.720000,1.11428,1.11425,1000000,5060000
2019-05-23 12:36:27.450000,1.11428,1.11426,1000000,1500000
2019-05-23 12:36:27.717000,1.11428,1.11425,1000000,5060000
2019-05-23 12:36:28.118000,1.11427,1.11425,1000000,4690000
2019-05-23 12:36:28.221000,1.11424,1.11422,1310000,4540000
2019-05-23 12:36:28.589000,1.11424,1.11421,1310000,2620000
2019-05-23 12:36:29.227000,1.11424,1.11421,1960000,1870000
2019-05-23 12:36:29.737000,1.11424,1.11422,1960000,1000000
2019-05-23 12:36:31.286000,1.11425,1.11422,9800000,1000000
2019-05-23 12:36:32.191000,1.11423,1.11421,1000000,2250000
2019-05-23 12:36:32.395000,1.11423,1.1142,1000000,4690000
2019-05-23 12:36:32.555000,1.11423,1.11421,1000000,1500000
2019-05-23 12:36:35.308000,1.11423,1.1142,1000000,4390000
2019-05-23 12:36:35.865000,1.11423,1.11421,1000000,1000000
2019-05-23 12:36:36.215000,1.11423,1.1142,1000000,6640000
2019-05-23 12:36:36.318000,1.11423,1.11421,1000000,1000000
2019-05-23 12:36:36.602000,1.11423,1.1142,1000000,4390000
2019-05-23 12:36:36.856000,1.11423,1.11421,1000000,1000000
2019-05-23 12:36:36.958000,1.11423,1.1142,1500000,7310000
2019-05-23 12:36:38.836000,1.11423,1.11421,3750000,1000000
2019-05-23 12:36:40.196000,1.11424,1.11421,4390000,1500000
2019-05-23 12:36:43.798000,1.11424,1.1142,5890000,3560000
2019-05-23 12:36:44.123000,1.11424,1.1142,4010000,4060000
2019-05-23 12:36:45.840000,1.11424,1.1142,5060000,14060000
2019-05-23 12:36:46.410000,1.11423,1.1142,8620000,10690000
2019-05-23 12:36:48.184000,1.11422,1.11419,6250000,7690000
2019-05-23 12:36:49.494000,1.11423,1.1142,1950000,1000000
2019-05-23 12:36:49.597000,1.11424,1.1142,4690000,4500000
2019-05-23 12:36:49.699000,1.11423,1.1142,1000000,9000000
2019-05-23 12:36:49.822000,1.11424,1.1142,4690000,6750000
2019-05-23 12:36:50.009000,1.11423,1.1142,1000000,6000000
2019-05-23 12:36:50.128000,1.11423,1.11421,1000000,1000000
2019-05-23 12:36:50.302000,1.11423,1.1142,1000000,4120000
2019-05-23 12:36:50.905000,1.11424,1.1142,5890000,3370000
2019-05-23 12:36:51.007000,1.11424,1.11421,2060000,1000000
2019-05-23 12:36:51.378000,1.11423,1.11422,1000000,1000000
2019-05-23 12:36:51.497000,1.11423,1.1142,2470000,2250000
2019-05-23 12:36:51.600000,1.11422,1.1142,1000000,1000000
2019-05-23 12:36:51.701000,1.11423,1.11419,1300000,14810000
2019-05-23 12:36:51.915000,1.11424,1.11421,7440000,1000000
2019-05-23 12:36:52.017000,1.11424,1.11421,9640000,1000000
2019-05-23 12:36:52.426000,1.11424,1.1142,2140000,2060000
2019-05-23 12:36:52.790000,1.11424,1.11421,1390000,1000000
2019-05-23 12:36:53.806000,1.11423,1.1142,2440000,5060000
2019-05-23 12:36:53.908000,1.11422,1.1142,2250000,3190000
2019-05-23 12:36:54.012000,1.11423,1.1142,4310000,1690000
2019-05-23 12:36:54.128000,1.11422,1.1142,2250000,1250000
2019-05-23 12:36:54.566000,1.11423,1.1142,2510000,1250000
2019-05-23 12:36:54.784000,1.11423,1.11419,2570000,4870000
2019-05-23 12:36:54.886000,1.1142,1.11418,4600000,7200000
2019-05-23 12:36:54.938000,1.1142,1.11417,1350000,2510000
2019-05-23 12:36:55.090000,1.1142,1.11418,3040000,1000000
2019-05-23 12:36:55.211000,1.1142,1.11417,2290000,1310000
2019-05-23 12:36:56.194000,1.11422,1.1142,12670000,1000000
2019-05-23 12:36:56.245000,1.11422,1.11419,5140000,1000000
2019-05-23 12:36:56.372000,1.11422,1.11418,1200000,5810000
2019-05-23 12:36:56.423000,1.11423,1.1142,4590000,1000000
2019-05-23 12:36:56.526000,1.11423,1.11421,1000000,1000000
2019-05-23 12:36:56.628000,1.11424,1.11421,4310000,1000000
2019-05-23 12:36:58.153000,1.11423,1.11421,1500000,1120000
2019-05-23 12:36:58.361000,1.11421,1.1142,1000000,1500000
2019-05-23 12:36:58.463000,1.11424,1.11421,9300000,1120000
2019-05-23 12:36:58.566000,1.11423,1.1142,5060000,4200000
2019-05-23 12:36:58.628000,1.11423,1.11421,5810000,1000000
2019-05-23 12:36:58.699000,1.11423,1.1142,1690000,3000000
2019-05-23 12:36:58.801000,1.11422,1.11421,1120000,1000000
2019-05-23 12:36:58.943000,1.11423,1.11421,2060000,1000000
2019-05-23 12:36:59.252000,1.11423,1.11422,1000000,1000000
2019-05-23 12:36:59.355000,1.11424,1.11422,6190000,1000000
2019-05-23 12:36:59.507000,1.11424,1.11421,2060000,1000000
2019-05-23 12:36:59.615000,1.11423,1.11421,1000000,5620000
2019-05-23 12:37:01.137000,1.11423,1.1142,1250000,5620000
2019-05-23 12:37:01.239000,1.11424,1.11421,6400000,1000000
2019-05-23 12:37:01.537000,1.11424,1.11422,14810000,1000000
2019-05-23 12:37:01.685000,1.11423,1.11421,2440000,1000000
2019-05-23 12:37:02.716000,1.11423,1.1142,1250000,5250000
2019-05-23 12:37:03.231000,1.11424,1.11421,18070000,1000000
2019-05-23 12:37:03.333000,1.11423,1.1142,5440000,1120000
2019-05-23 12:37:03.483000,1.11423,1.11421,3560000,3750000
2019-05-23 12:37:03.586000,1.11424,1.11423,7310000,3750000
2019-05-23 12:37:03.637000,1.11428,1.11426,2140000,1000000
2019-05-23 12:37:03.796000,1.1143,1.11427,7120000,1000000
2019-05-23 12:37:04.258000,1.1143,1.11427,2500000,1000000
2019-05-23 12:37:04.771000,1.1143,1.11427,1500000,1000000
2019-05-23 12:37:04.824000,1.11431,1.11429,2440000,1000000
2019-05-23 12:37:05.028000,1.11431,1.11427,2510000,2370000
2019-05-23 12:37:05.372000,1.1143,1.11427,1500000,2750000
2019-05-23 12:37:05.526000,1.11431,1.11427,5510000,4250000
2019-05-23 12:37:05.893000,1.1143,1.11428,1000000,1120000
2019-05-23 12:37:06.053000,1.11431,1.1143,4120000,1000000
2019-05-23 12:37:06.104000,1.11431,1.11429,1500000,6560000
2019-05-23 12:37:06.206000,1.11432,1.11429,7290000,3070000
2019-05-23 12:37:06.309000,1.11432,1.11429,8250000,1120000
2019-05-23 12:37:06.433000,1.11433,1.11431,2040000,1000000
2019-05-23 12:37:06.688000,1.11433,1.11431,1250000,1000000
2019-05-23 12:37:06.848000,1.11433,1.1143,2500000,3190000
2019-05-23 12:37:07.001000,1.11433,1.11431,3250000,1000000
2019-05-23 12:37:07.159000,1.11433,1.1143,4000000,8440000
2019-05-23 12:37:07.337000,1.11433,1.11431,1750000,1000000
2019-05-23 12:37:07.593000,1.11433,1.1143,5120000,6560000
2019-05-23 12:37:07.696000,1.11431,1.11429,2120000,6000000
2019-05-23 12:37:07.830000,1.1143,1.11426,2500000,7200000
2019-05-23 12:37:07.933000,1.11429,1.11427,1250000,3000000
2019-05-23 12:37:08.036000,1.1143,1.11429,3560000,1000000
2019-05-23 12:37:08.088000,1.1143,1.11427,1250000,1250000
2019-05-23 12:37:09.634000,1.11429,1.11427,1000000,2060000
2019-05-23 12:37:09.736000,1.11429,1.11427,1250000,1000000
2019-05-23 12:37:09.838000,1.11429,1.11426,1250000,2060000
2019-05-23 12:37:09.999000,1.11427,1.11425,1310000,1500000
2019-05-23 12:37:10.413000,1.11425,1.11424,2440000,1500000
2019-05-23 12:37:10.865000,1.11426,1.11422,10370000,1000000
2019-05-23 12:37:11.018000,1.11424,1.11422,1000000,1000000
2019-05-23 12:37:11.171000,1.11424,1.11421,1250000,1500000
2019-05-23 12:37:11.272000,1.11423,1.11421,1250000,1000000
2019-05-23 12:37:11.374000,1.11424,1.1142,12700000,1120000
2019-05-23 12:37:11.630000,1.11424,1.11421,11500000,1000000
2019-05-23 12:37:13.097000,1.11423,1.1142,6370000,3380000
2019-05-23 12:37:13.388000,1.11422,1.11419,3000000,1130000
2019-05-23 12:37:13.847000,1.11422,1.11418,2500000,7440000
2019-05-23 12:37:14.155000,1.11422,1.11418,3000000,8940000
2019-05-23 12:37:14.258000,1.11422,1.11418,9620000,2250000
2019-05-23 12:37:14.893000,1.1142,1.11417,2440000,6000000
2019-05-23 12:37:16.851000,1.11419,1.11418,1000000,1000000
2019-05-23 12:37:16.954000,1.1142,1.11418,2250000,1000000
2019-05-23 12:37:17.340000,1.1142,1.11417,2620000,3750000
2019-05-23 12:37:17.923000,1.11419,1.11417,1000000,3750000
2019-05-23 12:37:18.038000,1.11419,1.11416,1500000,4010000
2019-05-23 12:37:18.140000,1.11419,1.11417,1000000,1000000
2019-05-23 12:37:19.426000,1.11419,1.11418,1120000,1000000
2019-05-23 12:37:19.533000,1.1142,1.11418,5250000,1000000
2019-05-23 12:37:19.584000,1.1142,1.11417,4620000,3000000
2019-05-23 12:37:19.686000,1.1142,1.11418,3870000,1000000
2019-05-23 12:37:19.919000,1.1142,1.11417,3870000,3000000
2019-05-23 12:37:21.692000,1.1142,1.11416,5370000,4310000
2019-05-23 12:37:22.171000,1.1142,1.11417,5370000,1000000
2019-05-23 12:37:24.521000,1.1142,1.11418,3870000,1000000
2019-05-23 12:37:24.624000,1.1142,1.11418,1870000,2250000
2019-05-23 12:37:25.481000,1.1142,1.11418,1620000,3000000
2019-05-23 12:37:25.882000,1.1142,1.11417,4620000,1500000
2019-05-23 12:37:26.535000,1.1142,1.11417,4120000,1000000
2019-05-23 12:37:27.291000,1.1142,1.11418,3370000,1000000
2019-05-23 12:37:27.965000,1.1142,1.11417,2250000,1690000
2019-05-23 12:37:28.767000,1.1142,1.11417,6120000,2810000
2019-05-23 12:37:30.343000,1.1142,1.11418,1000000,1000000
2019-05-23 12:37:30.571000,1.1142,1.11417,1000000,2810000
2019-05-23 12:37:30.926000,1.1142,1.11418,1000000,1000000
2019-05-23 12:37:31.057000,1.1142,1.11417,3870000,3640000
2019-05-23 12:37:31.362000,1.1142,1.11418,1000000,1000000
2019-05-23 12:37:31.465000,1.11422,1.1142,8320000,2690000
2019-05-23 12:37:31.573000,1.11423,1.11421,2250000,1000000
2019-05-23 12:37:34.650000,1.11423,1.11422,1000000,1000000
2019-05-23 12:37:34.752000,1.11423,1.11421,1000000,1500000
2019-05-23 12:37:34.854000,1.11424,1.11422,1250000,1000000
2019-05-23 12:37:40.003000,1.11424,1.11421,1310000,1000000
2019-05-23 12:37:40.655000,1.11424,1.11422,1310000,1000000
2019-05-23 12:37:40.804000,1.11424,1.11421,3560000,1500000
2019-05-23 12:37:40.855000,1.11424,1.11422,3560000,1000000
2019-05-23 12:37:41.232000,1.11424,1.11422,1120000,1000000
2019-05-23 12:37:41.348000,1.11427,1.11425,3750000,2250000
2019-05-23 12:37:41.400000,1.11429,1.11427,10000000,1000000
2019-05-23 12:37:41.503000,1.1143,1.11428,1120000,1000000
2019-05-23 12:37:41.605000,1.11431,1.1143,1250000,1000000
2019-05-23 12:37:41.708000,1.11432,1.11431,1310000,1500000
2019-05-23 12:37:41.822000,1.11434,1.11429,7440000,11390000
2019-05-23 12:37:41.924000,1.11434,1.11429,8190000,8210000
2019-05-23 12:37:42.026000,1.11432,1.11429,2250000,11960000
2019-05-23 12:37:42.192000,1.11432,1.1143,3000000,2250000
2019-05-23 12:37:42.294000,1.11433,1.11429,1120000,6640000
2019-05-23 12:37:42.346000,1.11433,1.11431,1120000,1000000
2019-05-23 12:37:42.397000,1.11433,1.11429,1120000,7090000
2019-05-23 12:37:42.499000,1.11433,1.1143,3370000,1000000
2019-05-23 12:37:42.603000,1.11433,1.11429,3000000,13090000
2019-05-23 12:37:42.728000,1.11433,1.1143,5250000,1000000
2019-05-23 12:37:42.881000,1.11433,1.11429,1870000,5510000
2019-05-23 12:37:43.064000,1.11433,1.1143,1870000,1000000
2019-05-23 12:37:43.166000,1.11433,1.11429,1870000,7760000
2019-05-23 12:37:43.268000,1.11433,1.11429,1870000,8290000
2019-05-23 12:37:43.577000,1.11433,1.11429,1870000,7760000
2019-05-23 12:37:43.759000,1.11433,1.1143,4120000,1000000
2019-05-23 12:37:43.861000,1.11433,1.11429,1120000,8140000
2019-05-23 12:37:44.014000,1.11433,1.1143,2620000,1000000
2019-05-23 12:37:44.255000,1.11433,1.11429,1120000,5890000
2019-05-23 12:37:44.414000,1.11432,1.11429,1750000,11590000
2019-05-23 12:37:44.628000,1.1143,1.11428,1000000,3000000
2019-05-23 12:37:44.735000,1.1143,1.11427,1870000,1950000
2019-05-23 12:37:46.583000,1.1143,1.11428,3000000,1000000
2019-05-23 12:37:46.727000,1.11431,1.11428,3940000,5020000
2019-05-23 12:37:47.445000,1.11431,1.11429,1250000,3820000
2019-05-23 12:37:47.547000,1.11433,1.11429,2870000,1100000
2019-05-23 12:37:47.664000,1.11433,1.11429,2120000,3600000
2019-05-23 12:37:47.766000,1.11433,1.11429,7370000,7200000
2019-05-23 12:37:47.918000,1.11433,1.1143,10370000,1000000
2019-05-23 12:37:48.075000,1.11433,1.11429,3620000,3070000
2019-05-23 12:37:50.109000,1.11431,1.11429,2440000,4870000
2019-05-23 12:37:50.211000,1.1143,1.11428,1000000,1000000
2019-05-23 12:37:50.313000,1.1143,1.11429,2250000,1120000
2019-05-23 12:37:50.753000,1.11431,1.11429,8660000,1120000
2019-05-23 12:37:51.194000,1.11431,1.11429,8040000,1120000
2019-05-23 12:37:51.471000,1.1143,1.11428,1120000,3000000
2019-05-23 12:37:52.784000,1.11431,1.11428,6560000,3370000
2019-05-23 12:37:53.042000,1.1143,1.11428,1000000,3370000
2019-05-23 12:37:53.447000,1.1143,1.11429,3190000,1120000
2019-05-23 12:37:53.826000,1.11431,1.11429,9940000,1870000
2019-05-23 12:37:53.932000,1.1143,1.11428,1000000,9000000
2019-05-23 12:37:54.035000,1.11431,1.11428,2440000,6000000
2019-05-23 12:37:54.139000,1.11431,1.11429,2440000,1500000
2019-05-23 12:37:54.255000,1.1143,1.11429,1000000,1500000
2019-05-23 12:37:54.546000,1.11431,1.11429,2440000,1500000
2019-05-23 12:37:55.342000,1.11431,1.11428,2440000,7120000
2019-05-23 12:37:55.755000,1.11431,1.11429,3190000,1000000
2019-05-23 12:37:55.858000,1.11431,1.11428,3190000,7120000
2019-05-23 12:37:55.960000,1.11431,1.11429,1250000,1000000
2019-05-23 12:37:56.092000,1.11432,1.11429,2620000,1000000
2019-05-23 12:37:57.145000,1.11431,1.11429,2250000,1000000
2019-05-23 12:37:57.626000,1.11432,1.11428,5120000,8620000
2019-05-23 12:37:57.779000,1.11432,1.11428,3560000,8870000
2019-05-23 12:37:57.881000,1.11432,1.11428,7370000,6370000
2019-05-23 12:37:57.983000,1.11432,1.11428,6370000,6560000
2019-05-23 12:37:58.277000,1.11432,1.11429,5620000,1000000
2019-05-23 12:37:58.380000,1.11432,1.1143,7120000,1000000
2019-05-23 12:37:58.482000,1.11432,1.11429,4120000,1500000
2019-05-23 12:37:58.584000,1.11432,1.1143,4120000,1000000
2019-05-23 12:37:58.687000,1.11432,1.11429,1870000,1500000
2019-05-23 12:37:58.797000,1.11432,1.1143,4120000,1000000
2019-05-23 12:37:58.899000,1.11432,1.11429,2000000,1870000
2019-05-23 12:37:59.001000,1.11432,1.1143,3500000,1000000
2019-05-23 12:37:59.103000,1.11432,1.11429,2750000,2700000
2019-05-23 12:37:59.370000,1.11432,1.1143,3500000,1000000
2019-05-23 12:37:59.571000,1.11432,1.11429,1500000,1950000
2019-05-23 12:37:59.981000,1.11432,1.1143,3500000,1000000
2019-05-23 12:38:00.134000,1.11432,1.11429,2750000,1870000
2019-05-23 12:38:01.027000,1.11432,1.11429,6370000,6750000
2019-05-23 12:38:02.620000,1.11431,1.11429,4060000,1100000
2019-05-23 12:38:03.031000,1.1143,1.11427,7660000,5060000
2019-05-23 12:38:03.215000,1.11429,1.11427,1000000,2060000
2019-05-23 12:38:03.581000,1.1143,1.11427,5060000,1310000
2019-05-23 12:38:03.787000,1.11429,1.11427,1500000,1690000
2019-05-23 12:38:05.288000,1.1143,1.11427,8440000,1250000
2019-05-23 12:38:05.629000,1.11429,1.11426,2780000,8620000
2019-05-23 12:38:06.245000,1.11427,1.11426,1000000,1000000
2019-05-23 12:38:06.348000,1.11426,1.11424,1500000,3370000
2019-05-23 12:38:06.801000,1.11426,1.11425,1000000,1000000
2019-05-23 12:38:07.006000,1.11427,1.11425,3370000,1000000
2019-05-23 12:38:09.356000,1.11427,1.11424,1500000,3220000
2019-05-23 12:38:09.476000,1.11427,1.11424,9120000,1500000
2019-05-23 12:38:12.259000,1.11425,1.11423,1000000,8250000
2019-05-23 12:38:13.272000,1.11426,1.11424,1300000,1000000
2019-05-23 12:38:14.451000,1.11427,1.11424,3000000,1500000
2019-05-23 12:38:15.219000,1.11427,1.11425,2250000,1000000
2019-05-23 12:38:18.640000,1.11428,1.11426,7060000,1000000
2019-05-23 12:38:18.742000,1.11428,1.11426,3220000,5250000
2019-05-23 12:38:20.051000,1.11428,1.11425,3000000,8440000
2019-05-23 12:38:20.154000,1.11429,1.11425,7310000,7690000
2019-05-23 12:38:20.205000,1.11429,1.11427,7350000,1000000
2019-05-23 12:38:20.256000,1.11429,1.11426,4500000,3560000
2019-05-23 12:38:20.360000,1.1143,1.11428,6750000,1000000
2019-05-23 12:38:20.734000,1.11429,1.11426,7160000,7320000
2019-05-23 12:38:20.836000,1.11427,1.11426,3040000,3000000
2019-05-23 12:38:20.938000,1.11427,1.11425,4550000,1000000
2019-05-23 12:38:21.091000,1.11427,1.11425,3000000,1000000
2019-05-23 12:38:21.201000,1.11426,1.11425,1000000,2250000
2019-05-23 12:38:21.303000,1.11427,1.11425,5100000,1000000
2019-05-23 12:38:21.405000,1.11427,1.11424,2100000,3370000
2019-05-23 12:38:21.507000,1.11427,1.11425,2250000,1000000
2019-05-23 12:38:22.537000,1.11427,1.11424,1000000,3370000
2019-05-23 12:38:23.370000,1.11428,1.11425,3750000,2440000
2019-05-23 12:38:23.732000,1.11428,1.11426,1500000,3000000
2019-05-23 12:38:23.833000,1.11429,1.11426,5440000,1500000
2019-05-23 12:38:25.346000,1.11429,1.11427,1500000,1000000
2019-05-23 12:38:25.447000,1.1143,1.11427,7500000,1000000
2019-05-23 12:38:25.550000,1.1143,1.11429,1500000,1000000
2019-05-23 12:38:25.755000,1.11431,1.11429,2060000,1000000
2019-05-23 12:38:26.043000,1.1143,1.11429,1000000,1000000
2019-05-23 12:38:26.147000,1.11431,1.11429,2810000,1000000
2019-05-23 12:38:26.478000,1.1143,1.11427,3000000,7310000
2019-05-23 12:38:26.584000,1.11431,1.11427,7310000,3190000
2019-05-23 12:38:27.548000,1.11431,1.11427,13970000,6250000
2019-05-23 12:38:30.645000,1.11429,1.11427,2810000,2250000
2019-05-23 12:38:30.747000,1.11429,1.11426,2060000,1690000
2019-05-23 12:38:30.900000,1.11429,1.11427,4690000,1000000
2019-05-23 12:38:31.060000,1.11427,1.11425,2250000,6370000
2019-05-23 12:38:31.163000,1.11426,1.11424,6940000,1200000
2019-05-23 12:38:31.265000,1.11425,1.11421,4870000,9560000
2019-05-23 12:38:31.317000,1.11423,1.11421,1000000,6190000
2019-05-23 12:38:31.464000,1.11424,1.11421,3000000,2810000
2019-05-23 12:38:34.229000,1.11421,1.1142,1720000,2620000
2019-05-23 12:38:34.366000,1.1142,1.11419,1870000,1500000
2019-05-23 12:38:35.067000,1.1142,1.11418,2810000,1250000
2019-05-23 12:38:35.571000,1.11421,1.11419,4440000,1120000
2019-05-23 12:38:35.987000,1.11421,1.11418,2190000,6370000
2019-05-23 12:38:38.026000,1.11421,1.11419,3690000,1120000
2019-05-23 12:38:40.404000,1.11421,1.11418,3690000,4120000
2019-05-23 12:38:41.567000,1.11421,1.11419,11260000,1120000
2019-05-23 12:38:41.776000,1.11421,1.11418,5940000,6370000
2019-05-23 12:38:41.878000,1.11421,1.11419,9690000,1120000
2019-05-23 12:38:42.375000,1.1142,1.11417,1870000,2940000
2019-05-23 12:38:42.478000,1.1142,1.11416,10120000,10810000
2019-05-23 12:38:42.530000,1.11417,1.11416,1250000,1000000
2019-05-23 12:38:42.633000,1.11418,1.11416,2500000,2250000
2019-05-23 12:38:43.048000,1.11418,1.11417,1250000,1000000
2019-05-23 12:38:43.150000,1.11418,1.11416,1250000,1000000
2019-05-23 12:38:47.473000,1.11419,1.11418,1500000,1000000
2019-05-23 12:38:47.575000,1.1142,1.11417,3750000,2250000
2019-05-23 12:38:48.203000,1.11421,1.11417,15040000,1120000
2019-05-23 12:38:48.342000,1.1142,1.11417,1500000,1870000
2019-05-23 12:38:48.453000,1.11421,1.11417,14660000,1120000
2019-05-23 12:38:48.555000,1.1142,1.11417,2250000,1120000
2019-05-23 12:38:49.755000,1.1142,1.11417,3300000,4620000
2019-05-23 12:38:50.381000,1.11421,1.11419,5440000,2120000
2019-05-23 12:38:50.483000,1.11422,1.1142,1500000,3000000
2019-05-23 12:38:50.806000,1.11423,1.1142,6000000,2250000
2019-05-23 12:38:50.908000,1.11422,1.11421,1000000,1000000
2019-05-23 12:38:51.010000,1.11423,1.1142,4500000,2250000
2019-05-23 12:38:51.321000,1.11422,1.1142,1000000,2250000
2019-05-23 12:38:51.789000,1.11423,1.1142,6000000,1500000
2019-05-23 12:38:51.895000,1.11422,1.1142,1000000,1500000
2019-05-23 12:38:52.272000,1.11422,1.11421,1500000,1000000
2019-05-23 12:38:52.396000,1.11423,1.11422,2250000,1000000
2019-05-23 12:38:52.498000,1.11425,1.11423,1000000,1690000
2019-05-23 12:38:52.652000,1.11426,1.11423,7690000,2060000
2019-05-23 12:38:52.807000,1.11427,1.11424,14410000,1000000
2019-05-23 12:38:54.333000,1.11427,1.11424,1950000,5620000
2019-05-23 12:38:54.916000,1.11428,1.11424,5440000,5620000
2019-05-23 12:38:55.720000,1.11427,1.11424,1000000,7500000
2019-05-23 12:38:56.927000,1.11427,1.11425,1000000,1000000
2019-05-23 12:38:57.044000,1.11428,1.11424,5810000,3000000
2019-05-23 12:38:59.762000,1.11427,1.11424,3370000,2250000
2019-05-23 12:38:59.871000,1.11427,1.11424,5000000,2250000
2019-05-23 12:39:00.024000,1.11426,1.11423,2620000,5250000
2019-05-23 12:39:00.178000,1.11425,1.11424,1000000,1000000
2019-05-23 12:39:00.390000,1.11426,1.11424,1500000,3000000
2019-05-23 12:39:00.493000,1.11426,1.11425,1000000,3000000
2019-05-23 12:39:00.595000,1.11428,1.11425,4250000,3000000
2019-05-23 12:39:00.799000,1.11428,1.11426,4250000,1000000
2019-05-23 12:39:00.908000,1.11428,1.11425,5370000,4010000
2019-05-23 12:39:01.112000,1.11427,1.11426,1120000,1000000
2019-05-23 12:39:01.214000,1.11428,1.11425,4440000,3750000
2019-05-23 12:39:01.552000,1.11428,1.11426,1870000,3120000
2019-05-23 12:39:01.913000,1.11429,1.11426,4690000,2370000
2019-05-23 12:39:02.561000,1.11429,1.11426,2810000,1000000
2019-05-23 12:39:04.209000,1.11429,1.11427,4010000,1000000
2019-05-23 12:39:04.312000,1.11429,1.11426,4310000,2250000
2019-05-23 12:39:04.416000,1.11428,1.11426,1500000,1500000
2019-05-23 12:39:04.519000,1.11429,1.11426,3560000,1000000
2019-05-23 12:39:05.667000,1.11428,1.11426,1000000,1000000
2019-05-23 12:39:05.780000,1.11429,1.11426,7160000,1500000
2019-05-23 12:39:06.062000,1.11428,1.11426,1000000,1000000
2019-05-23 12:39:06.735000,1.11428,1.11425,1000000,10500000
2019-05-23 12:39:07.217000,1.11429,1.11425,2290000,6750000
2019-05-23 12:39:07.679000,1.11428,1.11425,1000000,8250000
2019-05-23 12:39:07.781000,1.11429,1.11425,2290000,6000000
2019-05-23 12:39:07.934000,1.11429,1.11427,3470000,1000000
2019-05-23 12:39:08.163000,1.11429,1.11427,1000000,1500000
2019-05-23 12:39:08.265000,1.1143,1.11427,2620000,1500000
2019-05-23 12:39:09.743000,1.11429,1.11427,1000000,1000000
2019-05-23 12:39:09.846000,1.11429,1.11426,1750000,8060000
2019-05-23 12:39:09.948000,1.11429,1.11426,1000000,1870000
2019-05-23 12:39:10.079000,1.11429,1.11425,3940000,7500000
2019-05-23 12:39:10.182000,1.11427,1.11424,5060000,5560000
2019-05-23 12:39:10.284000,1.11427,1.11424,5060000,1250000
2019-05-23 12:39:10.657000,1.11426,1.11424,1000000,1690000
2019-05-23 12:39:11.177000,1.11427,1.11424,11060000,3940000
2019-05-23 12:39:11.334000,1.11426,1.11423,1250000,2440000
2019-05-23 12:39:11.632000,1.11426,1.11424,1750000,1000000
2019-05-23 12:39:11.734000,1.11426,1.11423,2500000,1690000
2019-05-23 12:39:16.852000,1.11426,1.11424,1750000,1000000
2019-05-23 12:39:17.194000,1.11426,1.11423,1250000,2440000
2019-05-23 12:39:19.602000,1.11426,1.11423,1750000,5560000
2019-05-23 12:39:21.114000,1.11426,1.11423,3250000,3190000
2019-05-23 12:39:23.870000,1.11424,1.11422,1000000,2440000
2019-05-23 12:39:23.922000,1.11422,1.1142,1250000,2850000
2019-05-23 12:39:24.283000,1.11423,1.11421,1250000,1000000
2019-05-23 12:39:24.457000,1.11423,1.1142,1250000,3000000
2019-05-23 12:39:25.011000,1.11424,1.11421,12470000,1000000
2019-05-23 12:39:25.667000,1.11424,1.1142,13350000,2250000
2019-05-23 12:39:26.332000,1.11424,1.11421,13670000,1000000
2019-05-23 12:39:27.438000,1.11424,1.11421,12550000,1000000
2019-05-23 12:39:28.580000,1.11423,1.1142,1250000,5250000
2019-05-23 12:39:29.897000,1.11423,1.11421,4690000,1000000
2019-05-23 12:39:32.250000,1.11423,1.11419,8750000,6620000
2019-05-23 12:39:33.570000,1.11422,1.11421,1000000,3750000
2019-05-23 12:39:34.222000,1.11421,1.11419,1000000,1250000
2019-05-23 12:39:34.325000,1.1142,1.11418,2250000,6750000
2019-05-23 12:39:34.439000,1.1142,1.11417,9640000,1000000
2019-05-23 12:39:34.643000,1.11419,1.11417,1000000,1000000
2019-05-23 12:39:35.233000,1.11419,1.11416,1870000,2440000
2019-05-23 12:39:35.458000,1.11418,1.11416,1000000,1690000
2019-05-23 12:39:38.349000,1.11416,1.11414,4910000,1000000
2019-05-23 12:39:38.451000,1.11416,1.11414,3970000,1120000
2019-05-23 12:39:38.656000,1.11416,1.11415,3970000,1000000
2019-05-23 12:39:38.766000,1.11417,1.11416,1100000,1690000
2019-05-23 12:39:38.869000,1.11418,1.11417,1500000,1120000
2019-05-23 12:39:39.074000,1.11419,1.11417,2620000,1120000
2019-05-23 12:39:39.176000,1.11419,1.11417,2120000,8620000
2019-05-23 12:39:39.294000,1.11419,1.11418,3750000,1120000
2019-05-23 12:39:39.397000,1.1142,1.11418,1120000,1120000
2019-05-23 12:39:40.125000,1.11422,1.11418,10720000,8440000
2019-05-23 12:39:40.227000,1.11422,1.1142,6750000,1000000
2019-05-23 12:39:40.431000,1.11422,1.11419,1500000,4690000
2019-05-23 12:39:40.745000,1.11422,1.1142,1870000,6940000
2019-05-23 12:39:40.848000,1.11423,1.11421,1500000,1000000
2019-05-23 12:39:40.950000,1.11423,1.11422,1000000,1000000
2019-05-23 12:39:41.072000,1.11424,1.11422,8660000,1000000
2019-05-23 12:39:41.175000,1.11423,1.11422,1500000,1000000
2019-05-23 12:39:41.277000,1.11424,1.11422,7160000,1500000
2019-05-23 12:39:41.429000,1.11423,1.11422,1500000,1000000
2019-05-23 12:39:41.873000,1.11424,1.11422,5440000,1000000
2019-05-23 12:39:42.027000,1.11423,1.11422,1500000,1000000
2019-05-23 12:39:42.131000,1.11424,1.11422,4690000,1000000
2019-05-23 12:39:42.235000,1.11423,1.11422,1500000,1000000
2019-05-23 12:39:42.337000,1.11424,1.11422,4690000,1000000
2019-05-23 12:39:42.879000,1.11423,1.11422,2250000,1500000
2019-05-23 12:39:43.096000,1.11423,1.11421,1000000,1870000
2019-05-23 12:39:43.385000,1.11423,1.11422,2250000,1000000
2019-05-23 12:39:43.487000,1.11424,1.11421,8890000,3000000
2019-05-23 12:39:43.589000,1.11424,1.11422,6260000,1000000
2019-05-23 12:39:43.798000,1.11423,1.11422,2250000,1500000
2019-05-23 12:39:44.025000,1.11424,1.11422,4760000,1000000
2019-05-23 12:39:44.179000,1.11424,1.11421,4690000,2620000
2019-05-23 12:39:44.281000,1.11423,1.11421,1870000,6370000
2019-05-23 12:39:44.421000,1.11423,1.11422,1870000,1000000
2019-05-23 12:39:44.522000,1.11424,1.11421,5190000,5620000
2019-05-23 12:39:44.945000,1.11423,1.11422,3750000,1120000
2019-05-23 12:39:45.857000,1.11423,1.1142,9040000,2250000
2019-05-23 12:39:45.959000,1.11422,1.1142,9560000,1000000
2019-05-23 12:39:46.552000,1.11421,1.1142,1000000,1500000
2019-05-23 12:39:46.725000,1.11422,1.1142,10690000,1000000
2019-05-23 12:39:46.828000,1.11424,1.11423,7910000,1000000
2019-05-23 12:39:46.931000,1.11424,1.11421,2810000,4870000
2019-05-23 12:39:47.135000,1.11424,1.11421,2120000,3310000
2019-05-23 12:39:47.609000,1.11425,1.11422,7310000,1500000
2019-05-23 12:39:47.711000,1.11424,1.11422,3000000,1500000
2019-05-23 12:39:47.840000,1.11424,1.11422,1250000,1500000
2019-05-23 12:39:48.044000,1.11424,1.11421,7000000,1250000
2019-05-23 12:39:48.690000,1.11423,1.11422,1250000,1000000
2019-05-23 12:39:48.882000,1.11423,1.11421,1250000,1250000
2019-05-23 12:39:51.092000,1.11423,1.11422,3940000,1000000
2019-05-23 12:39:52.013000,1.11423,1.11421,2440000,4690000
2019-05-23 12:39:52.781000,1.11423,1.11422,2440000,1000000
2019-05-23 12:39:52.883000,1.11423,1.11421,1250000,2810000
2019-05-23 12:39:53.560000,1.11423,1.11422,6000000,1000000
2019-05-23 12:39:54.541000,1.11423,1.11421,3370000,6000000
2019-05-23 12:39:54.643000,1.11423,1.11422,1500000,1120000
2019-05-23 12:39:56.916000,1.11423,1.11421,1000000,3190000
2019-05-23 12:39:59.968000,1.11423,1.11422,1250000,1000000
2019-05-23 12:40:00.070000,1.11423,1.11421,1250000,5060000
2019-05-23 12:40:00.283000,1.11423,1.11422,1000000,1000000
2019-05-23 12:40:00.809000,1.11423,1.11421,1000000,5060000
2019-05-23 12:40:02.791000,1.11423,1.11422,1000000,1000000
2019-05-23 12:40:04.749000,1.11424,1.11422,4500000,1000000
2019-05-23 12:40:07.033000,1.11423,1.11421,1000000,1000000
2019-05-23 12:40:07.241000,1.11424,1.11421,6750000,1000000
2019-05-23 12:40:07.343000,1.11423,1.11421,1000000,1500000
2019-05-23 12:40:08.189000,1.11424,1.11422,5440000,1000000
2019-05-23 12:40:08.291000,1.11423,1.11422,1000000,1000000
2019-05-23 12:40:08.392000,1.11424,1.11422,3940000,1000000
2019-05-23 12:40:08.749000,1.11423,1.11422,1000000,1500000
2019-05-23 12:40:08.902000,1.11424,1.11422,5440000,1500000
2019-05-23 12:40:09.255000,1.11423,1.11422,1000000,1500000
2019-05-23 12:40:09.407000,1.11425,1.11424,4870000,1500000
2019-05-23 12:40:09.458000,1.11426,1.11424,2250000,3940000
2019-05-23 12:40:09.509000,1.11428,1.11424,11360000,3190000
2019-05-23 12:40:09.611000,1.11427,1.11424,4120000,3940000
2019-05-23 12:40:10.176000,1.11426,1.11424,1000000,4120000
2019-05-23 12:40:10.279000,1.11427,1.11424,6560000,3000000
2019-05-23 12:40:10.542000,1.11426,1.11423,1000000,9560000
2019-05-23 12:40:10.871000,1.11426,1.11424,3940000,4500000
2019-05-23 12:40:11.202000,1.11426,1.11423,1690000,9220000
