time,ask,bid,ask_volume,bid_volume
2019-06-07 07:25:00.080000,1.12686,1.12683,6560000,1000000
2019-06-07 07:25:01.495000,1.12686,1.12682,3940000,9000000
2019-06-07 07:25:01.930000,1.12686,1.12683,3940000,1000000
2019-06-07 07:25:02.082000,1.12686,1.12682,3260000,10500000
2019-06-07 07:25:04.277000,1.12686,1.12683,4690000,1000000
2019-06-07 07:25:04.405000,1.12686,1.12682,3190000,7500000
2019-06-07 07:25:04.675000,1.12686,1.12683,4690000,1000000
2019-06-07 07:25:04.955000,1.12686,1.12682,3190000,7500000
2019-06-07 07:25:05.865000,1.12686,1.12683,5440000,4690000
2019-06-07 07:25:10.126000,1.12685,1.12683,1000000,3940000
2019-06-07 07:25:16.173000,1.12686,1.12683,3940000,1250000
2019-06-07 07:25:18.881000,1.12686,1.12684,1000000,2440000
2019-06-07 07:25:18.984000,1.12688,1.12686,1000000,3940000
2019-06-07 07:25:19.092000,1.1269,1.12687,3000000,4690000
2019-06-07 07:25:19.397000,1.1269,1.12688,1500000,3000000
2019-06-07 07:25:19.499000,1.12691,1.12689,1870000,1000000
2019-06-07 07:25:24.567000,1.12691,1.12688,3940000,1500000
2019-06-07 07:25:24.670000,1.12688,1.12687,6370000,1000000
2019-06-07 07:25:24.721000,1.12688,1.12685,4120000,1120000
2019-06-07 07:25:24.876000,1.12687,1.12685,4870000,1500000
2019-06-07 07:25:24.978000,1.12687,1.12684,5060000,1250000
2019-06-07 07:25:25.579000,1.12686,1.12684,1000000,1690000
2019-06-07 07:25:30.560000,1.12687,1.12684,11060000,1000000
2019-06-07 07:25:30.809000,1.12686,1.12683,3000000,3000000
2019-06-07 07:25:35.868000,1.12686,1.12684,1500000,1000000
2019-06-07 07:25:35.987000,1.12687,1.12684,10310000,1000000
2019-06-07 07:25:36.464000,1.12686,1.12684,1000000,1000000
2019-06-07 07:25:36.770000,1.12686,1.12684,1000000,12310000
2019-06-07 07:25:40.247000,1.12687,1.12685,1500000,2620000
2019-06-07 07:25:40.349000,1.12686,1.12685,1000000,1870000
2019-06-07 07:25:40.554000,1.12687,1.12685,1500000,1120000
2019-06-07 07:25:42.517000,1.12686,1.12685,1120000,1120000
2019-06-07 07:25:43.017000,1.12687,1.12685,1870000,1000000
2019-06-07 07:25:46.022000,1.12686,1.12685,1000000,1000000
2019-06-07 07:25:47.147000,1.12687,1.12685,3370000,1000000
2019-06-07 07:25:47.941000,1.12687,1.12684,1500000,4500000
2019-06-07 07:25:54.075000,1.12687,1.12684,1000000,8650000
2019-06-07 07:25:54.176000,1.12688,1.12684,4120000,9210000
2019-06-07 07:25:54.762000,1.12687,1.12684,1120000,7810000
2019-06-07 07:25:55.094000,1.12688,1.12684,5850000,5940000
2019-06-07 07:25:55.690000,1.12688,1.12687,6750000,4870000
2019-06-07 07:25:55.793000,1.12692,1.12691,1000000,1000000
2019-06-07 07:25:55.844000,1.12693,1.12691,2620000,1000000
2019-06-07 07:25:56.567000,1.12693,1.1269,3370000,4500000
2019-06-07 07:26:00.785000,1.12692,1.1269,1000000,2250000
2019-06-07 07:26:08.736000,1.12693,1.1269,5620000,1500000
2019-06-07 07:26:11.788000,1.12692,1.1269,1000000,1500000
2019-06-07 07:26:11.890000,1.12693,1.1269,3000000,1000000
2019-06-07 07:26:12.623000,1.12693,1.12691,2250000,2250000
2019-06-07 07:26:12.674000,1.12695,1.12692,1650000,7310000
2019-06-07 07:26:12.778000,1.12693,1.12692,1000000,1000000
2019-06-07 07:26:13.334000,1.12694,1.12691,8620000,1310000
2019-06-07 07:26:13.713000,1.12694,1.12691,11250000,1750000
2019-06-07 07:26:13.815000,1.12692,1.1269,1500000,1310000
2019-06-07 07:26:13.917000,1.12693,1.12691,3370000,1000000
2019-06-07 07:26:14.020000,1.12692,1.1269,1500000,2620000
2019-06-07 07:26:19.232000,1.12689,1.12688,1500000,4950000
2019-06-07 07:26:19.334000,1.12688,1.12685,1500000,7040000
2019-06-07 07:26:19.438000,1.12688,1.12685,2250000,2250000
2019-06-07 07:26:19.541000,1.12688,1.12686,1500000,1000000
2019-06-07 07:26:19.749000,1.12688,1.12686,6000000,1000000
2019-06-07 07:26:20.755000,1.12688,1.12686,6000000,3000000
2019-06-07 07:26:21.796000,1.12689,1.12688,1870000,1310000
2019-06-07 07:26:21.898000,1.12692,1.1269,1000000,6560000
2019-06-07 07:26:22.898000,1.12694,1.12692,5850000,1000000
2019-06-07 07:26:23.045000,1.12694,1.12691,3000000,3190000
2019-06-07 07:26:24.394000,1.12693,1.12691,1000000,6190000
2019-06-07 07:26:24.525000,1.12694,1.12691,3000000,3190000
2019-06-07 07:26:25.329000,1.12693,1.12691,1000000,6190000
2019-06-07 07:26:25.555000,1.12694,1.12691,3370000,3190000
2019-06-07 07:26:25.657000,1.12693,1.12691,1000000,3940000
2019-06-07 07:26:25.798000,1.12695,1.12692,6750000,1500000
2019-06-07 07:26:25.901000,1.12694,1.12692,1000000,1500000
2019-06-07 07:26:26.003000,1.12694,1.12691,1000000,14690000
2019-06-07 07:26:26.105000,1.12696,1.12694,1000000,2000000
2019-06-07 07:26:26.207000,1.12696,1.12694,1500000,1000000
2019-06-07 07:26:26.598000,1.12694,1.12692,4500000,1000000
2019-06-07 07:26:26.701000,1.12694,1.12691,6000000,1690000
2019-06-07 07:26:26.804000,1.12693,1.12691,1000000,1250000
2019-06-07 07:26:27.292000,1.12692,1.12691,1000000,1000000
2019-06-07 07:26:27.394000,1.12692,1.1269,1000000,2620000
2019-06-07 07:26:27.513000,1.12693,1.1269,3750000,2620000
2019-06-07 07:26:27.702000,1.12692,1.1269,1000000,3000000
2019-06-07 07:26:27.805000,1.12692,1.1269,1000000,4250000
2019-06-07 07:26:28.734000,1.12693,1.12691,3750000,1120000
2019-06-07 07:26:29.725000,1.12694,1.12692,6370000,1120000
2019-06-07 07:26:29.830000,1.12697,1.12695,2620000,3190000
2019-06-07 07:26:30.660000,1.12697,1.12695,4250000,1500000
2019-06-07 07:26:30.763000,1.12697,1.12695,3370000,1500000
2019-06-07 07:26:31.657000,1.12695,1.12694,2250000,3750000
2019-06-07 07:26:31.760000,1.12694,1.12692,4120000,1000000
2019-06-07 07:26:31.996000,1.12693,1.12691,1870000,1480000
2019-06-07 07:26:32.098000,1.12692,1.1269,1000000,1480000
2019-06-07 07:26:34.404000,1.12693,1.1269,1870000,1500000
2019-06-07 07:26:35.815000,1.12693,1.1269,1500000,2000000
2019-06-07 07:26:40.443000,1.12691,1.1269,1000000,1120000
2019-06-07 07:26:40.546000,1.12689,1.12687,7350000,1100000
2019-06-07 07:26:40.598000,1.12687,1.12686,1000000,1500000
2019-06-07 07:26:40.650000,1.12688,1.12685,7500000,3190000
2019-06-07 07:26:40.793000,1.12687,1.12685,3000000,2440000
2019-06-07 07:26:40.948000,1.12688,1.12685,3000000,5060000
2019-06-07 07:26:40.999000,1.12688,1.12686,2250000,2250000
2019-06-07 07:26:41.634000,1.12689,1.12687,6000000,1310000
2019-06-07 07:26:42.034000,1.12688,1.12686,1500000,2000000
2019-06-07 07:26:42.137000,1.12689,1.12686,11620000,2000000
2019-06-07 07:26:42.566000,1.12688,1.12686,2250000,2000000
2019-06-07 07:26:42.667000,1.12688,1.12686,2250000,1000000
2019-06-07 07:26:43.153000,1.12689,1.12686,12370000,1000000
2019-06-07 07:26:43.661000,1.12689,1.12687,8250000,1000000
2019-06-07 07:26:43.785000,1.12693,1.12692,4500000,1000000
2019-06-07 07:26:43.938000,1.12694,1.12692,4120000,1500000
2019-06-07 07:26:44.041000,1.12695,1.12693,3750000,1000000
2019-06-07 07:26:44.143000,1.12694,1.12692,1690000,1870000
2019-06-07 07:26:44.245000,1.12693,1.12691,1000000,4060000
2019-06-07 07:26:45.404000,1.12694,1.12691,5440000,3690000
2019-06-07 07:26:45.792000,1.12693,1.12691,1000000,3690000
2019-06-07 07:26:45.896000,1.12694,1.12691,5440000,3690000
2019-06-07 07:26:45.998000,1.12693,1.12691,1000000,3690000
2019-06-07 07:26:46.150000,1.12694,1.12691,4690000,3690000
2019-06-07 07:26:46.929000,1.12695,1.12693,6750000,1000000
2019-06-07 07:26:47.031000,1.12695,1.12694,1870000,1000000
2019-06-07 07:26:47.083000,1.12697,1.12694,12000000,1500000
2019-06-07 07:26:47.349000,1.12696,1.12694,1500000,1000000
2019-06-07 07:26:47.451000,1.12697,1.12694,5700000,1500000
2019-06-07 07:26:47.776000,1.12695,1.12694,1000000,1500000
2019-06-07 07:26:48.197000,1.12697,1.12694,10570000,1000000
2019-06-07 07:26:49.087000,1.12696,1.12694,1500000,1000000
2019-06-07 07:26:49.139000,1.12694,1.12693,1000000,3940000
2019-06-07 07:26:49.242000,1.12693,1.12691,1000000,1690000
2019-06-07 07:26:51.994000,1.12692,1.1269,1500000,2250000
2019-06-07 07:26:52.108000,1.12693,1.1269,7120000,2250000
2019-06-07 07:26:52.608000,1.12693,1.1269,5370000,3000000
2019-06-07 07:26:53.655000,1.12693,1.12691,1000000,1690000
2019-06-07 07:27:01.277000,1.12692,1.1269,1000000,2250000
2019-06-07 07:27:01.379000,1.12693,1.1269,1870000,2250000
2019-06-07 07:27:01.585000,1.12693,1.12692,1500000,1500000
2019-06-07 07:27:01.639000,1.12697,1.12695,8820000,1870000
2019-06-07 07:27:01.741000,1.12698,1.12695,3450000,2000000
2019-06-07 07:27:02.499000,1.12698,1.12695,4500000,3750000
2019-06-07 07:27:02.765000,1.12698,1.12695,3940000,3690000
2019-06-07 07:27:04.038000,1.12698,1.12695,2620000,3000000
2019-06-07 07:27:06.609000,1.12696,1.12694,1000000,5440000
2019-06-07 07:27:06.761000,1.12697,1.12694,1500000,3190000
2019-06-07 07:27:09.382000,1.127,1.12698,8770000,1000000
2019-06-07 07:27:09.485000,1.127,1.12699,2250000,1000000
2019-06-07 07:27:09.607000,1.12701,1.12699,7120000,2500000
2019-06-07 07:27:09.710000,1.12702,1.12699,5440000,1500000
2019-06-07 07:27:09.812000,1.12702,1.127,11890000,1000000
2019-06-07 07:27:10.192000,1.12702,1.12699,3640000,1350000
2019-06-07 07:27:10.995000,1.12702,1.127,10760000,1000000
2019-06-07 07:27:11.097000,1.12702,1.12698,2510000,3750000
2019-06-07 07:27:11.459000,1.12701,1.12698,1000000,5250000
2019-06-07 07:27:11.795000,1.12702,1.12698,7760000,5250000
2019-06-07 07:27:11.897000,1.12701,1.12698,1500000,6750000
2019-06-07 07:27:12.078000,1.12702,1.12698,7760000,5250000
2019-06-07 07:27:13.168000,1.12702,1.12701,1000000,1000000
2019-06-07 07:27:13.400000,1.12701,1.12699,3000000,4120000
2019-06-07 07:27:13.503000,1.127,1.12699,1000000,2250000
2019-06-07 07:27:13.605000,1.12699,1.12696,10310000,2810000
2019-06-07 07:27:13.763000,1.12698,1.12695,1120000,1500000
2019-06-07 07:27:15.151000,1.12698,1.12696,1000000,1500000
2019-06-07 07:27:15.254000,1.12699,1.12698,3450000,1000000
2019-06-07 07:27:15.670000,1.127,1.12698,1500000,1000000
2019-06-07 07:27:15.814000,1.12701,1.12698,3150000,1000000
2019-06-07 07:27:19.106000,1.127,1.12698,1000000,1000000
2019-06-07 07:27:19.563000,1.12698,1.12696,3000000,2620000
2019-06-07 07:27:19.666000,1.12697,1.12695,2250000,2250000
2019-06-07 07:27:19.769000,1.12698,1.12695,5810000,1000000
2019-06-07 07:27:19.870000,1.12697,1.12695,1000000,1000000
2019-06-07 07:27:20.081000,1.12697,1.12694,4870000,3000000
2019-06-07 07:27:20.285000,1.12696,1.12694,1000000,1500000
2019-06-07 07:27:21.173000,1.12697,1.12694,3190000,1500000
2019-06-07 07:27:24.660000,1.12697,1.12694,2500000,1500000
2019-06-07 07:27:25.534000,1.12697,1.12694,2440000,1500000
2019-06-07 07:27:28.626000,1.12697,1.12695,2440000,1000000
2019-06-07 07:27:30.502000,1.12696,1.12695,1000000,1000000
2019-06-07 07:27:34.396000,1.12697,1.12695,2620000,1000000
2019-06-07 07:27:35.067000,1.12696,1.12695,1000000,1000000
2019-06-07 07:27:35.382000,1.12697,1.12695,2620000,1000000
2019-06-07 07:27:36.139000,1.12697,1.12696,3000000,1000000
2019-06-07 07:27:36.241000,1.12698,1.12696,3000000,1000000
2019-06-07 07:27:38.884000,1.12698,1.12695,7870000,1870000
2019-06-07 07:27:38.987000,1.12697,1.12695,3000000,1000000
2019-06-07 07:27:39.090000,1.12698,1.12695,4950000,1000000
2019-06-07 07:27:39.614000,1.12696,1.12695,1000000,1000000
2019-06-07 07:27:39.716000,1.12697,1.12695,1000000,1000000
2019-06-07 07:27:39.818000,1.12698,1.12694,7760000,8100000
2019-06-07 07:27:39.920000,1.12697,1.12694,1000000,6000000
2019-06-07 07:27:40.127000,1.12697,1.12695,1500000,1000000
2019-06-07 07:27:41.059000,1.12697,1.12694,2250000,8100000
2019-06-07 07:27:43.304000,1.12696,1.12694,1000000,7500000
2019-06-07 07:27:43.459000,1.12697,1.12694,1000000,5250000
2019-06-07 07:27:44.534000,1.12698,1.12694,10760000,5250000
2019-06-07 07:27:45.594000,1.12697,1.12695,1000000,1000000
2019-06-07 07:27:48.558000,1.12697,1.12694,5920000,6000000
2019-06-07 07:27:50.950000,1.12698,1.12694,10670000,1000000
2019-06-07 07:27:52.162000,1.12697,1.12694,1000000,3750000
2019-06-07 07:27:52.263000,1.12698,1.12694,10010000,1500000
2019-06-07 07:27:52.365000,1.12697,1.12694,1000000,1500000
2019-06-07 07:27:55.409000,1.12698,1.12694,10010000,3750000
2019-06-07 07:27:55.612000,1.12697,1.12694,1000000,6000000
2019-06-07 07:27:55.723000,1.12698,1.12694,9260000,3750000
2019-06-07 07:27:56.226000,1.12697,1.12694,1000000,6000000
2019-06-07 07:27:56.377000,1.12698,1.12694,10760000,3750000
2019-06-07 07:27:56.478000,1.12697,1.12694,1000000,4870000
2019-06-07 07:27:56.580000,1.12698,1.12694,6260000,4120000
2019-06-07 07:27:56.783000,1.12697,1.12694,1000000,6370000
2019-06-07 07:27:56.884000,1.12698,1.12694,7760000,4120000
2019-06-07 07:27:57.290000,1.12697,1.12694,2250000,2620000
2019-06-07 07:27:57.555000,1.12697,1.12695,3000000,1000000
2019-06-07 07:27:57.984000,1.12698,1.12696,2620000,8440000
2019-06-07 07:27:58.086000,1.127,1.12698,1000000,1000000
2019-06-07 07:27:58.213000,1.12699,1.12698,1000000,1000000
2019-06-07 07:27:58.315000,1.127,1.12698,3750000,1000000
2019-06-07 07:27:58.417000,1.12698,1.12697,1000000,1000000
2019-06-07 07:27:58.468000,1.12698,1.12695,7120000,1650000
2019-06-07 07:27:58.571000,1.12696,1.12694,1000000,6370000
2019-06-07 07:27:58.673000,1.12697,1.12695,3000000,1120000
2019-06-07 07:27:59.386000,1.12697,1.12694,1000000,1500000
2019-06-07 07:28:00.085000,1.12697,1.12695,2250000,1000000
2019-06-07 07:28:00.398000,1.12698,1.12695,14290000,1000000
2019-06-07 07:28:00.629000,1.12698,1.12694,14290000,1500000
2019-06-07 07:28:00.753000,1.12697,1.12694,1000000,1500000
2019-06-07 07:28:01.007000,1.12696,1.12694,1000000,3750000
2019-06-07 07:28:03.557000,1.12696,1.12695,1500000,1000000
2019-06-07 07:28:06.558000,1.12696,1.12694,1000000,4870000
2019-06-07 07:28:06.711000,1.12697,1.12694,2250000,2620000
2019-06-07 07:28:10.146000,1.12696,1.12694,3000000,3000000
2019-06-07 07:28:10.248000,1.12697,1.12694,3750000,2250000
2019-06-07 07:28:11.511000,1.12696,1.12694,1500000,1500000
2019-06-07 07:28:12.688000,1.12696,1.12693,1000000,4500000
2019-06-07 07:28:12.996000,1.12697,1.12693,3940000,2250000
2019-06-07 07:28:16.167000,1.12697,1.12693,1500000,4440000
2019-06-07 07:28:20.363000,1.12694,1.12692,6000000,4500000
2019-06-07 07:28:20.465000,1.12693,1.12691,3190000,1000000
2019-06-07 07:28:24.146000,1.12693,1.12689,2440000,8250000
2019-06-07 07:28:24.249000,1.12693,1.1269,4870000,1000000
2019-06-07 07:28:25.521000,1.12693,1.12689,1500000,10310000
2019-06-07 07:28:25.650000,1.12693,1.1269,3000000,1500000
2019-06-07 07:28:25.945000,1.12693,1.12689,1500000,10310000
2019-06-07 07:28:29.181000,1.12691,1.12689,1500000,6000000
2019-06-07 07:28:29.335000,1.12692,1.12688,6560000,7850000
2019-06-07 07:28:29.487000,1.12691,1.12688,1000000,10100000
2019-06-07 07:28:29.807000,1.12692,1.12688,8400000,7850000
2019-06-07 07:28:29.920000,1.12692,1.12688,9090000,7850000
2019-06-07 07:28:30.287000,1.12692,1.12688,8710000,7350000
2019-06-07 07:28:33.498000,1.1269,1.12688,1000000,1500000
2019-06-07 07:28:33.600000,1.12688,1.12686,4310000,3370000
2019-06-07 07:28:33.827000,1.12688,1.12685,8350000,3120000
2019-06-07 07:28:33.930000,1.12688,1.12685,3600000,1500000
2019-06-07 07:28:39.106000,1.12679,1.12678,1120000,12070000
2019-06-07 07:28:39.209000,1.12678,1.12677,1310000,2250000
2019-06-07 07:28:39.261000,1.12678,1.12675,2440000,4870000
2019-06-07 07:28:39.312000,1.12675,1.12674,1000000,1100000
2019-06-07 07:28:39.419000,1.12673,1.1267,1000000,4050000
2019-06-07 07:28:39.574000,1.12672,1.12669,1000000,1870000
2019-06-07 07:28:39.677000,1.12671,1.12669,1500000,1500000
2019-06-07 07:28:39.842000,1.12671,1.12668,1000000,5810000
2019-06-07 07:28:40.164000,1.12671,1.12669,1500000,1000000
2019-06-07 07:28:40.639000,1.12672,1.1267,3750000,1000000
2019-06-07 07:28:40.691000,1.12673,1.1267,2320000,3370000
2019-06-07 07:28:40.794000,1.12673,1.12671,6000000,3750000
2019-06-07 07:28:41.712000,1.12673,1.12671,1000000,2440000
2019-06-07 07:28:42.287000,1.12674,1.12671,1250000,1250000
2019-06-07 07:28:43.212000,1.12675,1.12672,5250000,2250000
2019-06-07 07:28:43.383000,1.12676,1.12673,9750000,3750000
2019-06-07 07:28:44.288000,1.12676,1.12674,1690000,1000000
2019-06-07 07:28:44.390000,1.12676,1.12673,1000000,4500000
2019-06-07 07:28:44.530000,1.12677,1.12673,8510000,3000000
2019-06-07 07:28:44.824000,1.12676,1.12674,1000000,1500000
2019-06-07 07:28:44.926000,1.12677,1.12674,12560000,1000000
2019-06-07 07:28:45.181000,1.12676,1.12674,1000000,1000000
2019-06-07 07:28:45.282000,1.12676,1.12673,1500000,3000000
2019-06-07 07:28:46.053000,1.12678,1.12674,7810000,5660000
2019-06-07 07:28:46.106000,1.12678,1.12677,1000000,6370000
2019-06-07 07:28:46.158000,1.12681,1.12678,2020000,5250000
2019-06-07 07:28:46.266000,1.12681,1.12679,2020000,3000000
2019-06-07 07:28:46.369000,1.12688,1.12687,2320000,4350000
2019-06-07 07:28:46.421000,1.12689,1.12688,1500000,1000000
2019-06-07 07:28:46.525000,1.1269,1.12687,1200000,6690000
2019-06-07 07:28:46.640000,1.12688,1.12687,1000000,5250000
2019-06-07 07:28:46.691000,1.12688,1.12686,1120000,1000000
2019-06-07 07:28:46.793000,1.12689,1.12686,1000000,6940000
2019-06-07 07:28:46.946000,1.12687,1.12686,1000000,1000000
2019-06-07 07:28:47.049000,1.12688,1.12686,5250000,1000000
2019-06-07 07:28:47.161000,1.12687,1.12686,1500000,1000000
2019-06-07 07:28:47.263000,1.12687,1.12684,1000000,10810000
2019-06-07 07:28:47.365000,1.12688,1.12684,6000000,2940000
2019-06-07 07:28:47.518000,1.12687,1.12684,3750000,5940000
2019-06-07 07:28:47.737000,1.1269,1.12688,3000000,2620000
2019-06-07 07:28:47.842000,1.12691,1.12689,2620000,1050000
2019-06-07 07:28:48.392000,1.12692,1.12689,1120000,2250000
2019-06-07 07:28:48.494000,1.12692,1.12688,1250000,13500000
2019-06-07 07:28:48.651000,1.12692,1.12689,2440000,1000000
2019-06-07 07:28:48.754000,1.12691,1.12689,1000000,2250000
2019-06-07 07:28:49.022000,1.1269,1.12686,4690000,4090000
2019-06-07 07:28:49.074000,1.12687,1.12686,1000000,1570000
2019-06-07 07:28:49.177000,1.12687,1.12685,1000000,3370000
2019-06-07 07:28:49.542000,1.12688,1.12687,3450000,2250000
2019-06-07 07:28:49.594000,1.12689,1.12687,1250000,2250000
2019-06-07 07:28:49.698000,1.12689,1.12688,1250000,1000000
2019-06-07 07:28:49.801000,1.1269,1.12689,1500000,1000000
2019-06-07 07:28:49.905000,1.1269,1.12688,2250000,1000000
2019-06-07 07:28:50.008000,1.12691,1.12687,9070000,1870000
2019-06-07 07:28:50.161000,1.1269,1.12687,1500000,1870000
2019-06-07 07:28:50.416000,1.12688,1.12687,2250000,1000000
2019-06-07 07:28:50.519000,1.12687,1.12686,1000000,1000000
2019-06-07 07:28:50.637000,1.12687,1.12684,3820000,2250000
2019-06-07 07:28:50.740000,1.12686,1.12684,1000000,1000000
2019-06-07 07:28:50.842000,1.12687,1.12684,6450000,1000000
2019-06-07 07:28:50.944000,1.12686,1.12684,1000000,1000000
2019-06-07 07:28:51.047000,1.12687,1.12684,7570000,1000000
2019-06-07 07:28:51.161000,1.12685,1.12684,1000000,1000000
2019-06-07 07:28:51.340000,1.12686,1.12684,1000000,1000000
2019-06-07 07:28:55.050000,1.12685,1.12684,1000000,1500000
2019-06-07 07:28:55.162000,1.12685,1.12683,4940000,1870000
2019-06-07 07:28:55.213000,1.12684,1.12682,1870000,1000000
2019-06-07 07:28:55.316000,1.12684,1.12683,1000000,1000000
2019-06-07 07:28:55.641000,1.12685,1.12683,1250000,1000000
2019-06-07 07:28:55.847000,1.12687,1.12683,5440000,4120000
2019-06-07 07:28:56.002000,1.12687,1.12686,1120000,1000000
2019-06-07 07:28:56.108000,1.12688,1.12686,2320000,1500000
2019-06-07 07:28:56.210000,1.12689,1.12686,1000000,2250000
2019-06-07 07:28:56.363000,1.12689,1.12687,2250000,1000000
2019-06-07 07:28:56.465000,1.12689,1.12686,1000000,1500000
2019-06-07 07:28:57.856000,1.1269,1.12688,2700000,1000000
2019-06-07 07:28:57.958000,1.12691,1.12688,1950000,4870000
2019-06-07 07:28:58.060000,1.12692,1.12689,2060000,3750000
2019-06-07 07:28:58.297000,1.12692,1.12688,4120000,8810000
2019-06-07 07:28:58.424000,1.12692,1.12689,4870000,1000000
2019-06-07 07:28:58.586000,1.12692,1.12688,4120000,8810000
2019-06-07 07:28:58.868000,1.12692,1.12689,2620000,1000000
2019-06-07 07:28:59.122000,1.12692,1.12688,3000000,8810000
2019-06-07 07:28:59.590000,1.12691,1.12689,1000000,2250000
2019-06-07 07:28:59.692000,1.12689,1.12688,1000000,1000000
2019-06-07 07:28:59.795000,1.12689,1.12687,3750000,4500000
2019-06-07 07:28:59.936000,1.12689,1.12686,1000000,1690000
2019-06-07 07:29:00.038000,1.12689,1.12687,1000000,7690000
2019-06-07 07:29:00.242000,1.12689,1.12688,1000000,1000000
2019-06-07 07:29:00.756000,1.12691,1.12687,3750000,5940000
2019-06-07 07:29:00.807000,1.12688,1.12687,1000000,1000000
2019-06-07 07:29:00.911000,1.12689,1.12686,1500000,5440000
2019-06-07 07:29:01.065000,1.12688,1.12686,1870000,1000000
2019-06-07 07:29:01.268000,1.12688,1.12685,1500000,2620000
2019-06-07 07:29:04.938000,1.12689,1.12685,13010000,4870000
2019-06-07 07:29:05.476000,1.12688,1.12685,2250000,6750000
2019-06-07 07:29:06.022000,1.12687,1.12685,2250000,2250000
2019-06-07 07:29:06.123000,1.12688,1.12685,6000000,4120000
2019-06-07 07:29:08.384000,1.12683,1.12682,1500000,1690000
2019-06-07 07:29:08.487000,1.12683,1.12682,1500000,1250000
2019-06-07 07:29:08.589000,1.12683,1.12681,1500000,1500000
2019-06-07 07:29:10.274000,1.12683,1.1268,1500000,2060000
2019-06-07 07:29:10.376000,1.12681,1.1268,1000000,2440000
2019-06-07 07:29:10.478000,1.12681,1.12678,4500000,3560000
2019-06-07 07:29:10.621000,1.1268,1.12678,1000000,1310000
2019-06-07 07:29:13.174000,1.12681,1.12678,1950000,2620000
2019-06-07 07:29:13.276000,1.12682,1.12678,9590000,3620000
2019-06-07 07:29:14.929000,1.1268,1.12678,1000000,5500000
2019-06-07 07:29:15.456000,1.12681,1.12678,2250000,1750000
2019-06-07 07:29:15.979000,1.1268,1.12678,1000000,2500000
2019-06-07 07:29:16.793000,1.12681,1.12678,4500000,1750000
2019-06-07 07:29:19.845000,1.12681,1.12678,6750000,3190000
2019-06-07 07:29:19.948000,1.1268,1.12677,1500000,1500000
2019-06-07 07:29:20.507000,1.12679,1.12677,1000000,1690000
2019-06-07 07:29:20.609000,1.1268,1.12677,4500000,1690000
2019-06-07 07:29:22.893000,1.1268,1.12677,2370000,8690000
2019-06-07 07:29:23.958000,1.1268,1.12678,1000000,1250000
2019-06-07 07:29:27.555000,1.12681,1.12677,4500000,5690000
2019-06-07 07:29:27.657000,1.1268,1.12678,1000000,1250000
2019-06-07 07:29:28.456000,1.12681,1.12677,5250000,6060000
2019-06-07 07:29:30.223000,1.1268,1.12678,1000000,1250000
2019-06-07 07:29:30.325000,1.12681,1.12677,6000000,6060000
2019-06-07 07:29:31.103000,1.1268,1.12678,1000000,1250000
2019-06-07 07:29:31.244000,1.12681,1.12677,6000000,6060000
2019-06-07 07:29:31.915000,1.1268,1.12677,1000000,6440000
2019-06-07 07:29:32.068000,1.12678,1.12677,1000000,4690000
2019-06-07 07:29:32.175000,1.12677,1.12674,5250000,5060000
2019-06-07 07:29:34.486000,1.12676,1.12674,1500000,1310000
2019-06-07 07:29:34.697000,1.12676,1.12673,2250000,5660000
2019-06-07 07:29:35.610000,1.12675,1.12673,1000000,1000000
2019-06-07 07:29:35.927000,1.12676,1.12673,3750000,1000000
2019-06-07 07:29:36.091000,1.12675,1.12673,1000000,2250000
2019-06-07 07:29:36.194000,1.12676,1.12673,1500000,2440000
2019-06-07 07:29:36.367000,1.12676,1.12673,2370000,1690000
2019-06-07 07:29:38.339000,1.12674,1.12672,1000000,8510000
2019-06-07 07:29:38.391000,1.12673,1.12671,1000000,3640000
2019-06-07 07:29:38.499000,1.12674,1.12671,1500000,6370000
2019-06-07 07:29:38.813000,1.12673,1.12671,1500000,3750000
2019-06-07 07:29:38.967000,1.12674,1.12671,5250000,1000000
2019-06-07 07:29:39.070000,1.12674,1.1267,1500000,8440000
2019-06-07 07:29:39.644000,1.12674,1.12672,1500000,1000000
2019-06-07 07:29:40.689000,1.12674,1.12673,1000000,1000000
2019-06-07 07:29:41.678000,1.12675,1.12674,1500000,1000000
2019-06-07 07:29:42.079000,1.12678,1.12675,6120000,5120000
2019-06-07 07:29:42.182000,1.12679,1.12676,4130000,1250000
2019-06-07 07:29:42.338000,1.12679,1.12676,1000000,6850000
2019-06-07 07:29:42.544000,1.12679,1.12676,1500000,1690000
2019-06-07 07:29:42.858000,1.12679,1.12676,1000000,4750000
2019-06-07 07:29:43.411000,1.12679,1.12676,1120000,5060000
2019-06-07 07:29:45.195000,1.12679,1.12677,1500000,1000000
2019-06-07 07:29:45.298000,1.12679,1.12676,1500000,4870000
2019-06-07 07:29:47.355000,1.1268,1.12676,3500000,18420000
2019-06-07 07:29:47.509000,1.1268,1.12676,1620000,15070000
2019-06-07 07:29:47.664000,1.1268,1.12677,3120000,2250000
2019-06-07 07:29:47.918000,1.1268,1.12676,2370000,14320000
2019-06-07 07:29:48.069000,1.1268,1.12677,2370000,1500000
2019-06-07 07:29:48.170000,1.1268,1.12676,2370000,14320000
2019-06-07 07:29:48.373000,1.1268,1.12677,3870000,2250000
2019-06-07 07:29:48.492000,1.1268,1.12676,1620000,14320000
2019-06-07 07:29:48.594000,1.12679,1.12677,1500000,5250000
2019-06-07 07:29:48.645000,1.12677,1.12675,1000000,7220000
2019-06-07 07:29:48.748000,1.12678,1.12675,1000000,3000000
2019-06-07 07:29:48.850000,1.12679,1.12676,3000000,3000000
2019-06-07 07:29:49.370000,1.12679,1.12677,3000000,1000000
2019-06-07 07:29:50.278000,1.12677,1.12675,6000000,4120000
2019-06-07 07:29:50.430000,1.12672,1.12671,2250000,1500000
2019-06-07 07:29:50.482000,1.12669,1.12668,1000000,1500000
2019-06-07 07:29:50.635000,1.1267,1.12666,5250000,7120000
2019-06-07 07:29:50.737000,1.12668,1.12666,1120000,3750000
2019-06-07 07:29:50.938000,1.12668,1.12666,1870000,1000000
2019-06-07 07:29:51.155000,1.12669,1.12667,1500000,3000000
2019-06-07 07:29:51.358000,1.12669,1.12666,1500000,3070000
2019-06-07 07:29:52.042000,1.12669,1.12665,4620000,4500000
2019-06-07 07:29:52.162000,1.12669,1.12666,3870000,1000000
2019-06-07 07:29:52.265000,1.12669,1.12665,6870000,8230000
2019-06-07 07:29:52.826000,1.12667,1.12666,1000000,1500000
2019-06-07 07:29:52.928000,1.12669,1.12665,5750000,4500000
2019-06-07 07:29:53.082000,1.12668,1.12666,1000000,1000000
2019-06-07 07:29:53.184000,1.12669,1.12666,4950000,1000000
2019-06-07 07:29:53.286000,1.12668,1.12666,1000000,1000000
2019-06-07 07:29:53.525000,1.12667,1.12666,1000000,1000000
2019-06-07 07:29:54.364000,1.12666,1.12665,1000000,1120000
2019-06-07 07:29:54.415000,1.12668,1.12665,3000000,1120000
2019-06-07 07:29:54.530000,1.12667,1.12664,3000000,3000000
2019-06-07 07:29:54.785000,1.12666,1.12664,1500000,1000000
2019-06-07 07:29:54.888000,1.12667,1.12664,2250000,1870000
2019-06-07 07:29:55.559000,1.12667,1.12664,3870000,3370000
2019-06-07 07:29:58.938000,1.12667,1.12664,1500000,1500000
2019-06-07 07:29:58.990000,1.12667,1.12666,1000000,1000000
2019-06-07 07:29:59.471000,1.1267,1.12666,3120000,3370000
2019-06-07 07:29:59.935000,1.12668,1.12665,1000000,4200000
2019-06-07 07:30:00.038000,1.12667,1.12665,1000000,1500000
2019-06-07 07:30:00.141000,1.12668,1.12665,2250000,1000000
2019-06-07 07:30:00.285000,1.12668,1.12666,1000000,1500000
2019-06-07 07:30:00.387000,1.12669,1.12665,3820000,9000000
2019-06-07 07:30:00.489000,1.1267,1.12666,4500000,6870000
2019-06-07 07:30:00.662000,1.12669,1.12666,1000000,4620000
2019-06-07 07:30:01.384000,1.12669,1.12668,1500000,1000000
2019-06-07 07:30:02.138000,1.12668,1.12665,3000000,3000000
2019-06-07 07:30:02.190000,1.12666,1.12664,1000000,9000000
2019-06-07 07:30:02.242000,1.12668,1.12665,3000000,1000000
2019-06-07 07:30:02.344000,1.12667,1.12664,2250000,1870000
2019-06-07 07:30:02.446000,1.12667,1.12665,3370000,1000000
2019-06-07 07:30:02.547000,1.12667,1.12664,3750000,3000000
2019-06-07 07:30:02.648000,1.12667,1.12665,3000000,1000000
2019-06-07 07:30:03.409000,1.12666,1.12664,1000000,2250000
2019-06-07 07:30:03.513000,1.12667,1.12664,2250000,2250000
2019-06-07 07:30:04.392000,1.12667,1.12664,2750000,2250000
2019-06-07 07:30:06.148000,1.12666,1.12665,1870000,1000000
2019-06-07 07:30:06.200000,1.12665,1.12663,1000000,2250000
2019-06-07 07:30:06.318000,1.12664,1.12661,2250000,3000000
2019-06-07 07:30:06.369000,1.12663,1.12661,2620000,1000000
2019-06-07 07:30:06.471000,1.12662,1.12659,1870000,2250000
2019-06-07 07:30:06.633000,1.12662,1.12659,3870000,1500000
2019-06-07 07:30:07.347000,1.12662,1.1266,1000000,6190000
2019-06-07 07:30:07.399000,1.12663,1.1266,1690000,5620000
2019-06-07 07:30:07.501000,1.12663,1.12661,3190000,1000000
2019-06-07 07:30:07.662000,1.12664,1.1266,3870000,8060000
2019-06-07 07:30:07.715000,1.12665,1.12662,2250000,1000000
2019-06-07 07:30:07.817000,1.12666,1.12664,1620000,1000000
2019-06-07 07:30:07.919000,1.12666,1.12664,1000000,1000000
2019-06-07 07:30:08.843000,1.12667,1.12664,1010000,1500000
2019-06-07 07:30:09.429000,1.12665,1.12664,1000000,2250000
2019-06-07 07:30:09.480000,1.12662,1.12661,1690000,7950000
2019-06-07 07:30:09.586000,1.12661,1.1266,3190000,4120000
2019-06-07 07:30:09.638000,1.12661,1.12659,3690000,1000000
2019-06-07 07:30:11.753000,1.12659,1.12658,1000000,1250000
2019-06-07 07:30:11.954000,1.12659,1.12658,1000000,1250000
2019-06-07 07:30:12.173000,1.12661,1.12658,1250000,1690000
2019-06-07 07:30:15.340000,1.1266,1.12658,1000000,2440000
2019-06-07 07:30:18.653000,1.1266,1.12659,1000000,1690000
2019-06-07 07:30:18.755000,1.12661,1.12659,1120000,1690000
2019-06-07 07:30:19.394000,1.1266,1.12659,1500000,1000000
2019-06-07 07:30:19.516000,1.12661,1.12659,5060000,1000000
2019-06-07 07:30:21.345000,1.12661,1.1266,1310000,1000000
2019-06-07 07:30:21.397000,1.12663,1.12661,6150000,1120000
2019-06-07 07:30:21.500000,1.12663,1.12661,4950000,4250000
2019-06-07 07:30:21.602000,1.12662,1.12661,1000000,1000000
2019-06-07 07:30:22.058000,1.12663,1.12661,3970000,1000000
2019-06-07 07:30:22.160000,1.12662,1.12661,1000000,1000000
2019-06-07 07:30:22.534000,1.12661,1.1266,1350000,1000000
2019-06-07 07:30:22.586000,1.1266,1.12659,1250000,1000000
2019-06-07 07:30:22.691000,1.12661,1.1266,2100000,1000000
2019-06-07 07:30:22.794000,1.12662,1.1266,1300000,1000000
2019-06-07 07:30:22.897000,1.12662,1.1266,1120000,1000000
2019-06-07 07:30:23.242000,1.12661,1.1266,1000000,1000000
2019-06-07 07:30:24.328000,1.12662,1.1266,1120000,1000000
2019-06-07 07:30:24.430000,1.12661,1.1266,1000000,1000000
2019-06-07 07:30:24.577000,1.12662,1.1266,1120000,1000000
2019-06-07 07:30:25.834000,1.12663,1.1266,4500000,1000000
2019-06-07 07:30:26.215000,1.12662,1.1266,1000000,1000000
2019-06-07 07:30:26.701000,1.12661,1.1266,1000000,1000000
2019-06-07 07:30:26.817000,1.12662,1.1266,2620000,1000000
2019-06-07 07:30:26.971000,1.12664,1.12662,10700000,1000000
2019-06-07 07:30:27.073000,1.12664,1.12662,1000000,5250000
2019-06-07 07:30:27.198000,1.12665,1.12664,3560000,1000000
2019-06-07 07:30:27.300000,1.12666,1.12664,2550000,1500000
2019-06-07 07:30:27.504000,1.12666,1.12663,4650000,3370000
2019-06-07 07:30:27.612000,1.12666,1.12663,4420000,1870000
2019-06-07 07:30:27.715000,1.12667,1.12664,11590000,1000000
2019-06-07 07:30:28.630000,1.12664,1.12663,1000000,1120000
2019-06-07 07:30:28.733000,1.12666,1.12664,7460000,1000000
2019-06-07 07:30:29.051000,1.12667,1.12664,11440000,1000000
2019-06-07 07:30:29.153000,1.12667,1.12664,3310000,1000000
2019-06-07 07:30:30.056000,1.12667,1.12664,1870000,1000000
2019-06-07 07:30:30.209000,1.12667,1.12666,1000000,1000000
2019-06-07 07:30:30.596000,1.12668,1.12666,8620000,1000000
2019-06-07 07:30:30.801000,1.12667,1.12666,2250000,1000000
2019-06-07 07:30:31.467000,1.12667,1.12665,1000000,1000000
2019-06-07 07:30:31.620000,1.12668,1.12665,5620000,1000000
2019-06-07 07:30:31.805000,1.12667,1.12665,1000000,1000000
2019-06-07 07:30:33.227000,1.12667,1.12664,1000000,1000000
2019-06-07 07:30:34.752000,1.12666,1.12664,1000000,5620000
2019-06-07 07:30:35.415000,1.12667,1.12664,1500000,3000000
2019-06-07 07:30:37.761000,1.12666,1.12664,1000000,1000000
2019-06-07 07:30:39.066000,1.12667,1.12664,1500000,1000000
2019-06-07 07:30:43.382000,1.12665,1.12664,1000000,1500000
2019-06-07 07:30:43.433000,1.12667,1.12664,4870000,1000000
2019-06-07 07:30:43.485000,1.12665,1.12662,6750000,1000000
2019-06-07 07:30:43.588000,1.12665,1.12661,8700000,3940000
2019-06-07 07:30:44.196000,1.12666,1.12664,1500000,1000000
2019-06-07 07:30:47.294000,1.12667,1.12664,1310000,1000000
2019-06-07 07:30:48.525000,1.12667,1.12663,1870000,9820000
2019-06-07 07:30:48.773000,1.12667,1.12664,4120000,1000000
2019-06-07 07:30:49.030000,1.12667,1.12663,1870000,9820000
2019-06-07 07:30:49.541000,1.12667,1.12664,1310000,1000000
2019-06-07 07:30:51.154000,1.12667,1.12665,2810000,1000000
2019-06-07 07:30:53.326000,1.12667,1.12664,2060000,1000000
2019-06-07 07:30:55.580000,1.12666,1.12664,1000000,1000000
2019-06-07 07:30:57.556000,1.12666,1.12665,1000000,1000000
2019-06-07 07:30:58.921000,1.12667,1.12665,2810000,1000000
2019-06-07 07:30:59.343000,1.12668,1.12666,1950000,3000000
2019-06-07 07:30:59.445000,1.1267,1.12668,2720000,1000000
2019-06-07 07:30:59.547000,1.12671,1.12668,1120000,1000000
2019-06-07 07:30:59.768000,1.12672,1.12668,5140000,3070000
2019-06-07 07:30:59.921000,1.12672,1.12669,2810000,1000000
2019-06-07 07:31:00.023000,1.12672,1.12668,1870000,6790000
2019-06-07 07:31:00.125000,1.12672,1.12669,4120000,1000000
2019-06-07 07:31:00.257000,1.12672,1.12668,4370000,4310000
2019-06-07 07:31:00.359000,1.12672,1.12669,6060000,1000000
2019-06-07 07:31:00.462000,1.1267,1.12669,1000000,1000000
2019-06-07 07:31:00.564000,1.1267,1.12668,10060000,1000000
2019-06-07 07:31:00.676000,1.1267,1.12668,7120000,1000000
2019-06-07 07:31:00.779000,1.12671,1.12669,5250000,1000000
2019-06-07 07:31:02.052000,1.12672,1.12669,1500000,3190000
2019-06-07 07:31:02.157000,1.12674,1.12671,1500000,5250000
2019-06-07 07:31:02.263000,1.12674,1.12672,1000000,2000000
2019-06-07 07:31:02.366000,1.12675,1.12672,2250000,2000000
2019-06-07 07:31:02.510000,1.12676,1.12674,1870000,4310000
2019-06-07 07:31:02.612000,1.12678,1.12676,3820000,1000000
2019-06-07 07:31:02.715000,1.12679,1.12677,4310000,1000000
2019-06-07 07:31:02.818000,1.12679,1.12676,2250000,1500000
2019-06-07 07:31:03.160000,1.12679,1.12677,3300000,2250000
2019-06-07 07:31:03.263000,1.12681,1.12678,1970000,3250000
2019-06-07 07:31:03.365000,1.12681,1.12678,1120000,4000000
2019-06-07 07:31:03.521000,1.12681,1.1268,1870000,1000000
2019-06-07 07:31:03.623000,1.12682,1.1268,4910000,1000000
2019-06-07 07:31:04.657000,1.12683,1.12681,1500000,1000000
2019-06-07 07:31:04.799000,1.12684,1.12681,1120000,1500000
2019-06-07 07:31:04.901000,1.12683,1.1268,1120000,2060000
2019-06-07 07:31:05.004000,1.12681,1.1268,1000000,1120000
2019-06-07 07:31:05.231000,1.12682,1.1268,3750000,1120000
2019-06-07 07:31:05.489000,1.12681,1.12679,1000000,1500000
2019-06-07 07:31:05.863000,1.12681,1.12678,1000000,3190000
2019-06-07 07:31:06.527000,1.12682,1.12678,6000000,3940000
2019-06-07 07:31:06.628000,1.12682,1.12679,8250000,1000000
2019-06-07 07:31:06.785000,1.12682,1.12678,6000000,3940000
2019-06-07 07:31:06.887000,1.12681,1.12679,1000000,1000000
2019-06-07 07:31:06.993000,1.12679,1.12677,1000000,3690000
2019-06-07 07:31:07.147000,1.12681,1.12678,1120000,3750000
2019-06-07 07:31:07.249000,1.12682,1.12679,5320000,1000000
2019-06-07 07:31:07.402000,1.12682,1.12678,3750000,3940000
2019-06-07 07:31:07.562000,1.12682,1.1268,1120000,1000000
2019-06-07 07:31:08.055000,1.12683,1.1268,2250000,1120000
2019-06-07 07:31:08.573000,1.12684,1.12682,1810000,1000000
2019-06-07 07:31:08.625000,1.12685,1.12681,9770000,3190000
2019-06-07 07:31:08.728000,1.12684,1.12682,1690000,2250000
2019-06-07 07:31:08.831000,1.12684,1.12683,1000000,1500000
2019-06-07 07:31:08.985000,1.12685,1.12683,3750000,1000000
2019-06-07 07:31:09.610000,1.12685,1.12682,2250000,9750000
2019-06-07 07:31:10.689000,1.12685,1.12683,1310000,1000000
2019-06-07 07:31:11.151000,1.12684,1.12682,1500000,2250000
2019-06-07 07:31:11.506000,1.12685,1.12682,1250000,2250000
2019-06-07 07:31:11.660000,1.12686,1.12684,4310000,1000000
2019-06-07 07:31:12.679000,1.12684,1.12682,2250000,1000000
2019-06-07 07:31:12.782000,1.12683,1.12681,1500000,2250000
2019-06-07 07:31:12.910000,1.12684,1.12683,7500000,1870000
2019-06-07 07:31:13.014000,1.12687,1.12685,3750000,1000000
2019-06-07 07:31:13.374000,1.12686,1.12684,1000000,1690000
2019-06-07 07:31:13.508000,1.12685,1.12683,1500000,1120000
2019-06-07 07:31:13.611000,1.12683,1.12681,1000000,2250000
2019-06-07 07:31:13.713000,1.12684,1.12681,10310000,1000000
2019-06-07 07:31:13.816000,1.12685,1.12681,10520000,1500000
2019-06-07 07:31:14.400000,1.12683,1.12681,1000000,2000000
2019-06-07 07:31:15.686000,1.12684,1.12682,1000000,1120000
2019-06-07 07:31:17.134000,1.12685,1.12684,1000000,1000000
2019-06-07 07:31:17.185000,1.12687,1.12684,6560000,1000000
2019-06-07 07:31:17.288000,1.12688,1.12685,8260000,1250000
2019-06-07 07:31:17.587000,1.12687,1.12686,1120000,1010000
2019-06-07 07:31:18.295000,1.12688,1.12685,1000000,2750000
2019-06-07 07:31:20.312000,1.12688,1.12685,3310000,1500000
2019-06-07 07:31:20.414000,1.12686,1.12685,1000000,1120000
2019-06-07 07:31:20.552000,1.12686,1.12684,1000000,2620000
2019-06-07 07:31:23.296000,1.12685,1.12684,1000000,1000000
2019-06-07 07:31:23.610000,1.12684,1.12683,2250000,1500000
2019-06-07 07:31:23.834000,1.12686,1.12684,1100000,1000000
2019-06-07 07:31:23.990000,1.12687,1.12684,3750000,1000000
2019-06-07 07:31:24.143000,1.12686,1.12684,1120000,2510000
2019-06-07 07:31:24.246000,1.12687,1.12683,3750000,13000000
2019-06-07 07:31:25.048000,1.12687,1.12683,4500000,10310000
2019-06-07 07:31:25.202000,1.12687,1.12684,5250000,1000000
2019-06-07 07:31:25.857000,1.12687,1.12683,2190000,12620000
2019-06-07 07:31:26.823000,1.12687,1.12684,6190000,1250000
2019-06-07 07:31:29.029000,1.12687,1.12685,6750000,2250000
2019-06-07 07:31:29.233000,1.12688,1.12686,4250000,1000000
2019-06-07 07:31:29.337000,1.12688,1.12685,1000000,6000000
2019-06-07 07:31:29.388000,1.12689,1.12685,3560000,8500000
2019-06-07 07:31:29.490000,1.12688,1.12685,1000000,4000000
2019-06-07 07:31:29.592000,1.12689,1.12685,8510000,3250000
2019-06-07 07:31:29.694000,1.12688,1.12685,5250000,7120000
2019-06-07 07:31:30.392000,1.12688,1.12685,1500000,1500000
2019-06-07 07:31:31.459000,1.12688,1.12685,1120000,1500000
2019-06-07 07:31:33.693000,1.12689,1.12685,10200000,3750000
2019-06-07 07:31:33.972000,1.12689,1.12686,4010000,2250000
2019-06-07 07:31:36.461000,1.12688,1.12686,2250000,1500000
2019-06-07 07:31:41.033000,1.12688,1.12685,2250000,1310000
2019-06-07 07:31:41.175000,1.12688,1.12686,4870000,1000000
2019-06-07 07:31:41.638000,1.12688,1.12685,3750000,2810000
2019-06-07 07:31:42.597000,1.12687,1.12685,1000000,2060000
2019-06-07 07:31:43.919000,1.12685,1.12684,1500000,1120000
2019-06-07 07:31:44.022000,1.12683,1.12681,1500000,5060000
2019-06-07 07:31:44.124000,1.12684,1.12681,1000000,3560000
2019-06-07 07:31:44.559000,1.12685,1.12682,3750000,2440000
2019-06-07 07:31:44.610000,1.12685,1.12684,1000000,1000000
2019-06-07 07:31:44.712000,1.12687,1.12685,5810000,1000000
2019-06-07 07:31:44.814000,1.12687,1.12684,2060000,1870000
2019-06-07 07:31:46.379000,1.12687,1.12685,1120000,1000000
2019-06-07 07:31:46.532000,1.12689,1.12685,17190001,1500000
2019-06-07 07:31:46.685000,1.12688,1.12686,6370000,1000000
2019-06-07 07:31:48.902000,1.12688,1.12685,1870000,2620000
2019-06-07 07:31:49.055000,1.12687,1.12685,1500000,1870000
2019-06-07 07:31:49.157000,1.12686,1.12685,1120000,1120000
2019-06-07 07:31:51.415000,1.12685,1.12684,1870000,3000000
2019-06-07 07:31:51.661000,1.12686,1.12685,5440000,1000000
2019-06-07 07:31:54.179000,1.12683,1.12682,1000000,1500000
2019-06-07 07:31:54.807000,1.12683,1.12681,1000000,3750000
2019-06-07 07:31:54.858000,1.12685,1.12683,10840000,1000000
2019-06-07 07:31:54.961000,1.12685,1.12683,1000000,4120000
2019-06-07 07:31:55.063000,1.12687,1.12683,7890000,1870000
2019-06-07 07:31:55.319000,1.12687,1.12684,7810000,1000000
2019-06-07 07:31:55.421000,1.12687,1.12683,4810000,1870000
2019-06-07 07:31:55.967000,1.12687,1.12683,5810000,4870000
2019-06-07 07:31:57.383000,1.12686,1.12683,1000000,4120000
2019-06-07 07:31:59.059000,1.12687,1.12683,7690000,2620000
2019-06-07 07:31:59.221000,1.12687,1.12684,6000000,1000000
2019-06-07 07:31:59.580000,1.12686,1.12684,1000000,1000000
2019-06-07 07:31:59.989000,1.12687,1.12684,1870000,1000000
2019-06-07 07:32:01.179000,1.12685,1.12683,3000000,1870000
2019-06-07 07:32:01.282000,1.12683,1.12682,1000000,1690000
2019-06-07 07:32:01.385000,1.12684,1.12682,1000000,6190000
2019-06-07 07:32:01.512000,1.12685,1.12682,1690000,1690000
2019-06-07 07:32:02.309000,1.12684,1.12682,1000000,1250000
2019-06-07 07:32:02.411000,1.12684,1.12681,13730000,2620000
2019-06-07 07:32:02.615000,1.12684,1.12682,2380000,1000000
2019-06-07 07:32:02.718000,1.12684,1.12683,2250000,2250000
2019-06-07 07:32:02.838000,1.12686,1.12684,1370000,1000000
2019-06-07 07:32:02.940000,1.12686,1.12683,6250000,1500000
2019-06-07 07:32:03.194000,1.12685,1.12682,4310000,3370000
2019-06-07 07:32:03.296000,1.12684,1.12682,1000000,4120000
2019-06-07 07:32:03.398000,1.12685,1.12682,7310000,4120000
2019-06-07 07:32:03.549000,1.12684,1.12682,1000000,3370000
2019-06-07 07:32:04.123000,1.12685,1.12682,5060000,3370000
2019-06-07 07:32:04.431000,1.12684,1.12682,1500000,1870000
2019-06-07 07:32:04.636000,1.12685,1.12682,3410000,2620000
2019-06-07 07:32:04.738000,1.12684,1.12682,1000000,1870000
2019-06-07 07:32:05.496000,1.12684,1.12683,1120000,1000000
2019-06-07 07:32:05.598000,1.12683,1.12682,1000000,3370000
2019-06-07 07:32:05.751000,1.12684,1.12683,1120000,1000000
2019-06-07 07:32:05.976000,1.12685,1.12683,1500000,1000000
2019-06-07 07:32:07.143000,1.12684,1.12683,1000000,1000000
2019-06-07 07:32:07.416000,1.12685,1.12683,3370000,1000000
2019-06-07 07:32:07.620000,1.12684,1.12683,1500000,1250000
2019-06-07 07:32:07.722000,1.12684,1.12682,1500000,3370000
2019-06-07 07:32:07.955000,1.12684,1.12683,1000000,1000000
2019-06-07 07:32:08.222000,1.12685,1.12682,2620000,3370000
2019-06-07 07:32:08.324000,1.12686,1.12682,5060000,4120000
2019-06-07 07:32:08.426000,1.12684,1.12682,1000000,6370000
2019-06-07 07:32:08.575000,1.12685,1.12682,2620000,4120000
2019-06-07 07:32:08.677000,1.12684,1.12682,1500000,4870000
2019-06-07 07:32:09.448000,1.12686,1.12683,5060000,1000000
2019-06-07 07:32:10.419000,1.12687,1.12683,10310000,2620000
2019-06-07 07:32:10.521000,1.12686,1.12683,1000000,1500000
2019-06-07 07:32:10.878000,1.12686,1.12684,2250000,1500000
2019-06-07 07:32:11.878000,1.12688,1.12685,8060000,1000000
2019-06-07 07:32:11.982000,1.12688,1.12686,3190000,1000000
2019-06-07 07:32:12.086000,1.12687,1.12684,1000000,6000000
2019-06-07 07:32:12.240000,1.12687,1.12685,1000000,1000000
2019-06-07 07:32:12.375000,1.12687,1.12684,1000000,5250000
2019-06-07 07:32:13.121000,1.12686,1.12685,1000000,1000000
2019-06-07 07:32:13.271000,1.12686,1.12684,1000000,8250000
2019-06-07 07:32:13.562000,1.12686,1.12685,1000000,1000000
2019-06-07 07:32:14.258000,1.12687,1.12685,1000000,1000000
2019-06-07 07:32:14.542000,1.12686,1.12685,1000000,1000000
2019-06-07 07:32:14.946000,1.12687,1.12685,1120000,1500000
2019-06-07 07:32:15.472000,1.12687,1.12684,1120000,4570000
2019-06-07 07:32:15.574000,1.12687,1.12685,1120000,1000000
2019-06-07 07:32:17.076000,1.12686,1.12685,1000000,1000000
2019-06-07 07:32:17.736000,1.12685,1.12683,4310000,4570000
2019-06-07 07:32:17.787000,1.12684,1.12682,1500000,1270000
2019-06-07 07:32:19.204000,1.12684,1.12682,1120000,1120000
2019-06-07 07:32:19.306000,1.12684,1.12683,2170000,1000000
2019-06-07 07:32:19.408000,1.12685,1.12683,2620000,1000000
2019-06-07 07:32:22.809000,1.12686,1.12684,1000000,1250000
2019-06-07 07:32:22.948000,1.12687,1.12684,3940000,2440000
2019-06-07 07:32:24.532000,1.12687,1.12685,3000000,2250000
2019-06-07 07:32:24.635000,1.12688,1.12685,5250000,2250000
2019-06-07 07:32:26.328000,1.12686,1.12684,1000000,4500000
2019-06-07 07:32:26.434000,1.12683,1.12681,1000000,2850000
2019-06-07 07:32:26.672000,1.12682,1.1268,1000000,5440000
2019-06-07 07:32:27.311000,1.12683,1.1268,2620000,1500000
2019-06-07 07:32:29.055000,1.12683,1.12681,5250000,1500000
2019-06-07 07:32:29.173000,1.12686,1.12683,4870000,2250000
2019-06-07 07:32:29.276000,1.12685,1.12684,1120000,1000000
2019-06-07 07:32:29.479000,1.12686,1.12683,1000000,2620000
2019-06-07 07:32:30.330000,1.12686,1.12685,1000000,1000000
2019-06-07 07:32:30.534000,1.12687,1.12684,4250000,1000000
2019-06-07 07:32:30.657000,1.12685,1.12683,1870000,1120000
2019-06-07 07:32:31.116000,1.12684,1.12682,1000000,5190000
2019-06-07 07:32:31.280000,1.12685,1.12682,1870000,2620000
2019-06-07 07:32:31.624000,1.12684,1.12682,1000000,3370000
2019-06-07 07:32:31.777000,1.12685,1.12682,3000000,8060000
2019-06-07 07:32:31.929000,1.12684,1.12682,1000000,5810000
2019-06-07 07:32:32.040000,1.12685,1.12682,1500000,4310000
2019-06-07 07:32:32.142000,1.12685,1.12683,2250000,1000000
2019-06-07 07:32:32.904000,1.12685,1.12684,1000000,1500000
2019-06-07 07:32:33.262000,1.12686,1.12684,1000000,1000000
2019-06-07 07:32:33.862000,1.12686,1.12685,1000000,1000000
2019-06-07 07:32:33.964000,1.12688,1.12686,1120000,1000000
2019-06-07 07:32:35.108000,1.1269,1.12687,4690000,2440000
2019-06-07 07:32:35.451000,1.12689,1.12687,2250000,6940000
2019-06-07 07:32:35.707000,1.12688,1.12687,1500000,1000000
2019-06-07 07:32:35.810000,1.12688,1.12686,1500000,1000000
2019-06-07 07:32:35.961000,1.12687,1.12686,1000000,1000000
2019-06-07 07:32:37.050000,1.12688,1.12686,6750000,1000000
2019-06-07 07:32:38.036000,1.12689,1.12687,1120000,1000000
2019-06-07 07:32:38.139000,1.1269,1.12688,2370000,1000000
2019-06-07 07:32:38.248000,1.1269,1.12689,2620000,1000000
2019-06-07 07:32:41.219000,1.1269,1.12687,1500000,7010000
2019-06-07 07:32:41.387000,1.1269,1.12688,1500000,4500000
2019-06-07 07:32:41.489000,1.12691,1.12689,2000000,1000000
2019-06-07 07:32:41.694000,1.12691,1.12688,2000000,1690000
2019-06-07 07:32:41.796000,1.12692,1.1269,1000000,1000000
2019-06-07 07:32:42.148000,1.12692,1.12691,1000000,1000000
2019-06-07 07:32:42.251000,1.12694,1.12692,1500000,2810000
2019-06-07 07:32:42.353000,1.12695,1.12692,1870000,3940000
2019-06-07 07:32:42.455000,1.12694,1.12692,1000000,2250000
2019-06-07 07:32:42.613000,1.12693,1.12691,5250000,1570000
2019-06-07 07:32:42.664000,1.12691,1.1269,1000000,1500000
2019-06-07 07:32:48.122000,1.12692,1.1269,1000000,1500000
2019-06-07 07:32:48.729000,1.12693,1.1269,6750000,6560000
2019-06-07 07:32:48.882000,1.12692,1.1269,1000000,2250000
2019-06-07 07:32:49.477000,1.12692,1.12691,1000000,1000000
2019-06-07 07:32:49.631000,1.12694,1.12692,1000000,2250000
2019-06-07 07:32:49.733000,1.12695,1.12692,2250000,1690000
2019-06-07 07:32:49.887000,1.12694,1.12692,1000000,3940000
2019-06-07 07:32:50.387000,1.12695,1.12692,3000000,1250000
2019-06-07 07:32:50.733000,1.12694,1.12692,1120000,3750000
2019-06-07 07:32:54.484000,1.12695,1.12692,3560000,1690000
2019-06-07 07:32:55.933000,1.12693,1.12691,2250000,2250000
2019-06-07 07:32:56.035000,1.12692,1.1269,1500000,1120000
2019-06-07 07:33:00.594000,1.12692,1.12689,1870000,1500000
2019-06-07 07:33:00.993000,1.12691,1.12689,1120000,7120000
2019-06-07 07:33:01.160000,1.12691,1.1269,1120000,1000000
2019-06-07 07:33:01.262000,1.12692,1.12689,1870000,3260000
2019-06-07 07:33:01.466000,1.12692,1.1269,4500000,2250000
2019-06-07 07:33:01.796000,1.12692,1.12689,1000000,3940000
2019-06-07 07:33:04.768000,1.12692,1.1269,1000000,1000000
2019-06-07 07:33:05.856000,1.12692,1.12691,1000000,1000000
2019-06-07 07:33:06.807000,1.12692,1.1269,1500000,1500000
2019-06-07 07:33:06.984000,1.12692,1.12689,1000000,2890000
2019-06-07 07:33:11.386000,1.12691,1.12689,1000000,4500000
2019-06-07 07:33:11.665000,1.12692,1.12689,2440000,1000000
2019-06-07 07:33:14.788000,1.12692,1.12689,2940000,1000000
2019-06-07 07:33:14.960000,1.12693,1.1269,1690000,1690000
2019-06-07 07:33:15.112000,1.12691,1.1269,1120000,1500000
2019-06-07 07:33:15.214000,1.12692,1.1269,1310000,1000000
2019-06-07 07:33:15.954000,1.12692,1.12689,1690000,4570000
2019-06-07 07:33:17.074000,1.12692,1.1269,2810000,1000000
2019-06-07 07:33:17.176000,1.12692,1.12689,3940000,5320000
2019-06-07 07:33:17.329000,1.12691,1.12689,1000000,1500000
2019-06-07 07:33:18.648000,1.12691,1.1269,4500000,1000000
2019-06-07 07:33:19.513000,1.12692,1.1269,4870000,1000000
2019-06-07 07:33:19.614000,1.12691,1.1269,1000000,1000000
2019-06-07 07:33:20.247000,1.12692,1.1269,5250000,1000000
2019-06-07 07:33:21.123000,1.12691,1.1269,1120000,1000000
2019-06-07 07:33:21.378000,1.12691,1.12688,1370000,3370000
2019-06-07 07:33:21.947000,1.12691,1.12689,7370000,1000000
2019-06-07 07:33:22.049000,1.12691,1.12688,5120000,4500000
2019-06-07 07:33:22.371000,1.12688,1.12686,4750000,3070000
2019-06-07 07:33:22.538000,1.12686,1.12685,1000000,1000000
2019-06-07 07:33:22.640000,1.12687,1.12685,2060000,1000000
2019-06-07 07:33:22.895000,1.12686,1.12685,1000000,1000000
2019-06-07 07:33:22.997000,1.12687,1.12685,2810000,1000000
2019-06-07 07:33:23.095000,1.12685,1.12684,5620000,1000000
2019-06-07 07:33:23.147000,1.12684,1.12681,3370000,5020000
2019-06-07 07:33:23.249000,1.12684,1.12682,1500000,3750000
2019-06-07 07:33:23.352000,1.12685,1.12683,1310000,3750000
2019-06-07 07:33:23.506000,1.12686,1.12684,4060000,1000000
2019-06-07 07:33:23.661000,1.12686,1.12683,1250000,2250000
2019-06-07 07:33:24.668000,1.12686,1.12683,1000000,1500000
2019-06-07 07:33:26.779000,1.12686,1.12683,1250000,2620000
2019-06-07 07:33:27.391000,1.12686,1.12684,1620000,1000000
2019-06-07 07:33:27.495000,1.12686,1.12683,4620000,6370000
2019-06-07 07:33:27.934000,1.12686,1.12683,2320000,2250000
2019-06-07 07:33:28.788000,1.12685,1.12683,3000000,1000000
2019-06-07 07:33:29.260000,1.12684,1.12682,1000000,3000000
2019-06-07 07:33:29.575000,1.12684,1.12681,7500000,3750000
2019-06-07 07:33:29.731000,1.12683,1.12681,1000000,6940000
2019-06-07 07:33:29.884000,1.12684,1.12681,2060000,3000000
2019-06-07 07:33:29.986000,1.12682,1.12681,1310000,1000000
2019-06-07 07:33:30.130000,1.12682,1.1268,1310000,1500000
2019-06-07 07:33:34.977000,1.12684,1.12682,7310000,1690000
2019-06-07 07:33:35.295000,1.12683,1.12681,1500000,4120000
2019-06-07 07:33:35.397000,1.12683,1.12681,3700000,1500000
2019-06-07 07:33:35.508000,1.12683,1.12681,9640000,1500000
2019-06-07 07:33:37.063000,1.12684,1.12682,1250000,1500000
2019-06-07 07:33:37.203000,1.12684,1.12683,1000000,1000000
2019-06-07 07:33:37.305000,1.12685,1.12683,1690000,4500000
2019-06-07 07:33:38.616000,1.12685,1.12683,1810000,1000000
2019-06-07 07:33:39.226000,1.12685,1.12682,2560000,6000000
2019-06-07 07:33:39.995000,1.12686,1.12682,14440000,3000000
2019-06-07 07:33:40.177000,1.12685,1.12682,1560000,5250000
2019-06-07 07:33:40.330000,1.12683,1.1268,1500000,5250000
2019-06-07 07:33:40.432000,1.12682,1.1268,1000000,4120000
2019-06-07 07:33:40.534000,1.12683,1.1268,2140000,2620000
2019-06-07 07:33:44.016000,1.12682,1.1268,1000000,4120000
2019-06-07 07:33:44.238000,1.12682,1.12679,3000000,1000000
2019-06-07 07:33:44.834000,1.12682,1.12679,5560000,1500000
2019-06-07 07:33:44.936000,1.12682,1.12679,4690000,1500000
2019-06-07 07:33:56.519000,1.12682,1.12679,4750000,1500000
2019-06-07 07:33:57.634000,1.12682,1.12679,5060000,2250000
2019-06-07 07:33:58.666000,1.12682,1.12679,4060000,2250000
2019-06-07 07:33:59.362000,1.12682,1.12679,3560000,3000000
2019-06-07 07:34:00.372000,1.12679,1.12678,1000000,3750000
2019-06-07 07:34:00.474000,1.12677,1.12676,1000000,1000000
2019-06-07 07:34:00.804000,1.12677,1.12675,1250000,1000000
2019-06-07 07:34:00.906000,1.12676,1.12674,1000000,7500000
2019-06-07 07:34:01.008000,1.12677,1.12674,2810000,3000000
2019-06-07 07:34:01.365000,1.12677,1.12675,2120000,1000000
2019-06-07 07:34:01.519000,1.12677,1.12675,3560000,1000000
2019-06-07 07:34:02.335000,1.12678,1.12675,4870000,4690000
2019-06-07 07:34:02.438000,1.12679,1.12676,3070000,2620000
2019-06-07 07:34:02.591000,1.12678,1.12676,1000000,4120000
2019-06-07 07:34:03.092000,1.12678,1.12675,6370000,1120000
2019-06-07 07:34:03.349000,1.12677,1.12675,1000000,1120000
2019-06-07 07:34:03.502000,1.12676,1.12674,1500000,1500000
2019-06-07 07:34:05.184000,1.12677,1.12675,2060000,1000000
2019-06-07 07:34:08.264000,1.12676,1.12674,2250000,3000000
2019-06-07 07:34:10.640000,1.12674,1.12673,1870000,2400000
2019-06-07 07:34:10.743000,1.12672,1.1267,1500000,1000000
2019-06-07 07:34:10.845000,1.12673,1.1267,2060000,1000000
2019-06-07 07:34:11.635000,1.12672,1.1267,1000000,1000000
2019-06-07 07:34:12.070000,1.12673,1.1267,2810000,1000000
2019-06-07 07:34:12.173000,1.12675,1.12672,2560000,1500000
2019-06-07 07:34:12.275000,1.12676,1.12673,1250000,1690000
2019-06-07 07:34:12.373000,1.12674,1.12672,2500000,7950000
2019-06-07 07:34:12.477000,1.12673,1.1267,1310000,1120000
2019-06-07 07:34:12.848000,1.12672,1.1267,1000000,1120000
2019-06-07 07:34:12.987000,1.12671,1.12669,1000000,5000000
2019-06-07 07:34:13.089000,1.12672,1.12669,1250000,1690000
2019-06-07 07:34:13.407000,1.12671,1.12669,1000000,4010000
2019-06-07 07:34:13.509000,1.12672,1.12669,1690000,2440000
2019-06-07 07:34:29.363000,1.12672,1.12669,6250000,3000000
2019-06-07 07:34:30.769000,1.12672,1.12669,5620000,1000000
2019-06-07 07:34:32.187000,1.12672,1.12669,2940000,1000000
2019-06-07 07:34:33.403000,1.12672,1.12669,2810000,1000000
2019-06-07 07:34:41.565000,1.12671,1.12669,1000000,1500000
2019-06-07 07:34:41.667000,1.12672,1.12668,8810000,1500000
2019-06-07 07:34:41.737000,1.1267,1.12668,1120000,3000000
2019-06-07 07:34:42.093000,1.1267,1.12667,2620000,2620000
2019-06-07 07:34:42.847000,1.1267,1.12667,3190000,3100000
2019-06-07 07:34:43.068000,1.1267,1.12667,2250000,3070000
2019-06-07 07:34:44.178000,1.1267,1.12668,1500000,3000000
2019-06-07 07:34:44.304000,1.1267,1.12667,1500000,3820000
2019-06-07 07:34:45.608000,1.1267,1.12667,2250000,3100000
2019-06-07 07:34:46.179000,1.1267,1.12669,1500000,1000000
2019-06-07 07:34:47.784000,1.1267,1.12668,1500000,2250000
2019-06-07 07:34:57.863000,1.1267,1.12669,1000000,1000000
2019-06-07 07:35:05.910000,1.12671,1.12669,2010000,1000000
2019-06-07 07:35:06.224000,1.12672,1.12669,1250000,2250000
2019-06-07 07:35:06.327000,1.12672,1.1267,1000000,1000000
2019-06-07 07:35:06.432000,1.12672,1.12669,1500000,4200000
2019-06-07 07:35:06.534000,1.12673,1.12669,14060000,1000000
2019-06-07 07:35:06.969000,1.12671,1.12669,1500000,4200000
2019-06-07 07:35:07.228000,1.12672,1.12669,3190000,1000000
2019-06-07 07:35:10.734000,1.12671,1.12669,1000000,1000000
2019-06-07 07:35:12.564000,1.12671,1.12668,1000000,6000000
2019-06-07 07:35:14.065000,1.12672,1.12668,1690000,5770000
2019-06-07 07:35:14.167000,1.12672,1.12669,1690000,1000000
2019-06-07 07:35:19.195000,1.12672,1.12668,6190000,8700000
2019-06-07 07:35:19.347000,1.12672,1.12669,3190000,1500000
2019-06-07 07:35:19.450000,1.12672,1.12668,1250000,8770000
2019-06-07 07:35:19.584000,1.12672,1.12669,3190000,1000000
2019-06-07 07:35:19.878000,1.12671,1.12669,1000000,1500000
2019-06-07 07:35:22.046000,1.12672,1.12669,2810000,3220000
2019-06-07 07:35:22.441000,1.12671,1.12669,1500000,1500000
2019-06-07 07:35:22.543000,1.1267,1.12669,1690000,1950000
2019-06-07 07:35:22.636000,1.1267,1.12667,4690000,3900000
2019-06-07 07:35:22.688000,1.12668,1.12667,3000000,2320000
2019-06-07 07:35:22.791000,1.12668,1.12666,7690000,1200000
2019-06-07 07:35:22.894000,1.12664,1.12662,1000000,8550000
2019-06-07 07:35:22.945000,1.12665,1.12663,1870000,1500000
2019-06-07 07:35:23.113000,1.12663,1.1266,1500000,7450000
2019-06-07 07:35:23.215000,1.12663,1.1266,2870000,5250000
2019-06-07 07:35:23.370000,1.12663,1.1266,1000000,1000000
2019-06-07 07:35:23.472000,1.12663,1.12659,3750000,3940000
2019-06-07 07:35:23.588000,1.12663,1.1266,6750000,1000000
2019-06-07 07:35:23.690000,1.12663,1.12659,2250000,3190000
2019-06-07 07:35:24.023000,1.12662,1.1266,1000000,1000000
2019-06-07 07:35:24.435000,1.12663,1.12659,2250000,3190000
2019-06-07 07:35:24.693000,1.12663,1.12659,4120000,6290000
2019-06-07 07:35:24.795000,1.12663,1.12659,4120000,7010000
2019-06-07 07:35:26.847000,1.12662,1.1266,1000000,1000000
2019-06-07 07:35:29.206000,1.12663,1.12659,3370000,7310000
2019-06-07 07:35:29.308000,1.12663,1.1266,3370000,1000000
2019-06-07 07:35:30.467000,1.12662,1.1266,1000000,1000000
2019-06-07 07:35:30.581000,1.12663,1.12659,3370000,4690000
2019-06-07 07:35:30.733000,1.12662,1.1266,2250000,1000000
2019-06-07 07:35:31.024000,1.12663,1.12659,5620000,3190000
2019-06-07 07:35:31.177000,1.12662,1.12659,1500000,8700000
2019-06-07 07:35:32.131000,1.12663,1.12659,6370000,2440000
2019-06-07 07:35:32.233000,1.12662,1.12659,2250000,7690000
2019-06-07 07:35:37.767000,1.12663,1.12659,7120000,1690000
2019-06-07 07:35:37.869000,1.12662,1.12659,1000000,1690000
2019-06-07 07:35:38.020000,1.12662,1.1266,1000000,1000000
2019-06-07 07:35:38.174000,1.12663,1.1266,6000000,1000000
2019-06-07 07:35:39.465000,1.12663,1.12659,5250000,3040000
2019-06-07 07:35:40.292000,1.12662,1.12659,1500000,2290000
2019-06-07 07:35:40.988000,1.12661,1.12659,1000000,4120000
2019-06-07 07:35:44.286000,1.12659,1.12658,2060000,4120000
2019-06-07 07:35:44.389000,1.12657,1.12654,2250000,3750000
2019-06-07 07:35:44.487000,1.12655,1.12654,1000000,1000000
2019-06-07 07:35:44.590000,1.12654,1.12653,6560000,1000000
2019-06-07 07:35:44.641000,1.12653,1.12651,3750000,1000000
2019-06-07 07:35:44.745000,1.12653,1.1265,1000000,2250000
2019-06-07 07:35:45.560000,1.12652,1.1265,1000000,2620000
2019-06-07 07:35:46.595000,1.12654,1.12652,1120000,1120000
2019-06-07 07:35:46.901000,1.12657,1.12654,6470000,1000000
2019-06-07 07:35:49.944000,1.12656,1.12654,5250000,1500000
2019-06-07 07:35:50.408000,1.12657,1.12653,8510000,3000000
2019-06-07 07:35:50.510000,1.12656,1.12653,1000000,1500000
2019-06-07 07:35:51.233000,1.12657,1.12653,6260000,3370000
2019-06-07 07:35:51.464000,1.12657,1.12654,1690000,2620000
2019-06-07 07:35:57.476000,1.12657,1.12655,1310000,1000000
2019-06-07 07:35:58.082000,1.12658,1.12656,1870000,1500000
2019-06-07 07:35:58.134000,1.12661,1.12658,6710000,1000000
2019-06-07 07:35:58.659000,1.12662,1.12658,2250000,3940000
2019-06-07 07:35:58.711000,1.12663,1.12661,7120000,1000000
2019-06-07 07:35:58.813000,1.12664,1.12663,3000000,3940000
2019-06-07 07:35:58.917000,1.12665,1.12664,1500000,1000000
2019-06-07 07:35:59.020000,1.12667,1.12663,1200000,12190000
2019-06-07 07:35:59.159000,1.12667,1.12664,1000000,2620000
2019-06-07 07:36:00.456000,1.12668,1.12664,6340000,3000000
2019-06-07 07:36:00.508000,1.12666,1.12664,1000000,5250000
2019-06-07 07:36:05.507000,1.12667,1.12665,1000000,1120000
2019-06-07 07:36:11.783000,1.12667,1.12666,1250000,1000000
2019-06-07 07:36:12.234000,1.12667,1.12664,1690000,1250000
2019-06-07 07:36:12.397000,1.12667,1.12664,4750000,1500000
2019-06-07 07:36:16.006000,1.12668,1.12665,8250000,2870000
2019-06-07 07:36:16.702000,1.12668,1.12667,1250000,1500000
2019-06-07 07:36:17.199000,1.12668,1.12666,1250000,3750000
2019-06-07 07:36:19.031000,1.12667,1.12665,1120000,1250000
2019-06-07 07:36:19.134000,1.12666,1.12664,1870000,1000000
2019-06-07 07:36:19.254000,1.12666,1.12663,4870000,1500000
2019-06-07 07:36:19.929000,1.12665,1.12663,1000000,1000000
2019-06-07 07:36:20.031000,1.12666,1.12663,3190000,1000000
2019-06-07 07:36:22.558000,1.12662,1.12661,2250000,1120000
2019-06-07 07:36:22.609000,1.12661,1.12659,1000000,3570000
2019-06-07 07:36:22.712000,1.12662,1.12659,7690000,1000000
2019-06-07 07:36:22.814000,1.12661,1.12659,1500000,1000000
2019-06-07 07:36:22.942000,1.12662,1.12659,4690000,1000000
2019-06-07 07:36:23.046000,1.12661,1.12659,1000000,1500000
2019-06-07 07:36:27.600000,1.12661,1.12658,1870000,3370000
2019-06-07 07:36:29.865000,1.1266,1.12658,1000000,4500000
2019-06-07 07:36:30.022000,1.12657,1.12655,3000000,1670000
2019-06-07 07:36:30.074000,1.12656,1.12654,1000000,2620000
2019-06-07 07:36:30.228000,1.12657,1.12654,6000000,1000000
2019-06-07 07:36:30.559000,1.12656,1.12654,1500000,1000000
2019-06-07 07:36:31.072000,1.12657,1.12654,7390000,1000000
2019-06-07 07:36:31.224000,1.12656,1.12654,1000000,1000000
2019-06-07 07:36:31.571000,1.12657,1.12654,7390000,1000000
2019-06-07 07:36:32.110000,1.12656,1.12654,1000000,1000000
2019-06-07 07:36:32.450000,1.12657,1.12654,6190000,1000000
2019-06-07 07:36:32.553000,1.12656,1.12654,1000000,1000000
2019-06-07 07:36:32.848000,1.12657,1.12654,6190000,1000000
2019-06-07 07:36:33.003000,1.12656,1.12654,1000000,1000000
2019-06-07 07:36:33.231000,1.12654,1.12653,1500000,1950000
2019-06-07 07:36:33.342000,1.12654,1.12652,1000000,2620000
2019-06-07 07:36:33.454000,1.12653,1.12651,1000000,2250000
2019-06-07 07:36:33.556000,1.12653,1.12652,1500000,1000000
2019-06-07 07:36:33.658000,1.12654,1.12651,3000000,7500000
2019-06-07 07:36:33.797000,1.12655,1.12652,1500000,1500000
2019-06-07 07:36:34.308000,1.12655,1.12652,4500000,1870000
2019-06-07 07:36:34.411000,1.12654,1.12652,3750000,1500000
2019-06-07 07:36:34.524000,1.12654,1.12651,5250000,3670000
2019-06-07 07:36:34.626000,1.12655,1.12651,6940000,2400000
2019-06-07 07:36:34.677000,1.12654,1.1265,1000000,12860000
2019-06-07 07:36:34.780000,1.12654,1.12651,1500000,1420000
2019-06-07 07:36:34.882000,1.12654,1.12651,5250000,2400000
2019-06-07 07:36:34.984000,1.12654,1.1265,1000000,12240000
2019-06-07 07:36:35.120000,1.12655,1.12653,12940000,1000000
2019-06-07 07:36:35.223000,1.12655,1.12652,2440000,2440000
2019-06-07 07:36:35.734000,1.12655,1.12653,7310000,1500000
2019-06-07 07:36:35.891000,1.12655,1.12652,2810000,1250000
2019-06-07 07:36:35.994000,1.12655,1.12652,3810000,1000000
2019-06-07 07:36:36.819000,1.12653,1.12651,1500000,9260000
2019-06-07 07:36:36.926000,1.12652,1.1265,1000000,4750000
2019-06-07 07:36:37.028000,1.12652,1.1265,1690000,1500000
2019-06-07 07:36:42.529000,1.12654,1.12652,3370000,3940000
2019-06-07 07:36:42.631000,1.12655,1.12654,1000000,1000000
2019-06-07 07:36:43.011000,1.12656,1.12654,2250000,1000000
2019-06-07 07:36:44.520000,1.12656,1.12653,1000000,1000000
2019-06-07 07:36:44.622000,1.12656,1.12652,1000000,12640000
2019-06-07 07:36:44.836000,1.12656,1.12653,3000000,2250000
2019-06-07 07:36:44.938000,1.12653,1.12652,2250000,2700000
2019-06-07 07:36:45.041000,1.12653,1.1265,1310000,1310000
2019-06-07 07:36:45.142000,1.12652,1.12651,1000000,1120000
2019-06-07 07:36:45.285000,1.12653,1.1265,2060000,2250000
2019-06-07 07:36:45.387000,1.12653,1.12651,6370000,1000000
2019-06-07 07:36:45.591000,1.12654,1.1265,16440001,3000000
2019-06-07 07:36:45.865000,1.12652,1.1265,1000000,3000000
2019-06-07 07:36:45.967000,1.12653,1.1265,3560000,3750000
2019-06-07 07:36:46.069000,1.12652,1.1265,1000000,2250000
2019-06-07 07:36:47.177000,1.12653,1.12649,4310000,6500000
2019-06-07 07:36:47.278000,1.12652,1.1265,1500000,1870000
2019-06-07 07:36:48.994000,1.12653,1.12649,5810000,8820000
2019-06-07 07:36:49.266000,1.12653,1.12651,2060000,1870000
2019-06-07 07:36:49.370000,1.12654,1.12651,1000000,5440000
2019-06-07 07:36:49.474000,1.12655,1.12651,6000000,4650000
2019-06-07 07:36:49.631000,1.12656,1.12653,10840000,1120000
2019-06-07 07:36:51.372000,1.12655,1.12653,1000000,1120000
2019-06-07 07:36:51.474000,1.12656,1.12652,1870000,8560000
2019-06-07 07:36:55.092000,1.12656,1.12654,2250000,1500000
2019-06-07 07:36:56.961000,1.12657,1.12654,1870000,3000000
2019-06-07 07:36:57.134000,1.1266,1.12658,4500000,1000000
2019-06-07 07:36:57.237000,1.12659,1.12656,1500000,6000000
2019-06-07 07:36:57.340000,1.1266,1.12657,1010000,1000000
2019-06-07 07:36:57.443000,1.12661,1.12659,2810000,1000000
2019-06-07 07:36:57.719000,1.12661,1.12658,1000000,3750000
2019-06-07 07:36:58.550000,1.12661,1.12659,1000000,1460000
2019-06-07 07:36:58.687000,1.12661,1.12658,1000000,2960000
2019-06-07 07:36:58.789000,1.12661,1.12659,1000000,1000000
2019-06-07 07:36:58.993000,1.12661,1.12658,1000000,2960000
2019-06-07 07:37:00.598000,1.12661,1.12659,1000000,1000000
2019-06-07 07:37:01.758000,1.12662,1.12659,6370000,1000000
2019-06-07 07:37:01.910000,1.12662,1.12658,4120000,5770000
2019-06-07 07:37:04.215000,1.12662,1.12659,3750000,1500000
2019-06-07 07:37:06.281000,1.12662,1.12658,1500000,13800000
2019-06-07 07:37:06.383000,1.12662,1.12659,6000000,7460000
2019-06-07 07:37:06.493000,1.12662,1.12658,2250000,10800000
2019-06-07 07:37:07.449000,1.12662,1.12659,3000000,1200000
2019-06-07 07:37:08.960000,1.12662,1.12658,3000000,11020000
2019-06-07 07:37:09.476000,1.12662,1.12659,3000000,1500000
2019-06-07 07:37:09.607000,1.12661,1.12659,1000000,3000000
2019-06-07 07:37:13.185000,1.12661,1.12658,1000000,3640000
2019-06-07 07:37:13.371000,1.12661,1.12659,1000000,1000000
2019-06-07 07:37:13.524000,1.12661,1.12658,1000000,2620000
2019-06-07 07:37:14.071000,1.12661,1.12658,4000000,4870000
2019-06-07 07:37:15.938000,1.12659,1.12657,1720000,5820000
2019-06-07 07:37:16.040000,1.12658,1.12655,3370000,2290000
2019-06-07 07:37:16.186000,1.12658,1.12655,4120000,1250000
2019-06-07 07:37:16.354000,1.12657,1.12655,1500000,3190000
2019-06-07 07:37:16.827000,1.12659,1.12657,13120000,1000000
2019-06-07 07:37:16.929000,1.12659,1.12656,3750000,1000000
2019-06-07 07:37:17.397000,1.12658,1.12656,1500000,2320000
2019-06-07 07:37:17.551000,1.12657,1.12654,1000000,5360000
2019-06-07 07:37:17.653000,1.12656,1.12655,1000000,1000000
2019-06-07 07:37:17.859000,1.12657,1.12654,1120000,5510000
2019-06-07 07:37:18.012000,1.12656,1.12654,1000000,2440000
2019-06-07 07:37:18.166000,1.12657,1.12654,1870000,2250000
2019-06-07 07:37:18.352000,1.12657,1.12655,8620000,1000000
2019-06-07 07:37:18.795000,1.12656,1.12655,1000000,1000000
2019-06-07 07:37:19.438000,1.12657,1.12654,1500000,4870000
2019-06-07 07:37:19.542000,1.12658,1.12656,1000000,1690000
2019-06-07 07:37:19.695000,1.12659,1.12656,1000000,1250000
2019-06-07 07:37:21.936000,1.12656,1.12655,1000000,2320000
2019-06-07 07:37:22.070000,1.12656,1.12653,1000000,6340000
2019-06-07 07:37:22.172000,1.12656,1.12653,1000000,7410000
2019-06-07 07:37:25.632000,1.12656,1.12653,1000000,4690000
2019-06-07 07:37:26.277000,1.12656,1.12654,1500000,1000000
2019-06-07 07:37:27.024000,1.12657,1.12656,4120000,1000000
2019-06-07 07:37:27.076000,1.12658,1.12655,3000000,2500000
2019-06-07 07:37:27.185000,1.12659,1.12656,7310000,1250000
2019-06-07 07:37:27.440000,1.12658,1.12656,1000000,1690000
2019-06-07 07:37:28.741000,1.12659,1.12656,5440000,1250000
2019-06-07 07:37:29.239000,1.12658,1.12654,4120000,5960000
2019-06-07 07:37:29.341000,1.12657,1.12654,3000000,3640000
2019-06-07 07:37:29.566000,1.12656,1.12653,1500000,1500000
2019-06-07 07:37:34.356000,1.12655,1.12653,1000000,1000000
2019-06-07 07:37:34.458000,1.12656,1.12653,2620000,1000000
2019-06-07 07:37:34.560000,1.12654,1.12651,3000000,9150000
2019-06-07 07:37:34.962000,1.12655,1.12651,3940000,5320000
2019-06-07 07:37:35.830000,1.12653,1.12651,2400000,2250000
2019-06-07 07:37:35.881000,1.12653,1.1265,2920000,3370000
2019-06-07 07:37:35.983000,1.12654,1.12651,5360000,1000000
2019-06-07 07:37:36.136000,1.12653,1.12651,1000000,1500000
2019-06-07 07:37:36.325000,1.12654,1.12651,6110000,1000000
2019-06-07 07:37:37.270000,1.12654,1.12652,3940000,1000000
2019-06-07 07:37:37.373000,1.12653,1.12652,1500000,1120000
2019-06-07 07:37:37.424000,1.12655,1.12652,6560000,1120000
2019-06-07 07:37:37.526000,1.12654,1.12652,1000000,3370000
2019-06-07 07:37:43.146000,1.12655,1.12653,6000000,1000000
2019-06-07 07:37:43.249000,1.12656,1.12653,2320000,2250000
2019-06-07 07:37:43.435000,1.12658,1.12656,4500000,1000000
2019-06-07 07:37:43.640000,1.12658,1.12657,1000000,1500000
2019-06-07 07:37:43.742000,1.12658,1.12656,1000000,6190000
2019-06-07 07:37:44.017000,1.12658,1.12657,1000000,1000000
2019-06-07 07:37:45.079000,1.12657,1.12655,2250000,1000000
2019-06-07 07:37:45.181000,1.12657,1.12654,2250000,1000000
2019-06-07 07:37:47.516000,1.12657,1.12656,3000000,1000000
2019-06-07 07:37:47.618000,1.12657,1.12655,4500000,2250000
2019-06-07 07:37:49.190000,1.12658,1.12656,3820000,1000000
2019-06-07 07:37:49.343000,1.12657,1.12655,1000000,1000000
2019-06-07 07:37:49.446000,1.12659,1.12657,4500000,1000000
2019-06-07 07:37:51.741000,1.1266,1.12659,2250000,2250000
2019-06-07 07:37:51.905000,1.12662,1.12659,3560000,2440000
2019-06-07 07:37:53.080000,1.12661,1.12659,1000000,2060000
2019-06-07 07:37:54.667000,1.1266,1.12658,2250000,1120000
2019-06-07 07:37:55.037000,1.12657,1.12656,3750000,2060000
2019-06-07 07:37:55.192000,1.12656,1.12654,1250000,1000000
2019-06-07 07:37:55.244000,1.12656,1.12652,3750000,6260000
2019-06-07 07:37:56.090000,1.12656,1.12653,4120000,1000000
2019-06-07 07:37:56.192000,1.12656,1.12654,2250000,1000000
2019-06-07 07:37:56.294000,1.12657,1.12654,8440000,1000000
2019-06-07 07:37:56.762000,1.12656,1.12654,1000000,1500000
2019-06-07 07:37:56.865000,1.12656,1.12653,1000000,2250000
2019-06-07 07:37:56.967000,1.12655,1.12653,1000000,1500000
2019-06-07 07:38:01.965000,1.12655,1.12652,4500000,2890000
2019-06-07 07:38:02.074000,1.12654,1.12652,1500000,1000000
2019-06-07 07:38:02.661000,1.12654,1.12651,2620000,1870000
2019-06-07 07:38:04.251000,1.12654,1.12652,1500000,1250000
2019-06-07 07:38:04.416000,1.12655,1.12652,1250000,1690000
2019-06-07 07:38:04.518000,1.12654,1.12652,1000000,1250000
2019-06-07 07:38:04.621000,1.12653,1.1265,1000000,4000000
2019-06-07 07:38:04.723000,1.12653,1.1265,2250000,1000000
2019-06-07 07:38:04.826000,1.12653,1.12651,1000000,3750000
2019-06-07 07:38:04.928000,1.12656,1.12652,5190000,4870000
2019-06-07 07:38:05.061000,1.12656,1.12652,4310000,7950000
2019-06-07 07:38:05.163000,1.12655,1.12653,1000000,1000000
2019-06-07 07:38:05.608000,1.12656,1.12653,7690000,1000000
2019-06-07 07:38:05.751000,1.12656,1.12652,3190000,5620000
2019-06-07 07:38:05.904000,1.12655,1.12653,1000000,1000000
2019-06-07 07:38:06.424000,1.12656,1.12652,3190000,5620000
2019-06-07 07:38:06.779000,1.12656,1.12653,3190000,1000000
2019-06-07 07:38:08.143000,1.12655,1.12653,1000000,1500000
2019-06-07 07:38:08.577000,1.12656,1.12653,3190000,1000000
2019-06-07 07:38:08.852000,1.12656,1.12652,3940000,4870000
2019-06-07 07:38:08.954000,1.12656,1.12653,6190000,1000000
2019-06-07 07:38:09.187000,1.12656,1.12652,3940000,4870000
2019-06-07 07:38:10.585000,1.12656,1.12653,8440000,1000000
2019-06-07 07:38:10.737000,1.12656,1.12652,3190000,5620000
2019-06-07 07:38:13.923000,1.12655,1.12653,1000000,1000000
2019-06-07 07:38:14.025000,1.12655,1.12652,1000000,3370000
2019-06-07 07:38:14.076000,1.12653,1.12651,2500000,5770000
2019-06-07 07:38:14.179000,1.12653,1.12651,1500000,1000000
2019-06-07 07:38:14.964000,1.12652,1.12651,1500000,1000000
2019-06-07 07:38:15.066000,1.12651,1.12649,1000000,2440000
2019-06-07 07:38:15.168000,1.12651,1.12649,1500000,1250000
2019-06-07 07:38:15.285000,1.12646,1.12645,1000000,1000000
2019-06-07 07:38:15.387000,1.12646,1.12643,1000000,1600000
2019-06-07 07:38:15.489000,1.12646,1.12643,1500000,1500000
2019-06-07 07:38:15.758000,1.12647,1.12642,8250000,4370000
2019-06-07 07:38:15.860000,1.12646,1.12642,1000000,4370000
2019-06-07 07:38:16.171000,1.12647,1.12642,8250000,3620000
2019-06-07 07:38:16.325000,1.12646,1.12643,1000000,1250000
2019-06-07 07:38:16.548000,1.12647,1.12643,8250000,1250000
2019-06-07 07:38:16.784000,1.12646,1.12643,1000000,1250000
2019-06-07 07:38:17.039000,1.12647,1.12643,8250000,1250000
2019-06-07 07:38:17.190000,1.12646,1.12643,1000000,1690000
2019-06-07 07:38:18.806000,1.12646,1.12644,2250000,1000000
2019-06-07 07:38:21.171000,1.12645,1.12643,1000000,3190000
2019-06-07 07:38:22.979000,1.12643,1.12641,1000000,7220000
2019-06-07 07:38:23.081000,1.12644,1.12641,4500000,1000000
2019-06-07 07:38:23.185000,1.12642,1.1264,1500000,3000000
2019-06-07 07:38:23.304000,1.12642,1.12641,1500000,1000000
2019-06-07 07:38:23.407000,1.12642,1.1264,4870000,1000000
2019-06-07 07:38:24.895000,1.12643,1.12642,1650000,1870000
2019-06-07 07:38:24.946000,1.12645,1.12642,1500000,3940000
2019-06-07 07:38:25.048000,1.12646,1.12642,2810000,1500000
2019-06-07 07:38:25.099000,1.12642,1.12641,1000000,1200000
2019-06-07 07:38:25.202000,1.12643,1.12639,7310000,1870000
2019-06-07 07:38:25.503000,1.12642,1.12639,1120000,1870000
2019-06-07 07:38:25.707000,1.12641,1.12638,1500000,5370000
2019-06-07 07:38:25.759000,1.12641,1.12637,6750000,6710000
2019-06-07 07:38:25.861000,1.12641,1.12639,3360000,1000000
2019-06-07 07:38:25.912000,1.12641,1.12637,1000000,5060000
2019-06-07 07:38:27.151000,1.12641,1.12638,3000000,1000000
2019-06-07 07:38:27.664000,1.12641,1.12637,2250000,5060000
2019-06-07 07:38:28.776000,1.12641,1.12639,4470000,1000000
2019-06-07 07:38:28.878000,1.12641,1.12638,3000000,1000000
2019-06-07 07:38:29.031000,1.12641,1.12639,1000000,1000000
2019-06-07 07:38:29.198000,1.12642,1.12639,5810000,1000000
2019-06-07 07:38:29.504000,1.12641,1.12639,1000000,1000000
2019-06-07 07:38:29.643000,1.12642,1.12639,4310000,1000000
2019-06-07 07:38:29.914000,1.12642,1.12639,1000000,4000000
2019-06-07 07:38:30.017000,1.12646,1.12644,2320000,1000000
2019-06-07 07:38:33.403000,1.12645,1.12644,1000000,1500000
2019-06-07 07:38:33.910000,1.12647,1.12643,4440000,2620000
2019-06-07 07:38:34.147000,1.12646,1.12644,1870000,1000000
2019-06-07 07:38:34.341000,1.12646,1.12643,1120000,4870000
2019-06-07 07:38:34.544000,1.12647,1.12643,3190000,2250000
2019-06-07 07:38:36.333000,1.12647,1.12644,3750000,5060000
2019-06-07 07:38:36.476000,1.12647,1.12645,1000000,1500000
2019-06-07 07:38:36.578000,1.12645,1.12643,1870000,2070000
2019-06-07 07:38:36.630000,1.12644,1.12642,1500000,1500000
2019-06-07 07:38:36.681000,1.12643,1.1264,4690000,4010000
2019-06-07 07:38:36.834000,1.12642,1.1264,1000000,2440000
2019-06-07 07:38:37.019000,1.12643,1.12639,2060000,8650000
2019-06-07 07:38:37.173000,1.12642,1.12639,1250000,4760000
2019-06-07 07:38:38.174000,1.12643,1.1264,7300000,1000000
2019-06-07 07:38:38.336000,1.12643,1.12639,2120000,2440000
2019-06-07 07:38:39.496000,1.1264,1.12638,2440000,2250000
2019-06-07 07:38:39.600000,1.12639,1.12637,3000000,1570000
2019-06-07 07:38:39.718000,1.12637,1.12635,1500000,2620000
2019-06-07 07:38:39.820000,1.12638,1.12636,1500000,1420000
2019-06-07 07:38:39.922000,1.12638,1.12635,3000000,3750000
2019-06-07 07:38:40.076000,1.12639,1.12635,11060000,1500000
2019-06-07 07:38:40.213000,1.12637,1.12635,2250000,1000000
2019-06-07 07:38:40.315000,1.12638,1.12635,4500000,1000000
2019-06-07 07:38:40.947000,1.12638,1.12636,1000000,1000000
2019-06-07 07:38:41.101000,1.12639,1.12636,2250000,3000000
2019-06-07 07:38:41.203000,1.1264,1.12636,5810000,2250000
2019-06-07 07:38:42.224000,1.12639,1.12636,1000000,3000000
2019-06-07 07:38:42.377000,1.1264,1.12636,6560000,2250000
2019-06-07 07:38:42.479000,1.12637,1.12636,1000000,1000000
2019-06-07 07:38:42.581000,1.12636,1.12635,1500000,1000000
2019-06-07 07:38:42.897000,1.12636,1.12634,1000000,1500000
2019-06-07 07:38:42.999000,1.12637,1.12634,6370000,3070000
2019-06-07 07:38:43.161000,1.12636,1.12634,1500000,2250000
2019-06-07 07:38:43.908000,1.12637,1.12634,1120000,1500000
2019-06-07 07:38:44.150000,1.12638,1.12635,3310000,1000000
2019-06-07 07:38:44.201000,1.12639,1.12635,11060000,1690000
2019-06-07 07:38:44.303000,1.12638,1.12635,3000000,2440000
2019-06-07 07:38:45.623000,1.12637,1.12635,3000000,1000000
2019-06-07 07:38:45.775000,1.12636,1.12635,1500000,1000000
2019-06-07 07:38:45.828000,1.12638,1.12635,8440000,1000000
2019-06-07 07:38:46.051000,1.12637,1.12635,1000000,1000000
2019-06-07 07:38:47.064000,1.12637,1.12634,1000000,1000000
2019-06-07 07:38:50.211000,1.12636,1.12634,2250000,1570000
2019-06-07 07:38:50.617000,1.12637,1.12634,4120000,1000000
2019-06-07 07:38:50.741000,1.12636,1.12634,1000000,1000000
2019-06-07 07:38:51.015000,1.12637,1.12634,7500000,1000000
2019-06-07 07:38:51.912000,1.12633,1.12632,1500000,1100000
2019-06-07 07:38:52.015000,1.12634,1.12631,2810000,1120000
2019-06-07 07:38:52.250000,1.12634,1.12632,1570000,1000000
2019-06-07 07:38:52.404000,1.12633,1.12632,1000000,1000000
2019-06-07 07:38:52.456000,1.12635,1.12632,3070000,1000000
2019-06-07 07:38:52.851000,1.12635,1.12634,1000000,1000000
2019-06-07 07:38:52.953000,1.12636,1.12633,2250000,1000000
2019-06-07 07:38:53.815000,1.12636,1.12632,4500000,6000000
2019-06-07 07:38:53.985000,1.12636,1.12634,1000000,1000000
2019-06-07 07:38:54.087000,1.12637,1.12634,1120000,2250000
2019-06-07 07:38:55.138000,1.12638,1.12633,8000000,5060000
2019-06-07 07:38:56.226000,1.12637,1.12635,3560000,1000000
2019-06-07 07:38:56.705000,1.12634,1.12632,1500000,1000000
2019-06-07 07:38:56.859000,1.12635,1.12632,2700000,1000000
2019-06-07 07:38:57.018000,1.12633,1.12632,1500000,1000000
2019-06-07 07:38:57.120000,1.12633,1.12631,1000000,1500000
2019-06-07 07:38:57.223000,1.12636,1.12633,2650000,1000000
2019-06-07 07:38:57.726000,1.12637,1.12633,7910000,1500000
2019-06-07 07:38:59.075000,1.12636,1.12634,1000000,1000000
2019-06-07 07:38:59.177000,1.12637,1.12634,1120000,2250000
2019-06-07 07:38:59.757000,1.12638,1.12634,9070000,2250000
2019-06-07 07:38:59.887000,1.12637,1.12634,2250000,3000000
2019-06-07 07:39:00.526000,1.12638,1.12634,5810000,2250000
2019-06-07 07:39:00.744000,1.12637,1.12634,1000000,3000000
2019-06-07 07:39:00.796000,1.12637,1.12636,1000000,1000000
2019-06-07 07:39:00.899000,1.12638,1.12636,2060000,1000000
2019-06-07 07:39:02.154000,1.12637,1.12636,1000000,1000000
2019-06-07 07:39:04.805000,1.12638,1.12636,4310000,1000000
2019-06-07 07:39:05.364000,1.12637,1.12636,1000000,1000000
2019-06-07 07:39:05.509000,1.12638,1.12636,7310000,1000000
2019-06-07 07:39:06.422000,1.12639,1.12637,6340000,1000000
2019-06-07 07:39:06.525000,1.1264,1.12638,3000000,1500000
2019-06-07 07:39:06.980000,1.12641,1.12639,1500000,1000000
2019-06-07 07:39:07.083000,1.12643,1.12639,4270000,4120000
2019-06-07 07:39:07.584000,1.12641,1.12639,1500000,5620000
2019-06-07 07:39:08.181000,1.12641,1.1264,1000000,1000000
2019-06-07 07:39:08.335000,1.12642,1.12639,2810000,2440000
2019-06-07 07:39:08.387000,1.12638,1.12636,1500000,9390000
2019-06-07 07:39:08.492000,1.12639,1.12637,1500000,1500000
2019-06-07 07:39:08.653000,1.12638,1.12637,1000000,1000000
2019-06-07 07:39:08.857000,1.12639,1.12637,1420000,1000000
2019-06-07 07:39:08.959000,1.1264,1.12637,10610000,1000000
2019-06-07 07:39:09.330000,1.12639,1.12637,1120000,1000000
2019-06-07 07:39:09.450000,1.1264,1.12637,11440000,1500000
2019-06-07 07:39:09.553000,1.1264,1.12638,6750000,1500000
2019-06-07 07:39:10.314000,1.12639,1.12637,1870000,4010000
2019-06-07 07:39:10.932000,1.1264,1.12637,2250000,1500000
2019-06-07 07:39:11.387000,1.12638,1.12637,1000000,1000000
2019-06-07 07:39:11.489000,1.12638,1.12636,4120000,1570000
2019-06-07 07:39:11.774000,1.12637,1.12636,3750000,1000000
2019-06-07 07:39:12.235000,1.12638,1.12636,8060000,1000000
2019-06-07 07:39:12.337000,1.12637,1.12636,1000000,1000000
2019-06-07 07:39:12.653000,1.12638,1.12636,8060000,1000000
2019-06-07 07:39:12.857000,1.12637,1.12636,1000000,2810000
2019-06-07 07:39:12.959000,1.12642,1.12641,1000000,1120000
2019-06-07 07:39:13.010000,1.12645,1.12642,4010000,1250000
2019-06-07 07:39:13.221000,1.12646,1.12642,8140000,2250000
2019-06-07 07:39:13.323000,1.12645,1.12642,1000000,2440000
2019-06-07 07:39:13.577000,1.12646,1.12642,6370000,1690000
2019-06-07 07:39:13.679000,1.12645,1.12642,1000000,1690000
2019-06-07 07:39:13.875000,1.12646,1.12642,5620000,4310000
2019-06-07 07:39:14.385000,1.12645,1.12642,1000000,4760000
2019-06-07 07:39:14.487000,1.12645,1.12643,2250000,1000000
2019-06-07 07:39:14.897000,1.12646,1.12642,6750000,3940000
2019-06-07 07:39:14.999000,1.12645,1.12642,1000000,4010000
2019-06-07 07:39:15.595000,1.12645,1.12643,1500000,1000000
2019-06-07 07:39:15.927000,1.12644,1.12642,9240000,1100000
2019-06-07 07:39:16.030000,1.12642,1.12639,3750000,6940000
2019-06-07 07:39:17.390000,1.12642,1.12639,1000000,3550000
2019-06-07 07:39:17.442000,1.12644,1.12642,4120000,3750000
2019-06-07 07:39:17.606000,1.12645,1.12643,1000000,4500000
2019-06-07 07:39:17.657000,1.12647,1.12644,1250000,1500000
2019-06-07 07:39:18.375000,1.12646,1.12645,1000000,1000000
2019-06-07 07:39:18.978000,1.12648,1.12644,3370000,6410000
2019-06-07 07:39:19.233000,1.12648,1.12644,3370000,4390000
2019-06-07 07:39:20.042000,1.12648,1.12646,5620000,1000000
2019-06-07 07:39:20.144000,1.12649,1.12646,1500000,7060000
2019-06-07 07:39:20.246000,1.12649,1.12646,1000000,4760000
2019-06-07 07:39:20.880000,1.12648,1.12646,1000000,3190000
2019-06-07 07:39:21.033000,1.1265,1.12646,12920000,1760000
2019-06-07 07:39:21.193000,1.1265,1.12648,1500000,4690000
2019-06-07 07:39:21.296000,1.12652,1.12649,5500000,1500000
2019-06-07 07:39:21.963000,1.12652,1.12649,1000000,2250000
2019-06-07 07:39:22.168000,1.12653,1.1265,5620000,2440000
2019-06-07 07:39:22.314000,1.12652,1.12649,2620000,3190000
2019-06-07 07:39:23.046000,1.12652,1.1265,1870000,1120000
2019-06-07 07:39:23.149000,1.12653,1.12651,1000000,1500000
2019-06-07 07:39:23.251000,1.12653,1.1265,1690000,7760000
2019-06-07 07:39:23.782000,1.12651,1.1265,1500000,1500000
2019-06-07 07:39:23.987000,1.12652,1.1265,1000000,1000000
2019-06-07 07:39:24.089000,1.12651,1.1265,1000000,2320000
2019-06-07 07:39:24.192000,1.12653,1.12652,3000000,1000000
2019-06-07 07:39:24.353000,1.12654,1.12652,1000000,1690000
2019-06-07 07:39:24.455000,1.12655,1.12652,3750000,2440000
2019-06-07 07:39:25.065000,1.12656,1.12654,1000000,2250000
2019-06-07 07:39:25.117000,1.12658,1.12654,5060000,1570000
2019-06-07 07:39:25.220000,1.12658,1.12655,3560000,1000000
2019-06-07 07:39:25.323000,1.12657,1.12655,1500000,1500000
2019-06-07 07:39:25.688000,1.12658,1.12655,5440000,1000000
2019-06-07 07:39:26.318000,1.12657,1.12655,1000000,1000000
2019-06-07 07:39:26.471000,1.12656,1.12655,1000000,1000000
2019-06-07 07:39:26.624000,1.12656,1.12655,1000000,1000000
2019-06-07 07:39:27.980000,1.12657,1.12654,10690000,1000000
2019-06-07 07:39:28.178000,1.12655,1.12654,3000000,1000000
2019-06-07 07:39:28.968000,1.12654,1.12653,1500000,1000000
2019-06-07 07:39:29.121000,1.12655,1.12654,1000000,1000000
2019-06-07 07:39:29.223000,1.12654,1.12653,1500000,1000000
2019-06-07 07:39:29.794000,1.12655,1.12653,4500000,1000000
2019-06-07 07:39:30.150000,1.12654,1.12653,1500000,1000000
2019-06-07 07:39:30.357000,1.12655,1.12653,2250000,1000000
2019-06-07 07:39:30.460000,1.12656,1.12654,1500000,1000000
2019-06-07 07:39:30.562000,1.12658,1.12655,4970000,1500000
2019-06-07 07:39:30.968000,1.12658,1.12655,5620000,1000000
2019-06-07 07:39:31.645000,1.12657,1.12655,1690000,1000000
2019-06-07 07:39:31.748000,1.12656,1.12654,1690000,1000000
2019-06-07 07:39:31.850000,1.12656,1.12653,3190000,1000000
2019-06-07 07:39:34.377000,1.12656,1.12653,1750000,1500000
2019-06-07 07:39:36.663000,1.12657,1.12655,2690000,1000000
2019-06-07 07:39:37.385000,1.12657,1.12653,2500000,6150000
2019-06-07 07:39:37.448000,1.12656,1.12654,1000000,4750000
2019-06-07 07:39:37.551000,1.12661,1.1266,2610000,1500000
2019-06-07 07:39:37.705000,1.12663,1.12659,3750000,6190000
2019-06-07 07:39:37.807000,1.12663,1.12661,7130000,1500000
2019-06-07 07:39:37.909000,1.12663,1.1266,1120000,2440000
2019-06-07 07:39:38.900000,1.12663,1.12662,1120000,1000000
2019-06-07 07:39:39.003000,1.12663,1.1266,2440000,2590000
2019-06-07 07:39:39.054000,1.12663,1.1266,6060000,1200000
2019-06-07 07:39:39.157000,1.12662,1.1266,2440000,1000000
2019-06-07 07:39:39.546000,1.12661,1.1266,1500000,1000000
2019-06-07 07:39:40.497000,1.12661,1.12659,1500000,1500000
2019-06-07 07:39:47.008000,1.12663,1.1266,11510000,5370000
2019-06-07 07:39:47.111000,1.12665,1.12663,1250000,1250000
2019-06-07 07:39:47.414000,1.12666,1.12663,1120000,8630000
2019-06-07 07:39:47.905000,1.12667,1.12665,1000000,1130000
2019-06-07 07:39:47.956000,1.12668,1.12665,4120000,1000000
2019-06-07 07:39:48.008000,1.12666,1.12665,1250000,1500000
2019-06-07 07:39:48.111000,1.12667,1.12665,2440000,1000000
2019-06-07 07:39:48.213000,1.12666,1.12665,1000000,1000000
2019-06-07 07:39:48.315000,1.12667,1.12665,3940000,1000000
2019-06-07 07:39:49.613000,1.12667,1.12664,3190000,1500000
2019-06-07 07:39:49.993000,1.12666,1.12664,1000000,2620000
2019-06-07 07:39:51.620000,1.12667,1.12664,6640000,1000000
2019-06-07 07:39:54.530000,1.12666,1.12664,1000000,1000000
2019-06-07 07:39:54.827000,1.12667,1.12664,4690000,1000000
2019-06-07 07:39:55.422000,1.12665,1.12663,2440000,1120000
2019-06-07 07:39:55.605000,1.12665,1.12662,3620000,3000000
2019-06-07 07:39:55.707000,1.12665,1.12663,1750000,1000000
2019-06-07 07:39:56.131000,1.12666,1.12663,1500000,1500000
2019-06-07 07:39:57.247000,1.12665,1.12663,1000000,3750000
2019-06-07 07:39:57.514000,1.12666,1.12663,1500000,1000000
2019-06-07 07:39:59.985000,1.12667,1.12665,2440000,1000000
2019-06-07 07:40:00.090000,1.12668,1.12666,1100000,1500000
2019-06-07 07:40:00.194000,1.12669,1.12666,2440000,1500000
2019-06-07 07:40:00.297000,1.12668,1.12666,1000000,3750000
2019-06-07 07:40:00.412000,1.12667,1.12665,1500000,1000000
2019-06-07 07:40:00.515000,1.12667,1.12664,6190000,1120000
2019-06-07 07:40:00.720000,1.12666,1.12664,1500000,1000000
2019-06-07 07:40:00.873000,1.12665,1.12663,1870000,1000000
2019-06-07 07:40:00.987000,1.12666,1.12663,4500000,1000000
2019-06-07 07:40:01.786000,1.12664,1.12661,1250000,5770000
2019-06-07 07:40:01.888000,1.12665,1.12663,3000000,1250000
2019-06-07 07:40:02.122000,1.12666,1.12663,5810000,1000000
2019-06-07 07:40:02.225000,1.12665,1.12663,1000000,1000000
2019-06-07 07:40:02.378000,1.12666,1.12663,5140000,1000000
2019-06-07 07:40:02.480000,1.12665,1.12663,1000000,1000000
2019-06-07 07:40:02.643000,1.12666,1.12663,6940000,1000000
2019-06-07 07:40:02.847000,1.12666,1.12663,5870000,1000000
2019-06-07 07:40:04.715000,1.12665,1.12663,1750000,1000000
2019-06-07 07:40:04.818000,1.12663,1.12661,1500000,1570000
2019-06-07 07:40:04.920000,1.12663,1.1266,3750000,6190000
2019-06-07 07:40:05.022000,1.12664,1.1266,9490000,1000000
2019-06-07 07:40:05.073000,1.12662,1.1266,1000000,3000000
2019-06-07 07:40:05.264000,1.12663,1.1266,3750000,3000000
2019-06-07 07:40:05.927000,1.12664,1.1266,10710000,1500000
2019-06-07 07:40:06.073000,1.12662,1.1266,1000000,1500000
2019-06-07 07:40:08.124000,1.12666,1.12665,1000000,1500000
2019-06-07 07:40:08.176000,1.12668,1.12665,7310000,2060000
2019-06-07 07:40:08.228000,1.12666,1.12665,1000000,1200000
2019-06-07 07:40:08.331000,1.12667,1.12665,1500000,1000000
2019-06-07 07:40:10.745000,1.12667,1.12664,3000000,1100000
2019-06-07 07:40:13.399000,1.12666,1.12664,1120000,1100000
2019-06-07 07:40:15.138000,1.12667,1.12664,1870000,1000000
2019-06-07 07:40:15.241000,1.12666,1.12664,1120000,2320000
2019-06-07 07:40:16.545000,1.12667,1.12664,3000000,1500000
2019-06-07 07:40:16.647000,1.12667,1.12666,1000000,1000000
2019-06-07 07:40:18.718000,1.12667,1.12665,1000000,1100000
2019-06-07 07:40:18.901000,1.12667,1.12664,1000000,8960000
2019-06-07 07:40:20.347000,1.12667,1.12665,1000000,1000000
2019-06-07 07:40:20.964000,1.12667,1.12664,1000000,8590000
2019-06-07 07:40:21.867000,1.12667,1.12665,1690000,1000000
2019-06-07 07:40:23.825000,1.12668,1.12665,2440000,2250000
2019-06-07 07:40:24.981000,1.12667,1.12665,1000000,5250000
2019-06-07 07:40:25.739000,1.12668,1.12665,4120000,2250000
2019-06-07 07:40:26.416000,1.12667,1.12665,1870000,3000000
2019-06-07 07:40:27.010000,1.12668,1.12665,4500000,3820000
2019-06-07 07:40:28.711000,1.12667,1.12665,1000000,1500000
2019-06-07 07:40:32.925000,1.12667,1.12665,1000000,2500000
2019-06-07 07:40:33.556000,1.12668,1.12665,3370000,1750000
2019-06-07 07:40:36.866000,1.12668,1.12665,3250000,3060000
2019-06-07 07:40:37.385000,1.12668,1.12665,3190000,2870000
2019-06-07 07:40:38.322000,1.12667,1.12665,1000000,1750000
2019-06-07 07:40:45.558000,1.12668,1.12665,4120000,1750000
2019-06-07 07:40:47.194000,1.12667,1.12665,1000000,1250000
2019-06-07 07:40:47.499000,1.12668,1.12665,3000000,1250000
2019-06-07 07:40:48.889000,1.12668,1.12664,3940000,6750000
2019-06-07 07:40:48.991000,1.12668,1.12665,4500000,1250000
2019-06-07 07:40:50.086000,1.12667,1.12664,1000000,7750000
2019-06-07 07:40:50.189000,1.12664,1.12663,2250000,5250000
2019-06-07 07:40:50.291000,1.12662,1.1266,1120000,5620000
2019-06-07 07:40:50.393000,1.12662,1.12661,1000000,1000000
2019-06-07 07:40:50.495000,1.12662,1.1266,1000000,2620000
2019-06-07 07:40:50.630000,1.12663,1.1266,1870000,1500000
2019-06-07 07:40:50.986000,1.12662,1.1266,1000000,3000000
2019-06-07 07:40:51.139000,1.12663,1.1266,1870000,2250000
2019-06-07 07:40:51.515000,1.12662,1.1266,1000000,3750000
2019-06-07 07:40:51.755000,1.12663,1.1266,3750000,2250000
2019-06-07 07:40:52.990000,1.12662,1.1266,1000000,2250000
2019-06-07 07:40:53.092000,1.12663,1.1266,5250000,2250000
2019-06-07 07:40:53.813000,1.12662,1.1266,1000000,3000000
2019-06-07 07:40:54.246000,1.12663,1.1266,2620000,1500000
2019-06-07 07:40:54.527000,1.12662,1.12661,1120000,1000000
2019-06-07 07:40:54.629000,1.12663,1.12661,1000000,3750000
2019-06-07 07:40:54.732000,1.12666,1.12665,2620000,1500000
2019-06-07 07:40:54.834000,1.12668,1.12665,8620000,1000000
2019-06-07 07:40:55.326000,1.12668,1.12666,3370000,1000000
2019-06-07 07:40:55.428000,1.12667,1.12666,1000000,1000000
2019-06-07 07:40:55.531000,1.12668,1.12666,5060000,2620000
2019-06-07 07:40:56.042000,1.12668,1.12665,1250000,6190000
2019-06-07 07:40:56.145000,1.12667,1.12666,1000000,1250000
2019-06-07 07:40:56.247000,1.12668,1.12665,2060000,2440000
2019-06-07 07:40:56.502000,1.12667,1.12665,1000000,3190000
2019-06-07 07:40:56.728000,1.12668,1.12665,4690000,4690000
2019-06-07 07:40:56.829000,1.12668,1.12666,7000000,1250000
2019-06-07 07:40:57.248000,1.12668,1.12665,3000000,2440000
2019-06-07 07:40:57.665000,1.12668,1.12666,4560000,1250000
2019-06-07 07:40:57.767000,1.12668,1.12665,2250000,3190000
2019-06-07 07:40:57.971000,1.12668,1.12666,5250000,1690000
2019-06-07 07:40:58.073000,1.12668,1.12665,1690000,2440000
2019-06-07 07:40:58.225000,1.12668,1.12666,4000000,1250000
2019-06-07 07:40:58.327000,1.12668,1.12665,3370000,2440000
2019-06-07 07:40:58.886000,1.12668,1.12666,8690000,1250000
2019-06-07 07:40:58.988000,1.12667,1.12665,1000000,2440000
2019-06-07 07:41:01.597000,1.12668,1.12665,4310000,1690000
2019-06-07 07:41:01.750000,1.12667,1.12665,1000000,2440000
2019-06-07 07:41:01.880000,1.12668,1.12665,8440000,2440000
2019-06-07 07:41:01.990000,1.12666,1.12663,1870000,3900000
2019-06-07 07:41:02.811000,1.12666,1.12664,6370000,1000000
2019-06-07 07:41:03.905000,1.12666,1.12665,3000000,3370000
2019-06-07 07:41:04.056000,1.12672,1.12671,1570000,1000000
2019-06-07 07:41:04.158000,1.12673,1.1267,8500000,1500000
2019-06-07 07:41:04.260000,1.12673,1.1267,1250000,2250000
2019-06-07 07:41:08.073000,1.12673,1.1267,2500000,2250000
2019-06-07 07:41:09.448000,1.12673,1.1267,1250000,3750000
2019-06-07 07:41:10.693000,1.12673,1.1267,3250000,3940000
2019-06-07 07:41:10.796000,1.12673,1.1267,3190000,2250000
2019-06-07 07:41:12.045000,1.12673,1.1267,5500000,1690000
2019-06-07 07:41:12.170000,1.12673,1.1267,3190000,1000000
2019-06-07 07:41:12.645000,1.12672,1.1267,1000000,3000000
2019-06-07 07:41:13.333000,1.12673,1.12669,7310000,5620000
2019-06-07 07:41:13.436000,1.12671,1.12668,3750000,3190000
2019-06-07 07:41:13.538000,1.12668,1.12666,1000000,1650000
2019-06-07 07:41:13.680000,1.12667,1.12664,2470000,1250000
2019-06-07 07:41:13.935000,1.12666,1.12664,1000000,1000000
2019-06-07 07:41:14.166000,1.12667,1.12664,6190000,1000000
2019-06-07 07:41:15.074000,1.12668,1.12665,7650000,1500000
2019-06-07 07:41:15.176000,1.12667,1.12666,1000000,1000000
2019-06-07 07:41:15.279000,1.12668,1.12666,1500000,1000000
2019-06-07 07:41:15.381000,1.12668,1.12665,2620000,1310000
2019-06-07 07:41:15.590000,1.12668,1.12666,5620000,1120000
2019-06-07 07:41:15.957000,1.12668,1.12665,1250000,3560000
2019-06-07 07:41:16.111000,1.12668,1.12665,4750000,4500000
2019-06-07 07:41:16.213000,1.12668,1.12665,2440000,3560000
2019-06-07 07:41:17.006000,1.12668,1.12664,4060000,4940000
2019-06-07 07:41:17.110000,1.12668,1.12666,4620000,1120000
2019-06-07 07:41:17.213000,1.12668,1.12665,5120000,1120000
2019-06-07 07:41:17.315000,1.12668,1.12664,2810000,5390000
2019-06-07 07:41:17.417000,1.12668,1.12665,5120000,1120000
2019-06-07 07:41:17.615000,1.12668,1.12664,2620000,5200000
2019-06-07 07:41:18.623000,1.12667,1.12665,1000000,1250000
2019-06-07 07:41:18.933000,1.12667,1.12664,1000000,3320000
2019-06-07 07:41:19.139000,1.12666,1.12664,1500000,2620000
2019-06-07 07:41:19.460000,1.12666,1.12663,1000000,3370000
2019-06-07 07:41:19.919000,1.12667,1.12664,3310000,1000000
2019-06-07 07:41:20.021000,1.12667,1.12664,3560000,1950000
2019-06-07 07:41:20.236000,1.12666,1.12664,1000000,1000000
2019-06-07 07:41:20.339000,1.12667,1.12664,1000000,3190000
2019-06-07 07:41:20.390000,1.12668,1.12666,4120000,1000000
2019-06-07 07:41:20.492000,1.12667,1.12666,1000000,1000000
2019-06-07 07:41:20.688000,1.12668,1.12665,4120000,3000000
2019-06-07 07:41:21.419000,1.12668,1.12666,4690000,1000000
2019-06-07 07:41:23.795000,1.12668,1.12667,3000000,1000000
2019-06-07 07:41:23.949000,1.12669,1.12666,1690000,1000000
2019-06-07 07:41:24.076000,1.12668,1.12666,1000000,1000000
2019-06-07 07:41:24.349000,1.12667,1.12666,1000000,1000000
2019-06-07 07:41:25.157000,1.12669,1.12667,2620000,1000000
2019-06-07 07:41:25.259000,1.1267,1.12667,1000000,1500000
2019-06-07 07:41:25.361000,1.12669,1.12668,1000000,1570000
2019-06-07 07:41:25.514000,1.1267,1.12668,1500000,1000000
2019-06-07 07:41:25.618000,1.12667,1.12666,1000000,3370000
2019-06-07 07:41:25.725000,1.12668,1.12666,1500000,1000000
2019-06-07 07:41:26.701000,1.12668,1.12665,4500000,1000000
2019-06-07 07:41:26.803000,1.12668,1.12664,6000000,4090000
2019-06-07 07:41:26.956000,1.12667,1.12664,1500000,9340000
2019-06-07 07:41:27.288000,1.12668,1.12664,5620000,4460000
2019-06-07 07:41:27.491000,1.12667,1.12664,1000000,5960000
2019-06-07 07:41:27.701000,1.12668,1.12665,3000000,3560000
2019-06-07 07:41:27.803000,1.12668,1.12666,1000000,1500000
2019-06-07 07:41:27.905000,1.12669,1.12665,3000000,11590000
2019-06-07 07:41:28.018000,1.12669,1.12666,3000000,1000000
2019-06-07 07:41:28.120000,1.12668,1.12666,1500000,1500000
2019-06-07 07:41:28.222000,1.12669,1.12666,5250000,1000000
2019-06-07 07:41:28.948000,1.12669,1.12666,5750000,1000000
2019-06-07 07:41:29.051000,1.12669,1.12667,5750000,1000000
2019-06-07 07:41:29.154000,1.12671,1.12669,1010000,1570000
2019-06-07 07:41:32.298000,1.12672,1.12669,3560000,1950000
2019-06-07 07:41:32.444000,1.12672,1.12668,3190000,12820000
2019-06-07 07:41:33.695000,1.12672,1.12668,1690000,12920000
2019-06-07 07:41:34.227000,1.12672,1.12668,1500000,8140000
2019-06-07 07:41:35.231000,1.12671,1.12668,1000000,9000000
2019-06-07 07:41:35.525000,1.12671,1.12669,1000000,1000000
2019-06-07 07:41:35.749000,1.12671,1.12668,1000000,13500000
2019-06-07 07:41:36.556000,1.12671,1.12669,1500000,1000000
2019-06-07 07:41:39.445000,1.12671,1.12668,1500000,9370000
2019-06-07 07:41:40.216000,1.12672,1.12668,2810000,4870000
2019-06-07 07:41:40.586000,1.12671,1.12668,1500000,10120000
2019-06-07 07:41:40.688000,1.12672,1.12668,2810000,5250000
2019-06-07 07:41:41.234000,1.12672,1.12669,5060000,1000000
2019-06-07 07:41:45.040000,1.12672,1.12668,2060000,5250000
2019-06-07 07:41:45.985000,1.12671,1.12668,1000000,7350000
2019-06-07 07:41:46.088000,1.12671,1.12669,1000000,1870000
2019-06-07 07:41:47.708000,1.12672,1.12669,2140000,1000000
2019-06-07 07:41:47.859000,1.12672,1.12668,4310000,6000000
2019-06-07 07:41:47.961000,1.12671,1.12668,1000000,3000000
2019-06-07 07:41:48.062000,1.12671,1.12669,1000000,1000000
2019-06-07 07:41:48.278000,1.12671,1.12668,1000000,3000000
2019-06-07 07:41:49.188000,1.12669,1.12666,1500000,2050000
2019-06-07 07:41:49.292000,1.12668,1.12665,3570000,2250000
2019-06-07 07:41:49.395000,1.12667,1.12665,3000000,1500000
2019-06-07 07:41:50.633000,1.12666,1.12665,1000000,1000000
2019-06-07 07:41:50.735000,1.12667,1.12665,3940000,1000000
2019-06-07 07:41:50.786000,1.12667,1.12663,3940000,3370000
2019-06-07 07:41:51.212000,1.12666,1.12663,1000000,7120000
2019-06-07 07:41:51.401000,1.12666,1.12664,1500000,1500000
2019-06-07 07:41:51.675000,1.12667,1.12663,7690000,5620000
2019-06-07 07:41:53.455000,1.12666,1.12664,1000000,2250000
2019-06-07 07:41:53.557000,1.12666,1.12663,1000000,8060000
2019-06-07 07:41:55.518000,1.12666,1.12664,1250000,1000000
2019-06-07 07:41:57.605000,1.12666,1.12663,1250000,6370000
2019-06-07 07:41:58.133000,1.12667,1.12663,8120000,6370000
2019-06-07 07:41:59.186000,1.12667,1.12663,6190000,6370000
2019-06-07 07:41:59.289000,1.12667,1.12664,6190000,1000000
2019-06-07 07:41:59.442000,1.12666,1.12664,1500000,4120000
2019-06-07 07:41:59.603000,1.12667,1.12664,1000000,6370000
2019-06-07 07:41:59.705000,1.12668,1.12666,4950000,1120000
2019-06-07 07:42:00.035000,1.12668,1.12665,2440000,1000000
2019-06-07 07:42:01.729000,1.12667,1.12665,1250000,1120000
2019-06-07 07:42:02.012000,1.12667,1.12664,1250000,6040000
2019-06-07 07:42:02.743000,1.12666,1.12664,1500000,6940000
2019-06-07 07:42:02.796000,1.12663,1.12661,1120000,2250000
2019-06-07 07:42:03.001000,1.12663,1.1266,4310000,1000000
2019-06-07 07:42:03.756000,1.12662,1.1266,1000000,3190000
2019-06-07 07:42:03.960000,1.12661,1.1266,1000000,1000000
2019-06-07 07:42:04.113000,1.12662,1.1266,1000000,1000000
2019-06-07 07:42:04.488000,1.1266,1.12659,1120000,1570000
2019-06-07 07:42:04.591000,1.12657,1.12656,1690000,1000000
2019-06-07 07:42:04.693000,1.12656,1.12653,1000000,3070000
2019-06-07 07:42:04.862000,1.12655,1.12653,1000000,5810000
2019-06-07 07:42:04.965000,1.12657,1.12653,8170000,4310000
2019-06-07 07:42:06.555000,1.12657,1.12654,6940000,3000000
2019-06-07 07:42:06.607000,1.12657,1.12656,2250000,1000000
2019-06-07 07:42:06.755000,1.12659,1.12657,2250000,2250000
2019-06-07 07:42:06.909000,1.1266,1.12658,2250000,1000000
2019-06-07 07:42:07.011000,1.12661,1.12658,1000000,1000000
2019-06-07 07:42:07.612000,1.12662,1.12658,3560000,3000000
2019-06-07 07:42:08.202000,1.12662,1.12659,7570000,1120000
2019-06-07 07:42:09.872000,1.12663,1.1266,2440000,1690000
2019-06-07 07:42:09.975000,1.12664,1.12661,2620000,4500000
2019-06-07 07:42:10.088000,1.12661,1.1266,1000000,1570000
2019-06-07 07:42:10.190000,1.12662,1.12659,1500000,3300000
2019-06-07 07:42:11.495000,1.12664,1.12662,5620000,1350000
2019-06-07 07:42:11.597000,1.12664,1.12663,1000000,1000000
2019-06-07 07:42:11.700000,1.12665,1.12662,4500000,3000000
2019-06-07 07:42:12.036000,1.12666,1.12663,1750000,1000000
2019-06-07 07:42:12.241000,1.12667,1.12663,2060000,5250000
2019-06-07 07:42:12.343000,1.12667,1.12664,1250000,1000000
2019-06-07 07:42:12.506000,1.12667,1.12665,2440000,1000000
2019-06-07 07:42:13.043000,1.12668,1.12665,1250000,1120000
2019-06-07 07:42:13.149000,1.12669,1.12667,2620000,1500000
2019-06-07 07:42:13.252000,1.1267,1.12666,2810000,4950000
2019-06-07 07:42:13.354000,1.1267,1.12667,2810000,1100000
2019-06-07 07:42:13.910000,1.12668,1.12667,1000000,1100000
2019-06-07 07:42:14.012000,1.12668,1.12665,1690000,3450000
2019-06-07 07:42:14.146000,1.12668,1.12666,3940000,1000000
2019-06-07 07:42:14.248000,1.12668,1.12665,1750000,5690000
2019-06-07 07:42:14.349000,1.12668,1.12665,1250000,3250000
2019-06-07 07:42:14.604000,1.12669,1.12666,2810000,2810000
2019-06-07 07:42:14.888000,1.12668,1.12666,1500000,1250000
2019-06-07 07:42:14.990000,1.12668,1.12665,4690000,3750000
2019-06-07 07:42:15.143000,1.12668,1.12666,4310000,1000000
2019-06-07 07:42:15.498000,1.12668,1.12665,1000000,7500000
2019-06-07 07:42:15.755000,1.12668,1.12666,1250000,1250000
2019-06-07 07:42:15.857000,1.12668,1.12665,1250000,4760000
2019-06-07 07:42:16.279000,1.12668,1.12665,4000000,2440000
2019-06-07 07:42:16.622000,1.12666,1.12665,1500000,1500000
2019-06-07 07:42:16.777000,1.12666,1.12664,1500000,5320000
2019-06-07 07:42:16.880000,1.12666,1.12664,1500000,3840000
2019-06-07 07:42:17.504000,1.12666,1.12664,1500000,1870000
2019-06-07 07:42:18.308000,1.12665,1.12664,1000000,3750000
2019-06-07 07:42:18.461000,1.12666,1.12664,2440000,1000000
2019-06-07 07:42:21.354000,1.12667,1.12664,1000000,3000000
2019-06-07 07:42:21.456000,1.12667,1.12665,1000000,1250000
2019-06-07 07:42:25.435000,1.12667,1.12666,1000000,4870000
2019-06-07 07:42:26.349000,1.12668,1.12666,4690000,3750000
2019-06-07 07:42:27.881000,1.12668,1.12665,2440000,2060000
2019-06-07 07:42:28.545000,1.12669,1.12667,2620000,2250000
2019-06-07 07:42:28.699000,1.1267,1.12667,2810000,1000000
2019-06-07 07:42:29.037000,1.12669,1.12666,1500000,13950000
2019-06-07 07:42:29.140000,1.12667,1.12665,1000000,4950000
2019-06-07 07:42:29.344000,1.12666,1.12665,1000000,1000000
2019-06-07 07:42:29.551000,1.12666,1.12664,1000000,6750000
2019-06-07 07:42:29.754000,1.12667,1.12664,3190000,6750000
2019-06-07 07:42:33.005000,1.12666,1.12664,1000000,1000000
2019-06-07 07:42:35.727000,1.12667,1.12664,1250000,2620000
2019-06-07 07:42:39.580000,1.12667,1.12665,3260000,1000000
2019-06-07 07:42:41.790000,1.12666,1.12665,1120000,1000000
2019-06-07 07:42:42.498000,1.12667,1.12665,4200000,1000000
2019-06-07 07:42:42.601000,1.12667,1.12664,4200000,2250000
2019-06-07 07:42:42.705000,1.12668,1.12665,3190000,2440000
2019-06-07 07:42:46.952000,1.12669,1.12667,1000000,1250000
2019-06-07 07:42:47.003000,1.1267,1.12667,4840000,1250000
2019-06-07 07:42:47.207000,1.12669,1.12667,1500000,1250000
2019-06-07 07:42:47.342000,1.12668,1.12666,5250000,1000000
2019-06-07 07:42:47.444000,1.12667,1.12666,1500000,1000000
2019-06-07 07:42:47.616000,1.12668,1.12666,1500000,1000000
2019-06-07 07:42:47.731000,1.12667,1.12666,1500000,1000000
