time,ask,bid,ask_volume,bid_volume
2019-04-18 12:25:00.894000,1.12465,1.12463,5620000,1000000
2019-04-18 12:25:00.999000,1.12466,1.12464,8390000,1760000
2019-04-18 12:25:01.103000,1.12467,1.12464,2250000,3560000
2019-04-18 12:25:01.207000,1.12468,1.12464,8620000,2810000
2019-04-18 12:25:01.377000,1.12468,1.12465,5620000,1000000
2019-04-18 12:25:01.480000,1.12467,1.12465,1000000,1500000
2019-04-18 12:25:01.583000,1.12468,1.12465,6750000,1000000
2019-04-18 12:25:02.149000,1.12467,1.12465,1000000,1000000
2019-04-18 12:25:02.252000,1.12467,1.12464,1870000,4690000
2019-04-18 12:25:03.116000,1.12466,1.12464,2250000,1120000
2019-04-18 12:25:03.270000,1.12466,1.12464,1000000,1410000
2019-04-18 12:25:03.423000,1.12467,1.12464,7450000,1390000
2019-04-18 12:25:04.151000,1.12466,1.12464,1000000,2140000
2019-04-18 12:25:04.253000,1.12467,1.12464,6190000,1390000
2019-04-18 12:25:04.881000,1.12466,1.12464,1500000,1390000
2019-04-18 12:25:05.041000,1.12467,1.12464,6190000,1410000
2019-04-18 12:25:05.199000,1.12466,1.12464,1000000,2160000
2019-04-18 12:25:05.825000,1.12467,1.12464,3000000,1120000
2019-04-18 12:25:05.978000,1.12466,1.12464,1000000,1120000
2019-04-18 12:25:06.080000,1.12467,1.12464,2440000,1120000
2019-04-18 12:25:06.285000,1.12466,1.12464,1000000,1120000
2019-04-18 12:25:06.440000,1.12467,1.12464,2440000,1120000
2019-04-18 12:25:08.134000,1.12464,1.12463,1690000,7120000
2019-04-18 12:25:08.607000,1.12464,1.12462,1690000,1000000
2019-04-18 12:25:08.709000,1.12463,1.12461,1250000,1000000
2019-04-18 12:25:08.811000,1.12463,1.12462,1120000,1000000
2019-04-18 12:25:09.175000,1.12463,1.12461,1000000,1000000
2019-04-18 12:25:09.638000,1.12463,1.12462,1500000,1000000
2019-04-18 12:25:09.769000,1.12463,1.12461,1000000,2100000
2019-04-18 12:25:10.368000,1.12464,1.12461,3000000,2100000
2019-04-18 12:25:10.558000,1.12464,1.12462,11250000,1000000
2019-04-18 12:25:10.713000,1.12464,1.12461,6750000,2850000
2019-04-18 12:25:11.671000,1.12464,1.12461,9000000,2680000
2019-04-18 12:25:12.123000,1.12464,1.12461,4500000,1070000
2019-04-18 12:25:14.009000,1.12463,1.12461,1500000,1930000
2019-04-18 12:25:14.699000,1.12464,1.12461,2250000,1350000
2019-04-18 12:25:14.803000,1.12463,1.12461,1000000,2850000
2019-04-18 12:25:15.713000,1.12464,1.12461,4120000,1350000
2019-04-18 12:25:16.180000,1.12463,1.12461,1000000,2100000
2019-04-18 12:25:16.282000,1.12464,1.12461,3370000,1350000
2019-04-18 12:25:16.383000,1.12463,1.12462,1000000,1000000
2019-04-18 12:25:16.728000,1.12464,1.12461,4870000,1000000
2019-04-18 12:25:16.881000,1.12464,1.12461,4750000,1120000
2019-04-18 12:25:20.555000,1.12469,1.12468,33070000,3600000
2019-04-18 12:25:20.714000,1.12475,1.12474,5020000,1000000
2019-04-18 12:25:20.926000,1.12474,1.12472,3440000,3000000
2019-04-18 12:25:21.030000,1.12475,1.12473,1690000,1000000
2019-04-18 12:25:21.287000,1.12475,1.12474,1310000,1000000
2019-04-18 12:25:21.564000,1.12476,1.12474,2250000,1100000
2019-04-18 12:25:23.240000,1.12476,1.12474,1000000,5810000
2019-04-18 12:25:23.344000,1.12478,1.12476,2250000,1000000
2019-04-18 12:25:23.397000,1.12479,1.12477,10500000,30600000
2019-04-18 12:25:23.476000,1.12482,1.12481,1120000,1250000
2019-04-18 12:25:23.528000,1.12484,1.12482,6940000,1500000
2019-04-18 12:25:23.630000,1.12484,1.12482,3190000,1500000
2019-04-18 12:25:23.682000,1.12484,1.12481,2440000,3150000
2019-04-18 12:25:23.784000,1.12485,1.12481,8440000,3420000
2019-04-18 12:25:23.836000,1.12485,1.12484,6000000,1000000
2019-04-18 12:25:23.947000,1.12486,1.12484,1000000,1000000
2019-04-18 12:25:24.051000,1.12485,1.12484,1690000,1000000
2019-04-18 12:25:24.154000,1.12486,1.12484,2440000,1000000
2019-04-18 12:25:24.519000,1.12485,1.12484,1500000,1000000
2019-04-18 12:25:24.646000,1.12486,1.12484,4310000,1000000
2019-04-18 12:25:24.980000,1.12485,1.12484,1000000,1000000
2019-04-18 12:25:25.602000,1.12486,1.12484,1870000,1570000
2019-04-18 12:25:26.319000,1.12485,1.12484,1000000,1570000
2019-04-18 12:25:26.588000,1.12486,1.12484,1500000,1570000
2019-04-18 12:25:27.125000,1.12485,1.12484,1000000,1500000
2019-04-18 12:25:27.586000,1.12485,1.12482,8440000,1100000
2019-04-18 12:25:27.689000,1.12485,1.12482,6190000,1100000
2019-04-18 12:25:27.792000,1.12484,1.12482,1000000,1000000
2019-04-18 12:25:28.457000,1.12485,1.12482,11060000,1570000
2019-04-18 12:25:28.561000,1.12485,1.12484,4310000,1100000
2019-04-18 12:25:29.022000,1.12486,1.12484,1000000,2320000
2019-04-18 12:25:29.140000,1.12487,1.12484,4200000,1600000
2019-04-18 12:25:29.242000,1.12486,1.12484,1000000,1570000
2019-04-18 12:25:29.549000,1.12485,1.12484,1000000,1500000
2019-04-18 12:25:29.652000,1.12486,1.12484,1000000,1500000
2019-04-18 12:25:30.260000,1.12485,1.12484,9190000,1000000
2019-04-18 12:25:30.363000,1.12484,1.12483,1000000,1000000
2019-04-18 12:25:30.525000,1.12485,1.12483,4120000,2050000
2019-04-18 12:25:30.577000,1.12487,1.12485,1000000,1000000
2019-04-18 12:25:30.681000,1.12488,1.12485,2620000,6070000
2019-04-18 12:25:30.784000,1.12488,1.12485,2620000,5070000
2019-04-18 12:25:31.093000,1.12487,1.12486,2250000,1000000
2019-04-18 12:25:32.966000,1.12488,1.12486,4120000,1000000
2019-04-18 12:25:33.997000,1.12488,1.12485,3970000,1570000
2019-04-18 12:25:34.100000,1.12486,1.12485,1250000,1100000
2019-04-18 12:25:34.204000,1.12485,1.12483,3620000,1100000
2019-04-18 12:25:34.306000,1.12485,1.12482,11120000,1500000
2019-04-18 12:25:35.307000,1.12484,1.12481,1250000,3070000
2019-04-18 12:25:40.188000,1.12483,1.12481,1750000,1000000
2019-04-18 12:25:42.467000,1.12483,1.12481,2060000,1500000
2019-04-18 12:25:42.570000,1.12483,1.12481,1250000,2320000
2019-04-18 12:25:51.431000,1.12484,1.12481,4000000,1600000
2019-04-18 12:25:51.533000,1.12484,1.12481,2870000,1100000
2019-04-18 12:25:56.091000,1.12482,1.1248,1250000,5020000
2019-04-18 12:25:56.201000,1.12483,1.1248,3560000,2400000
2019-04-18 12:25:56.305000,1.12483,1.1248,4000000,2320000
2019-04-18 12:25:56.460000,1.12483,1.1248,2440000,4650000
2019-04-18 12:25:56.701000,1.12482,1.1248,1000000,5400000
2019-04-18 12:25:56.803000,1.12483,1.1248,1250000,2320000
2019-04-18 12:25:58.867000,1.12484,1.12481,3100000,1000000
2019-04-18 12:25:59.138000,1.12484,1.12481,3100000,1100000
2019-04-18 12:26:10.466000,1.12485,1.12481,9040000,1760000
2019-04-18 12:26:10.518000,1.12485,1.12483,7160000,1250000
2019-04-18 12:26:10.652000,1.12486,1.12484,2250000,1570000
2019-04-18 12:26:10.755000,1.12487,1.12484,1310000,3820000
2019-04-18 12:26:13.132000,1.12485,1.12484,1000000,1000000
2019-04-18 12:26:13.235000,1.12486,1.12484,2060000,1000000
2019-04-18 12:26:15.136000,1.12485,1.12484,1000000,1000000
2019-04-18 12:26:20.086000,1.12487,1.12484,1250000,1570000
2019-04-18 12:26:20.255000,1.12489,1.12486,5810000,1000000
2019-04-18 12:26:20.357000,1.12488,1.12485,1000000,8810000
2019-04-18 12:26:20.494000,1.12489,1.12485,2810000,2810000
2019-04-18 12:26:20.697000,1.12488,1.12485,1000000,8810000
2019-04-18 12:26:20.799000,1.12489,1.12485,1690000,2440000
2019-04-18 12:26:23.465000,1.12488,1.12485,1000000,6640000
2019-04-18 12:26:24.305000,1.12485,1.12484,1250000,1100000
2019-04-18 12:26:24.408000,1.12485,1.12482,2500000,3560000
2019-04-18 12:26:24.766000,1.12485,1.12482,4690000,2250000
2019-04-18 12:26:25.723000,1.12485,1.12483,1500000,3750000
2019-04-18 12:26:25.826000,1.12486,1.12483,1250000,4570000
2019-04-18 12:26:26.432000,1.12487,1.12484,2250000,4010000
2019-04-18 12:26:27.240000,1.12488,1.12484,5620000,7010000
2019-04-18 12:26:29.502000,1.12488,1.12485,3750000,1000000
2019-04-18 12:26:29.606000,1.12487,1.12485,3000000,1500000
2019-04-18 12:26:29.862000,1.12488,1.12485,4010000,1100000
2019-04-18 12:26:32.123000,1.12486,1.12484,1500000,1000000
2019-04-18 12:26:32.227000,1.12485,1.12484,1000000,1000000
2019-04-18 12:26:32.331000,1.12486,1.12484,3600000,1000000
2019-04-18 12:26:32.434000,1.12485,1.12483,1500000,1500000
2019-04-18 12:26:32.487000,1.12484,1.12482,3190000,1100000
2019-04-18 12:26:32.592000,1.12484,1.12481,1000000,5700000
2019-04-18 12:26:33,1.12485,1.12481,3750000,6510000
2019-04-18 12:26:33.172000,1.12485,1.12481,1000000,13890000
2019-04-18 12:26:33.275000,1.12486,1.12482,15750000,6820000
2019-04-18 12:26:33.529000,1.12485,1.12482,1000000,2870000
2019-04-18 12:26:34.806000,1.12486,1.12483,9560000,1750000
2019-04-18 12:26:35.394000,1.12485,1.12483,1000000,1510000
2019-04-18 12:26:35.547000,1.12486,1.12483,9940000,2190000
2019-04-18 12:26:36.074000,1.12485,1.12483,1000000,2260000
2019-04-18 12:26:36.176000,1.12486,1.12483,3560000,2260000
2019-04-18 12:26:37.141000,1.12485,1.12483,1000000,2070000
2019-04-18 12:26:37.608000,1.12484,1.12482,1350000,1100000
2019-04-18 12:26:37.762000,1.12483,1.12481,1690000,1500000
2019-04-18 12:26:38.373000,1.12486,1.12485,3000000,1000000
2019-04-18 12:26:38.425000,1.12488,1.12485,4010000,1690000
2019-04-18 12:26:38.644000,1.12487,1.12485,1500000,2350000
2019-04-18 12:26:38.747000,1.12487,1.12485,1000000,2250000
2019-04-18 12:26:38.900000,1.12487,1.12485,1000000,2350000
2019-04-18 12:26:39.104000,1.12487,1.12485,2440000,3000000
2019-04-18 12:26:39.426000,1.12488,1.12485,2060000,1760000
2019-04-18 12:26:39.575000,1.1249,1.12486,16750000,1100000
2019-04-18 12:26:40.506000,1.1249,1.12488,16650000,2300000
2019-04-18 12:26:40.609000,1.12491,1.1249,3340000,6560000
2019-04-18 12:26:40.660000,1.12492,1.12491,2620000,1870000
2019-04-18 12:26:40.762000,1.12494,1.12491,8620000,1120000
2019-04-18 12:26:42.772000,1.12493,1.12491,1000000,4870000
2019-04-18 12:26:44.149000,1.12493,1.1249,1720000,1950000
2019-04-18 12:26:44.251000,1.12493,1.12491,1500000,1000000
2019-04-18 12:26:47.008000,1.12492,1.12491,1000000,1000000
2019-04-18 12:26:47.231000,1.12491,1.12489,1000000,2620000
2019-04-18 12:26:47.334000,1.12491,1.12488,2250000,1690000
2019-04-18 12:26:48.073000,1.1249,1.12487,2250000,3260000
2019-04-18 12:26:48.298000,1.1249,1.12486,8120000,3070000
2019-04-18 12:26:48.400000,1.12487,1.12485,2250000,4090000
2019-04-18 12:26:48.607000,1.12488,1.12484,7570000,4750000
2019-04-18 12:26:48.711000,1.12487,1.12485,1500000,1690000
2019-04-18 12:26:48.865000,1.12488,1.12484,7500000,1760000
2019-04-18 12:26:48.967000,1.12487,1.12484,3000000,1690000
2019-04-18 12:26:49.069000,1.12486,1.12485,2250000,1000000
2019-04-18 12:26:49.280000,1.12486,1.12484,2250000,3640000
2019-04-18 12:26:49.384000,1.12487,1.12485,1570000,1500000
2019-04-18 12:26:49.488000,1.12488,1.12485,1250000,1760000
2019-04-18 12:26:49.644000,1.12487,1.12485,1500000,1760000
2019-04-18 12:26:50.002000,1.12487,1.12483,5320000,2190000
2019-04-18 12:26:50.135000,1.12486,1.12483,8620000,1390000
2019-04-18 12:26:50.598000,1.12485,1.12483,1000000,1390000
2019-04-18 12:26:50.701000,1.12485,1.12484,1000000,1120000
2019-04-18 12:26:50.827000,1.12486,1.12484,1000000,5870000
2019-04-18 12:26:50.932000,1.12487,1.12483,3000000,4000000
2019-04-18 12:26:51.036000,1.12486,1.12483,1120000,4750000
2019-04-18 12:26:51.446000,1.12485,1.12483,1000000,3320000
2019-04-18 12:26:51.551000,1.12485,1.12483,1000000,1000000
2019-04-18 12:26:51.679000,1.12484,1.12482,1000000,1500000
2019-04-18 12:26:51.782000,1.12486,1.12484,5620000,4290000
2019-04-18 12:26:51.835000,1.12487,1.12486,1950000,1300000
2019-04-18 12:26:51.889000,1.12489,1.12486,3000000,1120000
2019-04-18 12:26:51.994000,1.12488,1.12485,1000000,2320000
2019-04-18 12:26:52.182000,1.12487,1.12485,1000000,1570000
2019-04-18 12:26:52.339000,1.12488,1.12485,1500000,1000000
2019-04-18 12:26:52.667000,1.12487,1.12485,1000000,1000000
2019-04-18 12:26:52.770000,1.12488,1.12485,1500000,1000000
2019-04-18 12:26:52.922000,1.12488,1.12487,2250000,1760000
2019-04-18 12:26:53.025000,1.12489,1.12487,1500000,3260000
2019-04-18 12:26:53.076000,1.12491,1.12487,4500000,2510000
2019-04-18 12:26:53.466000,1.1249,1.12487,1000000,3640000
2019-04-18 12:26:53.687000,1.12488,1.12486,2850000,1100000
2019-04-18 12:26:53.790000,1.12487,1.12484,1500000,1690000
2019-04-18 12:26:54.232000,1.12486,1.12484,1500000,1000000
2019-04-18 12:26:54.336000,1.12486,1.12483,2250000,1000000
2019-04-18 12:26:54.491000,1.12485,1.12482,3000000,4360000
2019-04-18 12:26:54.595000,1.12486,1.12482,8250000,1690000
2019-04-18 12:26:54.871000,1.12486,1.12482,10120000,1350000
2019-04-18 12:26:55.030000,1.12485,1.12482,1000000,1350000
2019-04-18 12:26:55.132000,1.12484,1.12482,1000000,1000000
2019-04-18 12:26:55.350000,1.12486,1.12484,9750000,1870000
2019-04-18 12:26:55.485000,1.12486,1.12485,1000000,1000000
2019-04-18 12:26:55.588000,1.12487,1.12485,1000000,1000000
2019-04-18 12:26:55.691000,1.12486,1.12485,3000000,1000000
2019-04-18 12:26:55.743000,1.12485,1.12483,1000000,3750000
2019-04-18 12:26:55.846000,1.12486,1.12482,6000000,3760000
2019-04-18 12:26:56.015000,1.12485,1.12482,3000000,3010000
2019-04-18 12:26:56.170000,1.12486,1.12482,6000000,2640000
2019-04-18 12:26:56.298000,1.12485,1.12482,1500000,3390000
2019-04-18 12:26:56.485000,1.12486,1.12482,7500000,2560000
2019-04-18 12:26:56.607000,1.12487,1.12486,3750000,1000000
2019-04-18 12:26:56.965000,1.12487,1.12485,1000000,1000000
2019-04-18 12:26:58.892000,1.12486,1.12485,1000000,1000000
2019-04-18 12:26:59.045000,1.12486,1.12484,1000000,1250000
2019-04-18 12:26:59.249000,1.12485,1.12482,1000000,7860000
2019-04-18 12:26:59.351000,1.12483,1.12481,1000000,1600000
2019-04-18 12:26:59.484000,1.12482,1.1248,1000000,3260000
2019-04-18 12:26:59.792000,1.12483,1.12482,1000000,1000000
2019-04-18 12:26:59.895000,1.12486,1.12485,1000000,1000000
2019-04-18 12:26:59.947000,1.12487,1.12484,2320000,1010000
2019-04-18 12:27:00.054000,1.12487,1.12485,1500000,2250000
2019-04-18 12:27:00.158000,1.12485,1.12482,1000000,13370000
2019-04-18 12:27:00.211000,1.12484,1.12482,1000000,4090000
2019-04-18 12:27:00.468000,1.12484,1.12482,1000000,2570000
2019-04-18 12:27:00.520000,1.12484,1.12481,1500000,2590000
2019-04-18 12:27:00.663000,1.12484,1.12482,3750000,1000000
2019-04-18 12:27:00.808000,1.12485,1.12481,3560000,2820000
2019-04-18 12:27:00.862000,1.12486,1.12484,2250000,1970000
2019-04-18 12:27:00.965000,1.12487,1.12483,1690000,2120000
2019-04-18 12:27:01.067000,1.12486,1.12484,1000000,1100000
2019-04-18 12:27:01.170000,1.12484,1.12482,1000000,3150000
2019-04-18 12:27:01.580000,1.12484,1.12481,1000000,1950000
2019-04-18 12:27:01.982000,1.12484,1.12482,1000000,5060000
2019-04-18 12:27:02.098000,1.12487,1.12485,6560000,2500000
2019-04-18 12:27:02.200000,1.12488,1.12484,2440000,2800000
2019-04-18 12:27:02.303000,1.12486,1.12484,1500000,1650000
2019-04-18 12:27:02.405000,1.12485,1.12483,1000000,1000000
2019-04-18 12:27:02.508000,1.12486,1.12483,4500000,1670000
2019-04-18 12:27:02.610000,1.12486,1.12483,3750000,1570000
2019-04-18 12:27:02.915000,1.12486,1.12483,5500000,1100000
2019-04-18 12:27:03.081000,1.12485,1.12483,1000000,1200000
2019-04-18 12:27:03.185000,1.12484,1.12482,1000000,1010000
2019-04-18 12:27:03.287000,1.12485,1.12481,5810000,3400000
2019-04-18 12:27:03.429000,1.12483,1.12482,1000000,1250000
2019-04-18 12:27:03.532000,1.12486,1.12485,4120000,1250000
2019-04-18 12:27:03.636000,1.12487,1.12485,6000000,1120000
2019-04-18 12:27:03.790000,1.12488,1.12484,10620000,2590000
2019-04-18 12:27:04.776000,1.12486,1.12483,1000000,3710000
2019-04-18 12:27:04.878000,1.12487,1.12483,1870000,2590000
2019-04-18 12:27:05.205000,1.12486,1.12484,3370000,1000000
2019-04-18 12:27:05.307000,1.12486,1.12483,1000000,1390000
2019-04-18 12:27:08.247000,1.12486,1.12484,3370000,1000000
2019-04-18 12:27:08.607000,1.12486,1.12483,1000000,1390000
2019-04-18 12:27:08.742000,1.12488,1.12486,6370000,5220000
2019-04-18 12:27:08.897000,1.1249,1.12486,4500000,2610000
2019-04-18 12:27:09.008000,1.1249,1.12486,5250000,2590000
2019-04-18 12:27:09.111000,1.1249,1.12485,6310000,7520000
2019-04-18 12:27:09.214000,1.1249,1.12485,5810000,6170000
2019-04-18 12:27:09.569000,1.1249,1.12485,10870000,8110000
2019-04-18 12:27:10.716000,1.12486,1.12485,1000000,1000000
2019-04-18 12:27:10.818000,1.12486,1.12484,3000000,1000000
2019-04-18 12:27:10.984000,1.12485,1.12483,2250000,2810000
2019-04-18 12:27:11.349000,1.12484,1.12482,1000000,2820000
2019-04-18 12:27:11.400000,1.12484,1.12481,1000000,2590000
2019-04-18 12:27:11.817000,1.12484,1.12481,1000000,2540000
2019-04-18 12:27:11.919000,1.12484,1.12481,1000000,1760000
2019-04-18 12:27:12.868000,1.12483,1.12481,1000000,3940000
2019-04-18 12:27:13.473000,1.12484,1.12482,1000000,1010000
2019-04-18 12:27:15.897000,1.12481,1.1248,1690000,3520000
2019-04-18 12:27:16,1.1248,1.12478,3040000,1000000
2019-04-18 12:27:16.102000,1.12479,1.12476,3040000,2320000
2019-04-18 12:27:16.204000,1.12478,1.12477,1000000,1000000
2019-04-18 12:27:16.481000,1.12479,1.12476,2290000,1570000
2019-04-18 12:27:17.387000,1.12479,1.12477,5060000,1000000
2019-04-18 12:27:17.548000,1.12479,1.12476,1250000,1870000
2019-04-18 12:27:17.840000,1.12479,1.12477,4310000,1000000
2019-04-18 12:27:18.572000,1.12479,1.12476,1250000,3370000
2019-04-18 12:27:20.137000,1.12478,1.12475,1250000,6600000
2019-04-18 12:27:20.290000,1.12477,1.12475,1000000,2060000
2019-04-18 12:27:20.875000,1.12475,1.12474,1000000,1000000
2019-04-18 12:27:20.978000,1.12475,1.12472,2250000,2250000
2019-04-18 12:27:24.127000,1.12476,1.12472,3000000,3920000
2019-04-18 12:27:24.231000,1.12476,1.12474,4870000,1000000
2019-04-18 12:27:24.336000,1.12476,1.12473,1000000,3660000
2019-04-18 12:27:24.456000,1.12477,1.12473,2440000,3740000
2019-04-18 12:27:24.560000,1.12477,1.12474,1500000,1790000
2019-04-18 12:27:24.662000,1.12476,1.12474,1000000,3260000
2019-04-18 12:27:24.764000,1.12476,1.12474,1000000,1790000
2019-04-18 12:27:24.947000,1.12476,1.12474,1000000,1010000
2019-04-18 12:27:25.151000,1.12476,1.12474,1000000,1100000
2019-04-18 12:27:25.202000,1.12476,1.12473,3000000,2510000
2019-04-18 12:27:25.355000,1.12476,1.12473,1000000,1790000
2019-04-18 12:27:25.458000,1.12476,1.12475,1000000,1250000
2019-04-18 12:27:26.145000,1.12476,1.12473,1000000,6490000
2019-04-18 12:27:26.299000,1.12476,1.12473,1000000,2210000
2019-04-18 12:27:27.421000,1.12477,1.12473,8620000,1010000
2019-04-18 12:27:28.225000,1.12476,1.12473,4870000,3110000
2019-04-18 12:27:29.211000,1.12477,1.12472,10870000,7900000
2019-04-18 12:27:29.441000,1.12476,1.12473,1500000,1390000
2019-04-18 12:27:30.076000,1.12477,1.12472,10120000,7900000
2019-04-18 12:27:30.369000,1.12476,1.12473,1500000,1390000
2019-04-18 12:27:30.618000,1.12477,1.12472,10120000,7900000
2019-04-18 12:27:30.720000,1.12476,1.12473,1500000,1390000
2019-04-18 12:27:30.921000,1.12477,1.12472,10120000,7900000
2019-04-18 12:27:31.022000,1.12476,1.12473,4870000,3490000
2019-04-18 12:27:31.280000,1.12477,1.12472,10120000,7520000
2019-04-18 12:27:31.413000,1.12476,1.12472,1500000,5940000
2019-04-18 12:27:31.718000,1.12475,1.12473,3000000,1200000
2019-04-18 12:27:31.871000,1.12476,1.12473,6000000,1120000
2019-04-18 12:27:32.392000,1.12475,1.12473,1000000,1120000
2019-04-18 12:27:32.510000,1.12475,1.12472,7120000,1000000
2019-04-18 12:27:32.612000,1.12473,1.12471,1000000,1500000
2019-04-18 12:27:33.569000,1.12473,1.12469,3000000,4490000
2019-04-18 12:27:33.877000,1.12473,1.12469,2250000,4460000
2019-04-18 12:27:34.081000,1.12473,1.12469,3000000,3740000
2019-04-18 12:27:34.184000,1.12472,1.12469,1000000,6980000
2019-04-18 12:27:34.287000,1.12472,1.12469,3750000,1120000
2019-04-18 12:27:34.394000,1.12472,1.12468,6370000,2890000
2019-04-18 12:27:34.603000,1.12471,1.12468,3750000,3450000
2019-04-18 12:27:34.999000,1.1247,1.12467,1000000,6460000
2019-04-18 12:27:35.101000,1.12471,1.12468,2620000,1200000
2019-04-18 12:27:35.215000,1.12471,1.12469,5620000,1000000
2019-04-18 12:27:35.317000,1.12471,1.12468,2620000,1120000
2019-04-18 12:27:36.585000,1.1247,1.12468,1000000,1120000
2019-04-18 12:27:37.124000,1.12469,1.12468,1000000,1000000
2019-04-18 12:27:37.226000,1.12469,1.12467,1000000,1100000
2019-04-18 12:27:37.566000,1.12471,1.12467,3370000,1000000
2019-04-18 12:27:37.821000,1.12471,1.12468,10500000,1000000
2019-04-18 12:27:37.923000,1.1247,1.12468,1000000,1000000
2019-04-18 12:27:38.027000,1.1247,1.12467,1000000,2890000
2019-04-18 12:27:38.128000,1.12471,1.12467,2250000,2140000
2019-04-18 12:27:38.230000,1.12471,1.12468,7500000,1000000
2019-04-18 12:27:38.381000,1.1247,1.12468,2250000,1000000
2019-04-18 12:27:38.818000,1.12471,1.12467,5250000,1760000
2019-04-18 12:27:39.277000,1.1247,1.12468,2620000,1000000
2019-04-18 12:27:39.667000,1.1247,1.12467,1500000,3260000
2019-04-18 12:27:39.811000,1.12469,1.12467,2250000,2060000
2019-04-18 12:27:39.913000,1.1247,1.12467,3000000,1250000
2019-04-18 12:27:41.535000,1.1247,1.12468,5250000,1000000
2019-04-18 12:27:42.077000,1.12469,1.12468,1500000,1000000
2019-04-18 12:27:42.414000,1.1247,1.12468,1500000,1000000
2019-04-18 12:27:42.681000,1.12471,1.12467,9000000,4070000
2019-04-18 12:27:43.004000,1.1247,1.12467,1000000,2770000
2019-04-18 12:27:43.108000,1.12469,1.12467,2060000,1570000
2019-04-18 12:27:43.161000,1.12468,1.12466,1000000,2470000
2019-04-18 12:27:43.214000,1.12467,1.12464,1000000,3920000
2019-04-18 12:27:43.369000,1.12467,1.12464,1000000,3150000
2019-04-18 12:27:43.588000,1.12466,1.12464,1000000,2400000
2019-04-18 12:27:43.641000,1.12468,1.12465,2060000,1000000
2019-04-18 12:27:44.221000,1.12468,1.12466,1000000,1600000
2019-04-18 12:27:44.330000,1.12469,1.12465,13990000,7990000
2019-04-18 12:27:44.673000,1.12469,1.12465,13990000,7260000
2019-04-18 12:27:44.775000,1.12468,1.12465,2250000,1250000
2019-04-18 12:27:45.547000,1.12468,1.12466,2440000,3640000
2019-04-18 12:27:45.650000,1.12469,1.12466,4750000,2540000
2019-04-18 12:27:45.752000,1.12468,1.12466,1250000,1010000
2019-04-18 12:27:45.905000,1.12468,1.12466,1250000,4790000
2019-04-18 12:27:46.306000,1.12468,1.12466,1250000,4690000
2019-04-18 12:27:46.475000,1.12469,1.12467,3000000,1250000
2019-04-18 12:27:46.526000,1.1247,1.12468,3750000,1100000
2019-04-18 12:27:46.628000,1.12471,1.12468,7500000,1100000
2019-04-18 12:27:46.787000,1.1247,1.12467,1250000,6300000
2019-04-18 12:27:47.099000,1.1247,1.12469,1000000,1000000
2019-04-18 12:27:47.576000,1.12471,1.12469,5250000,1000000
2019-04-18 12:27:48.240000,1.1247,1.12468,1000000,1000000
2019-04-18 12:27:48.518000,1.12471,1.12469,4500000,1250000
2019-04-18 12:27:48.621000,1.12474,1.12471,7600000,1620000
2019-04-18 12:27:48.725000,1.12475,1.12472,3750000,2720000
2019-04-18 12:27:48.828000,1.12477,1.12474,3750000,2620000
2019-04-18 12:27:49.499000,1.12477,1.12475,5250000,1100000
2019-04-18 12:27:49.601000,1.12477,1.12474,1000000,2890000
2019-04-18 12:27:49.961000,1.12476,1.12474,1500000,1250000
2019-04-18 12:27:50.409000,1.12476,1.12473,1000000,3560000
2019-04-18 12:27:50.578000,1.12475,1.12474,1000000,2620000
2019-04-18 12:27:51.235000,1.12476,1.12473,3750000,1310000
2019-04-18 12:27:52.135000,1.12475,1.12472,3000000,3450000
2019-04-18 12:27:52.303000,1.12473,1.12471,4370000,6820000
2019-04-18 12:27:52.405000,1.12472,1.12469,1870000,1310000
2019-04-18 12:27:52.812000,1.12471,1.12469,2250000,4310000
2019-04-18 12:27:53.015000,1.12472,1.12469,3370000,1690000
2019-04-18 12:27:53.135000,1.12471,1.12469,1000000,1250000
2019-04-18 12:27:54.298000,1.12471,1.1247,1500000,1000000
2019-04-18 12:27:54.401000,1.12471,1.12469,1000000,1000000
2019-04-18 12:27:54.452000,1.12473,1.12469,2440000,1250000
2019-04-18 12:27:54.822000,1.12473,1.1247,3190000,1100000
2019-04-18 12:27:55.033000,1.12473,1.12471,1000000,1510000
2019-04-18 12:27:55.137000,1.12473,1.1247,1000000,3720000
2019-04-18 12:27:59.491000,1.12473,1.12469,1000000,8190000
2019-04-18 12:28:00.202000,1.12472,1.12469,1000000,2260000
2019-04-18 12:28:00.570000,1.12473,1.12469,9370000,2190000
2019-04-18 12:28:00.776000,1.12472,1.12469,1000000,6640000
2019-04-18 12:28:01.316000,1.12473,1.12469,9370000,3040000
2019-04-18 12:28:01.586000,1.12472,1.12469,2250000,2190000
2019-04-18 12:28:02.475000,1.12473,1.12469,9370000,4540000
2019-04-18 12:28:02.601000,1.12472,1.1247,4500000,1120000
2019-04-18 12:28:03.014000,1.12472,1.12468,3750000,9420000
2019-04-18 12:28:04.106000,1.12472,1.12469,1000000,1410000
2019-04-18 12:28:04.310000,1.12472,1.12469,1000000,4560000
2019-04-18 12:28:04.449000,1.12472,1.1247,1000000,1000000
2019-04-18 12:28:04.650000,1.12472,1.12469,1000000,4390000
2019-04-18 12:28:04.902000,1.12472,1.1247,1000000,1000000
2019-04-18 12:28:05.097000,1.12472,1.12469,1000000,4390000
2019-04-18 12:28:08.167000,1.12472,1.1247,1000000,1000000
2019-04-18 12:28:09.122000,1.12471,1.12469,1000000,1010000
2019-04-18 12:28:09.225000,1.12472,1.1247,2250000,1000000
2019-04-18 12:28:09.327000,1.12472,1.12469,1500000,1950000
2019-04-18 12:28:09.429000,1.12472,1.12469,1500000,1970000
2019-04-18 12:28:09.546000,1.12472,1.12468,1500000,5420000
2019-04-18 12:28:12.440000,1.12471,1.12469,1000000,2050000
2019-04-18 12:28:12.542000,1.12472,1.12468,2250000,3920000
2019-04-18 12:28:13.054000,1.12471,1.12469,1000000,1300000
2019-04-18 12:28:13.241000,1.12471,1.12467,1500000,1890000
2019-04-18 12:28:13.933000,1.12471,1.12467,1500000,2510000
2019-04-18 12:28:14.138000,1.1247,1.12467,1000000,4010000
2019-04-18 12:28:15.128000,1.12471,1.12467,3000000,1250000
2019-04-18 12:28:15.230000,1.1247,1.12467,1000000,3190000
2019-04-18 12:28:15.977000,1.12471,1.12467,2620000,1390000
2019-04-18 12:28:18.747000,1.12468,1.12466,1000000,3530000
2019-04-18 12:28:18.799000,1.1247,1.12467,3510000,1000000
2019-04-18 12:28:18.903000,1.1247,1.12466,3510000,1200000
2019-04-18 12:28:19.174000,1.12469,1.12465,4440000,4510000
2019-04-18 12:28:19.329000,1.12469,1.12465,6630000,4950000
2019-04-18 12:28:19.439000,1.12469,1.12466,6630000,1000000
2019-04-18 12:28:19.541000,1.12469,1.12465,2940000,2020000
2019-04-18 12:28:19.643000,1.12469,1.12465,2440000,2850000
2019-04-18 12:28:20.151000,1.12469,1.12465,1690000,1370000
2019-04-18 12:28:20.972000,1.12469,1.12465,1690000,1270000
2019-04-18 12:28:23.703000,1.12469,1.12465,1690000,5100000
2019-04-18 12:28:24.295000,1.12469,1.12465,1000000,8360000
2019-04-18 12:28:24.728000,1.12469,1.12465,1000000,7010000
2019-04-18 12:28:24.831000,1.12469,1.12466,3310000,1500000
2019-04-18 12:28:24.934000,1.12469,1.12465,1000000,7610000
2019-04-18 12:28:25.135000,1.12467,1.12465,2250000,1690000
2019-04-18 12:28:26.501000,1.12465,1.12463,1000000,4370000
2019-04-18 12:28:26.604000,1.12466,1.12463,4500000,2120000
2019-04-18 12:28:26.937000,1.12466,1.12462,4500000,4360000
2019-04-18 12:28:27.190000,1.12465,1.12462,1000000,4510000
2019-04-18 12:28:27.292000,1.12466,1.12462,3750000,3790000
2019-04-18 12:28:27.850000,1.12465,1.12463,3000000,1000000
2019-04-18 12:28:28.181000,1.12466,1.12463,5250000,1000000
2019-04-18 12:28:28.933000,1.12466,1.12462,4500000,2700000
2019-04-18 12:28:29.365000,1.12465,1.12462,1000000,4200000
2019-04-18 12:28:29.578000,1.12466,1.12462,3750000,1950000
2019-04-18 12:28:29.809000,1.12466,1.12462,3750000,1970000
2019-04-18 12:28:30.071000,1.12466,1.12462,4500000,1870000
2019-04-18 12:28:30.174000,1.12465,1.12461,5500000,1000000
2019-04-18 12:28:30.328000,1.12462,1.1246,2250000,1500000
2019-04-18 12:28:30.479000,1.12463,1.1246,3000000,1000000
2019-04-18 12:28:30.581000,1.12464,1.12459,11040000,5920000
2019-04-18 12:28:30.683000,1.12463,1.1246,2620000,1250000
2019-04-18 12:28:30.830000,1.12464,1.12459,6160000,2660000
2019-04-18 12:28:31.603000,1.12461,1.1246,1000000,1000000
2019-04-18 12:28:31.705000,1.12462,1.12458,1000000,8090000
2019-04-18 12:28:33.735000,1.12461,1.12459,3000000,1250000
2019-04-18 12:28:35.091000,1.12462,1.12459,2620000,1250000
2019-04-18 12:28:35.347000,1.12461,1.12457,1500000,7670000
2019-04-18 12:28:35.784000,1.12461,1.12459,1000000,1000000
2019-04-18 12:28:35.886000,1.12462,1.12459,1120000,3750000
2019-04-18 12:28:37.106000,1.12462,1.1246,1000000,1120000
2019-04-18 12:28:37.208000,1.12462,1.12459,1000000,3560000
2019-04-18 12:28:38.045000,1.12463,1.12459,6000000,1010000
2019-04-18 12:28:38.643000,1.12462,1.12459,1500000,2440000
2019-04-18 12:28:39.131000,1.12463,1.12459,3000000,1250000
2019-04-18 12:28:39.934000,1.12464,1.12462,6370000,1000000
2019-04-18 12:28:40.137000,1.12465,1.12463,1000000,1000000
2019-04-18 12:28:40.240000,1.12466,1.12463,1500000,2100000
2019-04-18 12:28:40.343000,1.12467,1.12463,6300000,2660000
2019-04-18 12:28:40.445000,1.12467,1.12462,11500000,1500000
2019-04-18 12:28:40.548000,1.12467,1.12463,8060000,4700000
2019-04-18 12:28:40.650000,1.12466,1.12462,3000000,2890000
2019-04-18 12:28:40.752000,1.12466,1.12463,3750000,1000000
2019-04-18 12:28:40.874000,1.12466,1.12462,3000000,5060000
2019-04-18 12:28:40.976000,1.12466,1.12463,3750000,3000000
2019-04-18 12:28:41.236000,1.12467,1.12464,5060000,2440000
2019-04-18 12:28:41.339000,1.12465,1.12463,1000000,5350000
2019-04-18 12:28:41.441000,1.12465,1.12463,1000000,1650000
2019-04-18 12:28:41.545000,1.12466,1.12463,3000000,1200000
2019-04-18 12:28:42.006000,1.12465,1.12463,3000000,2320000
2019-04-18 12:28:42.143000,1.12466,1.12462,6750000,3940000
2019-04-18 12:28:42.296000,1.12465,1.12462,1000000,2440000
2019-04-18 12:28:43.859000,1.12466,1.12461,6000000,3640000
2019-04-18 12:28:43.962000,1.12466,1.12462,7120000,1000000
2019-04-18 12:28:44.065000,1.12465,1.12462,4120000,1000000
2019-04-18 12:28:44.167000,1.12464,1.12462,1000000,1500000
2019-04-18 12:28:44.269000,1.12465,1.12461,4120000,4390000
2019-04-18 12:28:44.713000,1.12465,1.12461,4500000,3760000
2019-04-18 12:28:44.841000,1.12466,1.12462,6000000,1000000
2019-04-18 12:28:44.995000,1.12465,1.12462,1500000,1570000
2019-04-18 12:28:45.361000,1.12464,1.12462,1000000,1100000
2019-04-18 12:28:45.515000,1.12462,1.1246,2250000,1000000
2019-04-18 12:28:45.617000,1.12462,1.12458,1000000,7010000
2019-04-18 12:28:45.719000,1.12462,1.12458,3750000,4540000
2019-04-18 12:28:45.770000,1.12462,1.12459,1000000,2250000
2019-04-18 12:28:45.872000,1.12461,1.1246,1000000,1000000
2019-04-18 12:28:46.153000,1.12461,1.12459,1500000,3000000
2019-04-18 12:28:46.465000,1.12461,1.12457,6070000,6820000
2019-04-18 12:28:46.568000,1.1246,1.12458,1000000,1310000
2019-04-18 12:28:47.423000,1.12462,1.12458,6850000,2060000
2019-04-18 12:28:49.029000,1.12462,1.12458,2250000,5060000
2019-04-18 12:28:49.235000,1.1246,1.12459,1000000,1000000
2019-04-18 12:28:49.335000,1.12462,1.12458,1570000,2060000
2019-04-18 12:28:50.707000,1.12462,1.1246,4690000,1100000
2019-04-18 12:28:52.764000,1.12463,1.12461,7500000,1000000
2019-04-18 12:28:52.868000,1.12465,1.12463,5440000,1000000
2019-04-18 12:28:52.971000,1.12465,1.12462,7690000,2250000
2019-04-18 12:28:53.631000,1.12465,1.12463,1250000,1000000
2019-04-18 12:28:53.837000,1.12465,1.12462,4690000,1000000
2019-04-18 12:28:53.941000,1.12463,1.1246,2850000,1100000
2019-04-18 12:28:54.043000,1.12462,1.1246,2250000,1000000
2019-04-18 12:28:54.227000,1.12463,1.1246,3600000,1000000
2019-04-18 12:28:54.430000,1.12462,1.1246,2250000,1500000
2019-04-18 12:28:54.532000,1.12463,1.1246,2250000,2320000
2019-04-18 12:28:54.871000,1.12462,1.12461,1000000,1500000
2019-04-18 12:28:54.973000,1.12463,1.1246,1000000,3000000
2019-04-18 12:28:55.784000,1.12462,1.12459,1000000,3260000
2019-04-18 12:28:55.912000,1.12463,1.12459,1100000,1690000
2019-04-18 12:28:56.879000,1.12463,1.12459,4500000,1350000
2019-04-18 12:28:57.592000,1.12463,1.12459,4500000,1250000
2019-04-18 12:28:58.672000,1.12462,1.12461,2250000,1000000
2019-04-18 12:28:58.724000,1.12464,1.1246,9560000,2250000
2019-04-18 12:28:58.959000,1.12465,1.12461,3190000,2620000
2019-04-18 12:28:59.061000,1.12465,1.12462,1250000,1000000
2019-04-18 12:29:00.306000,1.12465,1.12464,1250000,1000000
2019-04-18 12:29:00.456000,1.12467,1.12464,4310000,1250000
2019-04-18 12:29:00.558000,1.12466,1.12464,1000000,1250000
2019-04-18 12:29:00.610000,1.12468,1.12466,7370000,1000000
2019-04-18 12:29:00.713000,1.12468,1.12464,6620000,1250000
2019-04-18 12:29:01.019000,1.12467,1.12465,1250000,1000000
2019-04-18 12:29:01.989000,1.12468,1.12465,3370000,1000000
2019-04-18 12:29:02.675000,1.12467,1.12465,2250000,1120000
2019-04-18 12:29:02.778000,1.12468,1.12465,4870000,1000000
2019-04-18 12:29:04.130000,1.12469,1.12464,4690000,5220000
2019-04-18 12:29:04.232000,1.12468,1.12465,1000000,1010000
2019-04-18 12:29:04.334000,1.12469,1.12465,3940000,1310000
2019-04-18 12:29:04.640000,1.12468,1.12465,2250000,2420000
2019-04-18 12:29:04.868000,1.12469,1.12465,3190000,2290000
2019-04-18 12:29:05.677000,1.1247,1.12466,2620000,3800000
2019-04-18 12:29:05.832000,1.1247,1.12466,4370000,1380000
2019-04-18 12:29:05.936000,1.12468,1.12466,2250000,1380000
2019-04-18 12:29:06.133000,1.12469,1.12466,5440000,1380000
2019-04-18 12:29:06.685000,1.12468,1.12466,2250000,1250000
2019-04-18 12:29:06.787000,1.12467,1.12464,1000000,9010000
2019-04-18 12:29:07.041000,1.12467,1.12466,2250000,1000000
2019-04-18 12:29:07.205000,1.12468,1.12465,2250000,2620000
2019-04-18 12:29:07.308000,1.12469,1.12465,2250000,1870000
2019-04-18 12:29:08.076000,1.1247,1.12465,10870000,1840000
2019-04-18 12:29:08.229000,1.1247,1.12465,8700000,2540000
2019-04-18 12:29:08.882000,1.12469,1.12466,1000000,1100000
2019-04-18 12:29:09.064000,1.12468,1.12465,1000000,1690000
2019-04-18 12:29:09.218000,1.12468,1.12466,1000000,1000000
2019-04-18 12:29:10.510000,1.12469,1.12466,4310000,1250000
2019-04-18 12:29:14.647000,1.12469,1.12466,2190000,1350000
2019-04-18 12:29:18.619000,1.12469,1.12466,2810000,1750000
2019-04-18 12:29:18.826000,1.12468,1.12466,1000000,1250000
2019-04-18 12:29:18.929000,1.12469,1.12466,2810000,1250000
2019-04-18 12:29:19.065000,1.12468,1.12466,1000000,1250000
2019-04-18 12:29:19.167000,1.12469,1.12466,2060000,1000000
2019-04-18 12:29:19.401000,1.12469,1.12465,2060000,1760000
2019-04-18 12:29:19.606000,1.12469,1.12465,2440000,5910000
2019-04-18 12:29:20.317000,1.1247,1.12465,8500000,1690000
2019-04-18 12:29:20.858000,1.12469,1.12465,1250000,4790000
2019-04-18 12:29:21.205000,1.1247,1.12465,5870000,4790000
2019-04-18 12:29:21.536000,1.1247,1.12465,5120000,4790000
2019-04-18 12:29:22.466000,1.12469,1.12465,1310000,3560000
2019-04-18 12:29:23.046000,1.12469,1.12466,1690000,1000000
2019-04-18 12:29:23.663000,1.12468,1.12466,1000000,1000000
2019-04-18 12:29:24.250000,1.1247,1.12466,2500000,1100000
2019-04-18 12:29:24.584000,1.12471,1.12467,9000000,1000000
2019-04-18 12:29:24.789000,1.12472,1.12468,8060000,1000000
2019-04-18 12:29:24.892000,1.12472,1.1247,1500000,1000000
2019-04-18 12:29:25.037000,1.12473,1.1247,3750000,1000000
2019-04-18 12:29:25.139000,1.12473,1.12469,3750000,2440000
2019-04-18 12:29:25.246000,1.12473,1.12469,3000000,2500000
2019-04-18 12:29:25.997000,1.12473,1.12469,3500000,3250000
2019-04-18 12:29:26.576000,1.12474,1.12469,3000000,2570000
2019-04-18 12:29:26.679000,1.12473,1.12469,1500000,2570000
2019-04-18 12:29:27.270000,1.12474,1.12469,1120000,4750000
2019-04-18 12:29:27.579000,1.12474,1.12471,2250000,1000000
2019-04-18 12:29:27.853000,1.12474,1.1247,2620000,3940000
2019-04-18 12:29:28.787000,1.12474,1.12472,2620000,1000000
2019-04-18 12:29:28.889000,1.12474,1.1247,1500000,1250000
2019-04-18 12:29:28.991000,1.12474,1.12471,2620000,1000000
2019-04-18 12:29:29.093000,1.12474,1.1247,1000000,2440000
2019-04-18 12:29:30.072000,1.12474,1.12471,1120000,1000000
2019-04-18 12:29:30.204000,1.12475,1.12472,1810000,2700000
2019-04-18 12:29:30.358000,1.12475,1.1247,2060000,1250000
2019-04-18 12:29:30.410000,1.12474,1.12469,2500000,5810000
2019-04-18 12:29:30.514000,1.12471,1.12468,1250000,3750000
2019-04-18 12:29:30.624000,1.12471,1.12467,4370000,2250000
2019-04-18 12:29:30.726000,1.12471,1.12466,3250000,2440000
2019-04-18 12:29:30.829000,1.12471,1.12467,5120000,1000000
2019-04-18 12:29:31.125000,1.12471,1.12465,1750000,14200000
2019-04-18 12:29:31.435000,1.12471,1.12467,1350000,1000000
2019-04-18 12:29:31.676000,1.12471,1.12466,1350000,3940000
2019-04-18 12:29:31.812000,1.12471,1.12465,1350000,13920000
2019-04-18 12:29:31.914000,1.12471,1.12466,1350000,5060000
2019-04-18 12:29:32.423000,1.12471,1.12467,1820000,1120000
2019-04-18 12:29:32.549000,1.12471,1.12466,1350000,7310000
2019-04-18 12:29:33.083000,1.12471,1.12467,3720000,1000000
2019-04-18 12:29:33.134000,1.12471,1.12469,1010000,1500000
2019-04-18 12:29:33.272000,1.12472,1.12467,1820000,3560000
2019-04-18 12:29:33.374000,1.12472,1.12468,3720000,2250000
2019-04-18 12:29:33.577000,1.12473,1.12467,8220000,2810000
2019-04-18 12:29:34.665000,1.12472,1.12466,3020000,11440000
2019-04-18 12:29:34.768000,1.12472,1.12467,5650000,1870000
2019-04-18 12:29:34.820000,1.12472,1.12468,5120000,1250000
2019-04-18 12:29:35.099000,1.12471,1.12467,1690000,2250000
2019-04-18 12:29:35.217000,1.12471,1.12467,3850000,1870000
2019-04-18 12:29:35.269000,1.12471,1.12465,5800000,1690000
2019-04-18 12:29:35.427000,1.1247,1.12467,1610000,1250000
2019-04-18 12:29:35.530000,1.1247,1.12467,1250000,1250000
2019-04-18 12:29:35.632000,1.12471,1.12468,2120000,1250000
2019-04-18 12:29:35.964000,1.12471,1.12465,2350000,4000000
2019-04-18 12:29:36.320000,1.12471,1.12467,1310000,1250000
2019-04-18 12:29:36.542000,1.12471,1.12466,3100000,1250000
2019-04-18 12:29:36.747000,1.12471,1.12467,1690000,1250000
2019-04-18 12:29:37.228000,1.12472,1.12467,1600000,4810000
2019-04-18 12:29:37.333000,1.12472,1.12467,3100000,1310000
2019-04-18 12:29:37.460000,1.1247,1.12468,1000000,1120000
2019-04-18 12:29:37.613000,1.1247,1.12467,1000000,3560000
2019-04-18 12:29:37.716000,1.1247,1.12466,1000000,1870000
2019-04-18 12:29:37.818000,1.1247,1.12467,1000000,1000000
2019-04-18 12:29:38.150000,1.12471,1.12467,1050000,1000000
2019-04-18 12:29:38.253000,1.12472,1.12467,4700000,1100000
2019-04-18 12:29:38.751000,1.12472,1.12467,3620000,4950000
2019-04-18 12:29:39.841000,1.12472,1.12466,4750000,13390000
2019-04-18 12:29:40.058000,1.12472,1.12466,1750000,12290000
2019-04-18 12:29:40.166000,1.12471,1.12467,1620000,4810000
2019-04-18 12:29:40.218000,1.12472,1.12468,1690000,1120000
2019-04-18 12:29:40.371000,1.12472,1.12467,3190000,2440000
2019-04-18 12:29:40.523000,1.12471,1.12467,1000000,4010000
2019-04-18 12:29:41.646000,1.12473,1.12467,1500000,6000000
2019-04-18 12:29:41.697000,1.12474,1.12469,2030000,2250000
2019-04-18 12:29:41.800000,1.12475,1.12468,5470000,5450000
2019-04-18 12:29:41.954000,1.12474,1.1247,1210000,1000000
2019-04-18 12:29:42.225000,1.12475,1.1247,3920000,1000000
2019-04-18 12:29:42.330000,1.12474,1.12469,2660000,2320000
2019-04-18 12:29:42.433000,1.12474,1.12469,1540000,3850000
2019-04-18 12:29:42.535000,1.12475,1.12469,4580000,2320000
2019-04-18 12:29:42.688000,1.12474,1.12469,1540000,1100000
2019-04-18 12:29:42.790000,1.12475,1.12468,6830000,3850000
2019-04-18 12:29:43.127000,1.12472,1.12468,2620000,1570000
2019-04-18 12:29:43.532000,1.12473,1.12468,2620000,1100000
2019-04-18 12:29:43.634000,1.12472,1.12468,1000000,3070000
2019-04-18 12:29:44.043000,1.1247,1.12467,1000000,1000000
2019-04-18 12:29:44.095000,1.1247,1.12464,3750000,3820000
2019-04-18 12:29:44.836000,1.12469,1.12463,1000000,4220000
2019-04-18 12:29:44.940000,1.1247,1.12463,3000000,1950000
2019-04-18 12:29:45.043000,1.12469,1.12463,1000000,1200000
2019-04-18 12:29:45.191000,1.1247,1.12464,2620000,1000000
2019-04-18 12:29:45.452000,1.12469,1.12464,1000000,1500000
2019-04-18 12:29:45.503000,1.12471,1.12463,5320000,1000000
2019-04-18 12:29:45.606000,1.12471,1.12462,5700000,2250000
2019-04-18 12:29:45.714000,1.1247,1.12463,1500000,3000000
2019-04-18 12:29:45.817000,1.12469,1.12464,1000000,1120000
2019-04-18 12:29:45.971000,1.1247,1.12463,1500000,3870000
2019-04-18 12:29:46.470000,1.1247,1.12463,1000000,2250000
2019-04-18 12:29:46.635000,1.12469,1.12464,1000000,1000000
2019-04-18 12:29:46.801000,1.12468,1.12463,2250000,2250000
2019-04-18 12:29:46.913000,1.1247,1.12465,1000000,1000000
2019-04-18 12:29:47.119000,1.12471,1.12462,4500000,2620000
2019-04-18 12:29:47.337000,1.1247,1.12461,1000000,3870000
2019-04-18 12:29:47.389000,1.1247,1.12464,2250000,1000000
2019-04-18 12:29:47.493000,1.1247,1.12463,1000000,1000000
2019-04-18 12:29:47.647000,1.12471,1.12463,5250000,1000000
2019-04-18 12:29:47.885000,1.1247,1.12463,1000000,1000000
2019-04-18 12:29:48.151000,1.1247,1.12461,1000000,3750000
2019-04-18 12:29:48.324000,1.12471,1.12461,4870000,3750000
2019-04-18 12:29:48.652000,1.1247,1.12461,1000000,4800000
2019-04-18 12:29:48.755000,1.1247,1.12462,2250000,1000000
2019-04-18 12:29:48.857000,1.1247,1.12461,1500000,1500000
2019-04-18 12:29:49.263000,1.1247,1.12462,1870000,1000000
2019-04-18 12:29:49.416000,1.12469,1.12462,1000000,1000000
2019-04-18 12:29:50.039000,1.12471,1.12461,4500000,1000000
2019-04-18 12:29:50.150000,1.1247,1.12461,1000000,1000000
2019-04-18 12:29:50.252000,1.12471,1.12461,3750000,1000000
2019-04-18 12:29:50.304000,1.12471,1.12465,1000000,1000000
2019-04-18 12:29:50.355000,1.12475,1.12464,3000000,1870000
2019-04-18 12:29:50.406000,1.12475,1.12466,3000000,3370000
2019-04-18 12:29:50.509000,1.12474,1.12466,1500000,4120000
2019-04-18 12:29:50.717000,1.12472,1.12465,1500000,4500000
2019-04-18 12:29:50.820000,1.12465,1.12459,2250000,1500000
2019-04-18 12:29:50.923000,1.12466,1.12458,3750000,1000000
2019-04-18 12:29:51.026000,1.12466,1.12457,1000000,2250000
2019-04-18 12:29:51.229000,1.12466,1.12455,1000000,4500000
2019-04-18 12:29:51.282000,1.12466,1.12459,1000000,1000000
2019-04-18 12:29:51.336000,1.12468,1.12459,1000000,1000000
2019-04-18 12:29:51.387000,1.12466,1.12458,1120000,1500000
2019-04-18 12:29:51.439000,1.12469,1.12458,1000000,2620000
2019-04-18 12:29:51.491000,1.12471,1.12458,1000000,4150000
2019-04-18 12:29:51.622000,1.12469,1.12459,1000000,3300000
2019-04-18 12:29:51.776000,1.12471,1.1246,2250000,1500000
2019-04-18 12:29:51.994000,1.12471,1.12464,1000000,1800000
2019-04-18 12:29:52.046000,1.12475,1.12463,3000000,1100000
2019-04-18 12:29:52.144000,1.12473,1.12463,1500000,1600000
2019-04-18 12:29:52.208000,1.12473,1.12463,1500000,1000000
2019-04-18 12:29:52.816000,1.12473,1.12462,1500000,1000000
2019-04-18 12:29:53.220000,1.12473,1.12463,1500000,1000000
2019-04-18 12:29:53.334000,1.12471,1.12463,2250000,1000000
2019-04-18 12:29:53.385000,1.1247,1.1246,1500000,1500000
2019-04-18 12:29:53.504000,1.12471,1.12459,3000000,2600000
2019-04-18 12:29:53.606000,1.1247,1.1246,1000000,2470000
2019-04-18 12:29:53.708000,1.12471,1.12461,3450000,1200000
2019-04-18 12:29:53.811000,1.1247,1.12462,1500000,1000000
2019-04-18 12:29:53.862000,1.12471,1.12459,2250000,2250000
2019-04-18 12:29:53.964000,1.1247,1.12461,1000000,1000000
2019-04-18 12:29:54.195000,1.1247,1.1246,2250000,1200000
2019-04-18 12:29:54.247000,1.1247,1.12458,2250000,4500000
2019-04-18 12:29:54.350000,1.1247,1.12459,3000000,1000000
2019-04-18 12:29:54.453000,1.1247,1.12458,1500000,3750000
2019-04-18 12:29:54.565000,1.1247,1.12459,1500000,1500000
2019-04-18 12:29:54.675000,1.12471,1.12459,4500000,1500000
2019-04-18 12:29:55.228000,1.1247,1.12459,1000000,1000000
2019-04-18 12:29:55.384000,1.1247,1.12468,1000000,1000000
2019-04-18 12:29:55.558000,1.12471,1.12467,1500000,2250000
2019-04-18 12:29:55.609000,1.12475,1.12468,1000000,1000000
2019-04-18 12:29:55.712000,1.12471,1.12467,1870000,1000000
2019-04-18 12:29:55.814000,1.12471,1.12468,1500000,1500000
2019-04-18 12:29:55.968000,1.12476,1.12468,6000000,1000000
2019-04-18 12:29:56.078000,1.12476,1.12467,6000000,4500000
2019-04-18 12:29:56.252000,1.12474,1.12468,1000000,1000000
2019-04-18 12:29:56.355000,1.12475,1.12467,1000000,1000000
2019-04-18 12:29:56.631000,1.12475,1.12466,1000000,1500000
2019-04-18 12:29:56.733000,1.12475,1.12465,1000000,3000000
2019-04-18 12:29:57.945000,1.12476,1.12465,1000000,3000000
2019-04-18 12:29:58.078000,1.12477,1.12465,2170000,3000000
2019-04-18 12:29:58.216000,1.12477,1.12466,2170000,1000000
2019-04-18 12:29:58.372000,1.12477,1.12468,1000000,1000000
2019-04-18 12:29:58.474000,1.1248,1.12468,3500000,1000000
2019-04-18 12:29:58.526000,1.1248,1.12467,1000000,1000000
2019-04-18 12:29:58.628000,1.12481,1.12467,3750000,1000000
2019-04-18 12:29:58.838000,1.1248,1.12468,1000000,1000000
2019-04-18 12:29:58.940000,1.1248,1.12467,1000000,1000000
2019-04-18 12:29:59.042000,1.12481,1.12466,4500000,1500000
2019-04-18 12:29:59.336000,1.12481,1.12472,1500000,1000000
2019-04-18 12:29:59.443000,1.12481,1.12473,2250000,1000000
2019-04-18 12:29:59.546000,1.12475,1.12472,1500000,1000000
2019-04-18 12:29:59.633000,1.12475,1.12471,1000000,2250000
2019-04-18 12:29:59.685000,1.12475,1.12468,1000000,1000000
2019-04-18 12:29:59.736000,1.12475,1.12465,1000000,3000000
2019-04-18 12:30:00.041000,1.12475,1.12463,1500000,1500000
2019-04-18 12:30:00.216000,1.12472,1.12464,1000000,1500000
2019-04-18 12:30:00.319000,1.12472,1.12462,1000000,1500000
2019-04-18 12:30:00.371000,1.12474,1.12462,1250000,1000000
2019-04-18 12:30:00.474000,1.12428,1.12418,1250000,1350000
2019-04-18 12:30:00.545000,1.12426,1.12415,1000000,1600000
2019-04-18 12:30:00.597000,1.12427,1.1242,1000000,1500000
2019-04-18 12:30:00.648000,1.12427,1.12424,1000000,1000000
2019-04-18 12:30:00.821000,1.12429,1.12424,1000000,1000000
2019-04-18 12:30:00.873000,1.1243,1.1242,1500000,1000000
2019-04-18 12:30:00.927000,1.12423,1.12418,1000000,1000000
2019-04-18 12:30:00.978000,1.12401,1.1239,1650000,1650000
2019-04-18 12:30:01.066000,1.12402,1.12394,1610000,1250000
2019-04-18 12:30:01.118000,1.12403,1.12395,1000000,1200000
2019-04-18 12:30:01.169000,1.12403,1.12397,2250000,1000000
2019-04-18 12:30:01.307000,1.12405,1.12401,1000000,1000000
2019-04-18 12:30:01.358000,1.12409,1.12401,9750000,1000000
2019-04-18 12:30:01.642000,1.12409,1.12405,9410000,1000000
2019-04-18 12:30:01.746000,1.12409,1.12401,8660000,1000000
2019-04-18 12:30:01.849000,1.12409,1.124,8660000,1500000
2019-04-18 12:30:01.974000,1.12413,1.12403,1500000,1000000
2019-04-18 12:30:02.026000,1.12415,1.12401,1000000,3370000
2019-04-18 12:30:02.078000,1.12416,1.12407,1000000,1000000
2019-04-18 12:30:02.180000,1.12409,1.12405,1000000,1000000
2019-04-18 12:30:02.313000,1.12406,1.12403,6750000,1000000
2019-04-18 12:30:02.364000,1.12409,1.12405,1500000,1000000
2019-04-18 12:30:02.417000,1.12406,1.12404,1000000,1000000
2019-04-18 12:30:02.468000,1.1241,1.12401,1000000,3500000
2019-04-18 12:30:02.570000,1.12407,1.12403,1500000,1120000
2019-04-18 12:30:02.688000,1.12409,1.12404,1000000,2250000
2019-04-18 12:30:02.739000,1.12412,1.12407,1000000,1000000
2019-04-18 12:30:02.790000,1.12411,1.12406,15000000,1000000
2019-04-18 12:30:02.892000,1.12409,1.12407,1000000,1000000
2019-04-18 12:30:03.005000,1.12414,1.12412,1500000,1000000
2019-04-18 12:30:03.057000,1.12416,1.12411,1000000,1120000
2019-04-18 12:30:03.108000,1.1242,1.12416,1000000,1000000
2019-04-18 12:30:03.210000,1.12422,1.12416,1500000,1000000
2019-04-18 12:30:03.261000,1.12406,1.12401,1000000,2000000
2019-04-18 12:30:03.363000,1.12405,1.12401,1000000,1840000
2019-04-18 12:30:03.481000,1.12408,1.12404,1000000,1000000
2019-04-18 12:30:03.532000,1.12408,1.12404,7500000,1870000
2019-04-18 12:30:03.634000,1.12409,1.12406,1000000,1000000
2019-04-18 12:30:03.736000,1.12409,1.12407,15000000,1000000
2019-04-18 12:30:03.838000,1.12413,1.1241,1000000,1000000
2019-04-18 12:30:03.945000,1.12397,1.12396,1000000,1000000
2019-04-18 12:30:04.048000,1.124,1.12399,1000000,1500000
2019-04-18 12:30:04.099000,1.12403,1.12401,1000000,2250000
2019-04-18 12:30:04.151000,1.12406,1.12403,1000000,2620000
2019-04-18 12:30:04.261000,1.12399,1.12397,1000000,1500000
2019-04-18 12:30:04.313000,1.12402,1.12398,8250000,1120000
2019-04-18 12:30:04.416000,1.12402,1.12401,1500000,1500000
2019-04-18 12:30:04.467000,1.12404,1.12402,1500000,1500000
2019-04-18 12:30:04.569000,1.12407,1.12406,1000000,1000000
2019-04-18 12:30:04.652000,1.12405,1.12402,1500000,1000000
2019-04-18 12:30:04.711000,1.12405,1.12398,1500000,1000000
2019-04-18 12:30:04.813000,1.12405,1.12397,1500000,1000000
2019-04-18 12:30:04.967000,1.12406,1.12397,1000000,2400000
2019-04-18 12:30:05.127000,1.12411,1.12401,3000000,1870000
2019-04-18 12:30:05.179000,1.12414,1.12402,1000000,1000000
2019-04-18 12:30:05.231000,1.12414,1.12404,1000000,1000000
2019-04-18 12:30:05.334000,1.1241,1.12406,1000000,1500000
2019-04-18 12:30:05.485000,1.12412,1.12405,1010000,1000000
2019-04-18 12:30:05.591000,1.12412,1.12403,1010000,1500000
2019-04-18 12:30:05.642000,1.12412,1.12406,2260000,1000000
2019-04-18 12:30:05.744000,1.1241,1.12407,1010000,1000000
2019-04-18 12:30:05.796000,1.12415,1.12405,3390000,1500000
2019-04-18 12:30:05.898000,1.12415,1.12407,3000000,1000000
2019-04-18 12:30:06.031000,1.12418,1.12407,1000000,1000000
2019-04-18 12:30:06.088000,1.1242,1.12409,2250000,1000000
2019-04-18 12:30:06.191000,1.1242,1.12411,1500000,1000000
2019-04-18 12:30:06.294000,1.12421,1.12409,1500000,2250000
2019-04-18 12:30:06.382000,1.12413,1.12408,1870000,1120000
2019-04-18 12:30:06.484000,1.12415,1.12406,3380000,1000000
2019-04-18 12:30:06.586000,1.12416,1.12409,1000000,1000000
2019-04-18 12:30:06.689000,1.12415,1.12411,1000000,1000000
2019-04-18 12:30:06.740000,1.1242,1.12411,1000000,1000000
2019-04-18 12:30:06.869000,1.12417,1.12409,2250000,1500000
2019-04-18 12:30:07.074000,1.12416,1.12409,1000000,1000000
2019-04-18 12:30:07.233000,1.12417,1.12408,1000000,1000000
2019-04-18 12:30:07.337000,1.12417,1.12409,1000000,1850000
2019-04-18 12:30:07.440000,1.12414,1.12406,1000000,2250000
2019-04-18 12:30:07.542000,1.12414,1.12409,1000000,1850000
2019-04-18 12:30:07.829000,1.12415,1.12408,1000000,3350000
2019-04-18 12:30:08.033000,1.12415,1.12407,2620000,2250000
2019-04-18 12:30:08.142000,1.12416,1.1241,2370000,1000000
2019-04-18 12:30:08.299000,1.12406,1.12405,1500000,1000000
2019-04-18 12:30:08.402000,1.12412,1.12406,1500000,1000000
2019-04-18 12:30:08.453000,1.12413,1.12404,1000000,1000000
2019-04-18 12:30:08.504000,1.12415,1.12406,1500000,2250000
2019-04-18 12:30:08.627000,1.1241,1.12406,1500000,1000000
2019-04-18 12:30:08.678000,1.12413,1.12401,3120000,2250000
2019-04-18 12:30:08.731000,1.12404,1.12401,1000000,3620000
2019-04-18 12:30:08.835000,1.12407,1.12401,1000000,1500000
2019-04-18 12:30:08.887000,1.12403,1.12399,1000000,5270000
2019-04-18 12:30:09.060000,1.12408,1.12404,1200000,1870000
2019-04-18 12:30:09.111000,1.12411,1.12404,1000000,1500000
2019-04-18 12:30:09.213000,1.12412,1.12403,1000000,1000000
2019-04-18 12:30:09.315000,1.12411,1.12405,1000000,1500000
2019-04-18 12:30:09.418000,1.12413,1.12405,1000000,3610000
2019-04-18 12:30:09.520000,1.12411,1.12405,3000000,1000000
2019-04-18 12:30:09.571000,1.1241,1.12403,3750000,1000000
2019-04-18 12:30:09.623000,1.1241,1.124,3750000,1500000
2019-04-18 12:30:09.675000,1.12408,1.124,1000000,1000000
2019-04-18 12:30:09.790000,1.12408,1.124,1000000,2500000
2019-04-18 12:30:09.893000,1.12408,1.12404,1000000,4500000
2019-04-18 12:30:09.945000,1.12411,1.12406,1000000,1500000
2019-04-18 12:30:10.048000,1.12411,1.12407,1000000,1500000
2019-04-18 12:30:10.099000,1.12412,1.12407,1000000,2500000
2019-04-18 12:30:10.257000,1.12413,1.12408,1000000,2250000
2019-04-18 12:30:10.364000,1.12409,1.12407,1000000,1000000
2019-04-18 12:30:10.417000,1.1241,1.12403,2250000,3000000
2019-04-18 12:30:10.469000,1.12409,1.12403,1000000,1000000
2019-04-18 12:30:10.573000,1.12408,1.12401,1000000,1500000
2019-04-18 12:30:10.625000,1.1241,1.12406,1000000,1870000
2019-04-18 12:30:10.728000,1.12409,1.12406,1500000,1000000
2019-04-18 12:30:10.779000,1.12408,1.12403,1000000,2250000
2019-04-18 12:30:10.968000,1.12407,1.12402,1000000,1000000
2019-04-18 12:30:11.072000,1.1241,1.12402,2440000,3250000
2019-04-18 12:30:11.125000,1.12408,1.12402,1500000,3930000
2019-04-18 12:30:11.279000,1.12406,1.12402,1000000,1000000
2019-04-18 12:30:11.680000,1.12406,1.12402,1500000,1750000
2019-04-18 12:30:11.833000,1.12405,1.12402,1250000,1000000
2019-04-18 12:30:11.898000,1.12406,1.12402,1000000,1250000
2019-04-18 12:30:11.950000,1.12406,1.12401,1000000,2250000
2019-04-18 12:30:12.052000,1.12406,1.12402,1000000,1500000
2019-04-18 12:30:12.154000,1.12407,1.12402,1690000,1500000
2019-04-18 12:30:12.256000,1.12405,1.12401,1250000,1000000
2019-04-18 12:30:12.377000,1.12403,1.124,1750000,1000000
2019-04-18 12:30:12.431000,1.12401,1.12399,1000000,2650000
2019-04-18 12:30:12.533000,1.12398,1.12393,1250000,4570000
2019-04-18 12:30:12.638000,1.12395,1.12393,1690000,1570000
2019-04-18 12:30:12.807000,1.12395,1.12388,1250000,1400000
2019-04-18 12:30:12.911000,1.12393,1.12387,1250000,1000000
2019-04-18 12:30:12.963000,1.12391,1.12387,1250000,1000000
2019-04-18 12:30:13.065000,1.1239,1.12384,1750000,2250000
2019-04-18 12:30:13.159000,1.1239,1.12382,1250000,1000000
2019-04-18 12:30:13.212000,1.12386,1.12382,1000000,1250000
2019-04-18 12:30:13.418000,1.12385,1.12382,1000000,1000000
2019-04-18 12:30:13.471000,1.12385,1.1238,1000000,1250000
2019-04-18 12:30:13.579000,1.12385,1.12379,1000000,2250000
2019-04-18 12:30:13.631000,1.12388,1.12384,1000000,1310000
2019-04-18 12:30:13.682000,1.12387,1.12382,1250000,1000000
2019-04-18 12:30:13.785000,1.12388,1.12383,1750000,1000000
2019-04-18 12:30:13.888000,1.12389,1.12386,2500000,1000000
2019-04-18 12:30:14.053000,1.12389,1.12384,1250000,1000000
2019-04-18 12:30:14.156000,1.12392,1.12384,1750000,2250000
2019-04-18 12:30:14.301000,1.12395,1.12389,2440000,1000000
2019-04-18 12:30:14.446000,1.12398,1.12389,3250000,1690000
2019-04-18 12:30:14.552000,1.12394,1.12389,1250000,1000000
2019-04-18 12:30:14.756000,1.12393,1.1239,1500000,2250000
2019-04-18 12:30:14.923000,1.12392,1.1239,1000000,4500000
2019-04-18 12:30:15.026000,1.12393,1.1239,1000000,4500000
2019-04-18 12:30:15.130000,1.12391,1.12389,1250000,2250000
2019-04-18 12:30:15.290000,1.1239,1.12387,1000000,1500000
2019-04-18 12:30:15.393000,1.12389,1.12386,1750000,1000000
2019-04-18 12:30:15.445000,1.12388,1.12382,1750000,4500000
2019-04-18 12:30:15.702000,1.12386,1.12381,1250000,3000000
2019-04-18 12:30:15.754000,1.12386,1.12383,1250000,1000000
2019-04-18 12:30:15.859000,1.12389,1.12385,1000000,2250000
2019-04-18 12:30:15.910000,1.12391,1.12388,1500000,1250000
2019-04-18 12:30:16.013000,1.12391,1.12389,1000000,1250000
2019-04-18 12:30:16.065000,1.12391,1.12388,2060000,3750000
2019-04-18 12:30:16.169000,1.1239,1.12386,1000000,1140000
2019-04-18 12:30:16.221000,1.1239,1.12388,1120000,1000000
2019-04-18 12:30:16.324000,1.12388,1.12384,1000000,3000000
2019-04-18 12:30:16.478000,1.12388,1.12386,1500000,1250000
2019-04-18 12:30:16.583000,1.12391,1.12389,1000000,4500000
2019-04-18 12:30:16.740000,1.12392,1.12389,1000000,2250000
2019-04-18 12:30:16.844000,1.12393,1.12389,1000000,2250000
2019-04-18 12:30:16.997000,1.12393,1.1239,1000000,2250000
2019-04-18 12:30:17.100000,1.12394,1.12389,1250000,3000000
2019-04-18 12:30:17.291000,1.12394,1.1239,1750000,2250000
2019-04-18 12:30:17.344000,1.1239,1.12388,2120000,1000000
2019-04-18 12:30:17.512000,1.12392,1.12391,1000000,1000000
2019-04-18 12:30:17.615000,1.12394,1.12393,1000000,1250000
2019-04-18 12:30:17.720000,1.12397,1.12393,1500000,1690000
2019-04-18 12:30:17.772000,1.12399,1.12394,1250000,2250000
2019-04-18 12:30:17.874000,1.12399,1.12395,3940000,2250000
2019-04-18 12:30:18.004000,1.12397,1.12393,1000000,2250000
2019-04-18 12:30:18.107000,1.12397,1.12394,1000000,2810000
2019-04-18 12:30:18.209000,1.12397,1.12394,1000000,1750000
2019-04-18 12:30:18.260000,1.12399,1.12396,1870000,4500000
2019-04-18 12:30:18.312000,1.12397,1.12396,1000000,2250000
2019-04-18 12:30:18.420000,1.12397,1.12394,2240000,2250000
2019-04-18 12:30:18.472000,1.12399,1.12394,2560000,3000000
2019-04-18 12:30:18.523000,1.12394,1.12393,1000000,1250000
2019-04-18 12:30:18.575000,1.12397,1.12393,1870000,2250000
2019-04-18 12:30:18.677000,1.12397,1.12394,1000000,2250000
2019-04-18 12:30:18.885000,1.12399,1.12395,1000000,2250000
2019-04-18 12:30:18.937000,1.124,1.12397,1500000,1500000
2019-04-18 12:30:18.989000,1.12402,1.12397,1500000,7750000
2019-04-18 12:30:19.091000,1.12401,1.124,1000000,2250000
2019-04-18 12:30:19.143000,1.12402,1.12398,1000000,1250000
2019-04-18 12:30:19.298000,1.12401,1.12398,3690000,1000000
2019-04-18 12:30:19.401000,1.12397,1.12393,2250000,1000000
2019-04-18 12:30:19.504000,1.12397,1.12392,1250000,2250000
2019-04-18 12:30:19.659000,1.12395,1.12391,1750000,2250000
2019-04-18 12:30:19.800000,1.12395,1.1239,3250000,2250000
2019-04-18 12:30:19.904000,1.12395,1.12389,3250000,2620000
2019-04-18 12:30:20.006000,1.12392,1.12389,1000000,2620000
2019-04-18 12:30:20.109000,1.12393,1.12389,1690000,2620000
2019-04-18 12:30:20.330000,1.12394,1.12391,4690000,1000000
2019-04-18 12:30:20.433000,1.12395,1.12392,1250000,2250000
2019-04-18 12:30:20.535000,1.12395,1.12391,1250000,1120000
2019-04-18 12:30:20.637000,1.12394,1.1239,1250000,4620000
2019-04-18 12:30:20.791000,1.12394,1.1239,2500000,2250000
2019-04-18 12:30:20.903000,1.12391,1.12388,1250000,1000000
2019-04-18 12:30:21.006000,1.12392,1.12389,2500000,1000000
2019-04-18 12:30:21.113000,1.12392,1.12388,1250000,1000000
2019-04-18 12:30:21.216000,1.12393,1.12388,1750000,2620000
2019-04-18 12:30:21.364000,1.12392,1.12389,1250000,3120000
2019-04-18 12:30:21.466000,1.12393,1.12389,1750000,1000000
2019-04-18 12:30:21.517000,1.12394,1.12389,4750000,1000000
2019-04-18 12:30:21.569000,1.12394,1.12392,4500000,1500000
2019-04-18 12:30:21.671000,1.12394,1.12393,2250000,1000000
2019-04-18 12:30:21.822000,1.12394,1.12393,1250000,1000000
2019-04-18 12:30:21.874000,1.12394,1.12389,4370000,1870000
2019-04-18 12:30:21.977000,1.12393,1.12389,2500000,1000000
2019-04-18 12:30:22.134000,1.1239,1.12388,2500000,3370000
2019-04-18 12:30:22.186000,1.12389,1.12386,1250000,1120000
2019-04-18 12:30:22.238000,1.12389,1.12388,1000000,1690000
2019-04-18 12:30:22.376000,1.12391,1.12388,1690000,4870000
2019-04-18 12:30:22.581000,1.12391,1.12389,1250000,1000000
2019-04-18 12:30:22.893000,1.12392,1.12388,1750000,1120000
2019-04-18 12:30:23.047000,1.12391,1.12389,1250000,1000000
2019-04-18 12:30:23.150000,1.12392,1.12391,2250000,1140000
2019-04-18 12:30:23.255000,1.12392,1.1239,1000000,1520000
2019-04-18 12:30:23.368000,1.12395,1.12392,1000000,5440000
2019-04-18 12:30:23.430000,1.12397,1.12392,5440000,4870000
2019-04-18 12:30:23.584000,1.12396,1.12393,1000000,1370000
2019-04-18 12:30:23.737000,1.12398,1.12393,6000000,2870000
2019-04-18 12:30:24.013000,1.12397,1.12394,1690000,1000000
2019-04-18 12:30:24.166000,1.12397,1.12393,1250000,2250000
2019-04-18 12:30:24.218000,1.12398,1.12395,1500000,1000000
2019-04-18 12:30:24.389000,1.12397,1.12396,1250000,1000000
2019-04-18 12:30:24.441000,1.12397,1.12394,1250000,1120000
2019-04-18 12:30:24.543000,1.12396,1.12393,1500000,5620000
2019-04-18 12:30:24.912000,1.12394,1.12393,1000000,1000000
2019-04-18 12:30:24.964000,1.12393,1.1239,1250000,3000000
2019-04-18 12:30:25.066000,1.12393,1.1239,1750000,1000000
2019-04-18 12:30:25.169000,1.12393,1.12389,1750000,3370000
2019-04-18 12:30:25.220000,1.12392,1.12391,1000000,3000000
2019-04-18 12:30:25.374000,1.12393,1.1239,1000000,1000000
2019-04-18 12:30:25.482000,1.12393,1.12389,1000000,2620000
2019-04-18 12:30:25.589000,1.12393,1.12389,1750000,2620000
2019-04-18 12:30:25.960000,1.12393,1.1239,1000000,3000000
2019-04-18 12:30:26.231000,1.12393,1.12389,1000000,3370000
2019-04-18 12:30:26.340000,1.12392,1.12389,1250000,2620000
2019-04-18 12:30:26.550000,1.12392,1.1239,3250000,1000000
2019-04-18 12:30:26.905000,1.12393,1.1239,3000000,1000000
2019-04-18 12:30:27.008000,1.12393,1.12391,3750000,1000000
2019-04-18 12:30:27.230000,1.12394,1.12393,2250000,1250000
2019-04-18 12:30:27.333000,1.124,1.12397,1120000,1750000
2019-04-18 12:30:27.384000,1.12402,1.12399,1500000,3370000
2019-04-18 12:30:27.518000,1.124,1.12399,1000000,1250000
2019-04-18 12:30:27.570000,1.124,1.12398,1000000,1310000
2019-04-18 12:30:27.674000,1.12401,1.124,1000000,2060000
2019-04-18 12:30:27.777000,1.12405,1.12402,1000000,3190000
2019-04-18 12:30:28.001000,1.12406,1.12403,2250000,1000000
2019-04-18 12:30:28.105000,1.12406,1.12404,1500000,2440000
2019-04-18 12:30:28.261000,1.12407,1.12403,1500000,7500000
2019-04-18 12:30:28.443000,1.12406,1.12404,1000000,1250000
2019-04-18 12:30:28.545000,1.12406,1.12403,1000000,1120000
2019-04-18 12:30:28.648000,1.12406,1.12402,1000000,5250000
2019-04-18 12:30:28.700000,1.12404,1.12402,1250000,3750000
2019-04-18 12:30:28.802000,1.12404,1.12401,1250000,3370000
2019-04-18 12:30:28.955000,1.12404,1.12401,1750000,3370000
2019-04-18 12:30:29.058000,1.12405,1.12403,1000000,2620000
2019-04-18 12:30:29.237000,1.12405,1.12402,1750000,3500000
2019-04-18 12:30:29.288000,1.12403,1.124,1250000,2360000
2019-04-18 12:30:29.340000,1.12401,1.12398,1000000,4870000
2019-04-18 12:30:29.398000,1.12402,1.124,2440000,2250000
2019-04-18 12:30:29.501000,1.12404,1.12402,2500000,1000000
2019-04-18 12:30:29.553000,1.12404,1.12399,1750000,3750000
2019-04-18 12:30:29.655000,1.12404,1.12399,2120000,3000000
2019-04-18 12:30:29.808000,1.12401,1.12397,2500000,4250000
2019-04-18 12:30:29.957000,1.12399,1.12397,1000000,2620000
2019-04-18 12:30:30.113000,1.12396,1.12395,1250000,2250000
2019-04-18 12:30:30.165000,1.12398,1.12395,2250000,1250000
2019-04-18 12:30:30.217000,1.12397,1.12395,1000000,2440000
2019-04-18 12:30:30.359000,1.12401,1.12399,6750000,1620000
2019-04-18 12:30:30.462000,1.12405,1.12404,1000000,1000000
2019-04-18 12:30:30.564000,1.12405,1.12404,1000000,1000000
2019-04-18 12:30:30.666000,1.12405,1.12403,1000000,1310000
2019-04-18 12:30:30.778000,1.12406,1.12404,1500000,1000000
2019-04-18 12:30:30.932000,1.12406,1.12403,3000000,1120000
2019-04-18 12:30:31.036000,1.12406,1.12404,3000000,2560000
2019-04-18 12:30:31.140000,1.12407,1.12404,3940000,1500000
2019-04-18 12:30:31.243000,1.12406,1.12404,1000000,3750000
2019-04-18 12:30:31.295000,1.12412,1.12408,4000000,1000000
2019-04-18 12:30:31.347000,1.12412,1.12408,4690000,3940000
2019-04-18 12:30:31.552000,1.12408,1.12406,1250000,4870000
2019-04-18 12:30:32.021000,1.12408,1.12405,1250000,2250000
2019-04-18 12:30:32.166000,1.12408,1.12405,1750000,2250000
2019-04-18 12:30:32.342000,1.12409,1.12407,3250000,2250000
2019-04-18 12:30:32.394000,1.1241,1.12406,1500000,8500000
2019-04-18 12:30:32.445000,1.12409,1.12406,1250000,6370000
2019-04-18 12:30:32.599000,1.12408,1.12406,1250000,2250000
2019-04-18 12:30:32.717000,1.12409,1.12404,5120000,1000000
2019-04-18 12:30:32.820000,1.12406,1.12404,1000000,1000000
2019-04-18 12:30:32.973000,1.12407,1.12404,1250000,3000000
2019-04-18 12:30:33.136000,1.12404,1.12402,3000000,1250000
2019-04-18 12:30:33.241000,1.12404,1.124,4000000,1120000
2019-04-18 12:30:33.293000,1.12402,1.124,1250000,1000000
2019-04-18 12:30:33.497000,1.12402,1.124,2440000,1870000
2019-04-18 12:30:33.852000,1.12403,1.12401,1000000,1690000
2019-04-18 12:30:34.092000,1.12404,1.12401,1690000,2620000
2019-04-18 12:30:34.197000,1.12404,1.12401,5870000,1500000
2019-04-18 12:30:34.301000,1.12404,1.124,3620000,1500000
2019-04-18 12:30:34.460000,1.12403,1.124,1250000,1000000
2019-04-18 12:30:34.564000,1.12402,1.124,1250000,1000000
2019-04-18 12:30:34.668000,1.12402,1.12399,1250000,4500000
2019-04-18 12:30:34.772000,1.12403,1.12401,1250000,1500000
2019-04-18 12:30:34.824000,1.12403,1.124,1000000,3370000
2019-04-18 12:30:34.952000,1.12403,1.124,1250000,5620000
2019-04-18 12:30:35.005000,1.12404,1.124,1250000,6750000
2019-04-18 12:30:35.172000,1.12403,1.124,2500000,1120000
2019-04-18 12:30:35.274000,1.12403,1.12399,1750000,1000000
2019-04-18 12:30:35.376000,1.12403,1.12398,2500000,1000000
2019-04-18 12:30:35.563000,1.12403,1.12397,3250000,1120000
2019-04-18 12:30:35.666000,1.12404,1.12399,1690000,1000000
2019-04-18 12:30:35.768000,1.12403,1.12399,1250000,2250000
2019-04-18 12:30:35.870000,1.12404,1.124,1990000,3000000
2019-04-18 12:30:36.005000,1.12406,1.12401,1750000,5250000
2019-04-18 12:30:36.056000,1.12407,1.12403,1750000,1000000
2019-04-18 12:30:36.108000,1.12407,1.12403,1690000,1000000
2019-04-18 12:30:36.261000,1.12407,1.12405,1690000,1000000
2019-04-18 12:30:36.363000,1.12409,1.12406,1250000,3870000
2019-04-18 12:30:36.465000,1.12407,1.12405,1250000,3750000
2019-04-18 12:30:36.572000,1.1241,1.12407,1690000,1120000
2019-04-18 12:30:36.675000,1.12411,1.12408,1690000,1000000
2019-04-18 12:30:36.777000,1.12411,1.12407,1750000,1000000
2019-04-18 12:30:36.880000,1.12411,1.12408,1310000,1000000
2019-04-18 12:30:36.949000,1.12411,1.12407,6100000,3750000
2019-04-18 12:30:37.065000,1.12411,1.12408,4000000,1000000
2019-04-18 12:30:37.175000,1.12413,1.12408,1750000,1000000
2019-04-18 12:30:37.227000,1.12412,1.12408,1250000,1000000
2019-04-18 12:30:37.329000,1.12413,1.12408,2560000,1000000
2019-04-18 12:30:37.774000,1.12412,1.12407,1250000,6750000
2019-04-18 12:30:38.113000,1.12408,1.12406,2250000,1000000
2019-04-18 12:30:38.165000,1.12408,1.12403,1750000,1500000
2019-04-18 12:30:38.268000,1.12406,1.12403,1000000,1500000
2019-04-18 12:30:38.371000,1.12407,1.12402,3190000,1500000
2019-04-18 12:30:38.618000,1.12407,1.12402,2500000,1500000
2019-04-18 12:30:38.772000,1.12405,1.12403,1250000,1000000
2019-04-18 12:30:38.824000,1.12404,1.12401,1690000,1500000
2019-04-18 12:30:38.875000,1.12403,1.12398,1250000,4500000
2019-04-18 12:30:38.984000,1.12404,1.12399,1870000,1000000
2019-04-18 12:30:39.036000,1.12404,1.12401,1250000,1750000
2019-04-18 12:30:39.138000,1.12406,1.12405,1000000,3000000
2019-04-18 12:30:39.240000,1.1241,1.12404,7750000,3190000
2019-04-18 12:30:39.374000,1.12411,1.12408,2250000,1000000
2019-04-18 12:30:39.477000,1.12412,1.12407,4310000,2440000
2019-04-18 12:30:39.579000,1.1241,1.12406,1250000,1870000
2019-04-18 12:30:39.732000,1.12411,1.12407,1120000,1750000
2019-04-18 12:30:39.911000,1.12413,1.12408,5870000,1250000
2019-04-18 12:30:40.014000,1.12411,1.12407,1750000,1000000
2019-04-18 12:30:40.117000,1.12409,1.12405,1250000,1000000
2019-04-18 12:30:40.168000,1.12408,1.12404,1250000,1000000
2019-04-18 12:30:40.290000,1.12407,1.12403,2440000,3000000
2019-04-18 12:30:40.394000,1.12408,1.12402,4000000,1000000
2019-04-18 12:30:40.782000,1.12405,1.12403,1250000,1000000
2019-04-18 12:30:40.893000,1.12406,1.12402,1750000,1000000
2019-04-18 12:30:41.119000,1.12407,1.12404,1000000,3750000
2019-04-18 12:30:41.222000,1.12409,1.12403,1750000,7950000
2019-04-18 12:30:41.876000,1.12409,1.12405,1000000,1000000
2019-04-18 12:30:41.994000,1.1241,1.12405,1120000,1000000
2019-04-18 12:30:42.098000,1.12412,1.12408,1250000,2250000
2019-04-18 12:30:42.202000,1.12414,1.12412,6850000,2440000
2019-04-18 12:30:42.305000,1.12418,1.12415,1120000,1250000
2019-04-18 12:30:42.434000,1.12421,1.12416,2440000,2700000
2019-04-18 12:30:42.486000,1.12421,1.12415,4000000,4350000
2019-04-18 12:30:42.591000,1.1242,1.12414,1370000,1760000
2019-04-18 12:30:42.693000,1.12419,1.12412,2570000,7200000
2019-04-18 12:30:42.856000,1.12416,1.12412,2500000,1500000
2019-04-18 12:30:42.907000,1.12415,1.1241,2440000,1100000
2019-04-18 12:30:43.009000,1.12414,1.12411,4370000,1000000
2019-04-18 12:30:43.214000,1.12413,1.12407,1450000,2350000
2019-04-18 12:30:43.333000,1.12412,1.12407,1690000,1390000
2019-04-18 12:30:43.436000,1.12412,1.12406,2570000,3000000
2019-04-18 12:30:43.693000,1.12412,1.12407,5870000,3000000
2019-04-18 12:30:43.842000,1.12412,1.12408,1200000,1010000
2019-04-18 12:30:43.895000,1.12413,1.1241,1720000,2250000
2019-04-18 12:30:43.946000,1.12415,1.1241,1760000,5250000
2019-04-18 12:30:44.152000,1.12415,1.12411,1010000,1000000
2019-04-18 12:30:44.519000,1.12416,1.12413,1550000,1370000
2019-04-18 12:30:44.572000,1.12417,1.12413,1000000,1750000
2019-04-18 12:30:44.741000,1.12418,1.12413,1310000,4870000
2019-04-18 12:30:45.179000,1.12418,1.12414,1310000,1000000
2019-04-18 12:30:45.281000,1.12419,1.12413,3370000,3450000
2019-04-18 12:30:45.449000,1.12417,1.12414,1000000,1000000
2019-04-18 12:30:45.552000,1.12416,1.12412,1250000,5510000
2019-04-18 12:30:45.604000,1.12415,1.12412,5500000,2700000
2019-04-18 12:30:45.707000,1.12415,1.12411,3320000,1000000
2019-04-18 12:30:45.921000,1.12414,1.12412,1310000,1000000
2019-04-18 12:30:46.025000,1.12415,1.12411,1690000,1200000
2019-04-18 12:30:46.128000,1.12416,1.12413,2250000,1970000
2019-04-18 12:30:46.230000,1.12417,1.12412,1120000,4540000
2019-04-18 12:30:46.334000,1.12417,1.12412,2500000,1850000
2019-04-18 12:30:46.773000,1.12416,1.12412,1690000,4540000
2019-04-18 12:30:46.952000,1.12417,1.12412,2500000,1850000
2019-04-18 12:30:47.056000,1.12417,1.12414,1500000,1010000
2019-04-18 12:30:47.159000,1.12418,1.12414,1500000,2140000
2019-04-18 12:30:47.466000,1.12417,1.12414,1000000,2320000
2019-04-18 12:30:47.639000,1.12418,1.12416,4870000,1000000
2019-04-18 12:30:47.690000,1.1242,1.12419,3000000,1000000
2019-04-18 12:30:47.811000,1.12421,1.12419,2250000,1000000
2019-04-18 12:30:47.863000,1.12427,1.12426,1120000,1000000
2019-04-18 12:30:47.914000,1.12431,1.12426,8190000,4350000
2019-04-18 12:30:48.016000,1.1243,1.12426,2250000,1600000
2019-04-18 12:30:48.126000,1.1243,1.12424,1250000,1850000
2019-04-18 12:30:48.228000,1.1243,1.12423,3190000,7220000
2019-04-18 12:30:48.381000,1.1243,1.12423,5060000,5720000
2019-04-18 12:30:48.484000,1.12429,1.12423,1250000,8720000
2019-04-18 12:30:48.797000,1.12426,1.12424,1990000,1200000
2019-04-18 12:30:48.900000,1.12421,1.1242,1690000,3000000
2019-04-18 12:30:48.951000,1.12422,1.12418,1250000,1570000
2019-04-18 12:30:49.054000,1.12422,1.12417,1250000,3820000
2019-04-18 12:30:49.186000,1.12423,1.12421,1000000,1000000
2019-04-18 12:30:49.293000,1.12424,1.12419,1250000,1720000
2019-04-18 12:30:49.396000,1.12423,1.12418,1690000,2290000
2019-04-18 12:30:49.498000,1.12422,1.12417,1250000,4540000
2019-04-18 12:30:49.600000,1.12422,1.12418,1250000,1220000
2019-04-18 12:30:49.710000,1.12421,1.12418,1000000,1970000
2019-04-18 12:30:49.812000,1.12422,1.12419,1690000,1600000
2019-04-18 12:30:49.915000,1.12423,1.12418,1250000,4350000
2019-04-18 12:30:50.125000,1.12423,1.12418,1250000,2700000
2019-04-18 12:30:50.244000,1.12423,1.12419,1250000,1000000
2019-04-18 12:30:50.402000,1.12419,1.12417,1000000,3470000
2019-04-18 12:30:50.558000,1.1242,1.12415,3250000,6940000
2019-04-18 12:30:50.672000,1.1242,1.12416,2500000,3750000
2019-04-18 12:30:51.174000,1.1242,1.12416,1000000,2060000
2019-04-18 12:30:51.294000,1.12421,1.12417,1370000,3120000
2019-04-18 12:30:51.397000,1.12421,1.12418,1570000,1690000
2019-04-18 12:30:52.062000,1.12422,1.12417,6250000,1570000
2019-04-18 12:30:52.164000,1.12421,1.12417,1250000,1570000
2019-04-18 12:30:53.481000,1.1242,1.12416,3250000,4570000
2019-04-18 12:30:53.585000,1.12418,1.12416,1250000,1200000
2019-04-18 12:30:53.694000,1.12417,1.12416,1000000,1000000
2019-04-18 12:30:53.746000,1.12419,1.12416,2810000,1000000
2019-04-18 12:30:54.618000,1.1242,1.12417,2250000,3750000
2019-04-18 12:30:54.721000,1.12421,1.12416,7690000,2140000
2019-04-18 12:30:54.874000,1.1242,1.12416,1500000,3260000
2019-04-18 12:30:55.034000,1.12421,1.12416,10010000,3260000
2019-04-18 12:30:55.136000,1.1242,1.12416,3370000,1390000
2019-04-18 12:30:55.238000,1.12419,1.12416,1250000,1690000
2019-04-18 12:30:55.340000,1.1242,1.12416,1250000,4410000
2019-04-18 12:30:55.442000,1.12421,1.12417,9560000,1100000
2019-04-18 12:30:55.553000,1.12419,1.12417,1250000,1000000
2019-04-18 12:30:55.655000,1.12419,1.12416,1250000,2440000
2019-04-18 12:30:55.707000,1.12421,1.12417,5060000,2370000
2019-04-18 12:30:55.860000,1.12421,1.12417,1250000,2320000
2019-04-18 12:30:55.962000,1.12421,1.12417,1250000,2250000
2019-04-18 12:30:56.639000,1.12421,1.12418,2500000,1000000
2019-04-18 12:30:56.804000,1.12421,1.12417,1250000,3190000
2019-04-18 12:30:58.088000,1.12419,1.12416,1250000,2320000
2019-04-18 12:30:58.192000,1.12419,1.12416,2870000,2700000
2019-04-18 12:30:58.244000,1.12416,1.12414,6370000,1200000
2019-04-18 12:30:58.356000,1.12416,1.12414,13000000,1000000
2019-04-18 12:30:58.458000,1.12415,1.12412,4310000,1570000
2019-04-18 12:30:58.561000,1.12414,1.12412,1000000,3070000
2019-04-18 12:30:58.612000,1.12416,1.12413,2250000,2890000
2019-04-18 12:30:58.729000,1.12417,1.12415,2250000,1500000
2019-04-18 12:30:58.781000,1.1242,1.12416,1250000,1200000
2019-04-18 12:30:58.884000,1.1242,1.12417,1250000,1570000
2019-04-18 12:30:58.987000,1.12421,1.12418,1750000,1100000
2019-04-18 12:30:59.244000,1.1242,1.12417,2500000,2250000
2019-04-18 12:30:59.397000,1.12421,1.12417,1370000,3070000
2019-04-18 12:30:59.703000,1.12419,1.12417,1250000,2350000
2019-04-18 12:30:59.875000,1.1242,1.12419,1250000,1870000
2019-04-18 12:30:59.979000,1.12419,1.12418,1250000,1570000
2019-04-18 12:31:00.083000,1.12418,1.12417,1000000,8020000
2019-04-18 12:31:00.187000,1.12419,1.12417,1250000,1100000
2019-04-18 12:31:00.334000,1.12419,1.12418,1250000,1000000
2019-04-18 12:31:00.816000,1.12419,1.12417,1370000,1100000
2019-04-18 12:31:00.919000,1.12417,1.12415,1000000,4200000
2019-04-18 12:31:01.365000,1.12417,1.12415,1000000,3450000
2019-04-18 12:31:01.519000,1.12419,1.12418,1000000,2250000
2019-04-18 12:31:01.621000,1.12422,1.1242,9940000,1000000
2019-04-18 12:31:01.715000,1.12421,1.12419,1500000,4760000
2019-04-18 12:31:01.770000,1.12422,1.12421,2250000,1000000
2019-04-18 12:31:01.874000,1.12421,1.1242,1000000,1100000
2019-04-18 12:31:01.978000,1.12423,1.12422,1000000,2140000
2019-04-18 12:31:02.134000,1.12424,1.12421,1750000,4270000
2019-04-18 12:31:02.237000,1.12424,1.12421,1750000,3600000
2019-04-18 12:31:02.338000,1.12424,1.12421,1250000,3600000
2019-04-18 12:31:02.503000,1.12423,1.12421,1000000,2720000
2019-04-18 12:31:02.649000,1.12424,1.12421,1690000,1220000
2019-04-18 12:31:02.753000,1.12422,1.1242,1000000,2140000
2019-04-18 12:31:03.392000,1.12422,1.12421,1000000,1000000
2019-04-18 12:31:03.496000,1.12422,1.1242,1000000,2890000
2019-04-18 12:31:03.600000,1.12422,1.12421,1000000,1000000
2019-04-18 12:31:03.728000,1.12422,1.1242,1000000,1390000
2019-04-18 12:31:03.913000,1.12422,1.1242,1000000,1850000
2019-04-18 12:31:04.165000,1.12422,1.1242,1000000,1000000
2019-04-18 12:31:04.584000,1.12421,1.12419,1000000,1200000
2019-04-18 12:31:04.687000,1.12422,1.12418,1000000,2890000
2019-04-18 12:31:04.993000,1.12422,1.12419,1000000,1570000
2019-04-18 12:31:05.113000,1.12421,1.12418,1000000,2850000
2019-04-18 12:31:05.841000,1.12422,1.12418,2250000,3970000
2019-04-18 12:31:05.994000,1.12422,1.12419,1000000,1100000
2019-04-18 12:31:06.198000,1.12422,1.12421,1500000,1500000
2019-04-18 12:31:06.250000,1.12428,1.12426,1500000,1250000
2019-04-18 12:31:06.354000,1.12432,1.12428,5440000,1600000
2019-04-18 12:31:06.509000,1.1243,1.12429,2250000,1200000
2019-04-18 12:31:06.612000,1.12431,1.12428,21580000,3250000
2019-04-18 12:31:06.664000,1.12428,1.12425,1500000,2700000
2019-04-18 12:31:06.932000,1.12429,1.12427,2250000,2500000
2019-04-18 12:31:07.035000,1.12428,1.12425,1000000,2910000
2019-04-18 12:31:07.189000,1.12428,1.12425,1500000,1250000
2019-04-18 12:31:07.504000,1.12427,1.12424,1000000,3760000
2019-04-18 12:31:07.606000,1.12428,1.12424,1870000,1510000
2019-04-18 12:31:07.754000,1.12427,1.12424,1000000,3760000
2019-04-18 12:31:08.177000,1.12428,1.12423,1120000,10220000
2019-04-18 12:31:08.279000,1.12428,1.12424,1000000,1390000
2019-04-18 12:31:08.585000,1.12428,1.12424,1000000,2290000
2019-04-18 12:31:08.755000,1.12428,1.12424,2250000,1010000
2019-04-18 12:31:08.857000,1.12427,1.12424,1000000,1010000
2019-04-18 12:31:08.959000,1.12424,1.12423,1250000,1120000
2019-04-18 12:31:09.117000,1.12424,1.12421,2060000,1000000
2019-04-18 12:31:09.220000,1.12423,1.12419,1500000,2970000
2019-04-18 12:31:09.322000,1.12422,1.12419,1000000,4470000
2019-04-18 12:31:09.424000,1.12423,1.12419,1000000,3100000
2019-04-18 12:31:09.672000,1.12421,1.12419,1000000,2570000
2019-04-18 12:31:09.779000,1.12422,1.12418,2440000,3600000
2019-04-18 12:31:09.883000,1.12422,1.12418,2810000,2700000
2019-04-18 12:31:09.994000,1.12422,1.12419,2810000,1000000
2019-04-18 12:31:10.145000,1.12421,1.12417,5810000,4220000
2019-04-18 12:31:10.248000,1.12418,1.12417,1250000,1000000
2019-04-18 12:31:10.351000,1.12418,1.12415,1250000,2510000
2019-04-18 12:31:10.402000,1.12419,1.12415,3190000,3260000
2019-04-18 12:31:10.505000,1.12418,1.12414,2810000,1010000
2019-04-18 12:31:10.769000,1.12418,1.12415,3160000,1000000
2019-04-18 12:31:10.873000,1.12419,1.12415,5090000,1600000
2019-04-18 12:31:11.021000,1.12418,1.12414,2030000,1100000
2019-04-18 12:31:11.512000,1.12417,1.12414,1090000,3220000
2019-04-18 12:31:11.614000,1.12418,1.12414,2030000,1720000
2019-04-18 12:31:11.716000,1.12418,1.12413,2030000,4400000
2019-04-18 12:31:12.029000,1.12416,1.12413,1000000,5450000
2019-04-18 12:31:12.133000,1.12415,1.12413,2590000,1000000
2019-04-18 12:31:12.235000,1.12415,1.1241,3590000,2320000
2019-04-18 12:31:12.337000,1.12415,1.12411,3530000,1000000
2019-04-18 12:31:12.539000,1.12413,1.12411,1090000,1500000
2019-04-18 12:31:12.794000,1.12413,1.12409,1250000,2510000
2019-04-18 12:31:12.947000,1.12412,1.1241,1000000,1000000
2019-04-18 12:31:13.050000,1.12413,1.1241,1250000,1500000
2019-04-18 12:31:13.371000,1.12414,1.12411,1000000,2250000
2019-04-18 12:31:13.937000,1.12414,1.12412,1000000,1000000
2019-04-18 12:31:14.040000,1.12414,1.12411,1000000,1000000
2019-04-18 12:31:14.092000,1.12416,1.12413,1950000,1250000
2019-04-18 12:31:14.195000,1.12418,1.12413,7440000,5310000
2019-04-18 12:31:14.458000,1.12418,1.12414,1500000,1250000
2019-04-18 12:31:14.612000,1.12418,1.12413,1500000,6560000
2019-04-18 12:31:14.715000,1.12418,1.12414,2250000,1000000
2019-04-18 12:31:14.980000,1.12418,1.12413,2250000,6190000
2019-04-18 12:31:15.462000,1.12418,1.12414,3750000,1000000
2019-04-18 12:31:15.864000,1.12417,1.12414,1000000,1000000
2019-04-18 12:31:15.969000,1.12418,1.12414,1250000,3190000
2019-04-18 12:31:16.071000,1.12418,1.12415,2440000,1000000
2019-04-18 12:31:16.173000,1.12419,1.12414,4750000,1250000
2019-04-18 12:31:16.616000,1.12416,1.12414,2060000,1000000
2019-04-18 12:31:16.668000,1.12415,1.12413,2250000,3370000
2019-04-18 12:31:16.770000,1.12413,1.12412,1000000,1000000
2019-04-18 12:31:16.886000,1.12415,1.1241,3450000,5510000
2019-04-18 12:31:16.989000,1.12414,1.1241,1000000,2000000
2019-04-18 12:31:17.092000,1.12416,1.12413,3560000,1000000
2019-04-18 12:31:17.144000,1.12415,1.12411,3940000,1120000
2019-04-18 12:31:17.197000,1.12413,1.12409,1000000,4610000
2019-04-18 12:31:17.343000,1.12412,1.12409,1000000,1100000
2019-04-18 12:31:17.445000,1.12413,1.12409,1500000,1500000
2019-04-18 12:31:17.650000,1.12413,1.12408,1500000,10760000
2019-04-18 12:31:17.752000,1.12412,1.12409,1000000,3000000
2019-04-18 12:31:18.107000,1.12413,1.12408,1000000,10010000
2019-04-18 12:31:18.274000,1.12413,1.12408,1000000,10820000
2019-04-18 12:31:18.478000,1.12413,1.1241,1500000,1000000
2019-04-18 12:31:18.596000,1.12413,1.12408,1100000,9700000
2019-04-18 12:31:19.316000,1.12413,1.1241,1000000,1000000
2019-04-18 12:31:19.609000,1.12415,1.12412,4390000,1000000
2019-04-18 12:31:19.712000,1.12416,1.12414,1500000,2370000
2019-04-18 12:31:19.892000,1.12418,1.12415,1500000,4120000
2019-04-18 12:31:20.199000,1.12419,1.12415,1000000,2250000
2019-04-18 12:31:20.351000,1.1242,1.12415,5440000,1000000
2019-04-18 12:31:20.583000,1.12419,1.12415,1500000,3000000
2019-04-18 12:31:20.685000,1.1242,1.12415,5890000,1500000
2019-04-18 12:31:20.737000,1.1242,1.12417,6010000,1000000
2019-04-18 12:31:20.789000,1.12421,1.12418,3370000,2440000
2019-04-18 12:31:20.841000,1.12423,1.12419,4120000,1310000
2019-04-18 12:31:20.949000,1.12423,1.12419,2250000,2370000
2019-04-18 12:31:21.157000,1.12424,1.12421,3500000,1250000
2019-04-18 12:31:21.209000,1.12425,1.12423,1000000,2060000
2019-04-18 12:31:21.260000,1.12427,1.12424,1500000,1250000
2019-04-18 12:31:21.426000,1.12428,1.12423,3750000,6400000
2019-04-18 12:31:21.478000,1.12428,1.12426,4500000,1000000
2019-04-18 12:31:21.764000,1.12428,1.12425,4500000,1000000
2019-04-18 12:31:21.865000,1.12427,1.12425,1000000,1500000
2019-04-18 12:31:21.968000,1.12428,1.12426,3750000,1000000
2019-04-18 12:31:22.080000,1.12428,1.12425,2620000,1000000
2019-04-18 12:31:22.183000,1.12428,1.12426,1870000,1000000
2019-04-18 12:31:22.285000,1.12428,1.12425,1120000,1000000
2019-04-18 12:31:22.686000,1.12428,1.12426,1120000,1000000
2019-04-18 12:31:22.789000,1.12429,1.12425,5720000,2620000
2019-04-18 12:31:22.943000,1.12429,1.12425,1390000,2810000
2019-04-18 12:31:23.045000,1.12429,1.12425,2950000,1120000
2019-04-18 12:31:23.243000,1.12429,1.12426,2440000,1000000
2019-04-18 12:31:23.346000,1.12428,1.12425,1000000,2620000
2019-04-18 12:31:23.905000,1.12429,1.12426,3940000,1000000
2019-04-18 12:31:24.351000,1.12429,1.12425,3940000,2250000
2019-04-18 12:31:24.509000,1.12428,1.12425,1000000,4500000
2019-04-18 12:31:24.612000,1.12429,1.12426,5810000,1000000
2019-04-18 12:31:24.714000,1.12429,1.12426,6310000,1000000
2019-04-18 12:31:25.063000,1.1243,1.12427,5750000,1000000
2019-04-18 12:31:25.211000,1.12431,1.12429,2590000,2700000
2019-04-18 12:31:25.333000,1.12429,1.12427,1000000,4010000
2019-04-18 12:31:25.435000,1.1243,1.12427,2810000,1310000
2019-04-18 12:31:25.638000,1.12428,1.12427,1000000,1000000
2019-04-18 12:31:25.740000,1.12429,1.12427,1000000,1000000
2019-04-18 12:31:25.932000,1.1243,1.12427,2810000,1000000
2019-04-18 12:31:26.142000,1.12429,1.12427,1000000,1200000
2019-04-18 12:31:26.244000,1.12429,1.12427,1500000,4700000
2019-04-18 12:31:26.365000,1.1243,1.12427,2440000,3450000
2019-04-18 12:31:26.521000,1.12429,1.12427,1000000,1500000
2019-04-18 12:31:26.654000,1.12429,1.12428,1000000,1000000
2019-04-18 12:31:26.756000,1.1243,1.12427,4810000,2250000
2019-04-18 12:31:28.604000,1.1243,1.12426,1750000,2700000
2019-04-18 12:31:28.832000,1.12426,1.12425,1250000,1200000
2019-04-18 12:31:28.938000,1.12426,1.12424,2750000,9070000
2019-04-18 12:31:29.040000,1.12424,1.12423,1310000,3000000
2019-04-18 12:31:29.143000,1.12423,1.1242,1000000,5140000
2019-04-18 12:31:29.195000,1.12421,1.12419,1750000,2250000
2019-04-18 12:31:29.300000,1.12421,1.12417,2940000,3000000
2019-04-18 12:31:29.409000,1.1242,1.12417,3870000,1000000
2019-04-18 12:31:29.614000,1.1242,1.12417,1500000,3000000
2019-04-18 12:31:29.717000,1.12422,1.12419,1000000,2940000
2019-04-18 12:31:29.821000,1.12423,1.1242,1000000,1120000
2019-04-18 12:31:30.639000,1.12424,1.1242,6940000,1000000
2019-04-18 12:31:30.744000,1.12423,1.12419,1000000,4690000
2019-04-18 12:31:30.853000,1.12424,1.12419,3560000,5440000
2019-04-18 12:31:31.122000,1.12422,1.1242,1750000,1000000
2019-04-18 12:31:31.265000,1.1242,1.12417,1570000,2450000
2019-04-18 12:31:31.317000,1.1242,1.12415,1190000,9620000
2019-04-18 12:31:31.461000,1.12417,1.12415,3250000,3820000
2019-04-18 12:31:31.564000,1.12411,1.12409,1250000,1720000
2019-04-18 12:31:31.667000,1.12414,1.12412,2440000,2250000
2019-04-18 12:31:31.743000,1.12414,1.12409,3190000,3190000
2019-04-18 12:31:31.845000,1.12413,1.12409,1000000,2940000
2019-04-18 12:31:31.948000,1.12413,1.12408,1000000,1840000
2019-04-18 12:31:32.051000,1.1241,1.12408,1000000,4200000
2019-04-18 12:31:32.235000,1.12408,1.12405,1000000,2700000
2019-04-18 12:31:32.337000,1.12408,1.12404,1000000,6040000
2019-04-18 12:31:32.907000,1.12409,1.12405,1690000,1010000
2019-04-18 12:31:33.212000,1.12408,1.12404,1250000,9390000
2019-04-18 12:31:33.357000,1.12408,1.12405,1250000,2850000
2019-04-18 12:31:33.466000,1.12409,1.12406,2330000,2250000
2019-04-18 12:31:33.569000,1.12409,1.12405,1500000,5510000
2019-04-18 12:31:33.621000,1.1241,1.12408,1500000,1250000
2019-04-18 12:31:33.728000,1.12413,1.1241,1120000,3260000
2019-04-18 12:31:33.831000,1.12414,1.12412,1690000,1000000
2019-04-18 12:31:33.934000,1.12414,1.12411,1250000,1000000
2019-04-18 12:31:34.094000,1.12416,1.12414,1000000,1200000
2019-04-18 12:31:34.197000,1.12419,1.12416,1500000,1100000
2019-04-18 12:31:34.351000,1.12419,1.12415,3750000,1570000
2019-04-18 12:31:34.453000,1.12419,1.12416,3750000,1000000
2019-04-18 12:31:34.661000,1.12419,1.12415,3750000,1200000
2019-04-18 12:31:35.381000,1.12417,1.12415,1000000,3450000
2019-04-18 12:31:35.433000,1.12415,1.12414,1250000,3000000
2019-04-18 12:31:35.485000,1.12415,1.12412,4760000,1570000
2019-04-18 12:31:35.588000,1.12416,1.12413,2750000,2870000
2019-04-18 12:31:35.691000,1.12416,1.12412,6260000,1600000
2019-04-18 12:31:35.817000,1.12415,1.1241,5440000,5970000
2019-04-18 12:31:35.920000,1.12415,1.1241,5870000,2890000
2019-04-18 12:31:36.073000,1.12415,1.1241,2620000,2950000
2019-04-18 12:31:36.228000,1.12418,1.12413,6600000,1010000
2019-04-18 12:31:36.279000,1.12416,1.12413,2320000,2140000
2019-04-18 12:31:36.331000,1.12418,1.12413,1870000,6670000
2019-04-18 12:31:36.608000,1.12421,1.12418,2450000,1250000
2019-04-18 12:31:36.715000,1.12422,1.12418,3190000,1390000
2019-04-18 12:31:36.818000,1.12422,1.12417,2500000,4800000
2019-04-18 12:31:37.076000,1.12421,1.12418,1250000,1460000
2019-04-18 12:31:37.182000,1.12421,1.12418,5810000,1100000
2019-04-18 12:31:37.308000,1.12421,1.12416,7000000,3750000
2019-04-18 12:31:37.565000,1.1242,1.12417,5410000,1000000
2019-04-18 12:31:37.668000,1.1242,1.12416,3750000,3190000
2019-04-18 12:31:38.028000,1.12421,1.12417,1200000,7500000
2019-04-18 12:31:38.180000,1.12423,1.1242,3070000,3750000
2019-04-18 12:31:38.284000,1.12425,1.12421,3750000,5440000
2019-04-18 12:31:38.336000,1.12426,1.12423,4500000,2060000
2019-04-18 12:31:38.439000,1.12426,1.12424,9370000,4310000
2019-04-18 12:31:38.496000,1.12428,1.12424,1250000,7940000
2019-04-18 12:31:38.551000,1.1243,1.12427,1570000,8620000
2019-04-18 12:31:38.655000,1.12432,1.12427,1750000,8200000
2019-04-18 12:31:38.758000,1.12431,1.12428,1500000,2890000
2019-04-18 12:31:38.852000,1.12431,1.12428,1000000,2890000
2019-04-18 12:31:38.956000,1.12431,1.12428,11490000,1100000
2019-04-18 12:31:39.007000,1.1243,1.12425,1870000,8520000
2019-04-18 12:31:39.212000,1.1243,1.12425,11440000,1570000
2019-04-18 12:31:39.754000,1.12427,1.12425,1000000,1000000
2019-04-18 12:31:39.856000,1.12427,1.12423,1250000,6260000
2019-04-18 12:31:39.958000,1.12426,1.12423,1000000,11960000
2019-04-18 12:31:40.066000,1.12427,1.12423,1250000,7840000
2019-04-18 12:31:40.220000,1.12427,1.12423,1250000,3340000
2019-04-18 12:31:40.324000,1.12427,1.12423,1750000,1950000
2019-04-18 12:31:40.810000,1.12425,1.12422,1690000,1950000
2019-04-18 12:31:40.861000,1.12424,1.1242,1250000,3300000
2019-04-18 12:31:40.964000,1.12423,1.1242,2120000,1100000
2019-04-18 12:31:41.067000,1.12423,1.12419,2120000,2620000
2019-04-18 12:31:41.186000,1.1242,1.12417,2570000,2250000
2019-04-18 12:31:41.331000,1.12419,1.12415,1370000,6150000
2019-04-18 12:31:41.453000,1.12419,1.12414,9750000,1950000
2019-04-18 12:31:41.773000,1.12418,1.12414,1310000,3320000
2019-04-18 12:31:42.380000,1.12418,1.12415,1250000,2000000
2019-04-18 12:31:42.584000,1.12418,1.12415,1690000,1200000
2019-04-18 12:31:42.796000,1.12419,1.12415,2810000,2320000
2019-04-18 12:31:43.003000,1.12418,1.12415,1500000,1570000
2019-04-18 12:31:43.208000,1.12416,1.12413,1000000,12490000
2019-04-18 12:31:43.457000,1.12417,1.12415,1500000,1500000
2019-04-18 12:31:43.564000,1.12419,1.12418,1000000,1500000
2019-04-18 12:31:43.667000,1.1242,1.12418,3750000,1120000
2019-04-18 12:31:43.774000,1.12421,1.12418,1500000,3950000
2019-04-18 12:31:43.877000,1.12422,1.12419,1250000,3200000
2019-04-18 12:31:44.187000,1.12422,1.12419,1690000,1950000
2019-04-18 12:31:44.343000,1.12422,1.12421,1500000,1200000
2019-04-18 12:31:44.447000,1.12423,1.12421,1120000,1200000
2019-04-18 12:31:45.129000,1.12423,1.12419,2810000,3410000
2019-04-18 12:31:45.232000,1.1242,1.12417,1870000,1200000
2019-04-18 12:31:45.334000,1.1242,1.12416,5250000,2700000
2019-04-18 12:31:45.487000,1.1242,1.12416,2500000,1950000
2019-04-18 12:31:45.640000,1.1242,1.12416,2440000,1950000
2019-04-18 12:31:45.760000,1.12417,1.12415,2620000,1600000
2019-04-18 12:31:45.862000,1.12415,1.12414,1690000,3450000
2019-04-18 12:31:45.964000,1.12415,1.12413,1250000,1200000
2019-04-18 12:31:46.146000,1.12415,1.12412,1250000,1200000
2019-04-18 12:31:46.260000,1.12416,1.12412,4240000,6640000
2019-04-18 12:31:46.363000,1.12416,1.12412,2440000,5290000
2019-04-18 12:31:46.783000,1.12416,1.12412,4810000,2100000
2019-04-18 12:31:47.108000,1.12416,1.12413,1000000,2890000
2019-04-18 12:31:47.213000,1.12419,1.12416,1500000,2950000
2019-04-18 12:31:47.316000,1.12419,1.12416,2250000,1200000
2019-04-18 12:31:47.420000,1.12419,1.12415,5440000,3450000
2019-04-18 12:31:47.523000,1.12418,1.12416,1000000,1100000
2019-04-18 12:31:47.699000,1.12419,1.12415,1690000,3220000
2019-04-18 12:31:47.966000,1.12419,1.12417,1640000,1200000
2019-04-18 12:31:48.087000,1.12419,1.12415,1640000,3220000
2019-04-18 12:31:48.208000,1.12418,1.12416,1000000,1100000
2019-04-18 12:31:48.311000,1.12419,1.12415,2390000,2850000
2019-04-18 12:31:48.461000,1.12418,1.12415,2200000,4200000
2019-04-18 12:31:49.363000,1.12422,1.1242,2620000,1950000
2019-04-18 12:31:49.467000,1.12419,1.12417,1000000,8890000
2019-04-18 12:31:49.648000,1.12421,1.1242,1000000,1200000
2019-04-18 12:31:49.801000,1.12423,1.1242,2250000,1200000
2019-04-18 12:31:50.829000,1.12424,1.12419,5940000,1760000
2019-04-18 12:31:51.169000,1.12423,1.1242,1000000,1120000
2019-04-18 12:31:51.323000,1.12424,1.12419,3190000,8160000
2019-04-18 12:31:51.534000,1.12424,1.12422,1690000,1500000
2019-04-18 12:31:51.586000,1.12424,1.12421,1250000,3450000
2019-04-18 12:31:51.842000,1.12424,1.1242,1690000,4840000
2019-04-18 12:31:51.944000,1.12423,1.1242,1000000,4840000
2019-04-18 12:31:52.119000,1.12424,1.1242,1250000,4010000
2019-04-18 12:31:52.447000,1.12425,1.1242,7670000,4160000
2019-04-18 12:31:52.646000,1.12425,1.12424,7050000,1120000
2019-04-18 12:31:52.698000,1.12429,1.12426,6490000,1000000
2019-04-18 12:31:53.163000,1.12428,1.12426,1000000,1200000
2019-04-18 12:31:53.215000,1.12413,1.12412,2920000,1250000
2019-04-18 12:31:53.266000,1.12412,1.1241,1870000,6640000
2019-04-18 12:31:53.369000,1.12413,1.1241,1000000,4070000
2019-04-18 12:31:53.471000,1.12414,1.1241,1700000,2500000
2019-04-18 12:31:53.634000,1.12412,1.12409,1690000,1120000
2019-04-18 12:31:54.261000,1.12409,1.12406,5630000,3000000
2019-04-18 12:31:54.364000,1.12409,1.12404,6640000,3000000
2019-04-18 12:31:54.468000,1.12408,1.12404,1100000,2440000
2019-04-18 12:31:54.864000,1.12408,1.12405,1200000,1500000
2019-04-18 12:31:54.916000,1.12407,1.12404,1120000,1690000
2019-04-18 12:31:55.022000,1.12408,1.12404,2700000,1250000
2019-04-18 12:31:55.567000,1.12406,1.12402,8620000,3370000
2019-04-18 12:31:55.669000,1.12404,1.124,1500000,8700000
2019-04-18 12:31:55.772000,1.12404,1.12402,3370000,1000000
2019-04-18 12:31:55.886000,1.12404,1.12401,1120000,1250000
2019-04-18 12:31:56.301000,1.12403,1.12401,1000000,1000000
2019-04-18 12:31:56.625000,1.12403,1.12402,1000000,1000000
2019-04-18 12:31:56.727000,1.12403,1.12401,1000000,1000000
2019-04-18 12:31:56.881000,1.12404,1.12401,1570000,1000000
2019-04-18 12:31:57.144000,1.12404,1.12402,1000000,1000000
2019-04-18 12:31:57.617000,1.12405,1.12403,2250000,2440000
2019-04-18 12:31:57.722000,1.12409,1.12405,5000000,2500000
2019-04-18 12:31:57.824000,1.1241,1.12406,3600000,4690000
2019-04-18 12:31:57.936000,1.1241,1.12408,2620000,1250000
2019-04-18 12:31:58.042000,1.12411,1.12407,5440000,4120000
2019-04-18 12:31:58.145000,1.12411,1.12406,4010000,10090000
2019-04-18 12:31:58.296000,1.12411,1.12409,1200000,1000000
2019-04-18 12:31:58.508000,1.12411,1.12409,1000000,1750000
2019-04-18 12:31:58.610000,1.12413,1.12409,6000000,1250000
2019-04-18 12:31:58.712000,1.12413,1.12408,6000000,3250000
2019-04-18 12:31:58.898000,1.12413,1.12408,6190000,3190000
2019-04-18 12:31:59.285000,1.12409,1.12406,1500000,7860000
2019-04-18 12:31:59.388000,1.12408,1.12406,1000000,2440000
2019-04-18 12:31:59.490000,1.12408,1.12405,1000000,1500000
2019-04-18 12:31:59.639000,1.12407,1.12404,1500000,1250000
2019-04-18 12:31:59.743000,1.12406,1.12403,1000000,4310000
2019-04-18 12:31:59.844000,1.12407,1.12403,3450000,4310000
2019-04-18 12:32:00.330000,1.12407,1.12404,3000000,1000000
2019-04-18 12:32:00.700000,1.12407,1.12403,1500000,1690000
2019-04-18 12:32:00.804000,1.12405,1.12401,2620000,4140000
2019-04-18 12:32:00.960000,1.12406,1.12404,1870000,1000000
2019-04-18 12:32:01.065000,1.12407,1.12404,3450000,1000000
2019-04-18 12:32:01.322000,1.12406,1.12404,1000000,1500000
2019-04-18 12:32:01.477000,1.12407,1.12404,1500000,1690000
2019-04-18 12:32:01.735000,1.12408,1.12404,2980000,2440000
2019-04-18 12:32:01.838000,1.12407,1.12404,1100000,2440000
2019-04-18 12:32:01.957000,1.12408,1.12404,2620000,2440000
2019-04-18 12:32:02.111000,1.12407,1.12404,1000000,1690000
2019-04-18 12:32:02.336000,1.12408,1.12404,4120000,1690000
2019-04-18 12:32:02.540000,1.12407,1.12404,1000000,1690000
2019-04-18 12:32:02.744000,1.12408,1.12404,2620000,1690000
2019-04-18 12:32:02.904000,1.12407,1.12404,1000000,1690000
2019-04-18 12:32:03.064000,1.12404,1.12403,1000000,2320000
2019-04-18 12:32:03.123000,1.12404,1.12401,1000000,3190000
2019-04-18 12:32:03.485000,1.12402,1.124,1500000,5250000
2019-04-18 12:32:03.589000,1.12402,1.12401,2250000,1000000
2019-04-18 12:32:03.694000,1.12404,1.12401,1690000,1000000
2019-04-18 12:32:04.021000,1.12404,1.124,2440000,1250000
2019-04-18 12:32:04.124000,1.12404,1.124,3450000,2440000
2019-04-18 12:32:04.228000,1.12401,1.12398,2810000,1950000
2019-04-18 12:32:04.332000,1.12401,1.12399,3120000,1250000
2019-04-18 12:32:04.454000,1.12403,1.12399,2440000,3250000
2019-04-18 12:32:04.927000,1.12403,1.12401,1120000,1000000
2019-04-18 12:32:05.052000,1.12404,1.124,4500000,1250000
2019-04-18 12:32:05.696000,1.12404,1.12399,5190000,2140000
2019-04-18 12:32:05.900000,1.12404,1.124,1500000,3320000
2019-04-18 12:32:06.004000,1.12408,1.12404,3000000,3190000
2019-04-18 12:32:06.116000,1.12408,1.12406,1500000,1250000
2019-04-18 12:32:06.375000,1.12408,1.12404,1000000,3770000
2019-04-18 12:32:06.478000,1.12409,1.12407,3250000,1000000
2019-04-18 12:32:06.630000,1.12409,1.12407,1500000,1000000
2019-04-18 12:32:06.732000,1.1241,1.12407,1310000,1000000
2019-04-18 12:32:08.007000,1.1241,1.12406,1250000,1500000
2019-04-18 12:32:08.110000,1.12409,1.12406,1000000,2250000
2019-04-18 12:32:08.266000,1.12408,1.12405,1200000,3620000
2019-04-18 12:32:08.318000,1.12407,1.12404,1870000,1250000
2019-04-18 12:32:08.422000,1.12405,1.12402,1390000,3450000
2019-04-18 12:32:08.526000,1.12404,1.124,2100000,2200000
2019-04-18 12:32:08.740000,1.12403,1.124,1200000,1000000
2019-04-18 12:32:08.894000,1.12404,1.124,3640000,1000000
2019-04-18 12:32:09.064000,1.12403,1.124,1500000,1000000
2019-04-18 12:32:09.338000,1.12404,1.124,3640000,1000000
2019-04-18 12:32:09.441000,1.12405,1.12403,1200000,1690000
2019-04-18 12:32:09.562000,1.12407,1.12403,2850000,3190000
2019-04-18 12:32:09.614000,1.12408,1.12403,4010000,4770000
2019-04-18 12:32:09.716000,1.12408,1.12404,3560000,1500000
2019-04-18 12:32:09.818000,1.12405,1.12402,2440000,1260000
2019-04-18 12:32:09.921000,1.12404,1.124,1570000,1880000
2019-04-18 12:32:10.088000,1.12404,1.124,1600000,1690000
2019-04-18 12:32:10.241000,1.12404,1.124,1500000,1250000
2019-04-18 12:32:10.394000,1.12405,1.12401,2510000,1000000
2019-04-18 12:32:10.496000,1.12405,1.124,3640000,4760000
2019-04-18 12:32:10.642000,1.12405,1.124,4540000,3190000
2019-04-18 12:32:11.339000,1.12403,1.124,1000000,1720000
2019-04-18 12:32:11.582000,1.12402,1.12399,2250000,1570000
2019-04-18 12:32:11.749000,1.12405,1.12403,14820000,2350000
2019-04-18 12:32:11.852000,1.12406,1.12404,7120000,1690000
2019-04-18 12:32:11.904000,1.12408,1.12404,2250000,1690000
2019-04-18 12:32:12.173000,1.12408,1.12405,1500000,1000000
2019-04-18 12:32:14.066000,1.12408,1.12404,1000000,3940000
2019-04-18 12:32:14.169000,1.12408,1.12405,1500000,1000000
2019-04-18 12:32:14.271000,1.12408,1.12404,3000000,2300000
2019-04-18 12:32:14.518000,1.12408,1.12405,3000000,1000000
2019-04-18 12:32:14.570000,1.12405,1.12404,1870000,1000000
2019-04-18 12:32:14.673000,1.12401,1.12399,1870000,1850000
2019-04-18 12:32:14.775000,1.12402,1.124,1690000,8250000
2019-04-18 12:32:14.933000,1.12404,1.124,2120000,1370000
2019-04-18 12:32:15.035000,1.12404,1.12402,1000000,1500000
2019-04-18 12:32:15.138000,1.12406,1.12403,1000000,3250000
2019-04-18 12:32:15.190000,1.12408,1.12403,1200000,3720000
2019-04-18 12:32:15.292000,1.12408,1.12405,1600000,1000000
2019-04-18 12:32:15.344000,1.12409,1.12405,2320000,1310000
2019-04-18 12:32:15.759000,1.12409,1.12406,2250000,1870000
2019-04-18 12:32:15.861000,1.12409,1.12405,1870000,2440000
2019-04-18 12:32:15.979000,1.12409,1.12406,1870000,1000000
2019-04-18 12:32:16.213000,1.12409,1.12407,1870000,1000000
2019-04-18 12:32:16.315000,1.12409,1.12406,2620000,3370000
2019-04-18 12:32:16.418000,1.12409,1.12405,2620000,4500000
2019-04-18 12:32:16.521000,1.12409,1.12404,6500000,2810000
2019-04-18 12:32:17.274000,1.12408,1.12405,1870000,1000000
2019-04-18 12:32:17.460000,1.12408,1.12404,1120000,3450000
2019-04-18 12:32:17.625000,1.12408,1.12405,1120000,1000000
2019-04-18 12:32:17.828000,1.12408,1.12404,1120000,3450000
2019-04-18 12:32:18.298000,1.12408,1.12405,1000000,1500000
2019-04-18 12:32:18.401000,1.12409,1.12404,4010000,3000000
2019-04-18 12:32:18.504000,1.12408,1.12405,1870000,1000000
2019-04-18 12:32:18.768000,1.12408,1.12404,1120000,5620000
2019-04-18 12:32:19.676000,1.12408,1.12404,1100000,1120000
2019-04-18 12:32:19.778000,1.12408,1.12405,1120000,1000000
2019-04-18 12:32:20.025000,1.12409,1.12404,6010000,4120000
2019-04-18 12:32:20.491000,1.12408,1.12405,1870000,1000000
2019-04-18 12:32:20.593000,1.12408,1.12404,2620000,6010000
2019-04-18 12:32:20.746000,1.12408,1.12405,4120000,1000000
2019-04-18 12:32:20.797000,1.12406,1.12403,5620000,3160000
2019-04-18 12:32:20.850000,1.12405,1.12401,1870000,3750000
2019-04-18 12:32:21.025000,1.12406,1.12405,3370000,1870000
2019-04-18 12:32:21.096000,1.12408,1.12406,2320000,1000000
2019-04-18 12:32:21.199000,1.12409,1.12404,3000000,7460000
2019-04-18 12:32:21.748000,1.12409,1.12404,1950000,9560000
2019-04-18 12:32:21.901000,1.12409,1.12405,3200000,2270000
2019-04-18 12:32:22.004000,1.12409,1.12406,1390000,1310000
2019-04-18 12:32:22.124000,1.1241,1.12407,1220000,1250000
2019-04-18 12:32:22.176000,1.12412,1.12408,3560000,1750000
2019-04-18 12:32:22.279000,1.12412,1.12407,4570000,5690000
2019-04-18 12:32:22.381000,1.12412,1.12409,4820000,1000000
2019-04-18 12:32:22.484000,1.12412,1.12408,4500000,1000000
2019-04-18 12:32:22.627000,1.12412,1.12407,3750000,3040000
2019-04-18 12:32:22.811000,1.12411,1.12406,11250000,4200000
2019-04-18 12:32:22.914000,1.12411,1.12405,17590000,4760000
2019-04-18 12:32:23.047000,1.1241,1.12406,8290000,2250000
2019-04-18 12:32:23.160000,1.1241,1.12405,15930000,4500000
2019-04-18 12:32:23.262000,1.12409,1.12405,2250000,1000000
2019-04-18 12:32:23.520000,1.12409,1.12404,3250000,2810000
2019-04-18 12:32:23.825000,1.12409,1.12405,2250000,1000000
2019-04-18 12:32:23.969000,1.12409,1.12406,3450000,1000000
2019-04-18 12:32:24.072000,1.12409,1.12405,2250000,1690000
2019-04-18 12:32:24.390000,1.12409,1.12405,3470000,1120000
2019-04-18 12:32:24.535000,1.12409,1.12405,1500000,3190000
2019-04-18 12:32:24.637000,1.12409,1.12406,1870000,3000000
2019-04-18 12:32:24.740000,1.12409,1.12405,2870000,5140000
2019-04-18 12:32:24.893000,1.12407,1.12405,3190000,1000000
2019-04-18 12:32:24.996000,1.12406,1.12402,2060000,2800000
2019-04-18 12:32:25.105000,1.12406,1.12402,12330000,1540000
2019-04-18 12:32:25.270000,1.12405,1.12402,5020000,1540000
2019-04-18 12:32:25.374000,1.12404,1.124,3000000,4000000
2019-04-18 12:32:25.476000,1.12403,1.124,1500000,4120000
2019-04-18 12:32:25.601000,1.12403,1.12399,2000000,3820000
2019-04-18 12:32:25.755000,1.12403,1.124,2190000,1250000
2019-04-18 12:32:26.010000,1.12403,1.12399,2000000,3000000
2019-04-18 12:32:26.113000,1.12403,1.12399,1120000,3370000
2019-04-18 12:32:26.220000,1.12403,1.124,1120000,1000000
2019-04-18 12:32:26.323000,1.12403,1.12399,7450000,1870000
2019-04-18 12:32:26.468000,1.12401,1.12399,3250000,1000000
2019-04-18 12:32:26.519000,1.12399,1.12397,1690000,6070000
2019-04-18 12:32:26.658000,1.12399,1.12396,1690000,1000000
2019-04-18 12:32:26.864000,1.12399,1.12397,4690000,1120000
2019-04-18 12:32:26.966000,1.12399,1.12396,2910000,1120000
2019-04-18 12:32:27.070000,1.12399,1.12396,1000000,3310000
2019-04-18 12:32:27.211000,1.12399,1.12396,1250000,1870000
2019-04-18 12:32:27.314000,1.12401,1.12396,7510000,5810000
2019-04-18 12:32:27.366000,1.12401,1.12398,2510000,3000000
2019-04-18 12:32:27.469000,1.12399,1.12397,1000000,3450000
2019-04-18 12:32:27.582000,1.12385,1.12383,1200000,3750000
2019-04-18 12:32:27.633000,1.12391,1.12387,7720000,8810000
2019-04-18 12:32:27.736000,1.1239,1.12388,1570000,1500000
2019-04-18 12:32:27.838000,1.12392,1.12388,1600000,3750000
2019-04-18 12:32:28.007000,1.12392,1.12389,1200000,2250000
2019-04-18 12:32:28.113000,1.12394,1.12389,3040000,6250000
2019-04-18 12:32:28.217000,1.12394,1.1239,4540000,2190000
2019-04-18 12:32:28.322000,1.12394,1.1239,4760000,1310000
2019-04-18 12:32:28.472000,1.12394,1.12392,4390000,1500000
