time,ask,bid,ask_volume,bid_volume
2019-08-23 12:25:00.058000,1.33293,1.33281,2850000,1500000
2019-08-23 12:25:00.177000,1.33294,1.33283,1200000,1100000
2019-08-23 12:25:00.280000,1.33295,1.33284,1220000,1500000
2019-08-23 12:25:00.381000,1.33295,1.33285,1000000,1000000
2019-08-23 12:25:00.641000,1.33295,1.33284,1000000,1570000
2019-08-23 12:25:01.148000,1.33295,1.33286,1600000,1000000
2019-08-23 12:25:01.249000,1.33296,1.33286,1500000,1000000
2019-08-23 12:25:01.446000,1.33296,1.33286,2100000,1000000
2019-08-23 12:25:01.548000,1.33296,1.33286,1950000,1000000
2019-08-23 12:25:01.599000,1.33296,1.33284,1950000,1500000
2019-08-23 12:25:02.161000,1.33296,1.33285,1950000,1000000
2019-08-23 12:25:02.266000,1.33295,1.33285,1000000,2250000
2019-08-23 12:25:02.650000,1.33297,1.33292,1000000,1000000
2019-08-23 12:25:02.701000,1.33302,1.33293,2100000,1000000
2019-08-23 12:25:02.752000,1.33302,1.33292,1950000,1000000
2019-08-23 12:25:02.853000,1.33302,1.33293,1950000,1000000
2019-08-23 12:25:04.158000,1.33303,1.33293,1200000,1000000
2019-08-23 12:25:04.260000,1.33304,1.33293,1500000,1500000
2019-08-23 12:25:04.311000,1.33304,1.33296,1200000,1000000
2019-08-23 12:25:04.413000,1.33304,1.33294,1000000,2250000
2019-08-23 12:25:04.514000,1.33304,1.33296,1000000,1000000
2019-08-23 12:25:04.660000,1.33304,1.33293,2100000,1000000
2019-08-23 12:25:04.761000,1.33305,1.33293,1950000,1500000
2019-08-23 12:25:05.124000,1.33306,1.33295,1970000,1000000
2019-08-23 12:25:05.225000,1.33306,1.33295,1950000,1000000
2019-08-23 12:25:05.383000,1.33306,1.33297,1950000,1000000
2019-08-23 12:25:05.434000,1.33305,1.33295,1000000,1000000
2019-08-23 12:25:05.485000,1.33304,1.33293,2320000,1500000
2019-08-23 12:25:05.587000,1.33302,1.33292,1200000,1000000
2019-08-23 12:25:05.739000,1.33303,1.33292,1570000,1000000
2019-08-23 12:25:05.840000,1.33305,1.33294,2470000,1500000
2019-08-23 12:25:05.894000,1.33305,1.33294,1500000,2250000
2019-08-23 12:25:06.070000,1.33303,1.33293,1500000,1000000
2019-08-23 12:25:06.171000,1.333,1.33292,1000000,1000000
2019-08-23 12:25:06.222000,1.33303,1.33293,1220000,1000000
2019-08-23 12:25:06.273000,1.33304,1.33294,1000000,1000000
2019-08-23 12:25:06.841000,1.33304,1.33295,1000000,1000000
2019-08-23 12:25:06.942000,1.33304,1.33294,1000000,1000000
2019-08-23 12:25:07.683000,1.333,1.33289,1500000,1600000
2019-08-23 12:25:07.734000,1.333,1.33288,2700000,1000000
2019-08-23 12:25:07.836000,1.33297,1.33287,1000000,1000000
2019-08-23 12:25:07.937000,1.33298,1.33287,1100000,1500000
2019-08-23 12:25:08.506000,1.33299,1.3329,1600000,1870000
2019-08-23 12:25:08.557000,1.33302,1.33292,1600000,2250000
2019-08-23 12:25:08.659000,1.33304,1.33293,1000000,1000000
2019-08-23 12:25:09.046000,1.33305,1.33293,1950000,1500000
2019-08-23 12:25:09.778000,1.33305,1.33294,1950000,1000000
2019-08-23 12:25:09.930000,1.33305,1.33293,1950000,1000000
2019-08-23 12:25:09.980000,1.33303,1.33292,1100000,2250000
2019-08-23 12:25:10.082000,1.33299,1.33287,1500000,4130000
2019-08-23 12:25:10.183000,1.33298,1.33288,1570000,1000000
2019-08-23 12:25:10.234000,1.333,1.33292,1220000,1000000
2019-08-23 12:25:10.285000,1.33301,1.33292,1000000,1000000
2019-08-23 12:25:10.344000,1.33301,1.33294,1000000,1000000
2019-08-23 12:25:10.445000,1.33304,1.33294,2100000,1000000
2019-08-23 12:25:10.546000,1.33304,1.33295,2100000,1000000
2019-08-23 12:25:10.748000,1.33304,1.33293,2100000,1000000
2019-08-23 12:25:10.850000,1.33304,1.33295,1950000,1000000
2019-08-23 12:25:11.182000,1.33305,1.33295,1570000,1000000
2019-08-23 12:25:12.769000,1.33305,1.33295,1970000,1000000
2019-08-23 12:25:14.556000,1.33305,1.33295,1950000,1000000
2019-08-23 12:25:14.658000,1.33291,1.33287,1000000,1000000
2019-08-23 12:25:14.708000,1.33289,1.33281,1000000,1200000
2019-08-23 12:25:14.759000,1.33289,1.33279,1500000,1500000
2019-08-23 12:25:14.810000,1.33288,1.33281,1000000,1000000
2019-08-23 12:25:14.911000,1.3329,1.33281,1950000,1500000
2019-08-23 12:25:14.962000,1.33291,1.33283,1500000,1000000
2019-08-23 12:25:15.111000,1.33295,1.33286,1500000,1000000
2019-08-23 12:25:15.620000,1.33295,1.33287,1500000,1000000
2019-08-23 12:25:16.260000,1.33295,1.33285,1000000,1000000
2019-08-23 12:25:16.311000,1.33292,1.33283,1500000,1200000
2019-08-23 12:25:16.412000,1.33289,1.33281,1000000,1000000
2019-08-23 12:25:16.514000,1.33289,1.33278,1500000,1950000
2019-08-23 12:25:17.169000,1.33292,1.33281,3220000,1000000
2019-08-23 12:25:17.270000,1.33292,1.33284,1500000,1100000
2019-08-23 12:25:17.371000,1.33291,1.33283,1000000,1200000
2019-08-23 12:25:17.521000,1.33295,1.33285,1970000,1000000
2019-08-23 12:25:17.622000,1.33295,1.33285,1000000,1100000
2019-08-23 12:25:17.774000,1.33295,1.33284,1000000,2700000
2019-08-23 12:25:17.875000,1.33295,1.33284,1000000,2720000
2019-08-23 12:25:18.544000,1.33295,1.33284,1000000,2850000
2019-08-23 12:25:18.645000,1.33295,1.33284,1000000,2850000
2019-08-23 12:25:18.881000,1.33295,1.33284,1000000,1950000
2019-08-23 12:25:18.995000,1.33295,1.33284,1000000,1970000
2019-08-23 12:25:19.096000,1.33295,1.33284,1000000,1950000
2019-08-23 12:25:19.247000,1.33295,1.33284,1000000,2100000
2019-08-23 12:25:19.298000,1.33295,1.33284,1000000,1950000
2019-08-23 12:25:19.450000,1.33295,1.33284,1000000,1970000
2019-08-23 12:25:19.783000,1.33295,1.33284,1000000,1950000
2019-08-23 12:25:20.557000,1.33294,1.33284,1000000,1950000
2019-08-23 12:25:20.759000,1.33292,1.33283,1000000,1220000
2019-08-23 12:25:20.861000,1.33289,1.33279,1000000,1600000
2019-08-23 12:25:20.913000,1.33287,1.33276,1500000,2100000
2019-08-23 12:25:20.963000,1.33287,1.33275,1500000,3100000
2019-08-23 12:25:21.064000,1.33287,1.33275,1500000,2700000
2019-08-23 12:25:21.166000,1.33287,1.33275,1500000,2850000
2019-08-23 12:25:21.468000,1.33287,1.33275,1570000,2850000
2019-08-23 12:25:21.570000,1.33288,1.33278,1220000,1120000
2019-08-23 12:25:21.671000,1.33288,1.33278,1000000,1000000
2019-08-23 12:25:22.391000,1.33287,1.33276,1000000,3070000
2019-08-23 12:25:22.863000,1.33287,1.33276,1000000,3970000
2019-08-23 12:25:23.218000,1.33282,1.33272,1000000,3820000
2019-08-23 12:25:23.319000,1.3328,1.3327,1000000,1950000
2019-08-23 12:25:24.778000,1.33279,1.33269,1500000,2250000
2019-08-23 12:25:25.095000,1.33279,1.33269,1500000,1970000
2019-08-23 12:25:25.600000,1.33279,1.33271,1500000,1000000
2019-08-23 12:25:26.515000,1.33282,1.33273,2100000,1000000
2019-08-23 12:25:26.566000,1.33282,1.33271,1570000,1000000
2019-08-23 12:25:26.855000,1.33282,1.33271,1970000,1000000
2019-08-23 12:25:27.007000,1.33278,1.33271,1000000,1000000
2019-08-23 12:25:27.058000,1.33278,1.33269,1000000,1950000
2019-08-23 12:25:27.371000,1.33278,1.33268,1000000,1570000
2019-08-23 12:25:27.906000,1.33278,1.3327,1000000,1000000
2019-08-23 12:25:28.160000,1.33281,1.33272,1000000,1000000
2019-08-23 12:25:28.312000,1.33285,1.33274,2350000,1120000
2019-08-23 12:25:28.454000,1.33285,1.33274,2250000,1500000
2019-08-23 12:25:28.657000,1.33285,1.33274,2100000,1500000
2019-08-23 12:25:28.758000,1.33285,1.33274,1500000,1500000
2019-08-23 12:25:28.933000,1.33285,1.33276,1200000,1000000
2019-08-23 12:25:28.983000,1.3329,1.33279,1600000,2620000
2019-08-23 12:25:29.084000,1.33287,1.33277,1000000,1600000
2019-08-23 12:25:29.165000,1.33287,1.33278,1000000,1200000
2019-08-23 12:25:29.219000,1.3329,1.33279,1200000,1570000
2019-08-23 12:25:29.320000,1.33291,1.3328,1500000,1600000
2019-08-23 12:25:29.421000,1.33292,1.33281,1500000,1100000
2019-08-23 12:25:30.201000,1.33295,1.33287,1600000,1000000
2019-08-23 12:25:30.326000,1.33295,1.33287,1000000,1000000
2019-08-23 12:25:30.468000,1.33295,1.33288,1000000,1000000
2019-08-23 12:25:30.570000,1.33296,1.33288,1000000,1000000
2019-08-23 12:25:30.678000,1.33297,1.33288,1500000,1000000
2019-08-23 12:25:30.780000,1.33298,1.33289,1500000,1000000
2019-08-23 12:25:30.881000,1.33303,1.33295,1000000,1000000
2019-08-23 12:25:30.993000,1.33303,1.33296,1000000,1000000
2019-08-23 12:25:31.114000,1.33306,1.33298,1450000,1000000
2019-08-23 12:25:31.165000,1.33308,1.333,1120000,1000000
2019-08-23 12:25:31.324000,1.33308,1.333,1450000,1000000
2019-08-23 12:25:31.378000,1.33308,1.33301,1500000,1000000
2019-08-23 12:25:31.429000,1.3331,1.33299,1600000,1500000
2019-08-23 12:25:31.530000,1.33308,1.33297,1000000,1600000
2019-08-23 12:25:31.581000,1.33306,1.33296,1000000,1000000
2019-08-23 12:25:32.044000,1.33306,1.33294,1500000,2700000
2019-08-23 12:25:32.196000,1.33303,1.33294,1000000,1570000
2019-08-23 12:25:32.318000,1.33302,1.3329,1500000,1720000
2019-08-23 12:25:32.420000,1.33301,1.33291,1000000,1100000
2019-08-23 12:25:33.106000,1.33301,1.33289,1570000,1600000
2019-08-23 12:25:33.425000,1.333,1.3329,1000000,1100000
2019-08-23 12:25:33.630000,1.33296,1.33288,1000000,1220000
2019-08-23 12:25:33.733000,1.33296,1.33288,1000000,1000000
2019-08-23 12:25:33.856000,1.33296,1.33286,1500000,1000000
2019-08-23 12:25:34.008000,1.33294,1.33286,1000000,1000000
2019-08-23 12:25:34.159000,1.33296,1.33288,2250000,1000000
2019-08-23 12:25:34.210000,1.33298,1.33289,1500000,1000000
2019-08-23 12:25:34.323000,1.33299,1.33288,1000000,3450000
2019-08-23 12:25:34.374000,1.33297,1.33288,2250000,1220000
2019-08-23 12:25:34.424000,1.33297,1.33286,1500000,1000000
2019-08-23 12:25:34.475000,1.33296,1.33288,1500000,1000000
2019-08-23 12:25:34.576000,1.333,1.33289,2470000,1000000
2019-08-23 12:25:34.627000,1.33302,1.33294,1500000,1000000
2019-08-23 12:25:34.728000,1.33302,1.33292,1970000,1000000
2019-08-23 12:25:34.779000,1.333,1.3329,1000000,1950000
2019-08-23 12:25:34.946000,1.33301,1.3329,1100000,1200000
2019-08-23 12:25:35.234000,1.33304,1.33296,2100000,1000000
2019-08-23 12:25:35.415000,1.33303,1.33294,1500000,1000000
2019-08-23 12:25:35.466000,1.33303,1.33291,1500000,1970000
2019-08-23 12:25:35.568000,1.33303,1.33291,1570000,1000000
2019-08-23 12:25:35.722000,1.333,1.3329,1500000,1220000
2019-08-23 12:25:35.824000,1.33299,1.3329,1000000,1000000
2019-08-23 12:25:35.938000,1.33297,1.33287,1000000,1970000
2019-08-23 12:25:36.040000,1.33295,1.33286,1000000,1100000
2019-08-23 12:25:36.191000,1.33297,1.33287,1000000,1500000
2019-08-23 12:25:36.293000,1.33297,1.33288,1000000,1950000
2019-08-23 12:25:36.394000,1.33298,1.33288,1000000,1200000
2019-08-23 12:25:36.636000,1.33298,1.33288,1000000,1220000
2019-08-23 12:25:36.737000,1.33298,1.33288,1000000,1500000
2019-08-23 12:25:37.181000,1.33298,1.33288,1000000,1220000
2019-08-23 12:25:37.282000,1.33298,1.33288,1000000,1000000
2019-08-23 12:25:38.048000,1.33298,1.33289,1000000,1000000
2019-08-23 12:25:38.194000,1.33301,1.3329,1000000,1500000
2019-08-23 12:25:38.295000,1.33302,1.33291,1000000,1100000
2019-08-23 12:25:38.446000,1.33303,1.33296,1500000,1000000
2019-08-23 12:25:38.816000,1.33303,1.33297,1500000,1000000
2019-08-23 12:25:38.967000,1.33303,1.33296,1500000,1000000
2019-08-23 12:25:40.164000,1.33304,1.33296,1000000,1000000
2019-08-23 12:25:40.316000,1.33303,1.33296,1000000,1000000
2019-08-23 12:25:40.418000,1.33304,1.33296,1000000,1000000
2019-08-23 12:25:40.620000,1.33304,1.33297,1000000,1000000
2019-08-23 12:25:40.864000,1.33304,1.33299,1000000,1000000
2019-08-23 12:25:40.966000,1.33314,1.3331,1000000,1000000
2019-08-23 12:25:41.016000,1.33318,1.33307,1100000,1500000
2019-08-23 12:25:41.117000,1.33318,1.33312,1000000,1000000
2019-08-23 12:25:41.168000,1.33318,1.33308,1000000,1570000
2019-08-23 12:25:41.269000,1.33319,1.33309,1000000,1000000
2019-08-23 12:25:41.370000,1.33319,1.33309,1000000,1600000
2019-08-23 12:25:41.508000,1.33322,1.33312,1570000,1500000
2019-08-23 12:25:41.610000,1.33322,1.33313,1500000,1000000
2019-08-23 12:25:41.711000,1.33322,1.33314,1500000,1000000
2019-08-23 12:25:41.916000,1.33321,1.33313,1500000,1000000
2019-08-23 12:25:42.040000,1.3332,1.33311,1000000,1600000
2019-08-23 12:25:42.142000,1.3332,1.33311,1000000,1000000
2019-08-23 12:25:42.243000,1.3332,1.33312,1000000,1000000
2019-08-23 12:25:42.294000,1.33321,1.33314,1500000,1000000
2019-08-23 12:25:42.657000,1.33321,1.33313,1500000,1000000
2019-08-23 12:25:42.758000,1.33321,1.33314,1500000,1000000
2019-08-23 12:25:42.809000,1.33321,1.33311,1500000,2320000
2019-08-23 12:25:43.380000,1.33322,1.33312,1000000,1500000
2019-08-23 12:25:43.481000,1.33322,1.33312,1000000,2100000
2019-08-23 12:25:43.843000,1.33322,1.33312,1000000,2100000
2019-08-23 12:25:44.410000,1.33322,1.33312,1000000,1570000
2019-08-23 12:25:44.787000,1.33322,1.33313,1000000,1100000
2019-08-23 12:25:44.850000,1.33324,1.33313,1870000,1100000
2019-08-23 12:25:44.951000,1.33325,1.33316,1000000,1000000
2019-08-23 12:25:45.053000,1.33325,1.33314,1000000,1600000
2019-08-23 12:25:45.103000,1.33325,1.33314,1000000,1220000
2019-08-23 12:25:45.204000,1.33325,1.33314,1000000,2100000
2019-08-23 12:25:45.305000,1.33325,1.33314,1000000,1970000
2019-08-23 12:25:45.407000,1.33326,1.33314,1500000,1200000
2019-08-23 12:25:45.565000,1.33325,1.33313,1000000,3220000
2019-08-23 12:25:45.616000,1.33323,1.33313,1000000,1220000
2019-08-23 12:25:45.906000,1.33323,1.33313,1000000,1100000
2019-08-23 12:25:46.381000,1.33324,1.33312,1500000,2700000
2019-08-23 12:25:46.482000,1.33323,1.33312,1000000,2720000
2019-08-23 12:25:46.584000,1.33322,1.33313,1120000,1200000
2019-08-23 12:25:46.685000,1.33322,1.33312,1000000,1000000
2019-08-23 12:25:46.837000,1.33322,1.33314,1000000,1000000
2019-08-23 12:25:47.043000,1.33323,1.33314,1000000,1000000
2019-08-23 12:25:47.303000,1.33327,1.33319,2100000,1000000
2019-08-23 12:25:47.354000,1.33329,1.33321,1950000,1000000
2019-08-23 12:25:47.455000,1.33331,1.33321,1000000,1000000
2019-08-23 12:25:47.506000,1.33331,1.33323,1000000,1000000
2019-08-23 12:25:47.643000,1.33332,1.33324,1000000,1000000
2019-08-23 12:25:47.744000,1.33335,1.33324,3570000,1000000
2019-08-23 12:25:48.048000,1.33337,1.33329,2070000,1000000
2019-08-23 12:25:48.150000,1.33343,1.33331,1720000,1000000
2019-08-23 12:25:48.226000,1.33343,1.33334,1570000,1000000
2019-08-23 12:25:48.329000,1.33346,1.33335,1600000,1000000
2019-08-23 12:25:48.430000,1.33347,1.33338,1100000,1000000
2019-08-23 12:25:48.531000,1.33346,1.33335,2250000,1970000
2019-08-23 12:25:48.582000,1.33344,1.33333,1000000,1570000
2019-08-23 12:25:48.633000,1.33347,1.33335,2470000,1000000
2019-08-23 12:25:48.741000,1.3335,1.33339,1720000,1000000
2019-08-23 12:25:48.795000,1.33351,1.33339,3200000,1000000
2019-08-23 12:25:48.896000,1.33351,1.33341,1870000,1000000
2019-08-23 12:25:49.108000,1.33351,1.33339,1000000,1100000
2019-08-23 12:25:49.613000,1.33351,1.33339,1000000,1220000
2019-08-23 12:25:49.819000,1.33351,1.33339,1000000,1600000
2019-08-23 12:25:50.100000,1.33351,1.33339,1100000,1000000
2019-08-23 12:25:50.312000,1.33351,1.33339,1220000,1500000
2019-08-23 12:25:50.413000,1.33351,1.3334,1100000,1500000
2019-08-23 12:25:51.379000,1.33352,1.33342,1000000,1000000
2019-08-23 12:25:51.531000,1.33355,1.33343,2070000,1500000
2019-08-23 12:25:51.633000,1.33357,1.33347,1000000,1000000
2019-08-23 12:25:51.734000,1.33358,1.33347,1100000,1200000
2019-08-23 12:25:51.876000,1.33353,1.33345,1000000,1600000
2019-08-23 12:25:51.927000,1.33353,1.33344,1000000,1200000
2019-08-23 12:25:52.029000,1.33352,1.33344,1500000,1200000
2019-08-23 12:25:52.130000,1.33354,1.33347,1000000,1000000
2019-08-23 12:25:52.232000,1.33362,1.33353,2200000,1000000
2019-08-23 12:25:52.282000,1.33365,1.33354,1950000,1000000
2019-08-23 12:25:52.333000,1.33365,1.33358,1000000,1000000
2019-08-23 12:25:52.384000,1.3337,1.33358,3220000,1000000
2019-08-23 12:25:52.501000,1.33368,1.33356,1000000,2320000
2019-08-23 12:25:52.703000,1.33368,1.33356,1000000,1970000
2019-08-23 12:25:52.854000,1.33368,1.33356,1000000,1950000
2019-08-23 12:25:52.956000,1.33368,1.33356,1120000,1970000
2019-08-23 12:25:53.057000,1.33368,1.33356,1120000,1570000
2019-08-23 12:25:53.335000,1.33367,1.33356,1000000,1200000
2019-08-23 12:25:53.386000,1.33363,1.33353,1120000,1220000
2019-08-23 12:25:53.487000,1.33363,1.33352,1000000,1970000
2019-08-23 12:25:53.588000,1.33363,1.33352,1000000,2250000
2019-08-23 12:25:53.840000,1.33363,1.33352,1000000,1220000
2019-08-23 12:25:53.994000,1.33361,1.3335,1000000,2850000
2019-08-23 12:25:54.096000,1.33361,1.33349,1950000,1000000
2019-08-23 12:25:54.229000,1.33361,1.3335,1500000,1000000
2019-08-23 12:25:55.046000,1.33359,1.3335,1000000,1100000
2019-08-23 12:25:55.249000,1.33359,1.33349,1000000,1000000
2019-08-23 12:25:55.413000,1.33359,1.33349,1000000,1220000
2019-08-23 12:25:55.799000,1.33359,1.33349,1000000,1200000
2019-08-23 12:25:56.006000,1.33361,1.33349,1870000,1950000
2019-08-23 12:25:56.139000,1.33361,1.33351,1120000,1000000
2019-08-23 12:25:56.240000,1.33364,1.33353,1600000,1000000
2019-08-23 12:25:56.291000,1.33366,1.33355,1500000,1570000
2019-08-23 12:25:56.392000,1.33366,1.33355,1500000,2100000
2019-08-23 12:25:56.493000,1.33366,1.33356,1500000,1200000
2019-08-23 12:25:56.657000,1.33366,1.33356,1500000,1220000
2019-08-23 12:25:56.859000,1.33363,1.33354,1000000,1600000
2019-08-23 12:25:56.962000,1.33366,1.33355,1600000,1000000
2019-08-23 12:25:57.063000,1.33369,1.33357,1100000,1000000
2019-08-23 12:25:57.165000,1.33369,1.33357,1000000,1600000
2019-08-23 12:25:57.315000,1.33369,1.33357,1000000,1200000
2019-08-23 12:25:57.586000,1.33369,1.33357,1120000,1600000
2019-08-23 12:25:58.007000,1.33368,1.33357,1000000,1200000
2019-08-23 12:25:58.128000,1.33367,1.33357,1000000,1000000
2019-08-23 12:25:58.230000,1.33366,1.33357,1000000,1000000
2019-08-23 12:25:58.331000,1.33367,1.33355,1000000,2320000
2019-08-23 12:25:58.616000,1.33367,1.33356,1000000,1000000
2019-08-23 12:25:58.870000,1.33364,1.33354,1000000,2100000
2019-08-23 12:25:58.921000,1.33364,1.33354,1500000,1100000
2019-08-23 12:25:59.022000,1.33366,1.33356,1000000,1000000
2019-08-23 12:25:59.123000,1.33367,1.33357,1000000,1200000
2019-08-23 12:25:59.224000,1.33367,1.33357,1000000,1220000
2019-08-23 12:25:59.365000,1.33371,1.33361,1000000,1100000
2019-08-23 12:25:59.466000,1.33369,1.33359,1000000,2320000
2019-08-23 12:25:59.617000,1.33369,1.33359,1000000,1220000
2019-08-23 12:25:59.820000,1.33369,1.33358,1000000,1950000
2019-08-23 12:25:59.922000,1.33369,1.33358,1000000,2720000
2019-08-23 12:26:00.034000,1.33369,1.33358,1000000,1950000
2019-08-23 12:26:00.136000,1.33369,1.33358,1000000,2100000
2019-08-23 12:26:00.338000,1.33369,1.33358,1000000,1950000
2019-08-23 12:26:00.389000,1.33364,1.33354,1000000,1200000
2019-08-23 12:26:00.499000,1.33365,1.33355,1100000,1000000
2019-08-23 12:26:00.549000,1.33369,1.33356,2620000,2720000
2019-08-23 12:26:00.651000,1.33369,1.33356,2620000,2850000
2019-08-23 12:26:00.753000,1.33369,1.33356,2620000,2850000
2019-08-23 12:26:01.039000,1.33369,1.33356,3070000,2850000
2019-08-23 12:26:01.191000,1.33369,1.33356,2620000,2720000
2019-08-23 12:26:01.292000,1.33369,1.33356,2320000,2700000
2019-08-23 12:26:01.443000,1.33369,1.33356,2250000,2720000
2019-08-23 12:26:01.596000,1.33359,1.33351,1000000,3000000
2019-08-23 12:26:01.697000,1.33359,1.33349,1000000,2850000
2019-08-23 12:26:01.798000,1.33362,1.33351,1000000,1000000
2019-08-23 12:26:01.899000,1.33364,1.33351,1950000,2320000
2019-08-23 12:26:02.109000,1.33364,1.33351,1500000,3470000
2019-08-23 12:26:02.441000,1.33364,1.33352,2070000,1000000
2019-08-23 12:26:03.051000,1.33363,1.3335,1870000,3600000
2019-08-23 12:26:03.102000,1.33359,1.33349,1500000,1950000
2019-08-23 12:26:03.321000,1.33359,1.33347,1500000,2700000
2019-08-23 12:26:03.499000,1.33359,1.33349,1500000,1100000
2019-08-23 12:26:03.657000,1.3336,1.33351,1000000,1000000
2019-08-23 12:26:03.708000,1.33359,1.33349,1500000,1200000
2019-08-23 12:26:03.809000,1.33358,1.33347,1000000,2100000
2019-08-23 12:26:03.910000,1.33357,1.33349,1000000,1000000
2019-08-23 12:26:04.011000,1.33357,1.33347,1000000,1950000
2019-08-23 12:26:04.318000,1.33356,1.33347,1000000,1100000
2019-08-23 12:26:04.419000,1.33349,1.33344,1000000,2100000
2019-08-23 12:26:04.470000,1.33346,1.33341,1000000,2620000
2019-08-23 12:26:04.521000,1.33344,1.33337,1000000,1870000
2019-08-23 12:26:04.625000,1.33344,1.33336,1000000,1000000
2019-08-23 12:26:04.676000,1.33346,1.33339,1500000,1000000
2019-08-23 12:26:04.727000,1.33345,1.33336,1000000,1200000
2019-08-23 12:26:04.778000,1.33342,1.33334,1000000,1000000
2019-08-23 12:26:04.880000,1.33345,1.33334,1000000,1970000
2019-08-23 12:26:04.981000,1.33344,1.33334,1000000,1500000
2019-08-23 12:26:05.184000,1.33343,1.33334,1000000,1570000
2019-08-23 12:26:05.234000,1.33338,1.3333,1000000,1000000
2019-08-23 12:26:05.336000,1.33338,1.3333,1970000,1000000
2019-08-23 12:26:05.386000,1.33334,1.33325,1000000,1500000
2019-08-23 12:26:05.597000,1.33337,1.33326,1100000,1000000
2019-08-23 12:26:05.650000,1.33335,1.33326,1000000,1000000
2019-08-23 12:26:06.205000,1.33336,1.33326,1000000,1000000
2019-08-23 12:26:06.457000,1.33338,1.33328,1600000,1000000
2019-08-23 12:26:06.659000,1.33338,1.33328,1000000,1200000
2019-08-23 12:26:06.769000,1.33338,1.33328,1000000,1220000
2019-08-23 12:26:06.870000,1.33338,1.33328,1000000,1000000
2019-08-23 12:26:07.809000,1.33338,1.33327,1500000,2700000
2019-08-23 12:26:07.910000,1.33338,1.33329,1500000,1000000
2019-08-23 12:26:08.146000,1.3334,1.3333,1950000,1000000
2019-08-23 12:26:08.247000,1.33339,1.3333,1000000,1000000
2019-08-23 12:26:08.726000,1.33334,1.33329,1000000,1600000
2019-08-23 12:26:08.776000,1.33336,1.33327,1500000,1000000
2019-08-23 12:26:08.878000,1.33338,1.33328,2250000,1000000
2019-08-23 12:26:08.979000,1.33338,1.33329,1500000,1000000
2019-08-23 12:26:09.475000,1.33333,1.33325,1000000,1600000
2019-08-23 12:26:09.526000,1.33332,1.33323,1000000,1600000
2019-08-23 12:26:09.628000,1.33331,1.3332,1000000,1970000
2019-08-23 12:26:09.729000,1.3333,1.33319,1000000,2100000
2019-08-23 12:26:09.867000,1.33329,1.33319,1000000,1200000
2019-08-23 12:26:09.918000,1.33327,1.33318,1000000,1220000
2019-08-23 12:26:09.969000,1.33324,1.33314,1000000,1570000
2019-08-23 12:26:10.635000,1.33322,1.33314,1000000,1950000
2019-08-23 12:26:10.908000,1.33329,1.33318,1600000,1000000
2019-08-23 12:26:11.009000,1.33329,1.33319,1000000,1100000
2019-08-23 12:26:11.135000,1.33329,1.33319,1000000,1220000
2019-08-23 12:26:11.185000,1.33325,1.33318,1000000,1100000
2019-08-23 12:26:11.287000,1.33325,1.33316,1000000,1200000
2019-08-23 12:26:11.489000,1.33324,1.33315,1000000,1200000
2019-08-23 12:26:12.697000,1.33325,1.33315,1000000,1570000
2019-08-23 12:26:13.826000,1.33326,1.33318,1100000,1000000
2019-08-23 12:26:13.877000,1.33329,1.33319,1000000,2700000
2019-08-23 12:26:13.979000,1.33329,1.3332,1000000,1000000
2019-08-23 12:26:14.080000,1.33329,1.33319,1000000,2250000
2019-08-23 12:26:14.240000,1.33327,1.33318,1000000,1000000
2019-08-23 12:26:14.372000,1.33325,1.33318,1000000,1000000
2019-08-23 12:26:14.423000,1.33325,1.33315,1000000,2100000
2019-08-23 12:26:14.524000,1.33324,1.33315,1000000,1000000
2019-08-23 12:26:14.947000,1.33322,1.33313,1000000,1600000
2019-08-23 12:26:15.055000,1.33322,1.33313,1000000,1000000
2019-08-23 12:26:15.729000,1.33323,1.33313,1000000,1500000
2019-08-23 12:26:15.830000,1.33327,1.33316,1000000,1970000
2019-08-23 12:26:15.932000,1.33327,1.33318,1000000,1500000
2019-08-23 12:26:16.033000,1.33327,1.33319,1000000,1000000
2019-08-23 12:26:16.213000,1.33327,1.33317,1000000,1220000
2019-08-23 12:26:16.314000,1.33324,1.33316,1000000,1200000
2019-08-23 12:26:16.466000,1.33325,1.33316,1100000,1000000
2019-08-23 12:26:16.567000,1.33328,1.33319,1570000,1000000
2019-08-23 12:26:16.780000,1.33327,1.33318,2250000,1200000
2019-08-23 12:26:16.881000,1.33328,1.33316,2250000,1950000
2019-08-23 12:26:16.932000,1.33326,1.33316,1000000,1200000
2019-08-23 12:26:17.680000,1.33324,1.33316,1000000,1200000
2019-08-23 12:26:17.898000,1.33326,1.33317,1500000,1000000
2019-08-23 12:26:17.999000,1.33326,1.33316,1000000,1100000
2019-08-23 12:26:18.129000,1.33327,1.33317,1200000,2250000
2019-08-23 12:26:18.179000,1.33328,1.33321,1600000,1000000
2019-08-23 12:26:18.230000,1.3333,1.33321,1000000,1000000
2019-08-23 12:26:18.433000,1.3333,1.33323,1000000,1000000
2019-08-23 12:26:18.688000,1.3333,1.33324,1000000,1000000
2019-08-23 12:26:18.739000,1.33333,1.33325,1970000,1000000
2019-08-23 12:26:18.790000,1.33334,1.33326,1000000,1000000
2019-08-23 12:26:18.841000,1.33336,1.33326,1000000,1000000
2019-08-23 12:26:19.067000,1.33336,1.33325,1000000,1500000
2019-08-23 12:26:19.319000,1.33336,1.33325,1000000,1970000
2019-08-23 12:26:19.522000,1.33336,1.33325,1100000,1950000
2019-08-23 12:26:19.678000,1.33336,1.33326,1100000,1000000
2019-08-23 12:26:19.780000,1.33335,1.33326,1000000,1000000
2019-08-23 12:26:19.932000,1.33334,1.33326,1000000,1000000
2019-08-23 12:26:20.033000,1.33334,1.33324,1000000,2320000
2019-08-23 12:26:20.277000,1.33332,1.33324,1000000,1000000
2019-08-23 12:26:20.378000,1.33326,1.3332,1000000,1220000
2019-08-23 12:26:20.429000,1.33326,1.33318,1000000,1000000
2019-08-23 12:26:20.480000,1.33328,1.33316,1000000,2700000
2019-08-23 12:26:20.531000,1.33326,1.33317,1000000,1000000
2019-08-23 12:26:20.632000,1.33324,1.33317,1000000,1000000
2019-08-23 12:26:20.993000,1.33324,1.33318,1000000,1000000
2019-08-23 12:26:21.095000,1.33324,1.33317,1000000,1000000
2019-08-23 12:26:21.417000,1.33324,1.33318,1000000,1000000
2019-08-23 12:26:22.140000,1.33324,1.33317,1000000,1000000
2019-08-23 12:26:22.241000,1.33323,1.33316,1000000,1000000
2019-08-23 12:26:22.342000,1.33323,1.33315,1000000,1000000
2019-08-23 12:26:22.392000,1.33325,1.33315,1000000,1000000
2019-08-23 12:26:23.018000,1.33325,1.33316,1000000,1000000
2019-08-23 12:26:23.548000,1.33327,1.33319,1600000,1000000
2019-08-23 12:26:23.599000,1.33326,1.33317,1000000,1000000
2019-08-23 12:26:23.651000,1.33328,1.33318,1500000,1000000
2019-08-23 12:26:23.753000,1.3333,1.33319,1600000,3000000
2019-08-23 12:26:23.804000,1.3333,1.33319,1000000,2720000
2019-08-23 12:26:23.929000,1.33328,1.33319,1000000,2100000
2019-08-23 12:26:24.030000,1.33328,1.33319,1000000,1500000
2019-08-23 12:26:24.131000,1.33328,1.33317,1500000,2700000
2019-08-23 12:26:24.181000,1.33329,1.3332,1000000,1000000
2019-08-23 12:26:24.232000,1.33331,1.33321,1000000,1000000
2019-08-23 12:26:24.357000,1.33333,1.33322,1000000,1500000
2019-08-23 12:26:24.610000,1.33333,1.33322,1000000,2850000
2019-08-23 12:26:24.711000,1.33333,1.33323,1000000,1000000
2019-08-23 12:26:24.964000,1.3333,1.33319,1000000,2850000
2019-08-23 12:26:25.090000,1.33327,1.33318,1000000,1200000
2019-08-23 12:26:25.193000,1.33328,1.33318,1000000,1970000
2019-08-23 12:26:25.395000,1.3333,1.3332,1000000,1000000
2019-08-23 12:26:25.496000,1.33331,1.3332,1000000,1220000
2019-08-23 12:26:25.799000,1.33332,1.33323,1000000,1000000
2019-08-23 12:26:25.900000,1.33333,1.33323,1500000,1100000
2019-08-23 12:26:26.002000,1.33333,1.33324,1500000,1000000
2019-08-23 12:26:26.567000,1.33333,1.33325,1000000,1000000
2019-08-23 12:26:26.668000,1.33334,1.33325,1000000,1000000
2019-08-23 12:26:26.771000,1.33335,1.33325,1100000,2250000
2019-08-23 12:26:26.903000,1.33335,1.33326,1000000,1220000
2019-08-23 12:26:27.004000,1.33335,1.33324,1000000,2100000
2019-08-23 12:26:27.055000,1.33335,1.33324,1000000,2700000
2019-08-23 12:26:27.359000,1.33335,1.33324,1000000,1220000
2019-08-23 12:26:27.490000,1.33335,1.33324,1000000,2700000
2019-08-23 12:26:27.591000,1.33335,1.33324,1000000,2850000
2019-08-23 12:26:27.692000,1.33335,1.33324,1000000,2850000
2019-08-23 12:26:27.816000,1.33336,1.33324,1100000,2850000
2019-08-23 12:26:28.637000,1.33336,1.33324,1000000,2850000
2019-08-23 12:26:28.821000,1.33337,1.33325,1100000,1000000
2019-08-23 12:26:29.477000,1.33337,1.3333,1000000,1970000
2019-08-23 12:26:29.578000,1.3334,1.3333,1000000,3600000
2019-08-23 12:26:29.629000,1.33342,1.33333,1000000,1000000
2019-08-23 12:26:29.731000,1.3334,1.33332,1000000,1000000
2019-08-23 12:26:29.783000,1.3334,1.3333,1000000,1500000
2019-08-23 12:26:29.884000,1.3334,1.3333,1000000,1970000
2019-08-23 12:26:29.935000,1.33342,1.33332,1000000,1000000
2019-08-23 12:26:30.092000,1.33342,1.33333,1000000,1100000
2019-08-23 12:26:30.143000,1.3334,1.33332,1000000,1220000
2019-08-23 12:26:30.194000,1.33341,1.3333,1500000,1970000
2019-08-23 12:26:30.296000,1.33341,1.3333,1100000,2700000
2019-08-23 12:26:30.397000,1.33341,1.33331,1100000,1000000
2019-08-23 12:26:31.009000,1.33344,1.33332,2100000,1570000
2019-08-23 12:26:31.110000,1.33344,1.33332,1500000,1970000
2019-08-23 12:26:31.312000,1.33344,1.33332,1500000,2320000
2019-08-23 12:26:32.151000,1.33344,1.33332,1570000,2100000
2019-08-23 12:26:33.152000,1.33344,1.33332,1500000,1570000
2019-08-23 12:26:33.380000,1.33344,1.33332,1950000,1220000
2019-08-23 12:26:34.210000,1.33343,1.33332,1000000,2100000
2019-08-23 12:26:34.340000,1.33343,1.33332,1000000,1570000
2019-08-23 12:26:34.676000,1.33343,1.33333,1000000,1000000
2019-08-23 12:26:34.879000,1.33343,1.33332,1500000,2320000
2019-08-23 12:26:35.058000,1.3334,1.33328,2100000,1000000
2019-08-23 12:26:35.162000,1.3334,1.33329,1570000,1500000
2019-08-23 12:26:35.263000,1.33341,1.3333,1500000,1500000
2019-08-23 12:26:35.958000,1.33341,1.33331,1000000,1200000
2019-08-23 12:26:36.617000,1.33342,1.33331,2250000,1500000
2019-08-23 12:26:37.757000,1.33346,1.33337,1600000,1000000
2019-08-23 12:26:37.873000,1.3335,1.33339,1600000,1500000
2019-08-23 12:26:37.975000,1.3335,1.3334,1200000,1000000
2019-08-23 12:26:38.127000,1.33349,1.33339,1000000,1200000
2019-08-23 12:26:38.754000,1.33348,1.33338,1000000,1500000
2019-08-23 12:26:40.519000,1.33346,1.33336,1000000,1200000
2019-08-23 12:26:40.570000,1.33349,1.33338,1570000,1000000
2019-08-23 12:26:41.078000,1.33349,1.33338,1000000,1970000
2019-08-23 12:26:41.179000,1.33353,1.3334,2100000,1200000
2019-08-23 12:26:41.280000,1.33353,1.3334,1950000,3600000
2019-08-23 12:26:41.641000,1.33353,1.33341,1000000,1000000
2019-08-23 12:26:44.428000,1.33351,1.33338,2250000,1600000
2019-08-23 12:26:44.585000,1.33351,1.33338,2850000,1000000
2019-08-23 12:26:44.686000,1.33351,1.33338,2720000,1200000
2019-08-23 12:26:44.787000,1.33351,1.33338,2700000,1000000
2019-08-23 12:26:45.078000,1.33351,1.33338,2720000,1200000
2019-08-23 12:26:45.180000,1.33351,1.33338,2700000,1000000
2019-08-23 12:26:45.230000,1.33346,1.33334,1500000,2100000
2019-08-23 12:26:45.345000,1.33346,1.33333,2720000,2450000
2019-08-23 12:26:45.447000,1.33347,1.33335,1950000,1220000
2019-08-23 12:26:45.599000,1.33347,1.33337,1000000,1000000
2019-08-23 12:26:45.700000,1.3335,1.33337,1000000,1970000
2019-08-23 12:26:45.750000,1.3335,1.3334,1100000,1000000
2019-08-23 12:26:46.368000,1.3335,1.33338,1500000,1220000
2019-08-23 12:26:46.419000,1.33349,1.33337,1500000,1100000
2019-08-23 12:26:46.521000,1.33349,1.33337,2100000,1100000
2019-08-23 12:26:47.059000,1.33347,1.33337,1000000,1000000
2019-08-23 12:26:47.161000,1.33346,1.33335,1000000,1100000
2019-08-23 12:26:47.630000,1.33347,1.33335,1000000,1220000
2019-08-23 12:26:47.966000,1.33351,1.33343,1000000,1000000
2019-08-23 12:26:48.068000,1.33359,1.3335,1100000,1500000
2019-08-23 12:26:48.119000,1.33359,1.3335,1000000,1000000
2019-08-23 12:26:48.170000,1.33362,1.3335,1950000,1000000
2019-08-23 12:26:48.398000,1.33362,1.3335,1000000,1970000
2019-08-23 12:26:48.499000,1.33362,1.3335,1000000,1950000
2019-08-23 12:26:48.601000,1.33362,1.3335,1000000,2100000
2019-08-23 12:26:48.703000,1.33362,1.3335,1000000,2100000
2019-08-23 12:26:48.967000,1.33362,1.3335,1000000,2100000
2019-08-23 12:26:49.169000,1.33362,1.3335,1950000,1000000
2019-08-23 12:26:49.219000,1.3336,1.33349,1000000,1570000
2019-08-23 12:26:49.340000,1.33358,1.33347,1500000,1000000
2019-08-23 12:26:49.442000,1.33361,1.33349,2320000,1000000
2019-08-23 12:26:49.594000,1.3336,1.33349,1000000,1970000
2019-08-23 12:26:49.695000,1.3336,1.33349,1100000,1200000
2019-08-23 12:26:49.797000,1.33361,1.33349,1950000,2250000
2019-08-23 12:26:49.899000,1.33359,1.33349,1000000,1200000
2019-08-23 12:26:49.950000,1.33359,1.33346,1970000,2100000
2019-08-23 12:26:50.178000,1.33358,1.33346,1000000,1570000
2019-08-23 12:26:50.279000,1.33361,1.33348,2850000,1500000
2019-08-23 12:26:50.380000,1.33361,1.3335,1000000,1200000
2019-08-23 12:26:50.863000,1.33362,1.3335,1500000,1100000
2019-08-23 12:26:51.420000,1.33362,1.3335,1570000,1600000
2019-08-23 12:26:51.522000,1.33367,1.33357,1000000,1000000
2019-08-23 12:26:51.674000,1.33367,1.33356,1500000,1100000
2019-08-23 12:26:51.874000,1.33367,1.33355,1570000,1000000
2019-08-23 12:26:51.976000,1.33367,1.33356,2250000,1000000
2019-08-23 12:26:52.248000,1.33363,1.33355,2250000,1000000
2019-08-23 12:26:52.349000,1.33366,1.33356,1000000,1000000
2019-08-23 12:26:52.450000,1.33369,1.33357,2620000,2850000
2019-08-23 12:26:52.757000,1.33368,1.33357,1000000,1570000
2019-08-23 12:26:53.248000,1.33368,1.33357,1000000,1000000
2019-08-23 12:26:53.349000,1.33368,1.33356,2200000,1100000
2019-08-23 12:26:53.467000,1.33363,1.33351,1500000,2850000
2019-08-23 12:26:53.520000,1.33362,1.33348,1120000,1000000
2019-08-23 12:26:53.621000,1.3336,1.33347,1950000,1000000
2019-08-23 12:26:54.407000,1.33357,1.33345,1500000,1200000
2019-08-23 12:26:54.774000,1.33357,1.33345,1220000,1000000
2019-08-23 12:26:54.875000,1.33357,1.33345,2200000,1000000
2019-08-23 12:26:55.128000,1.33358,1.33347,1970000,1000000
2019-08-23 12:26:55.267000,1.3336,1.33349,2100000,1000000
2019-08-23 12:26:55.318000,1.3336,1.33349,1000000,1200000
2019-08-23 12:26:55.420000,1.3336,1.33349,1000000,1970000
2019-08-23 12:26:55.521000,1.3336,1.33349,1000000,1950000
2019-08-23 12:26:55.938000,1.3336,1.33349,1000000,2720000
2019-08-23 12:26:56.361000,1.3336,1.33349,1000000,2700000
2019-08-23 12:26:56.521000,1.3336,1.33349,1000000,2720000
2019-08-23 12:26:56.622000,1.33354,1.33344,1000000,1100000
2019-08-23 12:26:56.724000,1.33352,1.33341,1200000,2320000
2019-08-23 12:26:56.825000,1.33353,1.33341,1100000,1000000
2019-08-23 12:26:57.628000,1.33353,1.33342,1100000,1000000
2019-08-23 12:26:59.487000,1.33352,1.3334,1000000,2100000
2019-08-23 12:26:59.538000,1.33351,1.33339,1000000,1950000
2019-08-23 12:26:59.740000,1.33351,1.33339,1200000,1970000
2019-08-23 12:26:59.943000,1.33349,1.33339,1000000,2320000
2019-08-23 12:27:00.337000,1.3335,1.33339,1000000,2320000
2019-08-23 12:27:00.589000,1.33351,1.33339,1000000,1950000
2019-08-23 12:27:00.763000,1.33351,1.33341,1000000,1000000
2019-08-23 12:27:01.270000,1.33351,1.33341,1000000,1970000
2019-08-23 12:27:01.372000,1.33351,1.33341,1000000,1500000
2019-08-23 12:27:02.190000,1.33351,1.33341,1000000,1970000
2019-08-23 12:27:02.291000,1.33351,1.33341,1000000,1000000
2019-08-23 12:27:02.767000,1.33351,1.3334,1000000,1200000
2019-08-23 12:27:03.511000,1.33352,1.33347,1000000,1000000
2019-08-23 12:27:03.562000,1.33354,1.33348,1000000,1000000
2019-08-23 12:27:03.663000,1.33359,1.33347,1200000,1000000
2019-08-23 12:27:03.764000,1.3336,1.33348,1220000,1950000
2019-08-23 12:27:04.394000,1.33358,1.33348,1000000,1000000
2019-08-23 12:27:04.445000,1.33358,1.33346,1000000,1950000
2019-08-23 12:27:04.496000,1.33356,1.33344,1500000,2100000
2019-08-23 12:27:04.547000,1.33356,1.33343,1970000,2100000
2019-08-23 12:27:04.649000,1.33356,1.33343,1500000,1220000
2019-08-23 12:27:04.750000,1.33356,1.33343,1570000,1200000
2019-08-23 12:27:04.858000,1.33356,1.33343,1500000,1220000
2019-08-23 12:27:04.977000,1.33356,1.33343,1570000,1200000
2019-08-23 12:27:05.992000,1.33356,1.33342,2100000,4350000
2019-08-23 12:27:06.167000,1.33356,1.33342,1950000,4220000
2019-08-23 12:27:06.268000,1.33356,1.33342,1970000,4350000
2019-08-23 12:27:06.470000,1.33356,1.33342,1950000,4220000
2019-08-23 12:27:07.381000,1.33356,1.33344,1220000,1200000
2019-08-23 12:27:07.583000,1.33356,1.33344,1200000,1220000
2019-08-23 12:27:07.684000,1.33356,1.33344,1220000,1200000
2019-08-23 12:27:07.785000,1.33356,1.33344,1200000,1220000
2019-08-23 12:27:07.951000,1.33356,1.33344,1100000,1000000
2019-08-23 12:27:08.406000,1.33355,1.33344,1000000,1100000
2019-08-23 12:27:08.659000,1.33357,1.33344,1970000,1000000
2019-08-23 12:27:09.056000,1.33355,1.33343,1500000,1100000
2019-08-23 12:27:09.157000,1.33354,1.33341,1500000,1600000
2019-08-23 12:27:09.208000,1.33352,1.3334,1000000,2850000
2019-08-23 12:27:09.258000,1.33352,1.3334,1000000,2700000
2019-08-23 12:27:10.417000,1.33351,1.33339,1500000,2720000
2019-08-23 12:27:10.518000,1.33347,1.33335,1000000,2850000
2019-08-23 12:27:10.619000,1.33347,1.33335,1500000,1600000
2019-08-23 12:27:10.721000,1.33347,1.33335,1570000,1000000
2019-08-23 12:27:11.079000,1.33347,1.33334,1200000,2100000
2019-08-23 12:27:13.456000,1.33347,1.33334,1570000,1950000
2019-08-23 12:27:13.575000,1.33347,1.33334,1500000,1970000
2019-08-23 12:27:13.861000,1.33347,1.33334,1970000,2100000
2019-08-23 12:27:14.336000,1.33347,1.33334,1500000,1970000
2019-08-23 12:27:14.794000,1.33346,1.33335,1000000,1100000
2019-08-23 12:27:15.994000,1.33346,1.33335,1000000,1600000
2019-08-23 12:27:16.119000,1.33346,1.33335,1000000,1100000
2019-08-23 12:27:16.524000,1.33346,1.33335,1000000,1220000
2019-08-23 12:27:16.951000,1.33346,1.33335,1000000,1000000
2019-08-23 12:27:17.037000,1.33348,1.33337,1970000,1000000
2019-08-23 12:27:17.138000,1.33342,1.33333,1000000,1600000
2019-08-23 12:27:17.190000,1.33342,1.33331,1000000,1000000
2019-08-23 12:27:17.540000,1.3334,1.33327,1500000,2100000
2019-08-23 12:27:17.642000,1.33339,1.33326,2100000,1970000
2019-08-23 12:27:17.743000,1.33338,1.33326,1200000,1000000
2019-08-23 12:27:17.844000,1.33338,1.33326,1220000,1200000
2019-08-23 12:27:17.946000,1.33338,1.33326,1200000,1000000
2019-08-23 12:27:18.047000,1.33338,1.33326,1220000,1200000
2019-08-23 12:27:18.148000,1.33338,1.33326,1000000,1100000
2019-08-23 12:27:18.899000,1.33338,1.33326,1200000,1220000
2019-08-23 12:27:20.887000,1.33339,1.33326,2720000,1000000
2019-08-23 12:27:21.012000,1.33339,1.33326,1950000,1100000
2019-08-23 12:27:21.513000,1.33337,1.33326,1000000,1100000
2019-08-23 12:27:21.615000,1.33339,1.33327,1600000,1500000
2019-08-23 12:27:21.665000,1.3334,1.33328,1570000,1000000
2019-08-23 12:27:22.697000,1.33338,1.33328,1000000,1000000
2019-08-23 12:27:22.748000,1.33339,1.33326,1100000,1950000
2019-08-23 12:27:23.056000,1.33339,1.33327,1000000,1570000
2019-08-23 12:27:23.157000,1.33339,1.33327,1000000,1970000
2019-08-23 12:27:24.369000,1.33339,1.33327,1000000,1950000
2019-08-23 12:27:24.521000,1.33338,1.33327,1000000,1970000
2019-08-23 12:27:24.622000,1.33339,1.33327,1500000,1950000
2019-08-23 12:27:25.017000,1.33337,1.33327,1000000,1000000
2019-08-23 12:27:25.119000,1.33337,1.33325,1000000,1220000
2019-08-23 12:27:25.429000,1.33339,1.33327,1570000,1000000
2019-08-23 12:27:25.530000,1.33339,1.33328,1500000,1100000
2019-08-23 12:27:25.631000,1.33338,1.33327,1000000,1970000
2019-08-23 12:27:25.732000,1.33341,1.33329,2700000,1000000
2019-08-23 12:27:25.834000,1.3334,1.33327,1100000,2700000
2019-08-23 12:27:25.935000,1.33338,1.33326,1000000,1950000
2019-08-23 12:27:26.036000,1.33335,1.33323,1000000,1950000
2019-08-23 12:27:26.238000,1.33336,1.33323,1570000,1950000
2019-08-23 12:27:26.339000,1.33337,1.33325,1000000,1950000
2019-08-23 12:27:26.686000,1.33336,1.33325,1000000,1200000
2019-08-23 12:27:26.814000,1.33335,1.33323,1200000,1970000
2019-08-23 12:27:26.915000,1.33335,1.33323,1100000,1500000
2019-08-23 12:27:27.016000,1.33339,1.33327,2100000,1500000
2019-08-23 12:27:27.067000,1.33338,1.33327,1970000,1000000
2019-08-23 12:27:27.168000,1.33338,1.33326,1000000,1100000
2019-08-23 12:27:27.658000,1.33338,1.33325,1200000,2850000
2019-08-23 12:27:27.759000,1.33338,1.33325,1000000,2850000
2019-08-23 12:27:27.861000,1.33339,1.33327,1500000,1100000
2019-08-23 12:27:28.181000,1.33338,1.33326,1000000,2100000
2019-08-23 12:27:28.329000,1.33338,1.33328,1000000,1000000
2019-08-23 12:27:28.483000,1.33339,1.33326,1000000,1600000
2019-08-23 12:27:28.584000,1.33342,1.33331,1500000,1000000
2019-08-23 12:27:28.735000,1.33344,1.33331,1000000,3470000
2019-08-23 12:27:28.837000,1.33343,1.33331,1950000,1970000
2019-08-23 12:27:28.989000,1.33342,1.33331,1200000,1100000
2019-08-23 12:27:29.762000,1.33343,1.33331,1570000,1000000
2019-08-23 12:27:29.813000,1.33344,1.33333,1970000,1000000
2019-08-23 12:27:29.922000,1.33344,1.33333,1000000,1000000
2019-08-23 12:27:30.175000,1.33344,1.33333,1000000,1970000
2019-08-23 12:27:30.528000,1.33344,1.33333,1000000,1200000
2019-08-23 12:27:31.820000,1.33342,1.33332,1000000,1950000
2019-08-23 12:27:31.870000,1.33341,1.3333,1500000,1500000
2019-08-23 12:27:32.551000,1.3334,1.3333,1000000,1570000
2019-08-23 12:27:34.332000,1.33344,1.33332,1600000,1500000
2019-08-23 12:27:34.433000,1.33343,1.33332,1000000,2850000
2019-08-23 12:27:34.585000,1.33343,1.33332,1000000,1970000
2019-08-23 12:27:35.164000,1.33343,1.33333,1000000,1220000
2019-08-23 12:27:35.275000,1.33344,1.33333,1000000,2720000
2019-08-23 12:27:35.376000,1.33344,1.33333,1000000,1570000
2019-08-23 12:27:35.478000,1.33344,1.33335,1000000,1000000
2019-08-23 12:27:35.711000,1.33345,1.33335,1000000,1100000
2019-08-23 12:27:35.813000,1.33346,1.33335,1000000,1970000
2019-08-23 12:27:35.914000,1.33347,1.33336,1000000,2250000
2019-08-23 12:27:36.059000,1.33347,1.33336,1000000,2720000
2019-08-23 12:27:36.180000,1.33347,1.33336,1000000,2250000
2019-08-23 12:27:36.281000,1.33347,1.33337,1000000,1220000
2019-08-23 12:27:37.144000,1.33348,1.33336,1000000,2700000
2019-08-23 12:27:37.245000,1.33347,1.33337,1000000,1220000
2019-08-23 12:27:37.296000,1.33343,1.33333,1500000,1000000
2019-08-23 12:27:37.398000,1.33342,1.33332,1000000,1000000
2019-08-23 12:27:37.756000,1.33341,1.33332,1000000,1500000
2019-08-23 12:27:41.165000,1.33342,1.33332,1000000,1000000
2019-08-23 12:27:41.266000,1.33343,1.33332,1000000,1100000
2019-08-23 12:27:43.067000,1.33343,1.33332,1000000,1220000
2019-08-23 12:27:44.057000,1.33345,1.33336,1500000,1500000
2019-08-23 12:27:44.863000,1.33347,1.33337,1500000,1200000
2019-08-23 12:27:45.295000,1.33346,1.33337,1000000,1100000
2019-08-23 12:27:45.403000,1.33346,1.33336,1000000,1000000
2019-08-23 12:27:45.559000,1.33346,1.33335,1000000,1570000
2019-08-23 12:27:46.078000,1.33346,1.33335,1000000,2100000
2019-08-23 12:27:46.179000,1.33346,1.33335,1000000,1570000
2019-08-23 12:27:46.995000,1.33346,1.33336,1000000,1000000
2019-08-23 12:27:47.612000,1.33346,1.33336,1000000,2100000
2019-08-23 12:27:48.088000,1.33346,1.33336,1000000,1100000
2019-08-23 12:27:49.278000,1.33347,1.33338,1000000,1000000
2019-08-23 12:27:49.379000,1.33348,1.3334,1000000,1000000
2019-08-23 12:27:49.430000,1.33348,1.33338,1000000,1950000
2019-08-23 12:27:49.481000,1.33349,1.3334,1000000,1000000
2019-08-23 12:27:51.180000,1.33349,1.33341,1000000,1000000
2019-08-23 12:27:51.281000,1.33349,1.3334,1000000,1100000
2019-08-23 12:27:51.382000,1.33347,1.33339,1000000,1000000
2019-08-23 12:27:51.601000,1.3335,1.33338,2250000,1570000
2019-08-23 12:27:52.091000,1.3335,1.33339,1000000,1000000
2019-08-23 12:27:52.324000,1.33351,1.33339,4200000,1000000
2019-08-23 12:27:52.489000,1.33351,1.33339,4350000,1100000
2019-08-23 12:27:53.694000,1.33351,1.33339,3700000,1100000
2019-08-23 12:27:54.232000,1.3335,1.33339,1950000,1100000
2019-08-23 12:27:54.283000,1.33347,1.33334,1570000,2700000
2019-08-23 12:27:54.384000,1.33347,1.33334,4070000,1200000
2019-08-23 12:27:54.485000,1.33347,1.33332,5100000,1500000
2019-08-23 12:27:55.196000,1.33347,1.33335,3450000,1000000
2019-08-23 12:27:55.298000,1.3335,1.33338,3600000,1000000
2019-08-23 12:27:55.348000,1.3335,1.33338,3700000,1100000
2019-08-23 12:27:55.725000,1.3335,1.33338,3070000,1500000
2019-08-23 12:27:56.261000,1.3335,1.33338,2570000,1500000
2019-08-23 12:27:56.990000,1.33351,1.33342,1100000,1000000
2019-08-23 12:27:57.250000,1.33351,1.33341,1000000,1000000
2019-08-23 12:27:57.497000,1.33352,1.33342,1950000,1000000
2019-08-23 12:27:57.598000,1.33352,1.3334,2690000,1000000
2019-08-23 12:27:57.699000,1.33351,1.3334,1200000,1000000
2019-08-23 12:27:58.315000,1.3335,1.3334,1570000,1000000
2019-08-23 12:27:58.439000,1.3335,1.33338,2570000,1000000
2019-08-23 12:27:58.722000,1.3335,1.33338,2950000,1220000
2019-08-23 12:27:59.308000,1.33349,1.33338,1000000,1000000
2019-08-23 12:27:59.571000,1.33349,1.33338,1000000,1220000
2019-08-23 12:27:59.674000,1.33348,1.33338,1000000,1000000
2019-08-23 12:28:00.642000,1.33348,1.33339,1000000,1000000
2019-08-23 12:28:00.795000,1.33348,1.33338,1000000,1000000
2019-08-23 12:28:00.995000,1.33348,1.33339,1000000,1000000
2019-08-23 12:28:01.198000,1.33352,1.3334,2100000,1500000
2019-08-23 12:28:01.299000,1.33352,1.33341,1500000,1000000
2019-08-23 12:28:01.412000,1.33352,1.3334,1500000,1570000
2019-08-23 12:28:01.514000,1.33351,1.3334,1100000,1950000
2019-08-23 12:28:01.868000,1.3335,1.3334,1000000,1000000
2019-08-23 12:28:04.335000,1.3335,1.3334,1970000,1000000
2019-08-23 12:28:04.803000,1.33349,1.33337,1570000,2850000
2019-08-23 12:28:05.188000,1.33349,1.33337,1500000,1570000
2019-08-23 12:28:05.289000,1.33345,1.33336,1000000,1220000
2019-08-23 12:28:05.410000,1.33343,1.33334,1500000,1600000
2019-08-23 12:28:05.462000,1.33343,1.33331,1500000,1220000
2019-08-23 12:28:05.913000,1.33343,1.33331,2250000,1570000
2019-08-23 12:28:06.745000,1.33343,1.33331,2720000,1000000
2019-08-23 12:28:06.796000,1.3334,1.3333,1000000,1000000
2019-08-23 12:28:07.827000,1.3334,1.3333,1970000,1000000
2019-08-23 12:28:08.018000,1.3334,1.33327,2690000,1600000
2019-08-23 12:28:08.069000,1.33338,1.33327,1500000,1100000
2019-08-23 12:28:08.120000,1.33338,1.33324,2320000,1500000
2019-08-23 12:28:08.221000,1.33336,1.33324,1500000,1100000
2019-08-23 12:28:08.625000,1.33334,1.33322,1120000,1200000
2019-08-23 12:28:09.046000,1.33334,1.33321,2700000,1000000
2019-08-23 12:28:09.147000,1.33334,1.33321,2850000,1000000
2019-08-23 12:28:09.630000,1.33332,1.3332,1200000,1000000
2019-08-23 12:28:11.021000,1.3333,1.33321,1000000,1000000
2019-08-23 12:28:11.325000,1.3333,1.3332,1100000,1000000
2019-08-23 12:28:12.597000,1.33331,1.3332,1570000,1000000
2019-08-23 12:28:13.730000,1.33331,1.33319,2320000,1500000
2019-08-23 12:28:13.831000,1.33331,1.33319,2850000,1570000
2019-08-23 12:28:15.201000,1.33335,1.33324,5850000,1500000
2019-08-23 12:28:15.298000,1.33335,1.33324,3000000,1500000
2019-08-23 12:28:15.349000,1.33338,1.33327,1200000,1570000
2019-08-23 12:28:15.450000,1.33339,1.33327,1950000,1970000
2019-08-23 12:28:15.551000,1.33339,1.33329,1570000,1000000
2019-08-23 12:28:15.818000,1.33337,1.33327,1000000,1100000
2019-08-23 12:28:16.238000,1.33337,1.33325,2320000,1000000
2019-08-23 12:28:16.340000,1.33336,1.33324,1000000,1950000
2019-08-23 12:28:16.441000,1.33335,1.33325,1000000,1000000
2019-08-23 12:28:16.592000,1.33337,1.33325,1570000,1500000
2019-08-23 12:28:16.721000,1.33337,1.33325,1950000,1220000
2019-08-23 12:28:16.822000,1.33336,1.33326,1000000,1000000
2019-08-23 12:28:17.024000,1.33337,1.33327,1000000,1000000
2019-08-23 12:28:17.296000,1.33338,1.33327,1200000,1000000
2019-08-23 12:28:17.951000,1.33338,1.33326,2720000,3450000
2019-08-23 12:28:18.105000,1.33338,1.33326,2700000,1500000
2019-08-23 12:28:18.700000,1.33337,1.33328,1000000,1000000
2019-08-23 12:28:18.801000,1.33338,1.33328,1000000,1100000
2019-08-23 12:28:18.926000,1.33339,1.33328,1000000,1100000
2019-08-23 12:28:20.841000,1.3334,1.33328,2700000,1000000
2019-08-23 12:28:20.958000,1.3334,1.33328,2720000,1000000
2019-08-23 12:28:21.597000,1.33338,1.33328,1000000,1500000
2019-08-23 12:28:23.111000,1.33338,1.3333,1000000,1000000
2019-08-23 12:28:24.332000,1.33339,1.33327,1970000,1950000
2019-08-23 12:28:24.713000,1.33339,1.33327,1000000,1570000
2019-08-23 12:28:24.815000,1.33338,1.33327,1000000,1500000
2019-08-23 12:28:25.612000,1.33338,1.33328,1500000,1000000
2019-08-23 12:28:25.815000,1.33336,1.33326,1500000,2100000
2019-08-23 12:28:25.916000,1.33335,1.33323,1570000,2100000
2019-08-23 12:28:25.967000,1.33333,1.33322,1000000,2850000
2019-08-23 12:28:26.077000,1.33332,1.3332,1500000,1970000
2019-08-23 12:28:26.179000,1.33332,1.33322,1500000,1000000
2019-08-23 12:28:26.280000,1.33331,1.3332,1000000,1000000
2019-08-23 12:28:26.594000,1.3333,1.3332,1000000,1000000
2019-08-23 12:28:26.696000,1.3333,1.33321,1000000,1100000
2019-08-23 12:28:26.747000,1.33332,1.3332,2320000,1220000
2019-08-23 12:28:26.848000,1.33332,1.3332,1570000,1000000
2019-08-23 12:28:28.188000,1.33331,1.3332,1000000,1000000
2019-08-23 12:28:28.623000,1.33331,1.33319,1500000,1570000
2019-08-23 12:28:28.824000,1.33328,1.33319,1000000,1500000
2019-08-23 12:28:28.926000,1.33326,1.33315,1000000,1200000
2019-08-23 12:28:28.977000,1.33326,1.33317,1000000,1000000
2019-08-23 12:28:29.028000,1.33324,1.33312,1100000,1000000
2019-08-23 12:28:29.281000,1.33326,1.33317,1970000,1000000
2019-08-23 12:28:29.382000,1.33325,1.33318,1000000,1000000
2019-08-23 12:28:29.432000,1.33325,1.33316,1000000,1000000
2019-08-23 12:28:30.308000,1.33326,1.33319,1000000,1000000
2019-08-23 12:28:30.359000,1.33326,1.33317,1000000,1000000
2019-08-23 12:28:30.510000,1.33327,1.33317,1570000,1000000
2019-08-23 12:28:31.119000,1.33327,1.33316,1570000,1000000
2019-08-23 12:28:31.264000,1.33327,1.3332,1200000,1000000
2019-08-23 12:28:32.077000,1.33328,1.3332,1100000,1000000
2019-08-23 12:28:32.608000,1.33328,1.33317,1100000,1200000
2019-08-23 12:28:32.906000,1.33327,1.33317,1000000,1200000
2019-08-23 12:28:33.050000,1.33328,1.33317,1000000,1000000
2019-08-23 12:28:33.155000,1.33329,1.33317,2320000,1000000
2019-08-23 12:28:33.567000,1.33334,1.33323,1200000,3750000
2019-08-23 12:28:33.668000,1.33338,1.33327,1100000,1000000
2019-08-23 12:28:33.770000,1.33345,1.33331,2100000,1500000
2019-08-23 12:28:33.848000,1.33345,1.33331,1500000,1500000
2019-08-23 12:28:33.898000,1.33345,1.33333,1500000,1000000
2019-08-23 12:28:33.999000,1.33345,1.33332,1500000,1000000
2019-08-23 12:28:34.375000,1.33345,1.33332,1500000,1220000
2019-08-23 12:28:34.927000,1.33345,1.33332,2320000,1200000
2019-08-23 12:28:35.029000,1.33345,1.33332,2850000,1220000
2019-08-23 12:28:35.421000,1.33345,1.33332,2850000,1200000
2019-08-23 12:28:35.522000,1.33347,1.33338,1000000,1000000
2019-08-23 12:28:35.909000,1.33349,1.33338,1100000,1000000
2019-08-23 12:28:36.288000,1.33351,1.3334,2100000,1000000
2019-08-23 12:28:36.387000,1.33351,1.3334,1570000,1200000
2019-08-23 12:28:37.529000,1.33353,1.33341,2700000,1000000
2019-08-23 12:28:37.681000,1.33353,1.33341,1970000,1200000
2019-08-23 12:28:37.833000,1.33353,1.33341,1950000,1000000
2019-08-23 12:28:38.246000,1.33352,1.33341,1000000,1000000
2019-08-23 12:28:38.348000,1.33352,1.3334,1100000,1000000
2019-08-23 12:28:38.473000,1.33352,1.3334,1600000,1100000
2019-08-23 12:28:38.662000,1.3335,1.3334,1000000,1100000
2019-08-23 12:28:39.186000,1.33348,1.33339,1000000,1220000
2019-08-23 12:28:39.289000,1.33344,1.33335,1600000,1000000
2019-08-23 12:28:39.340000,1.33346,1.33333,2100000,1500000
2019-08-23 12:28:39.441000,1.33346,1.33333,1220000,1000000
2019-08-23 12:28:39.572000,1.33346,1.33334,1200000,1000000
2019-08-23 12:28:39.673000,1.33344,1.33331,1000000,2100000
2019-08-23 12:28:39.774000,1.33341,1.3333,1000000,1600000
2019-08-23 12:28:39.825000,1.33341,1.33329,1100000,1500000
2019-08-23 12:28:39.876000,1.33339,1.33329,1000000,1500000
2019-08-23 12:28:39.977000,1.3334,1.33329,1000000,1500000
2019-08-23 12:28:40.329000,1.3334,1.3333,1000000,1000000
2019-08-23 12:28:43.977000,1.33338,1.3333,1000000,1000000
2019-08-23 12:28:44.375000,1.3334,1.3333,1950000,1000000
2019-08-23 12:28:44.476000,1.3334,1.33329,1950000,1500000
2019-08-23 12:28:45.118000,1.3334,1.33331,1950000,1000000
2019-08-23 12:28:45.341000,1.3334,1.3333,1000000,1000000
2019-08-23 12:28:46.498000,1.3334,1.3333,1970000,1000000
2019-08-23 12:28:47.404000,1.33338,1.33328,1000000,1500000
2019-08-23 12:28:48.764000,1.33341,1.33329,2100000,1500000
2019-08-23 12:28:48.865000,1.33341,1.3333,1500000,1000000
2019-08-23 12:28:49.120000,1.33342,1.3333,1200000,1000000
2019-08-23 12:28:49.247000,1.33343,1.33332,1970000,1000000
2019-08-23 12:28:49.470000,1.33343,1.33332,1950000,1000000
2019-08-23 12:28:49.571000,1.33343,1.33332,1970000,1000000
2019-08-23 12:28:49.754000,1.33343,1.33332,1950000,1000000
2019-08-23 12:28:50.911000,1.33343,1.33333,1100000,1000000
2019-08-23 12:28:51.013000,1.33348,1.33336,2850000,1000000
2019-08-23 12:28:51.214000,1.33347,1.33336,1600000,1000000
2019-08-23 12:28:51.402000,1.33347,1.33336,1600000,1000000
2019-08-23 12:28:51.503000,1.33347,1.33336,1200000,1000000
2019-08-23 12:28:51.554000,1.33347,1.33333,1200000,1220000
2019-08-23 12:28:51.685000,1.33347,1.33333,1220000,1200000
2019-08-23 12:28:54.548000,1.33347,1.33333,1600000,1220000
2019-08-23 12:28:55.698000,1.33347,1.33334,2250000,1200000
2019-08-23 12:28:55.839000,1.33355,1.33342,1570000,1000000
2019-08-23 12:28:55.991000,1.33359,1.33345,1600000,1200000
2019-08-23 12:28:56.042000,1.33359,1.33345,1000000,2100000
2019-08-23 12:28:56.092000,1.3336,1.33346,1570000,1200000
2019-08-23 12:28:56.530000,1.3336,1.33347,1000000,1500000
2019-08-23 12:28:56.775000,1.3336,1.33347,1200000,2220000
2019-08-23 12:28:56.877000,1.3336,1.33347,1200000,1000000
2019-08-23 12:28:56.978000,1.3336,1.33347,1600000,2200000
2019-08-23 12:28:57.266000,1.3336,1.33347,2100000,1200000
2019-08-23 12:28:58.583000,1.3336,1.33347,2100000,1220000
2019-08-23 12:29:00.056000,1.3336,1.33347,2970000,1200000
2019-08-23 12:29:00.107000,1.33359,1.33345,2250000,1500000
2019-08-23 12:29:00.157000,1.33359,1.33344,3850000,1100000
2019-08-23 12:29:00.259000,1.33358,1.33343,2250000,1000000
2019-08-23 12:29:00.360000,1.33358,1.33343,3600000,1100000
2019-08-23 12:29:00.461000,1.33358,1.33343,3600000,1000000
2019-08-23 12:29:01.152000,1.33358,1.33347,1000000,1100000
2019-08-23 12:29:01.253000,1.3336,1.33347,2100000,1100000
2019-08-23 12:29:01.304000,1.3336,1.33347,1950000,1100000
2019-08-23 12:29:02.288000,1.3336,1.33347,2950000,1100000
2019-08-23 12:29:03.216000,1.33357,1.33347,1000000,1000000
2019-08-23 12:29:03.358000,1.3336,1.33347,1970000,1000000
2019-08-23 12:29:03.637000,1.3336,1.33347,1950000,1100000
2019-08-23 12:29:04,1.3336,1.33347,2100000,1200000
2019-08-23 12:29:04.101000,1.33352,1.33343,1000000,1000000
2019-08-23 12:29:04.152000,1.33352,1.33341,1000000,1000000
2019-08-23 12:29:04.253000,1.33352,1.3334,1100000,1000000
2019-08-23 12:29:04.416000,1.33352,1.33339,1200000,1570000
2019-08-23 12:29:04.521000,1.33352,1.3334,1200000,1000000
2019-08-23 12:29:05.440000,1.33352,1.33342,1950000,1000000
2019-08-23 12:29:07.436000,1.33351,1.33342,1000000,1000000
2019-08-23 12:29:07.648000,1.33351,1.33341,1200000,1000000
2019-08-23 12:29:07.870000,1.33347,1.33338,1000000,1600000
2019-08-23 12:29:07.971000,1.33347,1.33338,1000000,1000000
2019-08-23 12:29:08.814000,1.33345,1.33336,1000000,1000000
2019-08-23 12:29:08.918000,1.33345,1.33335,1000000,1100000
2019-08-23 12:29:09.020000,1.33344,1.33332,1000000,1600000
2019-08-23 12:29:09.689000,1.33344,1.33331,1100000,2850000
2019-08-23 12:29:09.869000,1.33342,1.33331,1000000,2850000
2019-08-23 12:29:11.041000,1.33342,1.33331,1000000,2100000
2019-08-23 12:29:11.548000,1.33342,1.33331,1000000,2100000
2019-08-23 12:29:11.750000,1.33342,1.33331,1000000,2100000
2019-08-23 12:29:12.826000,1.33338,1.33331,1000000,1000000
2019-08-23 12:29:12.876000,1.33337,1.33329,1000000,1000000
2019-08-23 12:29:12.927000,1.33338,1.33327,1100000,1500000
2019-08-23 12:29:12.978000,1.33334,1.33322,1000000,1600000
2019-08-23 12:29:13.079000,1.33333,1.33324,1000000,1000000
2019-08-23 12:29:13.180000,1.33334,1.33322,1000000,2720000
2019-08-23 12:29:16.162000,1.33334,1.33323,1000000,1220000
2019-08-23 12:29:16.263000,1.33334,1.33323,1000000,1200000
2019-08-23 12:29:16.373000,1.33333,1.33323,1000000,1950000
2019-08-23 12:29:16.474000,1.33335,1.33325,1000000,1100000
2019-08-23 12:29:16.575000,1.33335,1.33325,1000000,1220000
2019-08-23 12:29:17.035000,1.33335,1.33325,1000000,1600000
2019-08-23 12:29:17.352000,1.33337,1.33325,1000000,1600000
2019-08-23 12:29:17.762000,1.33337,1.33326,1000000,1600000
2019-08-23 12:29:17.913000,1.33336,1.33326,1000000,1600000
2019-08-23 12:29:18.037000,1.33336,1.33325,1000000,1970000
2019-08-23 12:29:18.439000,1.33338,1.33325,1000000,1970000
2019-08-23 12:29:18.594000,1.33336,1.33325,1000000,1200000
2019-08-23 12:29:18.747000,1.33336,1.33325,1000000,1220000
2019-08-23 12:29:18.925000,1.33337,1.33326,1000000,1100000
2019-08-23 12:29:19.826000,1.33339,1.33328,1200000,1100000
2019-08-23 12:29:28.810000,1.3334,1.33327,1200000,1570000
2019-08-23 12:29:29.330000,1.3334,1.33327,1220000,1500000
2019-08-23 12:29:30.064000,1.3334,1.33327,1600000,1000000
2019-08-23 12:29:30.288000,1.3334,1.33327,2100000,1000000
2019-08-23 12:29:30.723000,1.3334,1.33327,2100000,1000000
2019-08-23 12:29:32.431000,1.33331,1.33323,1200000,1080000
2019-08-23 12:29:32.481000,1.33331,1.33319,1200000,1970000
2019-08-23 12:29:32.582000,1.33331,1.33319,2850000,1000000
2019-08-23 12:29:33.423000,1.33331,1.33319,2100000,1500000
2019-08-23 12:29:33.524000,1.33323,1.33311,1100000,2100000
2019-08-23 12:29:33.576000,1.33323,1.33308,2850000,1100000
2019-08-23 12:29:33.681000,1.33321,1.33307,1600000,1500000
2019-08-23 12:29:33.782000,1.33321,1.33308,2100000,1000000
2019-08-23 12:29:33.883000,1.33321,1.33307,2100000,1000000
2019-08-23 12:29:34.046000,1.33319,1.33307,1600000,1000000
2019-08-23 12:29:34.556000,1.33317,1.33307,1100000,1000000
2019-08-23 12:29:34.607000,1.33317,1.33303,1700000,1970000
2019-08-23 12:29:34.658000,1.33319,1.33305,1500000,1000000
2019-08-23 12:29:34.709000,1.33313,1.33299,1000000,1000000
2019-08-23 12:29:34.811000,1.33315,1.33299,1600000,1720000
2019-08-23 12:29:34.912000,1.33315,1.33299,1600000,1720000
2019-08-23 12:29:35.016000,1.33315,1.33299,1600000,1720000
2019-08-23 12:29:35.067000,1.33313,1.33297,1500000,1000000
2019-08-23 12:29:35.118000,1.33311,1.33297,1000000,1000000
2019-08-23 12:29:35.219000,1.33309,1.33293,2100000,1220000
2019-08-23 12:29:35.320000,1.33312,1.33296,1600000,1500000
2019-08-23 12:29:35.371000,1.33311,1.33296,1000000,1000000
2019-08-23 12:29:35.990000,1.33315,1.33298,1000000,1500000
2019-08-23 12:29:36.091000,1.33316,1.33298,1000000,1500000
2019-08-23 12:29:36.243000,1.33316,1.33299,4350000,1000000
2019-08-23 12:29:36.344000,1.33315,1.33298,1600000,1100000
2019-08-23 12:29:36.446000,1.33316,1.33299,2100000,1000000
2019-08-23 12:29:36.496000,1.33316,1.33299,1100000,1000000
2019-08-23 12:29:37.188000,1.33316,1.33299,1000000,1500000
2019-08-23 12:29:37.303000,1.33323,1.33306,2850000,1100000
2019-08-23 12:29:37.404000,1.33323,1.33306,1600000,1600000
2019-08-23 12:29:37.556000,1.33324,1.33306,2100000,1500000
2019-08-23 12:29:37.782000,1.33322,1.33305,1600000,1000000
2019-08-23 12:29:37.908000,1.33319,1.33304,1600000,1100000
2019-08-23 12:29:38.010000,1.33319,1.33304,1600000,1000000
2019-08-23 12:29:38.121000,1.33319,1.33304,1600000,1100000
2019-08-23 12:29:39.052000,1.3332,1.33304,1600000,1000000
2019-08-23 12:29:39.154000,1.3332,1.33304,1600000,1100000
2019-08-23 12:29:40.008000,1.33322,1.33307,1600000,1000000
2019-08-23 12:29:40.109000,1.33324,1.33307,1600000,1000000
2019-08-23 12:29:40.854000,1.33324,1.33307,1000000,1500000
2019-08-23 12:29:41.662000,1.33321,1.33303,1600000,1000000
2019-08-23 12:29:41.772000,1.33316,1.33301,1600000,1600000
2019-08-23 12:29:41.823000,1.33318,1.333,1600000,1220000
2019-08-23 12:29:42.063000,1.33318,1.333,1600000,1600000
2019-08-23 12:29:42.114000,1.33323,1.33305,1600000,1500000
2019-08-23 12:29:42.165000,1.33324,1.33306,2100000,1000000
2019-08-23 12:29:42.266000,1.33324,1.33307,1600000,1500000
2019-08-23 12:29:42.684000,1.33324,1.33307,1600000,1500000
2019-08-23 12:29:43.471000,1.33324,1.33307,1600000,1500000
2019-08-23 12:29:43.576000,1.33324,1.33307,1600000,1500000
2019-08-23 12:29:44.256000,1.3333,1.33312,1600000,1200000
2019-08-23 12:29:44.307000,1.33331,1.33315,1500000,1000000
2019-08-23 12:29:44.358000,1.33332,1.33316,2100000,1000000
2019-08-23 12:29:44.408000,1.33333,1.33316,1100000,1000000
2019-08-23 12:29:44.637000,1.33333,1.33318,1000000,1000000
2019-08-23 12:29:44.840000,1.33333,1.33318,1600000,1000000
2019-08-23 12:29:45.515000,1.33336,1.33313,1720000,1600000
2019-08-23 12:29:45.566000,1.33339,1.33313,2370000,2250000
2019-08-23 12:29:46.228000,1.33335,1.33308,2750000,1120000
2019-08-23 12:29:46.279000,1.33332,1.33308,1570000,1120000
2019-08-23 12:29:46.403000,1.33332,1.33304,2650000,2370000
2019-08-23 12:29:46.532000,1.33333,1.33304,1900000,1620000
2019-08-23 12:29:46.633000,1.33321,1.33295,1000000,1000000
2019-08-23 12:29:46.735000,1.33323,1.33295,1970000,2000000
2019-08-23 12:29:46.787000,1.33323,1.33295,3370000,1500000
2019-08-23 12:29:46.838000,1.33325,1.33296,1000000,1500000
2019-08-23 12:29:46.939000,1.33329,1.33294,1500000,2750000
2019-08-23 12:29:47.480000,1.33331,1.33296,2100000,1500000
2019-08-23 12:29:47.530000,1.33331,1.33305,2100000,1500000
2019-08-23 12:29:47.800000,1.33332,1.33304,3600000,1500000
2019-08-23 12:29:47.901000,1.33332,1.33304,3570000,1050000
2019-08-23 12:29:49.034000,1.33332,1.3331,1500000,1500000
2019-08-23 12:29:49.085000,1.33341,1.3331,3020000,2100000
2019-08-23 12:29:49.187000,1.33343,1.3331,2370000,2100000
2019-08-23 12:29:49.412000,1.33343,1.3331,3120000,2100000
2019-08-23 12:29:49.663000,1.33341,1.3331,3470000,2170000
2019-08-23 12:29:50.063000,1.3334,1.33311,1500000,2100000
2019-08-23 12:29:50.165000,1.33338,1.33305,1000000,1500000
2019-08-23 12:29:50.267000,1.33331,1.333,1000000,1000000
2019-08-23 12:29:50.377000,1.33331,1.33295,1000000,1000000
2019-08-23 12:29:50.792000,1.33333,1.3331,1500000,1000000
2019-08-23 12:29:50.930000,1.33339,1.33313,1000000,2250000
2019-08-23 12:29:51.034000,1.33328,1.33304,1000000,1600000
2019-08-23 12:29:51.085000,1.33324,1.33301,1000000,1000000
2019-08-23 12:29:51.136000,1.33324,1.33303,1000000,1500000
2019-08-23 12:29:51.187000,1.33328,1.33299,1000000,1000000
2019-08-23 12:29:51.288000,1.33333,1.33301,1050000,1000000
2019-08-23 12:29:51.440000,1.33324,1.33301,1000000,1000000
2019-08-23 12:29:51.490000,1.33324,1.33295,1000000,1000000
2019-08-23 12:29:51.717000,1.33323,1.33295,1000000,1000000
2019-08-23 12:29:52.444000,1.33323,1.33296,1000000,1000000
2019-08-23 12:29:53.028000,1.33324,1.33296,1000000,1000000
2019-08-23 12:29:53.160000,1.33325,1.33296,1000000,1000000
2019-08-23 12:29:53.307000,1.33325,1.33295,1000000,1500000
2019-08-23 12:29:53.535000,1.33325,1.33295,1000000,1500000
2019-08-23 12:29:54.355000,1.33325,1.33296,1000000,1500000
2019-08-23 12:29:54.405000,1.33324,1.33295,1000000,1000000
2019-08-23 12:29:54.525000,1.33324,1.33295,1000000,1050000
2019-08-23 12:29:54.576000,1.33324,1.33296,1500000,1000000
2019-08-23 12:29:55.111000,1.33324,1.33301,1000000,1500000
2019-08-23 12:29:55.162000,1.33327,1.33301,1000000,1500000
2019-08-23 12:29:56.238000,1.33327,1.33301,1000000,1900000
2019-08-23 12:29:56.988000,1.33327,1.333,1000000,2250000
2019-08-23 12:29:57.368000,1.33327,1.333,1000000,2250000
2019-08-23 12:29:58.325000,1.33324,1.33301,1000000,1500000
2019-08-23 12:29:59.517000,1.33324,1.333,1000000,1000000
2019-08-23 12:29:59.618000,1.33324,1.33299,1000000,1000000
2019-08-23 12:30:00.176000,1.33331,1.33299,1000000,1000000
2019-08-23 12:30:00.227000,1.33331,1.33301,1000000,1000000
2019-08-23 12:30:00.369000,1.33331,1.33302,1000000,1000000
2019-08-23 12:30:00.661000,1.33329,1.33303,1000000,1000000
2019-08-23 12:30:00.817000,1.33309,1.33223,750000,750000
2019-08-23 12:30:00.920000,1.33177,1.33132,750000,1000000
2019-08-23 12:30:00.971000,1.33144,1.331,1000000,1870000
2019-08-23 12:30:01.072000,1.33127,1.33089,1120000,1000000
2019-08-23 12:30:01.174000,1.33108,1.33089,1000000,1000000
2019-08-23 12:30:01.276000,1.33097,1.33074,1000000,1350000
2019-08-23 12:30:01.333000,1.33097,1.33087,1000000,1000000
2019-08-23 12:30:01.383000,1.33112,1.33087,1120000,1000000
2019-08-23 12:30:01.434000,1.33108,1.33074,1000000,1510000
2019-08-23 12:30:01.536000,1.33121,1.33091,1500000,1120000
2019-08-23 12:30:01.638000,1.33124,1.33084,2250000,1000000
2019-08-23 12:30:01.689000,1.33111,1.33084,1000000,1000000
2019-08-23 12:30:01.812000,1.3311,1.33085,1000000,1000000
2019-08-23 12:30:01.913000,1.33105,1.33088,1000000,1000000
2019-08-23 12:30:01.964000,1.33097,1.33072,1500000,1800000
2019-08-23 12:30:02.015000,1.33089,1.33075,1000000,1500000
2019-08-23 12:30:02.066000,1.33093,1.3307,1000000,1620000
2019-08-23 12:30:02.166000,1.33093,1.3307,1000000,1000000
2019-08-23 12:30:02.217000,1.33095,1.3307,1000000,1000000
2019-08-23 12:30:02.287000,1.33093,1.3307,1000000,1000000
2019-08-23 12:30:02.388000,1.33089,1.33072,1000000,1000000
2019-08-23 12:30:02.439000,1.33091,1.33066,1000000,1120000
2019-08-23 12:30:02.489000,1.33092,1.33073,1000000,1000000
2019-08-23 12:30:02.590000,1.33093,1.33073,1000000,1500000
2019-08-23 12:30:02.641000,1.33102,1.33073,1000000,2020000
2019-08-23 12:30:02.742000,1.33106,1.33065,1500000,2020000
2019-08-23 12:30:02.817000,1.3309,1.33073,750000,1120000
2019-08-23 12:30:02.870000,1.33082,1.33063,1000000,1000000
2019-08-23 12:30:02.921000,1.33082,1.3306,1000000,1000000
2019-08-23 12:30:02.972000,1.33082,1.33057,1000000,2750000
2019-08-23 12:30:03.022000,1.33084,1.33061,1000000,1500000
2019-08-23 12:30:03.123000,1.33101,1.33085,1500000,1000000
2019-08-23 12:30:03.174000,1.33101,1.33083,1500000,1000000
2019-08-23 12:30:03.225000,1.33103,1.33083,1000000,1000000
2019-08-23 12:30:03.378000,1.33104,1.33083,1120000,1000000
2019-08-23 12:30:03.428000,1.33106,1.33085,1500000,1000000
2019-08-23 12:30:03.529000,1.33113,1.33085,1400000,1000000
2019-08-23 12:30:03.631000,1.33102,1.33085,1000000,1000000
2019-08-23 12:30:03.733000,1.33124,1.331,1120000,1870000
2019-08-23 12:30:03.783000,1.33124,1.3311,370000,1000000
2019-08-23 12:30:03.834000,1.33139,1.33124,1000000,1000000
2019-08-23 12:30:03.968000,1.33151,1.3314,1500000,1000000
2019-08-23 12:30:04.019000,1.33151,1.33131,1500000,1000000
2019-08-23 12:30:04.069000,1.33171,1.33153,1500000,1000000
2019-08-23 12:30:04.171000,1.33164,1.33153,2000000,1000000
2019-08-23 12:30:04.273000,1.33162,1.33143,2000000,1000000
2019-08-23 12:30:04.324000,1.33164,1.3314,1500000,1500000
2019-08-23 12:30:04.415000,1.33172,1.3314,2000000,1500000
2019-08-23 12:30:04.466000,1.33173,1.33145,1870000,1000000
2019-08-23 12:30:04.567000,1.33185,1.33148,1520000,1500000
2019-08-23 12:30:04.668000,1.33172,1.33152,1000000,1120000
2019-08-23 12:30:04.719000,1.33184,1.33152,1000000,1120000
2019-08-23 12:30:04.770000,1.33173,1.33154,1000000,1000000
2019-08-23 12:30:04.821000,1.33214,1.33173,1000000,1000000
2019-08-23 12:30:04.872000,1.33215,1.33178,1500000,1600000
2019-08-23 12:30:04.973000,1.33216,1.33183,1500000,1000000
2019-08-23 12:30:05.089000,1.33207,1.3318,1970000,1000000
2019-08-23 12:30:05.140000,1.33196,1.33169,1000000,1000000
2019-08-23 12:30:05.241000,1.33196,1.33166,1000000,1000000
2019-08-23 12:30:05.393000,1.33196,1.33183,1000000,1000000
2019-08-23 12:30:05.494000,1.33195,1.33176,1000000,1000000
2019-08-23 12:30:05.546000,1.33206,1.3317,1110000,1500000
2019-08-23 12:30:05.665000,1.33204,1.3317,1500000,1500000
2019-08-23 12:30:05.766000,1.33204,1.33169,1870000,1500000
2019-08-23 12:30:05.867000,1.332,1.33171,1500000,1000000
2019-08-23 12:30:05.968000,1.332,1.33169,2250000,1000000
2019-08-23 12:30:06.018000,1.33193,1.33169,1500000,1000000
2019-08-23 12:30:06.146000,1.33188,1.33168,1000000,1000000
2019-08-23 12:30:06.247000,1.33194,1.33172,1000000,1000000
2019-08-23 12:30:06.369000,1.33205,1.33176,1000000,1500000
2019-08-23 12:30:06.420000,1.33202,1.33175,1000000,1000000
2019-08-23 12:30:06.521000,1.33206,1.33187,1000000,1500000
2019-08-23 12:30:06.572000,1.3322,1.33187,1000000,2370000
2019-08-23 12:30:06.622000,1.33217,1.33187,1000000,2370000
2019-08-23 12:30:06.724000,1.33206,1.33189,1500000,1000000
2019-08-23 12:30:06.825000,1.33203,1.33182,1000000,1400000
2019-08-23 12:30:06.875000,1.33216,1.33187,1000000,2250000
2019-08-23 12:30:06.926000,1.33213,1.33187,1000000,2250000
2019-08-23 12:30:07.027000,1.33215,1.3319,1500000,1120000
2019-08-23 12:30:07.078000,1.33227,1.33196,1000000,2000000
2019-08-23 12:30:07.179000,1.33229,1.33202,1000000,1000000
2019-08-23 12:30:07.303000,1.33236,1.33208,1000000,1000000
2019-08-23 12:30:07.404000,1.33241,1.33212,1000000,2100000
2019-08-23 12:30:07.455000,1.33249,1.33222,1000000,1800000
2019-08-23 12:30:07.556000,1.33249,1.33224,1500000,1000000
2019-08-23 12:30:07.796000,1.33249,1.33231,1000000,1000000
2019-08-23 12:30:07.846000,1.33266,1.33237,1500000,1500000
2019-08-23 12:30:07.897000,1.33263,1.33232,1000000,1000000
2019-08-23 12:30:07.948000,1.33262,1.33228,1000000,1500000
2019-08-23 12:30:08.049000,1.33262,1.33225,2250000,1400000
2019-08-23 12:30:08.150000,1.33262,1.33244,1500000,1870000
2019-08-23 12:30:08.251000,1.33261,1.33233,1500000,1000000
2019-08-23 12:30:08.365000,1.33256,1.33233,1000000,1000000
2019-08-23 12:30:08.415000,1.33255,1.33221,1500000,2270000
2019-08-23 12:30:08.767000,1.33242,1.33213,1000000,1400000
2019-08-23 12:30:08.868000,1.33234,1.33207,1500000,1500000
2019-08-23 12:30:08.970000,1.33232,1.33203,1500000,1600000
2019-08-23 12:30:09.074000,1.33232,1.33202,1000000,1600000
2019-08-23 12:30:09.175000,1.33223,1.33196,1500000,1000000
2019-08-23 12:30:09.276000,1.33223,1.33196,1000000,1500000
2019-08-23 12:30:09.377000,1.3323,1.33198,1000000,1620000
2019-08-23 12:30:09.428000,1.33232,1.33198,1000000,1620000
2019-08-23 12:30:09.529000,1.33231,1.33198,1500000,1120000
2019-08-23 12:30:09.635000,1.33231,1.33199,1000000,1000000
2019-08-23 12:30:09.736000,1.33231,1.3322,1000000,1500000
2019-08-23 12:30:09.786000,1.33242,1.33219,1000000,1500000
2019-08-23 12:30:09.837000,1.33244,1.33219,1000000,1500000
2019-08-23 12:30:09.938000,1.33244,1.33218,1000000,1000000
2019-08-23 12:30:10.040000,1.33251,1.33217,1000000,1000000
2019-08-23 12:30:10.142000,1.33252,1.33216,1000000,1500000
2019-08-23 12:30:10.216000,1.33251,1.33223,1000000,1120000
2019-08-23 12:30:10.317000,1.33252,1.33224,1500000,1500000
2019-08-23 12:30:10.418000,1.33251,1.33224,1000000,1500000
2019-08-23 12:30:10.519000,1.33249,1.33224,1000000,1000000
2019-08-23 12:30:10.569000,1.33249,1.33222,1000000,1000000
2019-08-23 12:30:10.671000,1.33248,1.33225,1000000,1000000
2019-08-23 12:30:10.771000,1.33247,1.33221,1000000,1520000
2019-08-23 12:30:10.888000,1.33248,1.3322,1000000,3150000
2019-08-23 12:30:10.990000,1.33247,1.3322,1000000,1500000
2019-08-23 12:30:11.041000,1.33249,1.33224,1000000,1500000
2019-08-23 12:30:11.142000,1.33249,1.33225,1000000,1000000
2019-08-23 12:30:11.192000,1.33251,1.33225,1500000,1000000
2019-08-23 12:30:11.293000,1.33251,1.33224,1500000,2250000
2019-08-23 12:30:11.395000,1.33251,1.33236,1000000,1000000
2019-08-23 12:30:11.446000,1.33252,1.33229,1000000,1500000
2019-08-23 12:30:11.560000,1.3326,1.33232,1500000,2000000
2019-08-23 12:30:11.662000,1.33261,1.33237,1000000,1000000
2019-08-23 12:30:11.864000,1.33261,1.33239,1000000,1500000
2019-08-23 12:30:11.915000,1.33264,1.33239,1000000,2250000
2019-08-23 12:30:11.966000,1.33261,1.33245,1000000,1000000
2019-08-23 12:30:12.017000,1.33263,1.33245,1000000,1000000
2019-08-23 12:30:12.169000,1.33262,1.33245,1000000,1000000
2019-08-23 12:30:12.292000,1.33262,1.33242,1000000,2400000
2019-08-23 12:30:12.395000,1.33263,1.33242,1000000,2400000
2019-08-23 12:30:12.446000,1.33265,1.33244,1000000,1120000
2019-08-23 12:30:12.547000,1.33263,1.33243,1600000,1000000
2019-08-23 12:30:12.598000,1.33262,1.33244,1000000,1000000
2019-08-23 12:30:12.648000,1.33258,1.3324,1000000,1900000
2019-08-23 12:30:12.749000,1.33256,1.3324,1000000,1900000
2019-08-23 12:30:12.871000,1.33255,1.3324,1000000,1400000
2019-08-23 12:30:12.922000,1.33252,1.33234,1000000,1500000
2019-08-23 12:30:13.023000,1.33254,1.33238,1000000,1000000
2019-08-23 12:30:13.176000,1.33252,1.33234,1000000,1000000
2019-08-23 12:30:13.335000,1.33244,1.33226,1000000,1000000
2019-08-23 12:30:13.468000,1.33243,1.33225,1000000,1000000
2019-08-23 12:30:13.569000,1.33241,1.33223,1000000,1000000
2019-08-23 12:30:13.771000,1.33246,1.3323,1000000,1000000
2019-08-23 12:30:13.822000,1.33248,1.3323,1000000,1000000
2019-08-23 12:30:14.243000,1.3325,1.33232,1000000,1000000
2019-08-23 12:30:14.345000,1.33247,1.33232,1000000,1000000
2019-08-23 12:30:14.446000,1.33249,1.33233,1500000,1000000
2019-08-23 12:30:14.681000,1.33249,1.33235,1500000,1000000
2019-08-23 12:30:15.045000,1.33245,1.33235,1000000,1000000
2019-08-23 12:30:15.095000,1.33247,1.33236,1000000,1000000
2019-08-23 12:30:15.290000,1.33246,1.33237,1000000,1000000
2019-08-23 12:30:15.600000,1.33242,1.33233,1500000,1120000
2019-08-23 12:30:15.650000,1.33242,1.33227,1500000,1000000
2019-08-23 12:30:15.701000,1.33242,1.33229,1000000,1000000
2019-08-23 12:30:17.244000,1.33247,1.33236,1000000,1000000
2019-08-23 12:30:17.346000,1.33247,1.33236,1000000,1220000
2019-08-23 12:30:17.497000,1.3324,1.33226,1000000,1500000
2019-08-23 12:30:17.548000,1.33238,1.33226,1000000,1000000
2019-08-23 12:30:17.862000,1.33238,1.33234,1000000,1000000
2019-08-23 12:30:17.913000,1.33245,1.33235,1950000,1000000
2019-08-23 12:30:17.964000,1.33245,1.33231,1500000,1600000
2019-08-23 12:30:18.065000,1.33245,1.3323,2250000,1000000
2019-08-23 12:30:18.178000,1.33245,1.33231,1000000,1000000
2019-08-23 12:30:18.645000,1.33248,1.33237,1000000,1100000
2019-08-23 12:30:19.127000,1.33248,1.33237,1000000,1600000
2019-08-23 12:30:19.525000,1.33253,1.33239,1000000,1600000
2019-08-23 12:30:19.575000,1.33248,1.33236,1000000,1620000
2019-08-23 12:30:19.676000,1.33248,1.33236,1200000,1220000
2019-08-23 12:30:19.784000,1.33248,1.33239,1100000,1000000
2019-08-23 12:30:19.835000,1.3325,1.33239,1000000,2850000
2019-08-23 12:30:19.886000,1.33248,1.33238,1000000,1000000
2019-08-23 12:30:20.296000,1.33253,1.33242,2100000,1000000
2019-08-23 12:30:20.398000,1.33248,1.33238,1000000,1220000
2019-08-23 12:30:20.510000,1.33248,1.33238,1000000,1200000
2019-08-23 12:30:20.712000,1.33246,1.33238,1000000,1200000
2019-08-23 12:30:20.872000,1.33247,1.33238,1000000,1000000
2019-08-23 12:30:20.979000,1.33247,1.3324,1000000,1000000
2019-08-23 12:30:21.411000,1.33241,1.33234,1000000,1230000
2019-08-23 12:30:21.512000,1.3324,1.33229,1000000,1000000
2019-08-23 12:30:21.613000,1.33241,1.33229,1000000,1000000
2019-08-23 12:30:21.715000,1.33241,1.33229,2200000,1200000
2019-08-23 12:30:21.765000,1.33239,1.33226,1500000,1000000
2019-08-23 12:30:21.866000,1.33239,1.33226,2720000,1000000
2019-08-23 12:30:21.968000,1.33239,1.33226,2970000,1000000
2019-08-23 12:30:22.229000,1.33239,1.33226,2720000,1200000
2019-08-23 12:30:22.438000,1.33239,1.33226,2700000,1220000
2019-08-23 12:30:22.603000,1.33239,1.33226,2700000,1000000
2019-08-23 12:30:22.754000,1.33239,1.33226,2720000,1000000
2019-08-23 12:30:23.073000,1.33239,1.33227,1600000,1000000
2019-08-23 12:30:23.174000,1.33238,1.33223,1500000,1000000
2019-08-23 12:30:23.225000,1.33238,1.33225,2500000,1000000
2019-08-23 12:30:23.327000,1.33238,1.33225,1600000,1000000
2019-08-23 12:30:23.377000,1.33238,1.33225,1600000,1000000
2019-08-23 12:30:23.595000,1.33238,1.33224,1600000,1050000
2019-08-23 12:30:23.861000,1.33238,1.33224,1600000,1050000
2019-08-23 12:30:23.962000,1.33231,1.33219,1500000,1400000
2019-08-23 12:30:24.063000,1.33226,1.33212,1500000,1000000
2019-08-23 12:30:24.205000,1.33221,1.33204,1000000,1400000
2019-08-23 12:30:24.265000,1.33222,1.33205,1000000,3250000
2019-08-23 12:30:24.367000,1.33223,1.33206,1000000,1000000
2019-08-23 12:30:25.058000,1.33223,1.33211,1600000,1500000
2019-08-23 12:30:25.210000,1.33225,1.33211,1600000,1500000
2019-08-23 12:30:25.995000,1.33227,1.33218,1600000,1000000
2019-08-23 12:30:26.046000,1.33227,1.33218,1000000,1000000
2019-08-23 12:30:26.150000,1.33227,1.33216,1000000,1200000
2019-08-23 12:30:26.302000,1.33231,1.33218,1600000,1000000
2019-08-23 12:30:26.353000,1.33227,1.33218,1000000,1500000
2019-08-23 12:30:26.404000,1.33231,1.33218,1000000,1970000
2019-08-23 12:30:26.606000,1.33231,1.33219,1200000,1970000
2019-08-23 12:30:27.075000,1.33235,1.33221,2700000,1970000
2019-08-23 12:30:27.176000,1.33234,1.3322,1000000,1000000
2019-08-23 12:30:27.379000,1.33235,1.33221,2250000,1000000
2019-08-23 12:30:27.480000,1.33234,1.3322,1500000,1000000
2019-08-23 12:30:27.581000,1.3322,1.33214,1000000,1950000
2019-08-23 12:30:27.682000,1.33217,1.33207,1100000,1500000
2019-08-23 12:30:27.733000,1.33215,1.33207,1500000,1000000
2019-08-23 12:30:27.825000,1.33215,1.33203,1100000,1500000
2019-08-23 12:30:27.876000,1.33218,1.33206,1600000,1000000
2019-08-23 12:30:27.926000,1.3322,1.33206,1000000,1000000
2019-08-23 12:30:28.134000,1.33219,1.33206,1000000,1000000
2019-08-23 12:30:28.185000,1.33224,1.33212,1500000,1000000
2019-08-23 12:30:28.235000,1.33222,1.33209,2250000,1000000
2019-08-23 12:30:28.678000,1.33223,1.33209,1000000,1000000
2019-08-23 12:30:28.930000,1.33223,1.3321,1500000,1000000
2019-08-23 12:30:29.031000,1.33224,1.3321,1000000,1000000
2019-08-23 12:30:29.191000,1.33225,1.33211,1000000,1000000
2019-08-23 12:30:29.292000,1.33223,1.33211,1000000,1000000
2019-08-23 12:30:29.343000,1.33223,1.33209,1000000,1000000
2019-08-23 12:30:29.445000,1.33225,1.33209,1000000,1000000
2019-08-23 12:30:29.596000,1.33225,1.33208,2250000,1000000
2019-08-23 12:30:29.698000,1.33224,1.33208,1000000,1000000
2019-08-23 12:30:30.097000,1.33224,1.3321,1000000,1000000
2019-08-23 12:30:30.640000,1.33225,1.33209,2250000,1000000
2019-08-23 12:30:31.067000,1.33225,1.33213,1000000,1000000
2019-08-23 12:30:31.168000,1.33219,1.33213,1000000,1300000
2019-08-23 12:30:31.270000,1.33219,1.3321,1000000,1300000
2019-08-23 12:30:31.320000,1.33219,1.3321,1000000,1000000
2019-08-23 12:30:31.371000,1.33217,1.33206,1000000,1220000
2019-08-23 12:30:31.615000,1.33217,1.33206,1000000,1100000
2019-08-23 12:30:31.738000,1.33206,1.33197,1200000,1120000
2019-08-23 12:30:31.840000,1.33201,1.33189,1000000,1600000
2019-08-23 12:30:31.942000,1.33201,1.33194,1000000,1000000
2019-08-23 12:30:32.093000,1.33204,1.33194,1220000,1000000
2019-08-23 12:30:32.194000,1.33204,1.33194,1200000,1000000
2019-08-23 12:30:32.745000,1.33204,1.33194,1220000,1000000
2019-08-23 12:30:32.796000,1.33207,1.33194,1600000,1000000
2019-08-23 12:30:32.897000,1.33201,1.3319,1220000,1000000
2019-08-23 12:30:32.998000,1.33202,1.33193,1000000,1000000
2019-08-23 12:30:33.049000,1.33206,1.33193,2100000,1500000
2019-08-23 12:30:33.169000,1.33206,1.33193,2100000,1950000
2019-08-23 12:30:33.320000,1.33207,1.33193,1500000,1500000
2019-08-23 12:30:33.371000,1.33213,1.33204,2250000,1000000
2019-08-23 12:30:33.422000,1.33208,1.33198,1000000,1000000
2019-08-23 12:30:33.473000,1.33206,1.33193,1200000,3600000
2019-08-23 12:30:33.574000,1.33207,1.33193,2100000,1500000
2019-08-23 12:30:33.675000,1.33206,1.33193,1600000,1970000
2019-08-23 12:30:33.776000,1.33206,1.33193,1970000,1500000
2019-08-23 12:30:34.041000,1.33203,1.33193,1600000,1000000
2019-08-23 12:30:34.173000,1.33201,1.33191,1220000,1000000
2019-08-23 12:30:34.274000,1.33199,1.33191,1000000,1000000
2019-08-23 12:30:34.426000,1.332,1.33191,2250000,1000000
2019-08-23 12:30:34.729000,1.33199,1.33191,1000000,1000000
2019-08-23 12:30:35.274000,1.33199,1.33189,1000000,1000000
2019-08-23 12:30:35.384000,1.332,1.33189,1500000,1000000
2019-08-23 12:30:35.486000,1.33203,1.3319,1000000,1000000
2019-08-23 12:30:35.562000,1.332,1.33189,1100000,1000000
2019-08-23 12:30:35.663000,1.33199,1.33189,1000000,1000000
2019-08-23 12:30:36.409000,1.332,1.33185,1220000,2100000
2019-08-23 12:30:36.459000,1.33199,1.33188,1100000,1000000
2019-08-23 12:30:36.581000,1.33199,1.33188,1600000,1000000
2019-08-23 12:30:36.683000,1.33202,1.33189,1200000,1570000
2019-08-23 12:30:36.835000,1.33201,1.33189,1000000,1570000
2019-08-23 12:30:37.040000,1.332,1.33189,1000000,1500000
2019-08-23 12:30:37.142000,1.33201,1.3319,1000000,1000000
2019-08-23 12:30:37.518000,1.332,1.3319,1200000,1000000
2019-08-23 12:30:37.569000,1.33205,1.33192,1600000,1000000
2019-08-23 12:30:37.620000,1.33203,1.33193,1200000,1000000
2019-08-23 12:30:37.733000,1.33204,1.33193,1200000,1100000
2019-08-23 12:30:37.886000,1.33205,1.33192,1100000,1200000
2019-08-23 12:30:37.937000,1.33207,1.33194,2100000,1500000
2019-08-23 12:30:38.039000,1.33207,1.33199,1100000,1000000
2019-08-23 12:30:38.090000,1.33209,1.33199,1000000,1000000
2019-08-23 12:30:38.509000,1.3321,1.332,1220000,1000000
2019-08-23 12:30:38.610000,1.3321,1.332,1000000,1000000
2019-08-23 12:30:38.711000,1.3321,1.33199,1000000,1000000
2019-08-23 12:30:39.014000,1.3321,1.33199,1000000,1970000
2019-08-23 12:30:39.305000,1.33214,1.3321,1000000,1000000
2019-08-23 12:30:39.383000,1.33208,1.33198,1000000,1520000
2019-08-23 12:30:39.434000,1.3321,1.33197,1000000,1520000
2019-08-23 12:30:39.485000,1.33208,1.33197,1000000,1000000
2019-08-23 12:30:39.586000,1.33209,1.33197,2100000,1000000
2019-08-23 12:30:39.687000,1.33209,1.33196,2100000,1000000
2019-08-23 12:30:39.788000,1.33209,1.33196,2100000,1000000
2019-08-23 12:30:40.037000,1.33209,1.33196,2100000,1000000
2019-08-23 12:30:40.237000,1.33208,1.33197,1000000,1000000
2019-08-23 12:30:40.288000,1.33207,1.33197,1600000,1000000
2019-08-23 12:30:40.389000,1.33207,1.33197,1600000,1000000
2019-08-23 12:30:40.490000,1.33207,1.33197,1000000,1000000
2019-08-23 12:30:40.591000,1.33208,1.33199,1000000,1000000
2019-08-23 12:30:40.642000,1.33208,1.33197,1220000,1000000
2019-08-23 12:30:40.743000,1.33208,1.33196,2100000,1000000
2019-08-23 12:30:40.968000,1.33208,1.33196,2100000,1000000
2019-08-23 12:30:41.496000,1.33208,1.33196,1000000,1000000
2019-08-23 12:30:41.547000,1.33209,1.33199,1000000,1000000
2019-08-23 12:30:41.597000,1.33209,1.33197,1000000,1200000
2019-08-23 12:30:43.615000,1.3321,1.33202,1000000,1000000
2019-08-23 12:30:44.061000,1.3321,1.33202,1000000,1220000
2019-08-23 12:30:44.163000,1.33215,1.33206,1000000,1000000
2019-08-23 12:30:45.538000,1.33216,1.33206,1000000,1000000
2019-08-23 12:30:45.589000,1.33221,1.33213,1000000,1000000
2019-08-23 12:30:45.690000,1.33223,1.33213,1500000,1000000
2019-08-23 12:30:45.943000,1.33225,1.33213,1000000,1000000
2019-08-23 12:30:48.780000,1.33226,1.33215,1000000,1000000
2019-08-23 12:30:49.122000,1.33227,1.33215,1500000,1000000
2019-08-23 12:30:49.227000,1.33228,1.33218,1000000,1100000
2019-08-23 12:30:49.328000,1.33225,1.33218,1000000,1000000
2019-08-23 12:30:49.605000,1.33226,1.33218,1000000,1000000
2019-08-23 12:30:49.722000,1.33227,1.33218,1000000,1000000
2019-08-23 12:30:49.874000,1.33226,1.33218,1000000,1000000
2019-08-23 12:30:50.296000,1.33226,1.33217,1000000,1100000
2019-08-23 12:30:50.397000,1.33224,1.33218,1000000,1000000
2019-08-23 12:30:50.448000,1.33226,1.33218,1000000,1000000
2019-08-23 12:30:50.669000,1.33225,1.33218,1000000,1000000
2019-08-23 12:30:50.770000,1.33227,1.33218,1000000,1000000
2019-08-23 12:30:50.972000,1.33228,1.33219,1000000,1000000
2019-08-23 12:30:51.074000,1.33229,1.3322,1000000,1000000
2019-08-23 12:30:51.175000,1.33227,1.33221,1000000,1000000
2019-08-23 12:30:51.226000,1.33228,1.33218,1000000,1200000
2019-08-23 12:30:51.434000,1.33231,1.33222,1000000,1000000
2019-08-23 12:30:51.484000,1.33233,1.33223,1500000,1000000
2019-08-23 12:30:51.535000,1.33235,1.33223,1100000,1000000
2019-08-23 12:30:51.738000,1.33233,1.33227,1000000,1000000
2019-08-23 12:30:51.839000,1.33234,1.33227,1000000,1000000
2019-08-23 12:30:51.941000,1.33234,1.33225,1000000,1000000
2019-08-23 12:30:52.100000,1.33234,1.33226,1000000,1000000
2019-08-23 12:30:52.353000,1.33235,1.33226,1000000,1000000
2019-08-23 12:30:52.404000,1.33236,1.33228,1000000,1000000
2019-08-23 12:30:52.506000,1.33234,1.33228,1000000,1000000
2019-08-23 12:30:53.877000,1.33236,1.33227,1000000,1000000
2019-08-23 12:30:53.927000,1.3324,1.33234,1500000,1000000
2019-08-23 12:30:53.978000,1.33244,1.33236,1500000,1000000
2019-08-23 12:30:54.029000,1.33246,1.33235,1000000,1000000
2019-08-23 12:30:54.130000,1.33246,1.33234,1000000,1200000
2019-08-23 12:30:54.180000,1.33244,1.33236,1000000,1000000
2019-08-23 12:30:54.332000,1.33245,1.33236,1000000,1000000
2019-08-23 12:30:54.809000,1.33242,1.33236,1000000,1000000
2019-08-23 12:30:56.421000,1.33247,1.33236,1000000,1000000
2019-08-23 12:30:56.900000,1.33246,1.33235,1000000,1000000
2019-08-23 12:30:57.002000,1.33247,1.33236,1500000,1000000
2019-08-23 12:30:57.052000,1.33247,1.33239,1000000,1000000
2019-08-23 12:30:57.254000,1.3325,1.33239,1000000,1220000
2019-08-23 12:30:57.389000,1.33251,1.33241,1000000,1200000
2019-08-23 12:30:57.762000,1.33251,1.3324,1000000,1200000
2019-08-23 12:30:58.117000,1.33254,1.33243,1000000,1500000
2019-08-23 12:30:58.235000,1.33262,1.33256,2250000,1000000
2019-08-23 12:30:58.288000,1.33271,1.3326,1000000,1000000
2019-08-23 12:30:58.389000,1.33272,1.3326,1000000,1000000
2019-08-23 12:30:58.674000,1.3327,1.33259,1000000,1000000
2019-08-23 12:31:00.056000,1.3327,1.3326,1000000,1000000
2019-08-23 12:31:00.107000,1.33272,1.33259,1000000,1500000
2019-08-23 12:31:00.242000,1.33276,1.33263,1000000,1000000
2019-08-23 12:31:00.343000,1.33274,1.33262,1000000,1000000
2019-08-23 12:31:01.746000,1.33274,1.3326,2320000,1200000
2019-08-23 12:31:01.847000,1.33274,1.3326,1000000,1600000
2019-08-23 12:31:02.174000,1.33274,1.3326,1000000,1200000
2019-08-23 12:31:02.899000,1.33274,1.3326,1000000,1220000
2019-08-23 12:31:03.454000,1.33272,1.33261,1000000,1100000
2019-08-23 12:31:03.912000,1.33271,1.33261,1000000,1000000
2019-08-23 12:31:04.206000,1.33273,1.33263,1220000,1000000
2019-08-23 12:31:04.307000,1.33272,1.33262,1000000,1600000
2019-08-23 12:31:04.408000,1.33274,1.33264,1600000,1000000
2019-08-23 12:31:04.541000,1.33274,1.33264,1200000,1000000
2019-08-23 12:31:04.592000,1.33274,1.33267,1000000,1000000
2019-08-23 12:31:04.693000,1.33274,1.33268,1000000,1000000
2019-08-23 12:31:04.794000,1.33274,1.33267,1000000,1000000
2019-08-23 12:31:05.264000,1.33269,1.3326,1000000,1600000
2019-08-23 12:31:05.366000,1.33269,1.3326,1000000,1000000
2019-08-23 12:31:05.467000,1.33267,1.33258,1000000,1100000
2019-08-23 12:31:05.568000,1.33265,1.33255,1000000,1600000
2019-08-23 12:31:05.718000,1.33265,1.33254,1000000,1000000
2019-08-23 12:31:05.989000,1.33265,1.33254,1220000,1000000
2019-08-23 12:31:06.040000,1.33262,1.33252,1000000,1000000
2019-08-23 12:31:06.293000,1.33263,1.33252,1100000,1000000
2019-08-23 12:31:06.646000,1.33264,1.33252,1200000,1000000
2019-08-23 12:31:06.768000,1.33264,1.33252,1600000,1000000
2019-08-23 12:31:07.105000,1.33263,1.33253,1200000,1000000
2019-08-23 12:31:07.358000,1.33264,1.33256,1600000,1000000
2019-08-23 12:31:07.459000,1.33264,1.33256,1100000,1000000
2019-08-23 12:31:07.686000,1.33265,1.33256,1100000,1000000
2019-08-23 12:31:07.818000,1.33265,1.33255,1100000,1000000
2019-08-23 12:31:07.919000,1.33264,1.33255,1200000,1000000
2019-08-23 12:31:08.024000,1.33265,1.33255,1200000,1000000
2019-08-23 12:31:08.175000,1.33265,1.33255,1220000,1000000
2019-08-23 12:31:08.327000,1.33266,1.33256,1600000,1000000
2019-08-23 12:31:08.509000,1.33266,1.33256,1100000,1000000
2019-08-23 12:31:08.743000,1.33264,1.33256,1000000,1000000
2019-08-23 12:31:08.794000,1.33266,1.33255,1200000,1000000
2019-08-23 12:31:08.895000,1.33266,1.33255,1220000,1000000
2019-08-23 12:31:09.206000,1.33265,1.33257,1000000,1000000
2019-08-23 12:31:09.307000,1.33266,1.33257,1200000,1000000
2019-08-23 12:31:09.408000,1.33267,1.33258,1200000,1000000
2019-08-23 12:31:09.510000,1.3327,1.33261,1600000,1000000
2019-08-23 12:31:09.657000,1.33268,1.33261,1000000,1000000
2019-08-23 12:31:09.893000,1.33267,1.33261,1000000,1000000
2019-08-23 12:31:10.771000,1.33274,1.33266,1000000,1000000
2019-08-23 12:31:10.873000,1.33274,1.33265,1100000,1000000
2019-08-23 12:31:10.990000,1.33273,1.33265,1000000,1000000
2019-08-23 12:31:11.204000,1.33274,1.33267,1100000,1000000
2019-08-23 12:31:11.305000,1.33275,1.33267,1000000,1000000
2019-08-23 12:31:11.457000,1.33281,1.33271,2700000,1000000
2019-08-23 12:31:11.537000,1.33276,1.33268,1000000,1100000
2019-08-23 12:31:11.840000,1.33276,1.33267,1000000,2320000
2019-08-23 12:31:11.992000,1.33275,1.33267,1000000,2250000
2019-08-23 12:31:12.297000,1.33275,1.33268,1000000,1000000
2019-08-23 12:31:12.398000,1.33275,1.33267,1000000,1500000
2019-08-23 12:31:12.566000,1.33275,1.33269,1000000,1000000
2019-08-23 12:31:12.717000,1.33275,1.3327,1000000,1000000
2019-08-23 12:31:12.768000,1.33275,1.33267,1000000,1570000
2019-08-23 12:31:13.086000,1.33275,1.33268,1000000,1000000
2019-08-23 12:31:13.326000,1.33275,1.33267,1000000,1950000
2019-08-23 12:31:13.401000,1.33275,1.33269,1000000,1000000
2019-08-23 12:31:13.578000,1.33275,1.33268,1000000,1000000
2019-08-23 12:31:13.736000,1.33277,1.33268,1000000,1500000
2019-08-23 12:31:13.837000,1.33278,1.33269,1000000,1000000
2019-08-23 12:31:14.088000,1.33278,1.3327,1000000,1000000
2019-08-23 12:31:14.378000,1.33278,1.33268,1000000,1100000
2019-08-23 12:31:14.479000,1.33278,1.33267,1000000,1500000
2019-08-23 12:31:15.129000,1.33278,1.33269,1500000,1000000
2019-08-23 12:31:15.281000,1.33277,1.33269,1000000,1000000
2019-08-23 12:31:15.382000,1.33277,1.33268,1000000,1500000
2019-08-23 12:31:15.566000,1.33275,1.33268,1000000,1500000
2019-08-23 12:31:15.666000,1.33274,1.33266,1000000,1000000
2019-08-23 12:31:15.717000,1.33276,1.33268,1000000,1000000
2019-08-23 12:31:15.818000,1.33276,1.33266,1000000,1100000
2019-08-23 12:31:16.070000,1.33277,1.33266,1000000,1000000
2019-08-23 12:31:18.108000,1.33277,1.33267,1000000,1000000
2019-08-23 12:31:18.340000,1.33278,1.33267,1200000,1000000
2019-08-23 12:31:19.652000,1.33279,1.33267,1950000,1500000
2019-08-23 12:31:19.753000,1.33279,1.33268,1100000,1000000
2019-08-23 12:31:19.862000,1.33279,1.33269,1100000,1000000
2019-08-23 12:31:20.993000,1.33276,1.33266,1000000,1220000
2019-08-23 12:31:21.044000,1.33279,1.33266,1600000,1970000
2019-08-23 12:31:21.359000,1.33277,1.33266,1000000,1220000
2019-08-23 12:31:22.497000,1.33277,1.33268,1000000,1100000
2019-08-23 12:31:23.684000,1.33275,1.33266,1000000,1000000
2019-08-23 12:31:23.735000,1.33277,1.33266,2250000,1000000
2019-08-23 12:31:23.837000,1.33277,1.33266,2850000,1000000
2019-08-23 12:31:23.888000,1.33277,1.33266,2850000,1000000
2019-08-23 12:31:24.035000,1.33278,1.33266,2100000,1000000
2019-08-23 12:31:24.136000,1.33278,1.33266,1600000,1000000
2019-08-23 12:31:24.237000,1.33278,1.33266,1220000,1200000
2019-08-23 12:31:24.676000,1.33278,1.33266,1200000,1000000
2019-08-23 12:31:26.317000,1.33278,1.33266,1220000,1000000
2019-08-23 12:31:28.713000,1.33278,1.33268,1600000,1000000
2019-08-23 12:31:28.763000,1.33279,1.33269,1000000,1220000
2019-08-23 12:31:28.865000,1.33282,1.33271,1100000,1000000
2019-08-23 12:31:28.967000,1.33283,1.33274,1100000,1000000
2019-08-23 12:31:29.170000,1.33288,1.33279,1100000,1000000
2019-08-23 12:31:29.271000,1.33291,1.33279,2100000,1000000
2019-08-23 12:31:29.372000,1.33291,1.33282,1200000,1000000
2019-08-23 12:31:33.028000,1.33292,1.33282,1200000,1000000
2019-08-23 12:31:34.218000,1.33293,1.33282,1600000,1000000
2019-08-23 12:31:34.997000,1.33293,1.33282,1200000,1000000
2019-08-23 12:31:35.819000,1.333,1.33296,2250000,1000000
2019-08-23 12:31:35.870000,1.33305,1.33295,1600000,1000000
2019-08-23 12:31:35.921000,1.33307,1.33296,2850000,1000000
2019-08-23 12:31:36.022000,1.33308,1.33296,2100000,1000000
2019-08-23 12:31:36.123000,1.33308,1.33296,1600000,1000000
2019-08-23 12:31:36.174000,1.33307,1.33296,1600000,1000000
2019-08-23 12:31:36.275000,1.33307,1.33296,1600000,1000000
2019-08-23 12:31:36.326000,1.33311,1.33298,1600000,1000000
2019-08-23 12:31:36.427000,1.33312,1.33299,1600000,1000000
2019-08-23 12:31:36.548000,1.33312,1.333,2100000,1000000
2019-08-23 12:31:36.718000,1.33316,1.33304,2850000,1000000
2019-08-23 12:31:36.768000,1.33316,1.33304,2850000,1000000
2019-08-23 12:31:36.869000,1.33316,1.33304,2850000,1000000
2019-08-23 12:31:36.921000,1.33315,1.33302,1220000,1000000
2019-08-23 12:31:37.206000,1.33315,1.33302,1600000,1000000
2019-08-23 12:31:37.790000,1.33315,1.33302,2100000,1000000
2019-08-23 12:31:38.040000,1.33309,1.33302,1000000,1000000
2019-08-23 12:31:38.141000,1.33317,1.33306,2250000,1000000
2019-08-23 12:31:38.242000,1.33316,1.33307,1000000,1000000
2019-08-23 12:31:39.061000,1.33317,1.33307,1000000,1000000
2019-08-23 12:31:40.030000,1.33317,1.33305,1200000,1000000
2019-08-23 12:31:40.131000,1.33316,1.33305,1000000,1000000
2019-08-23 12:31:40.984000,1.33318,1.33305,1200000,1100000
2019-08-23 12:31:41.673000,1.33316,1.33305,1000000,1200000
2019-08-23 12:31:41.778000,1.3332,1.33311,1000000,1000000
2019-08-23 12:31:41.829000,1.33319,1.33308,1000000,1600000
2019-08-23 12:31:41.930000,1.33319,1.3331,1000000,1000000
2019-08-23 12:31:42.528000,1.33323,1.3331,2100000,1200000
2019-08-23 12:31:42.629000,1.33322,1.33312,1200000,1000000
2019-08-23 12:31:42.730000,1.33323,1.33314,1100000,1000000
2019-08-23 12:31:43.048000,1.33321,1.3331,1000000,1000000
2019-08-23 12:31:43.150000,1.3332,1.33309,1000000,1000000
2019-08-23 12:31:43.201000,1.33323,1.33311,2100000,1000000
2019-08-23 12:31:43.251000,1.33323,1.33311,1950000,1000000
2019-08-23 12:31:43.380000,1.33323,1.33311,2100000,1000000
2019-08-23 12:31:43.823000,1.33316,1.33307,1000000,1600000
2019-08-23 12:31:43.874000,1.3332,1.33309,1000000,1600000
2019-08-23 12:31:43.975000,1.33319,1.3331,1000000,1200000
2019-08-23 12:31:44.076000,1.33321,1.3331,1000000,1000000
2019-08-23 12:31:45.885000,1.33321,1.33312,1100000,1000000
2019-08-23 12:31:45.987000,1.33327,1.33317,1600000,1000000
2019-08-23 12:31:46.037000,1.33326,1.33315,1200000,1000000
2019-08-23 12:31:46.088000,1.33329,1.33318,1220000,1000000
2019-08-23 12:31:46.189000,1.33329,1.33318,1200000,1000000
2019-08-23 12:31:46.870000,1.3333,1.33321,1600000,1000000
2019-08-23 12:31:46.971000,1.3333,1.33321,1100000,1000000
2019-08-23 12:31:47.416000,1.33332,1.33321,2850000,1000000
2019-08-23 12:31:47.675000,1.33332,1.33319,2100000,1000000
2019-08-23 12:31:47.776000,1.33329,1.33319,1600000,1000000
2019-08-23 12:31:47.827000,1.3333,1.3332,1000000,1000000
2019-08-23 12:31:48.030000,1.33334,1.33322,2850000,1000000
2019-08-23 12:31:48.081000,1.33333,1.3332,1200000,1100000
2019-08-23 12:31:48.131000,1.33333,1.3332,1600000,1100000
2019-08-23 12:31:48.319000,1.33333,1.3332,1220000,1000000
2019-08-23 12:31:48.420000,1.33333,1.3332,1600000,1570000
2019-08-23 12:31:48.618000,1.33333,1.3332,1600000,1500000
2019-08-23 12:31:49.025000,1.33333,1.3332,1200000,1570000
2019-08-23 12:31:49.282000,1.33333,1.3332,1220000,2100000
2019-08-23 12:31:50.354000,1.33331,1.33319,1000000,1600000
2019-08-23 12:31:50.456000,1.33324,1.33315,1000000,1100000
2019-08-23 12:31:52.850000,1.33325,1.33315,1200000,1000000
2019-08-23 12:31:53.246000,1.33324,1.33315,1100000,1000000
2019-08-23 12:31:53.436000,1.33324,1.33315,1600000,1000000
2019-08-23 12:31:53.662000,1.33324,1.33315,1600000,1000000
2019-08-23 12:31:54.186000,1.33322,1.33312,1000000,1000000
2019-08-23 12:31:54.237000,1.3332,1.3331,1220000,1000000
2019-08-23 12:31:54.339000,1.3332,1.3331,1200000,1000000
2019-08-23 12:31:54.867000,1.33319,1.3331,1000000,1000000
2019-08-23 12:31:54.968000,1.33316,1.33306,1000000,1000000
2019-08-23 12:31:55.423000,1.33318,1.33308,1000000,1100000
2019-08-23 12:31:55.524000,1.33324,1.33312,1600000,1000000
2019-08-23 12:31:55.940000,1.33327,1.33315,1100000,1000000
2019-08-23 12:31:56.052000,1.33328,1.33315,1600000,1000000
2019-08-23 12:31:56.435000,1.33328,1.33315,1600000,1200000
2019-08-23 12:31:56.679000,1.33328,1.33315,1220000,1000000
2019-08-23 12:31:56.928000,1.33333,1.33321,1220000,1000000
2019-08-23 12:31:57.427000,1.33333,1.33321,1200000,1000000
2019-08-23 12:31:57.531000,1.3333,1.33321,1000000,1000000
2019-08-23 12:31:57.632000,1.3333,1.33323,1000000,1000000
2019-08-23 12:32:00.083000,1.33332,1.33324,1600000,1000000
2019-08-23 12:32:00.133000,1.33334,1.33324,1000000,1970000
2019-08-23 12:32:00.184000,1.33336,1.33325,1000000,1100000
2019-08-23 12:32:00.358000,1.33336,1.33325,1000000,1220000
2019-08-23 12:32:00.460000,1.33336,1.33325,1100000,1200000
2019-08-23 12:32:00.915000,1.33336,1.33325,1970000,1000000
2019-08-23 12:32:01.117000,1.33336,1.33325,1100000,1000000
2019-08-23 12:32:01.218000,1.33336,1.33325,1600000,1000000
2019-08-23 12:32:01.593000,1.33336,1.33324,1600000,1100000
2019-08-23 12:32:02.428000,1.33336,1.33324,1200000,1000000
2019-08-23 12:32:02.851000,1.33337,1.33329,1220000,1000000
2019-08-23 12:32:02.952000,1.33341,1.33331,1600000,1000000
2019-08-23 12:32:03.003000,1.33339,1.33326,1500000,1220000
2019-08-23 12:32:03.054000,1.33337,1.33325,1200000,1000000
2019-08-23 12:32:03.181000,1.33334,1.33324,1500000,1100000
2019-08-23 12:32:03.615000,1.33334,1.33324,2100000,1000000
2019-08-23 12:32:03.982000,1.33332,1.33321,1500000,1000000
2019-08-23 12:32:04.085000,1.33332,1.33321,2100000,1000000
2019-08-23 12:32:04.338000,1.33332,1.3332,2850000,1000000
2019-08-23 12:32:04.829000,1.33332,1.3332,3600000,1000000
2019-08-23 12:32:04.948000,1.33332,1.3332,2850000,1000000
2019-08-23 12:32:05.099000,1.3333,1.3332,1100000,1000000
2019-08-23 12:32:05.150000,1.3333,1.33318,3070000,1000000
2019-08-23 12:32:05.232000,1.33329,1.33318,1600000,1000000
2019-08-23 12:32:05.334000,1.33329,1.33318,1200000,1000000
2019-08-23 12:32:05.485000,1.33328,1.33318,1000000,1000000
2019-08-23 12:32:05.637000,1.33328,1.33317,1100000,1000000
2019-08-23 12:32:05.738000,1.33328,1.33316,1970000,1000000
2019-08-23 12:32:05.839000,1.33328,1.33316,2100000,1000000
2019-08-23 12:32:06.175000,1.33326,1.33316,1970000,1000000
2019-08-23 12:32:06.376000,1.33325,1.33315,1570000,1000000
2019-08-23 12:32:06.478000,1.33324,1.33315,1500000,1000000
2019-08-23 12:32:06.579000,1.33326,1.33315,2720000,1000000
2019-08-23 12:32:06.687000,1.33324,1.33315,1200000,1000000
2019-08-23 12:32:06.788000,1.33325,1.33314,1570000,1000000
2019-08-23 12:32:06.889000,1.33325,1.33315,1220000,1000000
2019-08-23 12:32:06.991000,1.33325,1.33315,1200000,1000000
2019-08-23 12:32:07.189000,1.33326,1.33315,2320000,1000000
2019-08-23 12:32:07.392000,1.33326,1.33316,1950000,1000000
2019-08-23 12:32:07.499000,1.33324,1.33313,3070000,1200000
2019-08-23 12:32:07.601000,1.33324,1.33314,1570000,1000000
2019-08-23 12:32:08.071000,1.33325,1.33316,1950000,1000000
2019-08-23 12:32:08.172000,1.3333,1.33321,1200000,1000000
2019-08-23 12:32:09.331000,1.33332,1.33321,1970000,1000000
2019-08-23 12:32:09.432000,1.33331,1.33322,1000000,1000000
2019-08-23 12:32:10.167000,1.33334,1.33326,1600000,1000000
2019-08-23 12:32:10.217000,1.33337,1.33328,1970000,1000000
2019-08-23 12:32:10.318000,1.33338,1.33328,1100000,1000000
2019-08-23 12:32:10.566000,1.33338,1.33332,1000000,1200000
2019-08-23 12:32:10.617000,1.33346,1.33336,1970000,1000000
2019-08-23 12:32:10.718000,1.33346,1.33336,1950000,1000000
2019-08-23 12:32:10.820000,1.33345,1.33337,1100000,1000000
2019-08-23 12:32:10.921000,1.33347,1.33336,1220000,1000000
2019-08-23 12:32:11.022000,1.33347,1.33336,1100000,1000000
2019-08-23 12:32:11.142000,1.33346,1.33336,1000000,1000000
2019-08-23 12:32:11.294000,1.33347,1.33338,1000000,1000000
2019-08-23 12:32:11.395000,1.33348,1.3334,1000000,1000000
2019-08-23 12:32:11.496000,1.33349,1.3334,1500000,1000000
2019-08-23 12:32:11.707000,1.33351,1.33338,1000000,2100000
2019-08-23 12:32:11.811000,1.33352,1.33338,1000000,1600000
2019-08-23 12:32:11.912000,1.33353,1.33344,1000000,1000000
2019-08-23 12:32:12.013000,1.33356,1.33344,1000000,1200000
2019-08-23 12:32:12.189000,1.33356,1.33344,1000000,1220000
2019-08-23 12:32:12.290000,1.33358,1.33345,1000000,1950000
2019-08-23 12:32:12.341000,1.33358,1.33347,1000000,1600000
2019-08-23 12:32:12.392000,1.3336,1.33347,1000000,1600000
2019-08-23 12:32:12.493000,1.3336,1.33345,1500000,1600000
2019-08-23 12:32:12.594000,1.33359,1.33344,1500000,1600000
2019-08-23 12:32:13.021000,1.33359,1.33345,1500000,1600000
2019-08-23 12:32:13.180000,1.33359,1.33344,1500000,2100000
2019-08-23 12:32:13.459000,1.33359,1.33347,1000000,1600000
2019-08-23 12:32:13.561000,1.33359,1.33346,1000000,1600000
2019-08-23 12:32:13.704000,1.33359,1.33346,1000000,1600000
2019-08-23 12:32:13.754000,1.33359,1.33347,1000000,1600000
2019-08-23 12:32:13.805000,1.33361,1.3335,1500000,1100000
2019-08-23 12:32:13.907000,1.33361,1.33352,1000000,1000000
2019-08-23 12:32:14.008000,1.3336,1.33351,1000000,1600000
2019-08-23 12:32:14.110000,1.3336,1.33351,1000000,1000000
2019-08-23 12:32:14.381000,1.33362,1.33351,1500000,1200000
2019-08-23 12:32:14.993000,1.33362,1.33357,1000000,1000000
2019-08-23 12:32:15.044000,1.33366,1.33357,1600000,1000000
2019-08-23 12:32:15.147000,1.33366,1.33357,1500000,1000000
2019-08-23 12:32:15.623000,1.33366,1.33357,1970000,1000000
2019-08-23 12:32:15.869000,1.33366,1.33357,1950000,1000000
2019-08-23 12:32:16.247000,1.33366,1.33357,3470000,1000000
2019-08-23 12:32:16.348000,1.33366,1.33357,2850000,1000000
2019-08-23 12:32:16.399000,1.33365,1.33355,1600000,1000000
2019-08-23 12:32:16.614000,1.33359,1.3335,1970000,1000000
