time,ask,bid,ask_volume,bid_volume
2022-07-20 12:25:00.033000,1.28843,1.28834,1120000,1200000
2022-07-20 12:25:00.084000,1.28842,1.28831,1200000,1200000
2022-07-20 12:25:00.186000,1.28842,1.28829,1200000,1350000
2022-07-20 12:25:00.288000,1.28843,1.2883,2170000,1200000
2022-07-20 12:25:00.389000,1.28843,1.2883,2470000,1200000
2022-07-20 12:25:00.491000,1.28842,1.28829,1200000,1200000
2022-07-20 12:25:00.694000,1.28843,1.2883,1900000,1200000
2022-07-20 12:25:00.846000,1.28843,1.28831,1850000,1200000
2022-07-20 12:25:00.998000,1.28843,1.28831,1350000,1200000
2022-07-20 12:25:01.050000,1.28845,1.28834,1850000,1200000
2022-07-20 12:25:01.151000,1.28845,1.28833,2100000,1200000
2022-07-20 12:25:01.202000,1.28845,1.28833,1200000,1200000
2022-07-20 12:25:01.304000,1.28845,1.28835,1570000,1200000
2022-07-20 12:25:01.506000,1.28846,1.28833,1440000,1200000
2022-07-20 12:25:01.782000,1.28846,1.28833,1610000,1200000
2022-07-20 12:25:02.153000,1.28843,1.28831,1350000,1200000
2022-07-20 12:25:02.254000,1.28842,1.28829,1200000,1350000
2022-07-20 12:25:02.356000,1.28841,1.2883,1600000,1200000
2022-07-20 12:25:02.812000,1.2884,1.2883,1600000,1200000
2022-07-20 12:25:02.945000,1.2884,1.28831,1850000,1200000
2022-07-20 12:25:02.996000,1.28841,1.28833,1200000,1200000
2022-07-20 12:25:03.098000,1.28841,1.28831,1200000,1720000
2022-07-20 12:25:03.201000,1.28849,1.28836,1850000,1200000
2022-07-20 12:25:03.302000,1.28848,1.28836,1350000,1200000
2022-07-20 12:25:03.353000,1.28845,1.28834,1200000,1600000
2022-07-20 12:25:03.505000,1.28845,1.28834,1200000,1350000
2022-07-20 12:25:03.911000,1.28844,1.28831,1350000,1800000
2022-07-20 12:25:04.121000,1.28843,1.28832,2170000,1200000
2022-07-20 12:25:04.223000,1.28842,1.28831,1350000,1200000
2022-07-20 12:25:04.777000,1.28841,1.28831,1200000,1200000
2022-07-20 12:25:04.879000,1.28842,1.28829,2100000,1200000
2022-07-20 12:25:04.981000,1.28841,1.28831,1600000,1200000
2022-07-20 12:25:05.834000,1.28839,1.28828,1600000,1200000
2022-07-20 12:25:05.885000,1.28837,1.28825,1320000,1600000
2022-07-20 12:25:05.987000,1.28836,1.28825,1300000,1600000
2022-07-20 12:25:06.088000,1.28839,1.28826,1600000,1200000
2022-07-20 12:25:06.241000,1.28839,1.28828,2350000,1200000
2022-07-20 12:25:06.343000,1.28839,1.2883,2150000,1200000
2022-07-20 12:25:06.444000,1.28841,1.28829,1610000,1200000
2022-07-20 12:25:07.071000,1.28842,1.2883,2290000,1200000
2022-07-20 12:25:07.224000,1.28843,1.28831,1570000,1200000
2022-07-20 12:25:07.326000,1.28844,1.28832,1600000,2370000
2022-07-20 12:25:07.427000,1.28848,1.28836,1350000,1200000
2022-07-20 12:25:07.746000,1.28848,1.28837,1350000,1200000
2022-07-20 12:25:07.898000,1.2885,1.28838,1850000,1200000
2022-07-20 12:25:08.101000,1.2885,1.28837,1200000,1200000
2022-07-20 12:25:08.203000,1.28848,1.28837,1200000,1200000
2022-07-20 12:25:08.305000,1.28851,1.28838,1900000,1200000
2022-07-20 12:25:08.508000,1.28852,1.28839,2420000,1200000
2022-07-20 12:25:08.668000,1.28852,1.28839,1660000,1200000
2022-07-20 12:25:09.096000,1.28851,1.28838,1200000,1200000
2022-07-20 12:25:09.198000,1.28852,1.28839,1420000,1200000
2022-07-20 12:25:09.299000,1.28852,1.28842,1420000,1200000
2022-07-20 12:25:09.401000,1.28853,1.28841,1570000,1200000
2022-07-20 12:25:09.502000,1.28854,1.28841,1720000,1200000
2022-07-20 12:25:09.554000,1.28853,1.28841,1570000,1200000
2022-07-20 12:25:09.925000,1.28856,1.28844,2400000,1200000
2022-07-20 12:25:10.077000,1.28856,1.28844,1350000,1200000
2022-07-20 12:25:10.242000,1.28856,1.28845,1350000,1200000
2022-07-20 12:25:10.761000,1.28858,1.28845,1570000,1200000
2022-07-20 12:25:11.109000,1.28857,1.28844,1200000,1200000
2022-07-20 12:25:11.211000,1.28854,1.28843,1200000,1200000
2022-07-20 12:25:11.313000,1.28854,1.28841,1200000,1350000
2022-07-20 12:25:11.576000,1.28856,1.28844,1900000,1200000
2022-07-20 12:25:11.678000,1.28856,1.28845,1850000,1200000
2022-07-20 12:25:11.729000,1.28858,1.28845,1570000,1200000
2022-07-20 12:25:11.780000,1.28859,1.28847,1610000,1200000
2022-07-20 12:25:11.933000,1.28859,1.28846,1320000,1200000
2022-07-20 12:25:12.085000,1.28858,1.28845,1200000,1200000
2022-07-20 12:25:12.558000,1.28857,1.28847,1350000,1200000
2022-07-20 12:25:13.215000,1.28859,1.28847,1610000,1200000
2022-07-20 12:25:13.317000,1.28858,1.28847,1890000,1200000
2022-07-20 12:25:13.418000,1.28858,1.28845,1200000,1200000
2022-07-20 12:25:13.672000,1.28857,1.28844,1200000,1200000
2022-07-20 12:25:13.773000,1.28856,1.28843,1350000,1200000
2022-07-20 12:25:13.875000,1.28852,1.2884,1120000,2100000
2022-07-20 12:25:13.977000,1.28852,1.2884,1120000,1200000
2022-07-20 12:25:14.179000,1.28852,1.28839,1120000,1200000
2022-07-20 12:25:14.281000,1.28851,1.28838,1570000,1200000
2022-07-20 12:25:14.383000,1.28849,1.28837,1350000,1200000
2022-07-20 12:25:14.649000,1.28847,1.28834,1600000,1350000
2022-07-20 12:25:14.751000,1.28846,1.28833,1720000,1200000
2022-07-20 12:25:15.641000,1.28846,1.28833,1350000,1320000
2022-07-20 12:25:17.317000,1.28847,1.28835,1910000,1200000
2022-07-20 12:25:17.469000,1.28846,1.28836,1200000,1200000
2022-07-20 12:25:18.317000,1.28843,1.28831,1200000,1800000
2022-07-20 12:25:18.419000,1.28844,1.28832,1800000,1200000
2022-07-20 12:25:18.622000,1.28844,1.28834,1200000,1200000
2022-07-20 12:25:18.825000,1.28846,1.28836,3100000,1200000
2022-07-20 12:25:18.876000,1.28848,1.28836,3970000,1200000
2022-07-20 12:25:19.029000,1.28848,1.28836,1800000,1200000
2022-07-20 12:25:19.368000,1.28844,1.28837,1800000,1200000
2022-07-20 12:25:19.470000,1.28843,1.28832,1120000,1600000
2022-07-20 12:25:19.572000,1.28842,1.2883,1100000,1200000
2022-07-20 12:25:19.879000,1.28843,1.28831,1600000,1200000
2022-07-20 12:25:19.980000,1.28843,1.28832,1800000,1200000
2022-07-20 12:25:20.082000,1.28844,1.28834,1200000,1200000
2022-07-20 12:25:20.184000,1.28847,1.28835,1720000,1200000
2022-07-20 12:25:22.610000,1.28848,1.28835,1570000,1200000
2022-07-20 12:25:22.661000,1.28848,1.28838,1600000,1200000
2022-07-20 12:25:23.734000,1.28848,1.28837,2100000,1200000
2022-07-20 12:25:23.841000,1.28848,1.28835,1350000,1200000
2022-07-20 12:25:24.015000,1.28843,1.28832,1350000,1350000
2022-07-20 12:25:24.218000,1.28842,1.28832,1600000,1200000
2022-07-20 12:25:24.471000,1.28843,1.28832,2290000,1200000
2022-07-20 12:25:25.162000,1.28842,1.2883,1350000,1200000
2022-07-20 12:25:25.314000,1.28841,1.2883,2470000,1200000
2022-07-20 12:25:25.416000,1.28842,1.28829,2290000,1200000
2022-07-20 12:25:26.281000,1.2884,1.28829,1850000,1200000
2022-07-20 12:25:26.489000,1.28842,1.2883,4350000,1200000
2022-07-20 12:25:26.541000,1.28843,1.28831,2400000,1200000
2022-07-20 12:25:26.744000,1.28845,1.28833,1850000,1200000
2022-07-20 12:25:27.452000,1.28844,1.28833,1600000,1200000
2022-07-20 12:25:27.554000,1.28842,1.28832,1570000,1200000
2022-07-20 12:25:27.706000,1.28843,1.2883,1850000,1200000
2022-07-20 12:25:28.323000,1.28843,1.2883,1120000,1350000
2022-07-20 12:25:28.425000,1.28844,1.28831,1990000,1200000
2022-07-20 12:25:28.866000,1.28844,1.28831,2250000,1200000
2022-07-20 12:25:28.968000,1.28844,1.28831,2660000,1200000
2022-07-20 12:25:29.147000,1.28842,1.28829,1600000,1200000
2022-07-20 12:25:29.349000,1.2884,1.28828,1350000,1200000
2022-07-20 12:25:29.451000,1.28838,1.28825,1200000,2100000
2022-07-20 12:25:29.553000,1.28835,1.28822,1350000,1200000
2022-07-20 12:25:29.807000,1.28834,1.28822,1200000,1200000
2022-07-20 12:25:30.809000,1.28835,1.28822,1570000,1200000
2022-07-20 12:25:30.911000,1.28835,1.28824,1120000,1200000
2022-07-20 12:25:30.962000,1.28837,1.28827,1850000,1200000
2022-07-20 12:25:31.063000,1.28838,1.28826,1200000,1200000
2022-07-20 12:25:31.165000,1.28839,1.28826,1350000,1200000
2022-07-20 12:25:31.543000,1.28838,1.28827,1600000,1200000
2022-07-20 12:25:31.644000,1.28838,1.28825,1350000,1200000
2022-07-20 12:25:31.746000,1.28838,1.28825,1600000,1200000
2022-07-20 12:25:31.949000,1.28836,1.28824,1350000,1200000
2022-07-20 12:25:33.173000,1.28835,1.28822,1200000,1350000
2022-07-20 12:25:33.326000,1.28835,1.28822,1600000,1200000
2022-07-20 12:25:33.786000,1.28836,1.28823,2100000,1200000
2022-07-20 12:25:34.001000,1.28836,1.28823,1600000,1200000
2022-07-20 12:25:34.203000,1.28835,1.28822,1600000,1200000
2022-07-20 12:25:34.861000,1.28836,1.28826,1600000,1200000
2022-07-20 12:25:34.912000,1.28839,1.28826,1720000,1200000
2022-07-20 12:25:35.065000,1.28839,1.28828,1100000,1200000
2022-07-20 12:25:35.116000,1.2884,1.28829,2400000,1200000
2022-07-20 12:25:35.167000,1.28841,1.2883,1850000,1200000
2022-07-20 12:25:35.320000,1.28842,1.28831,1570000,1200000
2022-07-20 12:25:35.523000,1.28843,1.2883,2100000,1200000
2022-07-20 12:25:36.279000,1.28844,1.28833,2400000,1200000
2022-07-20 12:25:36.485000,1.28845,1.28832,1200000,1200000
2022-07-20 12:25:36.687000,1.28843,1.28832,1200000,1350000
2022-07-20 12:25:37.857000,1.28843,1.28833,1350000,1200000
2022-07-20 12:25:37.959000,1.28847,1.28835,2290000,1200000
2022-07-20 12:25:40.601000,1.28847,1.28836,1900000,1200000
2022-07-20 12:25:40.804000,1.28848,1.28835,1350000,1350000
2022-07-20 12:25:41.462000,1.28848,1.28835,1600000,1200000
2022-07-20 12:25:43.280000,1.28847,1.28838,1600000,2740000
2022-07-20 12:25:43.382000,1.28848,1.2884,1200000,1200000
2022-07-20 12:25:43.484000,1.28852,1.28841,1600000,1200000
2022-07-20 12:25:43.585000,1.28852,1.28841,1850000,1200000
2022-07-20 12:25:44.486000,1.28851,1.28839,1350000,1200000
2022-07-20 12:25:44.638000,1.28851,1.28839,1600000,1200000
2022-07-20 12:25:44.791000,1.2885,1.2884,1350000,1200000
2022-07-20 12:25:45.279000,1.2885,1.28839,1570000,1200000
2022-07-20 12:25:45.330000,1.28851,1.28838,2290000,1200000
2022-07-20 12:25:45.634000,1.28851,1.28838,2250000,1200000
2022-07-20 12:25:45.887000,1.28852,1.2884,1200000,1200000
2022-07-20 12:25:45.989000,1.28852,1.28839,1200000,1350000
2022-07-20 12:25:46.091000,1.28852,1.28839,1850000,1200000
2022-07-20 12:25:47.028000,1.2885,1.28839,1200000,1200000
2022-07-20 12:25:48,1.28849,1.28839,1200000,1200000
2022-07-20 12:25:49.073000,1.28847,1.28838,1200000,1350000
2022-07-20 12:25:49.549000,1.28848,1.28836,1200000,1350000
2022-07-20 12:25:49.651000,1.28844,1.28832,1120000,2100000
2022-07-20 12:25:49.803000,1.28844,1.28832,1350000,1200000
2022-07-20 12:25:49.854000,1.28846,1.28834,1850000,1200000
2022-07-20 12:25:50.057000,1.28842,1.28831,1200000,1350000
2022-07-20 12:25:50.235000,1.28842,1.2883,1200000,1200000
2022-07-20 12:25:50.438000,1.28841,1.2883,2250000,1200000
2022-07-20 12:25:50.590000,1.28842,1.2883,1350000,1320000
2022-07-20 12:25:50.641000,1.28845,1.28833,1800000,1200000
2022-07-20 12:25:50.743000,1.28845,1.28832,2290000,1200000
2022-07-20 12:25:50.845000,1.28843,1.28831,1200000,1200000
2022-07-20 12:25:51.117000,1.28841,1.28831,1200000,1350000
2022-07-20 12:25:51.274000,1.28843,1.2883,1570000,1200000
2022-07-20 12:25:51.822000,1.28843,1.2883,1720000,1200000
2022-07-20 12:25:51.924000,1.28842,1.28833,1100000,1200000
2022-07-20 12:25:52.283000,1.28844,1.28833,1200000,1200000
2022-07-20 12:25:53.122000,1.28843,1.28832,1970000,1200000
2022-07-20 12:25:53.577000,1.28843,1.28833,1350000,1200000
2022-07-20 12:25:53.679000,1.28844,1.28833,1350000,1200000
2022-07-20 12:25:54.189000,1.28843,1.28833,1970000,1200000
2022-07-20 12:25:54.787000,1.28843,1.28832,1970000,1200000
2022-07-20 12:25:55.483000,1.28842,1.2883,1200000,1200000
2022-07-20 12:25:56.358000,1.28842,1.28829,1800000,1320000
2022-07-20 12:25:56.459000,1.28842,1.2883,1200000,1200000
2022-07-20 12:25:56.787000,1.28841,1.28832,1200000,1200000
2022-07-20 12:25:56.889000,1.28841,1.28834,1200000,1200000
2022-07-20 12:25:56.990000,1.28844,1.28834,1850000,1200000
2022-07-20 12:25:57.193000,1.28845,1.28833,1850000,1200000
2022-07-20 12:25:57.295000,1.28844,1.28835,1850000,1200000
2022-07-20 12:25:57.404000,1.28846,1.28834,2050000,1200000
2022-07-20 12:25:59.845000,1.28847,1.28834,1800000,1200000
2022-07-20 12:26:00.048000,1.28846,1.28833,1200000,1350000
2022-07-20 12:26:01.869000,1.28846,1.28833,1910000,1200000
2022-07-20 12:26:02.176000,1.28844,1.28831,1200000,2100000
2022-07-20 12:26:02.278000,1.28844,1.28831,1120000,2250000
2022-07-20 12:26:02.379000,1.28843,1.28832,1400000,1350000
2022-07-20 12:26:03.956000,1.28842,1.28829,1350000,1320000
2022-07-20 12:26:04.544000,1.28841,1.28829,1200000,1200000
2022-07-20 12:26:04.646000,1.28839,1.28828,1850000,1600000
2022-07-20 12:26:04.748000,1.28839,1.28828,1910000,1200000
2022-07-20 12:26:05.006000,1.28838,1.28827,1350000,1350000
2022-07-20 12:26:05.108000,1.28835,1.28825,1350000,1200000
2022-07-20 12:26:05.209000,1.28836,1.28823,1910000,1200000
2022-07-20 12:26:05.766000,1.28833,1.28821,1200000,1700000
2022-07-20 12:26:05.868000,1.28832,1.28822,1200000,1350000
2022-07-20 12:26:06.081000,1.28834,1.28821,1320000,1350000
2022-07-20 12:26:06.185000,1.28831,1.28821,1200000,1200000
2022-07-20 12:26:06.288000,1.28831,1.28818,1320000,1600000
2022-07-20 12:26:06.390000,1.28831,1.28818,1660000,1200000
2022-07-20 12:26:06.491000,1.28831,1.28818,1430000,1200000
2022-07-20 12:26:06.711000,1.2883,1.28818,1620000,1200000
2022-07-20 12:26:06.813000,1.28829,1.28817,1210000,1200000
2022-07-20 12:26:06.966000,1.28828,1.28817,1440000,1350000
2022-07-20 12:26:07.068000,1.28828,1.28817,1500000,1200000
2022-07-20 12:26:07.169000,1.28829,1.28817,1350000,1200000
2022-07-20 12:26:07.271000,1.28826,1.28815,1320000,2100000
2022-07-20 12:26:07.423000,1.28827,1.28814,1120000,2100000
2022-07-20 12:26:07.782000,1.28827,1.28814,1320000,2100000
2022-07-20 12:26:08.275000,1.28828,1.28815,1320000,1350000
2022-07-20 12:26:08.630000,1.28828,1.28815,1200000,1600000
2022-07-20 12:26:08.873000,1.28828,1.28815,2700000,1350000
2022-07-20 12:26:10.272000,1.28827,1.28815,2120000,1200000
2022-07-20 12:26:10.373000,1.28822,1.2881,2790000,2470000
2022-07-20 12:26:10.424000,1.2882,1.2881,1800000,1200000
2022-07-20 12:26:10.577000,1.28823,1.28812,1850000,1200000
2022-07-20 12:26:10.678000,1.28823,1.28812,1200000,1200000
2022-07-20 12:26:10.819000,1.28823,1.28813,1200000,1200000
2022-07-20 12:26:12.124000,1.28826,1.28814,2360000,1200000
2022-07-20 12:26:12.225000,1.28825,1.28815,1440000,1200000
2022-07-20 12:26:12.497000,1.28826,1.28813,2360000,1200000
2022-07-20 12:26:12.700000,1.28825,1.28812,1350000,1200000
2022-07-20 12:26:13.172000,1.28825,1.28813,1350000,1200000
2022-07-20 12:26:13.273000,1.28825,1.28812,1350000,1200000
2022-07-20 12:26:13.957000,1.28823,1.28811,1200000,1350000
2022-07-20 12:26:15.067000,1.28823,1.28813,2290000,1200000
2022-07-20 12:26:15.169000,1.28824,1.28814,2170000,1200000
2022-07-20 12:26:15.709000,1.28825,1.28812,2170000,1200000
2022-07-20 12:26:16.942000,1.28825,1.28813,1610000,1200000
2022-07-20 12:26:16.993000,1.28826,1.28813,1210000,1350000
2022-07-20 12:26:17.094000,1.28827,1.28814,1660000,1200000
2022-07-20 12:26:17.196000,1.28826,1.28813,1320000,1350000
2022-07-20 12:26:17.298000,1.28825,1.28813,1440000,1200000
2022-07-20 12:26:18.111000,1.28825,1.28812,1440000,1200000
2022-07-20 12:26:18.213000,1.28825,1.28812,2550000,1200000
2022-07-20 12:26:20.040000,1.28833,1.28823,1200000,1100000
2022-07-20 12:26:20.091000,1.28837,1.28828,2100000,1200000
2022-07-20 12:26:20.193000,1.28841,1.28828,2350000,1200000
2022-07-20 12:26:20.295000,1.2884,1.28829,1570000,1200000
2022-07-20 12:26:20.498000,1.28841,1.28829,1570000,1200000
2022-07-20 12:26:20.700000,1.28841,1.2883,1440000,1200000
2022-07-20 12:26:20.802000,1.28842,1.2883,1440000,1200000
2022-07-20 12:26:21.301000,1.28842,1.28829,1440000,1200000
2022-07-20 12:26:21.413000,1.28842,1.2883,1440000,1200000
2022-07-20 12:26:21.671000,1.28842,1.28829,1320000,1200000
2022-07-20 12:26:21.773000,1.28841,1.28829,1200000,1200000
2022-07-20 12:26:21.982000,1.28841,1.28831,1320000,1200000
2022-07-20 12:26:22.420000,1.28842,1.28829,1320000,1200000
2022-07-20 12:26:23.480000,1.28842,1.2883,1320000,1200000
2022-07-20 12:26:23.632000,1.28842,1.28829,1440000,1350000
2022-07-20 12:26:23.733000,1.28841,1.28829,1200000,1350000
2022-07-20 12:26:23.936000,1.28842,1.28829,1440000,1350000
2022-07-20 12:26:24.613000,1.28841,1.28829,1200000,1350000
2022-07-20 12:26:24.917000,1.28842,1.28829,1350000,1350000
2022-07-20 12:26:25.019000,1.28842,1.28831,1700000,1200000
2022-07-20 12:26:25.120000,1.28843,1.2883,1320000,1350000
2022-07-20 12:26:25.884000,1.28843,1.28831,1320000,1200000
2022-07-20 12:26:28.421000,1.28844,1.28832,1660000,1200000
2022-07-20 12:26:28.522000,1.28844,1.28835,1350000,1200000
2022-07-20 12:26:28.624000,1.28846,1.28834,1200000,1200000
2022-07-20 12:26:29.034000,1.28846,1.28833,1350000,1350000
2022-07-20 12:26:29.135000,1.28846,1.28834,1350000,1200000
2022-07-20 12:26:29.497000,1.28843,1.28831,1200000,1350000
2022-07-20 12:26:29.599000,1.28845,1.28832,2470000,1200000
2022-07-20 12:26:29.701000,1.28845,1.28832,1440000,1200000
2022-07-20 12:26:30.837000,1.28843,1.28831,1200000,1200000
2022-07-20 12:26:30.989000,1.28843,1.2883,1440000,1200000
2022-07-20 12:26:31.395000,1.28844,1.28832,1570000,1200000
2022-07-20 12:26:32.257000,1.28843,1.28831,1350000,1200000
2022-07-20 12:26:32.358000,1.28844,1.28832,1600000,1200000
2022-07-20 12:26:32.460000,1.28845,1.28832,1600000,1200000
2022-07-20 12:26:32.562000,1.28846,1.28834,1200000,1200000
2022-07-20 12:26:33.097000,1.28845,1.28833,1350000,1350000
2022-07-20 12:26:34.220000,1.28844,1.28833,1350000,1350000
2022-07-20 12:26:34.366000,1.28846,1.28833,1700000,1200000
2022-07-20 12:26:35.406000,1.28845,1.28832,1350000,1440000
2022-07-20 12:26:36.610000,1.28843,1.2883,1200000,2470000
2022-07-20 12:26:36.711000,1.28843,1.2883,1350000,1200000
2022-07-20 12:26:36.996000,1.28841,1.2883,1200000,1800000
2022-07-20 12:26:37.442000,1.2884,1.28828,1350000,1200000
2022-07-20 12:26:37.544000,1.28838,1.28827,1200000,1800000
2022-07-20 12:26:37.646000,1.28839,1.28829,2360000,1200000
2022-07-20 12:26:37.747000,1.28839,1.28827,1350000,1200000
2022-07-20 12:26:37.899000,1.28838,1.28827,1440000,1200000
2022-07-20 12:26:38.051000,1.28839,1.28826,2360000,1200000
2022-07-20 12:26:39.470000,1.28839,1.28827,1350000,1200000
2022-07-20 12:26:39.571000,1.28837,1.28827,1200000,1200000
2022-07-20 12:26:40.153000,1.28839,1.28829,2850000,1200000
2022-07-20 12:26:40.254000,1.2884,1.28829,1600000,1200000
2022-07-20 12:26:40.356000,1.28841,1.28829,2100000,1200000
2022-07-20 12:26:40.458000,1.28841,1.2883,1600000,1200000
2022-07-20 12:26:40.559000,1.28842,1.2883,2100000,1200000
2022-07-20 12:26:40.813000,1.28842,1.28831,1600000,1200000
2022-07-20 12:26:40.915000,1.28842,1.28832,1200000,1200000
2022-07-20 12:26:40.966000,1.28844,1.28832,1800000,1200000
2022-07-20 12:26:41.479000,1.28844,1.28833,1200000,1200000
2022-07-20 12:26:41.682000,1.28845,1.28833,1350000,1200000
2022-07-20 12:26:42.369000,1.28843,1.28832,1120000,1800000
2022-07-20 12:26:42.521000,1.28844,1.28834,2400000,1200000
2022-07-20 12:26:42.647000,1.28844,1.28831,1350000,1350000
2022-07-20 12:26:42.748000,1.28845,1.28832,3790000,1200000
2022-07-20 12:26:42.951000,1.28845,1.28833,1350000,1200000
2022-07-20 12:26:43.322000,1.28847,1.28834,2850000,1200000
2022-07-20 12:26:43.373000,1.28847,1.28834,2250000,1200000
2022-07-20 12:26:43.760000,1.28845,1.28834,1200000,1800000
2022-07-20 12:26:43.862000,1.28845,1.28833,1200000,1800000
2022-07-20 12:26:44.040000,1.28846,1.28833,1200000,1800000
2022-07-20 12:26:44.141000,1.28846,1.28834,1200000,1200000
2022-07-20 12:26:44.243000,1.28846,1.28835,1350000,1200000
2022-07-20 12:26:44.294000,1.28849,1.28836,2850000,1200000
2022-07-20 12:26:44.446000,1.28848,1.28835,1600000,1350000
2022-07-20 12:26:46.248000,1.28848,1.28835,1350000,1200000
2022-07-20 12:26:46.454000,1.28849,1.28836,1350000,1320000
2022-07-20 12:26:46.555000,1.2885,1.28838,1600000,1200000
2022-07-20 12:26:46.657000,1.28851,1.28838,2100000,1200000
2022-07-20 12:26:46.910000,1.28848,1.28838,1200000,1200000
2022-07-20 12:26:47.251000,1.28847,1.28837,1200000,1350000
2022-07-20 12:26:47.353000,1.28844,1.28833,1200000,1600000
2022-07-20 12:26:47.505000,1.28844,1.28832,1200000,1350000
2022-07-20 12:26:48.554000,1.28847,1.28834,2590000,1200000
2022-07-20 12:26:49.179000,1.28846,1.28833,1350000,1200000
2022-07-20 12:26:49.280000,1.28846,1.28834,1350000,1200000
2022-07-20 12:26:49.992000,1.28847,1.28835,1600000,1200000
2022-07-20 12:26:50.144000,1.28847,1.28835,1200000,1200000
2022-07-20 12:26:50.909000,1.28847,1.28834,1200000,1800000
2022-07-20 12:26:51.483000,1.28845,1.28835,1200000,1350000
2022-07-20 12:26:51.584000,1.28847,1.28834,1440000,1350000
2022-07-20 12:26:52.061000,1.28845,1.28835,1200000,1350000
2022-07-20 12:26:52.569000,1.28845,1.28834,1350000,1200000
2022-07-20 12:26:56.366000,1.28847,1.28834,2100000,1200000
2022-07-20 12:26:56.468000,1.28847,1.28834,1350000,1200000
2022-07-20 12:26:57.586000,1.28847,1.28835,1350000,1200000
2022-07-20 12:26:57.688000,1.28849,1.28836,1700000,1200000
2022-07-20 12:26:58.989000,1.28849,1.28836,1440000,1350000
2022-07-20 12:26:59.312000,1.28847,1.28837,1200000,1350000
2022-07-20 12:26:59.946000,1.28847,1.28837,1600000,1200000
2022-07-20 12:27:00.105000,1.28845,1.28834,1200000,1600000
2022-07-20 12:27:00.156000,1.28845,1.28833,1350000,1350000
2022-07-20 12:27:00.368000,1.28845,1.28833,1200000,1600000
2022-07-20 12:27:00.808000,1.28844,1.28834,1350000,1200000
2022-07-20 12:27:01.730000,1.28845,1.28832,3240000,1350000
2022-07-20 12:27:01.882000,1.28843,1.28832,2360000,1200000
2022-07-20 12:27:03.036000,1.28842,1.2883,1800000,1350000
2022-07-20 12:27:03.647000,1.2884,1.28831,1200000,1350000
2022-07-20 12:27:03.749000,1.28838,1.28827,1200000,2470000
2022-07-20 12:27:03.901000,1.28838,1.28826,1350000,1200000
2022-07-20 12:27:03.952000,1.28837,1.28826,1970000,1350000
2022-07-20 12:27:05.890000,1.28836,1.28823,2180000,1600000
2022-07-20 12:27:05.992000,1.28833,1.28822,1200000,1850000
2022-07-20 12:27:06.043000,1.28833,1.28821,1350000,1350000
2022-07-20 12:27:06.907000,1.28832,1.28821,1200000,1350000
2022-07-20 12:27:07.101000,1.28832,1.28821,1350000,1600000
2022-07-20 12:27:08.428000,1.28834,1.28821,1050000,1600000
2022-07-20 12:27:09.018000,1.28834,1.2882,1300000,1600000
2022-07-20 12:27:09.069000,1.28828,1.28818,2250000,1200000
2022-07-20 12:27:09.170000,1.28828,1.28815,2170000,1200000
2022-07-20 12:27:10.122000,1.28827,1.28816,2250000,1200000
2022-07-20 12:27:10.655000,1.28828,1.28816,1800000,2250000
2022-07-20 12:27:10.706000,1.28832,1.28818,2340000,1350000
2022-07-20 12:27:10.808000,1.28833,1.28819,1840000,1200000
2022-07-20 12:27:10.909000,1.28834,1.2882,4470000,1200000
2022-07-20 12:27:11.011000,1.28834,1.2882,2970000,1200000
2022-07-20 12:27:13.277000,1.28835,1.28821,1700000,1200000
2022-07-20 12:27:13.328000,1.28835,1.28822,1220000,1350000
2022-07-20 12:27:13.430000,1.28833,1.28822,1200000,1350000
2022-07-20 12:27:13.545000,1.28832,1.28822,1200000,1350000
2022-07-20 12:27:13.960000,1.28835,1.28822,1200000,1350000
2022-07-20 12:27:14.062000,1.28835,1.28823,1200000,1200000
2022-07-20 12:27:15.539000,1.28834,1.28822,1200000,1350000
2022-07-20 12:27:15.640000,1.28832,1.28822,1200000,1350000
2022-07-20 12:27:17.799000,1.28834,1.28821,1320000,1350000
2022-07-20 12:27:19.028000,1.28832,1.28822,1200000,1350000
2022-07-20 12:27:19.180000,1.28832,1.2882,1200000,1350000
2022-07-20 12:27:19.383000,1.28831,1.28818,1200000,1440000
2022-07-20 12:27:19.846000,1.2883,1.28817,1200000,1600000
2022-07-20 12:27:20.992000,1.28829,1.28818,1200000,1350000
2022-07-20 12:27:22.512000,1.28829,1.28817,1200000,1200000
2022-07-20 12:27:22.614000,1.28827,1.28816,3240000,1200000
2022-07-20 12:27:22.888000,1.28827,1.28816,2740000,1200000
2022-07-20 12:27:22.989000,1.28827,1.28816,2740000,1200000
2022-07-20 12:27:23.091000,1.28826,1.28815,1120000,1350000
2022-07-20 12:27:23.745000,1.28825,1.28814,1240000,1200000
2022-07-20 12:27:23.847000,1.28825,1.28812,1440000,1200000
2022-07-20 12:27:23.949000,1.28824,1.28811,1200000,1350000
2022-07-20 12:27:24.151000,1.28825,1.28812,1440000,1200000
2022-07-20 12:27:24.354000,1.28819,1.2881,1200000,1200000
2022-07-20 12:27:24.456000,1.2882,1.28808,1320000,1200000
2022-07-20 12:27:24.558000,1.28818,1.28805,1320000,1850000
2022-07-20 12:27:24.866000,1.28818,1.28805,1120000,1600000
2022-07-20 12:27:24.968000,1.28817,1.28804,1320000,1350000
2022-07-20 12:27:25.019000,1.28818,1.28805,1200000,1600000
2022-07-20 12:27:25.599000,1.28819,1.28809,1200000,1200000
2022-07-20 12:27:25.700000,1.2882,1.28808,1200000,1600000
2022-07-20 12:27:26.117000,1.28821,1.28808,1200000,1850000
2022-07-20 12:27:26.319000,1.28821,1.28808,1350000,1570000
2022-07-20 12:27:26.522000,1.2882,1.28808,1200000,1570000
2022-07-20 12:27:26.806000,1.28818,1.28806,1200000,2400000
2022-07-20 12:27:26.908000,1.28818,1.28806,1200000,1570000
2022-07-20 12:27:27.917000,1.28819,1.28806,1200000,1610000
2022-07-20 12:27:28.336000,1.28817,1.28806,1200000,2000000
2022-07-20 12:27:28.787000,1.28819,1.28806,1350000,1350000
2022-07-20 12:27:28.889000,1.28819,1.28807,1200000,1350000
2022-07-20 12:27:29.041000,1.28818,1.28805,1200000,2000000
2022-07-20 12:27:29.591000,1.28819,1.28806,1350000,1440000
2022-07-20 12:27:29.693000,1.2882,1.28807,1600000,1200000
2022-07-20 12:27:29.897000,1.28819,1.28806,1350000,1660000
2022-07-20 12:27:29.999000,1.28818,1.28806,1200000,1350000
2022-07-20 12:27:30.475000,1.28817,1.28805,1200000,1610000
2022-07-20 12:27:31.304000,1.28816,1.28804,1200000,2360000
2022-07-20 12:27:31.457000,1.28817,1.28804,1350000,1610000
2022-07-20 12:27:31.558000,1.28816,1.28803,1350000,2000000
2022-07-20 12:27:33.577000,1.28818,1.28805,2100000,1200000
2022-07-20 12:27:33.780000,1.28818,1.28805,1350000,1350000
2022-07-20 12:27:34.123000,1.2882,1.28804,3700000,1210000
2022-07-20 12:27:35.189000,1.28819,1.28805,1350000,1520000
2022-07-20 12:27:38.877000,1.28821,1.28809,1600000,1210000
2022-07-20 12:27:38.978000,1.28822,1.28809,1600000,1210000
2022-07-20 12:27:39.092000,1.28822,1.28809,1350000,1400000
2022-07-20 12:27:39.498000,1.28823,1.2881,1700000,1120000
2022-07-20 12:27:40.785000,1.28821,1.28808,1200000,1800000
2022-07-20 12:27:40.837000,1.2882,1.28807,2170000,1200000
2022-07-20 12:27:40.888000,1.2882,1.28805,3670000,2470000
2022-07-20 12:27:40.939000,1.2882,1.28805,3700000,2020000
2022-07-20 12:27:41.040000,1.28819,1.28808,1700000,1200000
2022-07-20 12:27:41.531000,1.2882,1.28806,3670000,1120000
2022-07-20 12:27:41.633000,1.2882,1.28805,3720000,1120000
2022-07-20 12:27:41.734000,1.28819,1.28806,3620000,1120000
2022-07-20 12:27:41.887000,1.2882,1.28805,3720000,1200000
2022-07-20 12:27:41.992000,1.2882,1.28805,3700000,1200000
2022-07-20 12:27:44.044000,1.28819,1.28803,1700000,2020000
2022-07-20 12:27:44.465000,1.28816,1.28802,3700000,1850000
2022-07-20 12:27:44.566000,1.28814,1.28801,1200000,1600000
2022-07-20 12:27:44.668000,1.28813,1.28802,1600000,1200000
2022-07-20 12:27:46.009000,1.28812,1.28799,1600000,1120000
2022-07-20 12:27:46.331000,1.28812,1.28801,2170000,1200000
2022-07-20 12:27:46.433000,1.28814,1.28801,1350000,1200000
2022-07-20 12:27:47.169000,1.28816,1.28803,1350000,2050000
2022-07-20 12:27:47.272000,1.28824,1.28813,1100000,1200000
2022-07-20 12:27:47.374000,1.28825,1.28815,1700000,1200000
2022-07-20 12:27:48.657000,1.28828,1.28816,1440000,1200000
2022-07-20 12:27:48.758000,1.28829,1.28816,1320000,1200000
2022-07-20 12:27:48.910000,1.28827,1.28816,2700000,1570000
2022-07-20 12:27:49.012000,1.28826,1.28816,1350000,1200000
2022-07-20 12:27:49.754000,1.28825,1.28815,1200000,1200000
2022-07-20 12:27:50.496000,1.28825,1.28813,1350000,1200000
2022-07-20 12:27:50.598000,1.28825,1.28812,2170000,1120000
2022-07-20 12:27:50.699000,1.28825,1.28813,1610000,1200000
2022-07-20 12:27:51.359000,1.2882,1.2881,1200000,1800000
2022-07-20 12:27:51.461000,1.2882,1.2881,1200000,1800000
2022-07-20 12:27:51.563000,1.2882,1.28807,2790000,1570000
2022-07-20 12:27:51.665000,1.28818,1.28805,1200000,2170000
2022-07-20 12:27:51.766000,1.28815,1.28803,1200000,1300000
2022-07-20 12:27:51.969000,1.28814,1.28801,1200000,1300000
2022-07-20 12:27:52.020000,1.28813,1.28802,1200000,1120000
2022-07-20 12:27:52.318000,1.28813,1.288,1200000,1570000
2022-07-20 12:27:53.276000,1.28812,1.288,1200000,1570000
2022-07-20 12:27:54.376000,1.28813,1.288,1200000,1350000
2022-07-20 12:27:54.478000,1.28811,1.28801,1320000,1200000
2022-07-20 12:27:54.586000,1.28812,1.28799,1200000,1350000
2022-07-20 12:27:54.790000,1.28812,1.288,1200000,1200000
2022-07-20 12:27:56.112000,1.28813,1.28803,1200000,1120000
2022-07-20 12:27:56.315000,1.28813,1.288,1200000,1800000
2022-07-20 12:27:56.416000,1.28813,1.288,1200000,1850000
2022-07-20 12:27:57.205000,1.28811,1.28801,1200000,1850000
2022-07-20 12:27:58.465000,1.2881,1.288,1200000,1850000
2022-07-20 12:27:58.668000,1.28812,1.28799,1200000,1850000
2022-07-20 12:28:00.070000,1.28811,1.28799,1200000,1850000
2022-07-20 12:28:00.121000,1.28813,1.28801,1200000,1570000
2022-07-20 12:28:00.737000,1.28812,1.288,1200000,1850000
2022-07-20 12:28:00.842000,1.28811,1.28798,1200000,2350000
2022-07-20 12:28:00.893000,1.28812,1.28801,1200000,1850000
2022-07-20 12:28:01.096000,1.28812,1.28799,1200000,1850000
2022-07-20 12:28:01.248000,1.28812,1.28799,1200000,1420000
2022-07-20 12:28:01.361000,1.28812,1.28799,1200000,1570000
2022-07-20 12:28:01.666000,1.28809,1.28796,1200000,1800000
2022-07-20 12:28:01.717000,1.28809,1.28796,1200000,1900000
2022-07-20 12:28:01.819000,1.28807,1.28795,1200000,1300000
2022-07-20 12:28:01.921000,1.28808,1.28795,1350000,1300000
2022-07-20 12:28:02.176000,1.28809,1.28796,1200000,1420000
2022-07-20 12:28:02.227000,1.28811,1.28798,1200000,1570000
2022-07-20 12:28:02.328000,1.28811,1.28798,1200000,1420000
2022-07-20 12:28:03.335000,1.2881,1.28799,1200000,1420000
2022-07-20 12:28:03.437000,1.2881,1.28797,1200000,1800000
2022-07-20 12:28:04.673000,1.28808,1.28796,1200000,1420000
2022-07-20 12:28:04.775000,1.28807,1.28795,1200000,1900000
2022-07-20 12:28:05.180000,1.28806,1.28793,1200000,2350000
2022-07-20 12:28:05.282000,1.28805,1.28794,1200000,1850000
2022-07-20 12:28:05.333000,1.28802,1.28793,1200000,1200000
2022-07-20 12:28:05.435000,1.28803,1.2879,1200000,1600000
2022-07-20 12:28:05.536000,1.28803,1.2879,1200000,1570000
2022-07-20 12:28:07.113000,1.28801,1.28791,1200000,1570000
2022-07-20 12:28:07.265000,1.28802,1.28791,1200000,1570000
2022-07-20 12:28:08.511000,1.28802,1.28791,1200000,2100000
2022-07-20 12:28:08.908000,1.28802,1.28791,1200000,2100000
2022-07-20 12:28:09.613000,1.288,1.2879,1200000,1800000
2022-07-20 12:28:10.131000,1.28803,1.2879,1350000,1600000
2022-07-20 12:28:10.334000,1.28804,1.28792,1200000,1200000
2022-07-20 12:28:10.537000,1.28804,1.28792,1200000,1850000
2022-07-20 12:28:10.689000,1.28805,1.28792,1200000,1900000
2022-07-20 12:28:14.133000,1.28803,1.28792,1200000,1850000
2022-07-20 12:28:15.626000,1.28803,1.28792,1200000,1570000
2022-07-20 12:28:16.168000,1.28805,1.28792,1200000,1350000
2022-07-20 12:28:17.492000,1.28805,1.28792,1320000,1600000
2022-07-20 12:28:18.176000,1.28803,1.28792,1200000,1850000
2022-07-20 12:28:18.236000,1.28802,1.28789,1200000,1850000
2022-07-20 12:28:18.337000,1.28801,1.28788,1200000,1850000
2022-07-20 12:28:18.545000,1.28801,1.28788,1200000,1570000
2022-07-20 12:28:18.596000,1.28805,1.28793,2700000,1800000
2022-07-20 12:28:18.698000,1.28804,1.28794,1200000,1800000
2022-07-20 12:28:18.749000,1.28808,1.28795,1200000,1420000
2022-07-20 12:28:18.851000,1.28806,1.28795,1200000,1900000
2022-07-20 12:28:21.657000,1.28808,1.28795,1320000,1350000
2022-07-20 12:28:24.585000,1.28808,1.28797,1440000,1200000
2022-07-20 12:28:30.528000,1.28809,1.28796,2170000,1200000
2022-07-20 12:28:32.419000,1.28808,1.28796,1700000,1200000
2022-07-20 12:28:32.521000,1.28808,1.28795,2170000,1200000
2022-07-20 12:28:32.622000,1.28808,1.28795,1320000,1200000
2022-07-20 12:28:32.775000,1.28809,1.28796,1120000,1200000
2022-07-20 12:28:33.126000,1.28808,1.28797,1200000,1200000
2022-07-20 12:28:33.177000,1.28813,1.28801,2550000,1200000
2022-07-20 12:28:33.228000,1.28813,1.28802,1200000,1200000
2022-07-20 12:28:33.330000,1.28813,1.28803,1200000,1200000
2022-07-20 12:28:33.431000,1.28816,1.28803,1320000,1200000
2022-07-20 12:28:33.706000,1.28817,1.28804,1120000,1200000
2022-07-20 12:28:33.808000,1.28817,1.28804,1320000,1200000
2022-07-20 12:28:35.654000,1.28813,1.28801,2700000,1200000
2022-07-20 12:28:35.791000,1.28814,1.28802,1200000,1200000
2022-07-20 12:28:35.994000,1.28814,1.28801,1200000,1200000
2022-07-20 12:28:36.745000,1.28813,1.28801,1620000,1200000
2022-07-20 12:28:36.797000,1.28808,1.28798,1320000,2020000
2022-07-20 12:28:36.950000,1.28808,1.28795,2920000,1120000
2022-07-20 12:28:37.051000,1.28807,1.28795,1200000,1200000
2022-07-20 12:28:37.156000,1.28807,1.28796,1320000,1200000
2022-07-20 12:28:38.566000,1.28812,1.28799,1800000,1120000
2022-07-20 12:28:38.668000,1.28813,1.288,1800000,1200000
2022-07-20 12:28:38.770000,1.28812,1.28802,1200000,1200000
2022-07-20 12:28:38.973000,1.28813,1.28802,1200000,1200000
2022-07-20 12:28:39.272000,1.28815,1.28802,2790000,1200000
2022-07-20 12:28:40.451000,1.28816,1.28803,1320000,1200000
2022-07-20 12:28:40.821000,1.28815,1.28802,1200000,1350000
2022-07-20 12:28:41.681000,1.28816,1.28803,1440000,1200000
2022-07-20 12:28:42.110000,1.28815,1.28802,1200000,1600000
2022-07-20 12:28:42.685000,1.28811,1.28802,1890000,1200000
2022-07-20 12:28:42.736000,1.28815,1.28802,1400000,1200000
2022-07-20 12:28:43.142000,1.28815,1.28802,1320000,1200000
2022-07-20 12:28:43.345000,1.28815,1.28804,1320000,1200000
2022-07-20 12:28:43.396000,1.2881,1.28799,1200000,1200000
2022-07-20 12:28:43.497000,1.28812,1.28799,2250000,1200000
2022-07-20 12:28:43.599000,1.28813,1.288,1400000,1350000
2022-07-20 12:28:43.650000,1.28814,1.28802,2110000,1200000
2022-07-20 12:28:43.701000,1.2881,1.28799,1200000,2470000
2022-07-20 12:28:43.753000,1.28809,1.28799,1200000,1800000
2022-07-20 12:28:43.854000,1.28811,1.28798,1660000,1800000
2022-07-20 12:28:43.956000,1.28809,1.28799,1200000,1350000
2022-07-20 12:28:44.108000,1.28809,1.28798,2020000,1350000
2022-07-20 12:28:44.210000,1.28809,1.28796,1320000,1350000
2022-07-20 12:28:44.261000,1.28811,1.28798,1420000,1200000
2022-07-20 12:28:44.363000,1.28812,1.28799,1200000,1200000
2022-07-20 12:28:44.515000,1.28812,1.28799,1200000,1600000
2022-07-20 12:28:45.002000,1.28813,1.28801,1320000,1200000
2022-07-20 12:28:45.306000,1.28813,1.28802,1210000,1350000
2022-07-20 12:28:47.479000,1.28812,1.28801,1320000,1200000
2022-07-20 12:28:47.530000,1.28811,1.28799,1200000,1800000
2022-07-20 12:28:47.632000,1.28814,1.28801,1400000,1200000
2022-07-20 12:28:47.734000,1.28814,1.28801,1320000,1350000
2022-07-20 12:28:47.937000,1.28813,1.28802,1200000,1600000
2022-07-20 12:28:48.039000,1.28815,1.28802,1200000,1350000
2022-07-20 12:28:48.566000,1.28814,1.28802,1200000,1350000
2022-07-20 12:28:49.662000,1.28815,1.28803,1200000,1200000
2022-07-20 12:28:50.412000,1.28814,1.28803,1200000,1350000
2022-07-20 12:28:50.564000,1.28816,1.28805,1430000,1200000
2022-07-20 12:28:50.666000,1.28816,1.28805,1200000,1200000
2022-07-20 12:28:51.038000,1.28815,1.28803,1200000,1350000
2022-07-20 12:28:51.140000,1.28816,1.28803,1200000,1350000
2022-07-20 12:28:51.387000,1.28815,1.28803,1200000,1350000
2022-07-20 12:28:52.538000,1.28814,1.28803,1200000,1200000
2022-07-20 12:28:53.078000,1.28809,1.28799,1800000,1200000
2022-07-20 12:28:53.211000,1.28812,1.288,1400000,1200000
2022-07-20 12:28:53.313000,1.28812,1.288,1210000,1200000
2022-07-20 12:28:53.718000,1.28814,1.28802,1870000,1200000
2022-07-20 12:28:53.769000,1.28814,1.28802,1890000,1200000
2022-07-20 12:28:54.985000,1.28815,1.28802,1200000,1200000
2022-07-20 12:28:57.051000,1.28816,1.28803,1660000,1200000
2022-07-20 12:28:57.846000,1.28816,1.28803,1700000,1200000
2022-07-20 12:28:58.672000,1.28817,1.28804,2390000,1200000
2022-07-20 12:28:58.774000,1.28817,1.28804,1850000,1350000
2022-07-20 12:28:58.825000,1.28818,1.28807,2020000,2100000
2022-07-20 12:28:58.927000,1.28823,1.28813,1100000,1350000
2022-07-20 12:28:58.978000,1.28824,1.28813,1100000,1350000
2022-07-20 12:28:59.030000,1.28824,1.28815,1100000,1200000
2022-07-20 12:28:59.132000,1.28827,1.28817,1120000,1200000
2022-07-20 12:28:59.284000,1.28827,1.28817,1200000,1600000
2022-07-20 12:28:59.386000,1.2883,1.28817,1200000,1600000
2022-07-20 12:28:59.511000,1.28831,1.2882,2360000,1200000
2022-07-20 12:28:59.612000,1.28831,1.2882,1890000,1350000
2022-07-20 12:28:59.765000,1.2883,1.28819,1200000,2470000
2022-07-20 12:29:00.072000,1.28831,1.28818,1200000,2250000
2022-07-20 12:29:00.275000,1.28831,1.2882,1800000,1200000
2022-07-20 12:29:00.377000,1.28831,1.28821,1800000,1350000
2022-07-20 12:29:00.479000,1.28832,1.28821,1200000,2250000
2022-07-20 12:29:01.215000,1.28832,1.28819,1800000,1200000
2022-07-20 12:29:01.316000,1.28831,1.28818,1200000,2700000
2022-07-20 12:29:01.469000,1.28828,1.28816,1200000,1350000
2022-07-20 12:29:01.621000,1.28828,1.28815,1200000,1350000
2022-07-20 12:29:02.737000,1.28829,1.28815,1200000,1350000
2022-07-20 12:29:03.361000,1.28828,1.28815,1200000,1350000
2022-07-20 12:29:03.651000,1.28829,1.28814,1200000,1100000
2022-07-20 12:29:05.186000,1.28828,1.28815,1200000,1600000
2022-07-20 12:29:05.941000,1.28826,1.28814,1600000,1350000
2022-07-20 12:29:06.042000,1.28825,1.28814,1700000,1200000
2022-07-20 12:29:06.144000,1.28825,1.28814,1320000,1350000
2022-07-20 12:29:06.448000,1.28826,1.28813,1200000,2470000
2022-07-20 12:29:06.550000,1.28828,1.28817,2920000,1600000
2022-07-20 12:29:06.601000,1.2883,1.28817,1200000,1600000
2022-07-20 12:29:06.956000,1.2883,1.28817,1350000,1800000
2022-07-20 12:29:08.441000,1.28829,1.28816,1200000,1200000
2022-07-20 12:29:09.144000,1.28829,1.28818,1200000,1200000
2022-07-20 12:29:09.466000,1.28831,1.28818,1200000,1200000
2022-07-20 12:29:11.348000,1.28831,1.2882,1320000,1200000
2022-07-20 12:29:11.913000,1.28832,1.28818,1200000,1350000
2022-07-20 12:29:12.614000,1.28832,1.28819,1200000,1440000
2022-07-20 12:29:12.665000,1.28833,1.28819,1200000,1600000
2022-07-20 12:29:12.817000,1.28837,1.28821,1300000,2250000
2022-07-20 12:29:12.868000,1.28837,1.28823,1300000,1200000
2022-07-20 12:29:12.969000,1.28837,1.28824,1200000,1200000
2022-07-20 12:29:13.136000,1.28836,1.28823,1200000,1350000
2022-07-20 12:29:13.743000,1.28836,1.28825,1200000,1200000
2022-07-20 12:29:13.845000,1.28838,1.28827,1200000,1200000
2022-07-20 12:29:14.232000,1.2884,1.28827,1200000,1200000
2022-07-20 12:29:14.336000,1.28839,1.28826,1200000,2100000
2022-07-20 12:29:15.797000,1.28839,1.28828,1200000,1350000
2022-07-20 12:29:18.521000,1.28841,1.28828,1200000,1200000
2022-07-20 12:29:18.625000,1.28842,1.28831,1200000,1200000
2022-07-20 12:29:19.363000,1.28842,1.28829,1200000,1200000
2022-07-20 12:29:20.449000,1.28842,1.28829,1120000,1200000
2022-07-20 12:29:20.500000,1.2884,1.28828,1320000,1800000
2022-07-20 12:29:21.707000,1.28838,1.28827,1320000,1720000
2022-07-20 12:29:21.809000,1.28836,1.28826,1200000,1100000
2022-07-20 12:29:21.860000,1.28836,1.28825,1200000,1800000
2022-07-20 12:29:23.876000,1.28836,1.28823,1200000,1200000
2022-07-20 12:29:23.978000,1.28835,1.28824,1600000,1200000
2022-07-20 12:29:24.382000,1.28835,1.28822,1440000,1200000
2022-07-20 12:29:24.484000,1.28834,1.28821,1200000,1200000
2022-07-20 12:29:24.995000,1.28831,1.28818,1200000,1200000
2022-07-20 12:29:25.578000,1.28829,1.28816,1200000,1200000
2022-07-20 12:29:27.350000,1.28828,1.28815,1200000,1200000
2022-07-20 12:29:27.451000,1.28828,1.28814,1200000,1200000
2022-07-20 12:29:28.867000,1.28827,1.28813,1120000,1200000
2022-07-20 12:29:29.724000,1.28825,1.28812,1200000,1200000
2022-07-20 12:29:29.881000,1.28826,1.28813,1320000,1200000
2022-07-20 12:29:29.982000,1.28825,1.28812,1200000,1200000
2022-07-20 12:29:30.084000,1.28829,1.28817,1120000,1200000
2022-07-20 12:29:30.287000,1.2883,1.28816,1320000,1200000
2022-07-20 12:29:30.389000,1.28826,1.28813,1320000,1200000
2022-07-20 12:29:30.493000,1.28825,1.28812,1200000,1200000
2022-07-20 12:29:30.646000,1.28825,1.28813,1320000,1200000
2022-07-20 12:29:30.747000,1.28826,1.28813,1320000,1200000
2022-07-20 12:29:30.849000,1.28828,1.28814,1320000,1200000
2022-07-20 12:29:31.204000,1.28826,1.28813,1200000,1200000
2022-07-20 12:29:31.305000,1.28826,1.28812,1200000,1200000
2022-07-20 12:29:31.458000,1.28826,1.28813,1200000,1200000
2022-07-20 12:29:34.377000,1.28826,1.28814,1200000,1200000
2022-07-20 12:29:34.479000,1.28827,1.28814,1200000,1200000
2022-07-20 12:29:34.580000,1.28828,1.28815,1200000,1200000
2022-07-20 12:29:34.818000,1.28829,1.28815,1200000,1200000
2022-07-20 12:29:34.920000,1.28828,1.28815,1200000,1200000
2022-07-20 12:29:35.395000,1.28829,1.28816,1200000,1200000
2022-07-20 12:29:35.497000,1.28832,1.28819,1200000,1200000
2022-07-20 12:29:35.650000,1.28831,1.28821,1200000,1200000
2022-07-20 12:29:36.136000,1.28833,1.2882,1200000,1200000
2022-07-20 12:29:37.047000,1.28833,1.28819,1200000,1200000
2022-07-20 12:29:38.849000,1.28832,1.28818,1200000,1200000
2022-07-20 12:29:40.046000,1.28833,1.28819,1200000,1200000
2022-07-20 12:29:40.148000,1.28832,1.28819,1200000,1200000
2022-07-20 12:29:43.043000,1.28833,1.28819,1200000,1200000
2022-07-20 12:29:43.145000,1.28833,1.2882,1200000,1200000
2022-07-20 12:29:44.818000,1.28834,1.2882,1200000,1200000
2022-07-20 12:29:44.920000,1.28832,1.28821,1200000,1200000
2022-07-20 12:29:46.345000,1.28833,1.28819,1200000,1200000
2022-07-20 12:29:47.357000,1.28833,1.28821,1200000,1200000
2022-07-20 12:29:48.084000,1.28839,1.28827,1200000,1200000
2022-07-20 12:29:48.337000,1.28833,1.28819,1200000,1200000
2022-07-20 12:29:49.619000,1.28832,1.28819,1200000,1200000
2022-07-20 12:29:50.861000,1.28828,1.28814,1200000,1200000
2022-07-20 12:29:50.963000,1.2883,1.28817,1200000,1200000
2022-07-20 12:29:51.064000,1.28831,1.28818,1200000,1200000
2022-07-20 12:29:51.428000,1.28832,1.28818,1200000,1200000
2022-07-20 12:29:52.185000,1.28833,1.28819,1200000,1200000
2022-07-20 12:29:53.205000,1.28832,1.28819,1200000,1200000
2022-07-20 12:29:53.307000,1.2883,1.28816,1200000,1200000
2022-07-20 12:29:54.445000,1.28828,1.28817,1200000,1200000
2022-07-20 12:29:54.605000,1.2883,1.28816,1200000,1200000
2022-07-20 12:29:57.289000,1.28835,1.28821,1200000,1200000
2022-07-20 12:29:57.390000,1.28836,1.28824,1200000,1200000
2022-07-20 12:29:57.768000,1.28836,1.28825,1200000,1200000
2022-07-20 12:29:57.819000,1.28836,1.2882,1200000,1800000
2022-07-20 12:29:58.557000,1.28842,1.28821,1290000,1800000
2022-07-20 12:29:59.477000,1.28838,1.28817,2700000,1200000
2022-07-20 12:29:59.528000,1.28838,1.28813,1200000,1200000
2022-07-20 12:29:59.579000,1.28837,1.28819,1200000,1800000
2022-07-20 12:29:59.630000,1.28845,1.28818,1200000,1800000
2022-07-20 12:30:00.107000,1.28845,1.28815,1200000,1200000
2022-07-20 12:30:00.158000,1.28845,1.28813,1800000,2700000
2022-07-20 12:30:00.260000,1.28844,1.28818,1200000,1800000
2022-07-20 12:30:00.389000,1.28845,1.28818,1290000,1800000
2022-07-20 12:30:00.491000,1.28843,1.28819,1200000,1800000
2022-07-20 12:30:00.641000,1.28844,1.2882,1200000,1200000
2022-07-20 12:30:00.692000,1.28855,1.28846,1200000,1200000
2022-07-20 12:30:00.744000,1.28913,1.28897,900000,1200000
2022-07-20 12:30:00.795000,1.28907,1.2889,1200000,1600000
2022-07-20 12:30:00.846000,1.28914,1.28897,900000,1200000
2022-07-20 12:30:00.897000,1.28924,1.28904,1200000,1600000
2022-07-20 12:30:00.948000,1.28956,1.28924,1360000,1100000
2022-07-20 12:30:00.999000,1.28958,1.28922,1200000,1200000
2022-07-20 12:30:01.050000,1.28946,1.28921,1300000,1800000
2022-07-20 12:30:01.151000,1.28929,1.28918,1200000,1200000
2022-07-20 12:30:01.202000,1.28938,1.28912,1800000,1600000
2022-07-20 12:30:01.254000,1.28938,1.28925,1800000,1100000
2022-07-20 12:30:01.305000,1.28949,1.28934,1200000,1200000
2022-07-20 12:30:01.406000,1.2895,1.28929,1200000,1200000
2022-07-20 12:30:01.558000,1.28954,1.28928,1800000,1600000
2022-07-20 12:30:01.609000,1.2894,1.28927,1200000,1200000
2022-07-20 12:30:01.710000,1.28939,1.28919,1200000,1720000
2022-07-20 12:30:01.912000,1.2894,1.2893,1200000,2250000
2022-07-20 12:30:02.013000,1.28941,1.28927,1200000,4050000
2022-07-20 12:30:02.064000,1.28957,1.28938,1350000,1200000
2022-07-20 12:30:02.166000,1.28954,1.28931,1200000,1200000
2022-07-20 12:30:02.268000,1.28953,1.28927,1800000,1600000
2022-07-20 12:30:02.319000,1.2894,1.28918,1800000,1600000
2022-07-20 12:30:02.420000,1.28919,1.28908,1800000,2100000
2022-07-20 12:30:02.471000,1.28922,1.28907,1200000,1800000
2022-07-20 12:30:02.522000,1.28929,1.28907,1300000,1800000
2022-07-20 12:30:02.573000,1.28936,1.2892,1800000,1720000
2022-07-20 12:30:02.624000,1.28945,1.28926,1200000,1100000
2022-07-20 12:30:02.675000,1.28945,1.28926,1200000,1200000
2022-07-20 12:30:02.726000,1.28953,1.28926,1800000,1200000
2022-07-20 12:30:02.777000,1.28945,1.28926,1800000,1200000
2022-07-20 12:30:02.828000,1.28945,1.28914,1800000,1800000
2022-07-20 12:30:02.879000,1.28953,1.28921,1800000,1800000
2022-07-20 12:30:02.929000,1.28952,1.28922,1800000,1090000
2022-07-20 12:30:03.031000,1.28952,1.28922,1800000,1600000
2022-07-20 12:30:03.170000,1.28945,1.2892,1800000,1800000
2022-07-20 12:30:03.278000,1.28944,1.28917,1800000,1200000
2022-07-20 12:30:03.379000,1.28945,1.28921,1800000,1200000
2022-07-20 12:30:03.431000,1.28944,1.2892,1800000,2700000
2022-07-20 12:30:03.482000,1.28944,1.2892,1800000,2520000
2022-07-20 12:30:03.583000,1.28942,1.2892,1350000,1270000
2022-07-20 12:30:03.634000,1.28937,1.28917,1350000,1200000
2022-07-20 12:30:03.736000,1.28919,1.28912,1800000,1350000
2022-07-20 12:30:03.787000,1.28928,1.28912,1800000,1350000
2022-07-20 12:30:03.838000,1.28929,1.28906,1800000,1200000
2022-07-20 12:30:03.939000,1.28934,1.28913,1800000,1800000
2022-07-20 12:30:04.041000,1.28942,1.2892,1300000,1200000
2022-07-20 12:30:04.092000,1.28943,1.28915,1200000,1100000
2022-07-20 12:30:04.143000,1.28946,1.28926,2700000,1200000
2022-07-20 12:30:04.194000,1.28944,1.28922,2250000,2250000
2022-07-20 12:30:04.296000,1.28945,1.28922,2250000,1200000
2022-07-20 12:30:04.713000,1.28951,1.2893,1800000,2250000
2022-07-20 12:30:04.815000,1.28945,1.28917,1800000,1200000
2022-07-20 12:30:04.866000,1.28935,1.28918,1200000,1200000
2022-07-20 12:30:04.917000,1.28911,1.28886,1200000,1200000
2022-07-20 12:30:04.968000,1.28911,1.28896,1200000,1200000
2022-07-20 12:30:05.019000,1.28915,1.28895,1200000,1800000
2022-07-20 12:30:05.070000,1.28922,1.28905,1200000,1800000
2022-07-20 12:30:05.121000,1.2893,1.28906,1200000,1800000
2022-07-20 12:30:05.172000,1.28929,1.28906,1600000,1200000
2022-07-20 12:30:05.274000,1.28931,1.28905,1200000,1200000
2022-07-20 12:30:05.325000,1.28929,1.28903,1800000,1800000
2022-07-20 12:30:05.427000,1.28925,1.28897,1720000,1800000
2022-07-20 12:30:05.478000,1.28911,1.28894,2700000,1200000
2022-07-20 12:30:05.529000,1.28904,1.28882,1200000,1150000
2022-07-20 12:30:05.580000,1.28904,1.28893,1200000,2700000
2022-07-20 12:30:05.631000,1.28917,1.28893,1200000,1100000
2022-07-20 12:30:05.682000,1.28918,1.28892,1200000,1200000
2022-07-20 12:30:05.733000,1.2892,1.28894,2250000,1200000
2022-07-20 12:30:05.835000,1.28909,1.28889,1200000,1350000
2022-07-20 12:30:05.936000,1.2892,1.28891,2250000,1200000
2022-07-20 12:30:06.040000,1.28924,1.28893,1800000,1800000
2022-07-20 12:30:06.091000,1.28925,1.2891,1200000,1350000
2022-07-20 12:30:06.142000,1.28929,1.28905,2470000,1600000
2022-07-20 12:30:06.193000,1.28936,1.2891,1800000,1200000
2022-07-20 12:30:06.244000,1.28937,1.2891,1800000,1200000
2022-07-20 12:30:06.295000,1.28937,1.28915,1800000,1200000
2022-07-20 12:30:06.396000,1.28935,1.28916,1350000,1200000
2022-07-20 12:30:06.447000,1.28937,1.2891,1200000,1200000
2022-07-20 12:30:06.498000,1.28938,1.28916,2700000,2100000
2022-07-20 12:30:06.549000,1.28942,1.28915,1200000,1100000
2022-07-20 12:30:06.635000,1.28945,1.28922,1800000,1200000
2022-07-20 12:30:06.691000,1.28943,1.2892,1800000,1600000
2022-07-20 12:30:06.793000,1.28943,1.28919,1800000,1200000
2022-07-20 12:30:06.844000,1.28943,1.28913,1800000,1150000
2022-07-20 12:30:06.895000,1.28929,1.28911,1200000,1200000
2022-07-20 12:30:06.946000,1.28932,1.28906,1200000,1200000
2022-07-20 12:30:06.997000,1.28932,1.28915,1200000,1800000
2022-07-20 12:30:07.048000,1.28937,1.28915,1200000,1200000
2022-07-20 12:30:07.099000,1.28937,1.28923,1200000,1200000
2022-07-20 12:30:07.150000,1.28946,1.28928,1200000,1200000
2022-07-20 12:30:07.201000,1.28946,1.2893,1200000,1800000
2022-07-20 12:30:07.252000,1.28955,1.28938,1200000,1200000
2022-07-20 12:30:07.354000,1.28962,1.2893,1800000,2100000
2022-07-20 12:30:07.456000,1.28962,1.28934,1800000,1200000
2022-07-20 12:30:07.608000,1.28963,1.28936,2700000,1800000
2022-07-20 12:30:07.710000,1.28962,1.28939,1800000,1800000
2022-07-20 12:30:07.812000,1.28953,1.28931,1800000,1800000
2022-07-20 12:30:07.925000,1.2895,1.28927,1800000,1350000
2022-07-20 12:30:07.976000,1.28944,1.28927,1800000,1200000
2022-07-20 12:30:08.027000,1.28944,1.28922,1800000,1800000
2022-07-20 12:30:08.289000,1.2894,1.2892,1200000,1200000
2022-07-20 12:30:08.341000,1.28938,1.28915,3600000,1200000
2022-07-20 12:30:08.392000,1.28946,1.28934,1800000,1200000
2022-07-20 12:30:08.493000,1.28947,1.28922,1200000,1200000
2022-07-20 12:30:08.545000,1.28953,1.28921,1350000,1200000
2022-07-20 12:30:08.596000,1.28955,1.2893,2850000,1200000
2022-07-20 12:30:08.697000,1.28952,1.28928,1800000,2700000
2022-07-20 12:30:08.749000,1.28949,1.28928,1200000,1200000
2022-07-20 12:30:08.800000,1.28952,1.28927,1200000,2700000
2022-07-20 12:30:08.967000,1.28953,1.28927,2250000,1800000
2022-07-20 12:30:09.069000,1.28953,1.28927,2250000,2100000
2022-07-20 12:30:09.170000,1.28954,1.28931,1600000,2250000
2022-07-20 12:30:09.221000,1.28957,1.2893,1100000,2250000
2022-07-20 12:30:09.272000,1.28956,1.28939,1200000,1200000
2022-07-20 12:30:09.324000,1.28957,1.2893,1800000,2100000
2022-07-20 12:30:09.375000,1.28955,1.28922,1800000,1600000
2022-07-20 12:30:09.426000,1.28934,1.28913,1200000,1600000
2022-07-20 12:30:09.477000,1.2893,1.28896,2100000,1200000
2022-07-20 12:30:09.528000,1.28917,1.28896,1720000,1200000
2022-07-20 12:30:09.579000,1.2892,1.28897,1800000,1350000
2022-07-20 12:30:09.630000,1.28914,1.28896,1800000,1200000
2022-07-20 12:30:09.731000,1.28908,1.28883,1800000,1800000
2022-07-20 12:30:09.782000,1.28905,1.28882,1200000,1800000
2022-07-20 12:30:09.884000,1.28919,1.28891,1600000,1200000
2022-07-20 12:30:09.986000,1.2892,1.28888,2100000,2250000
2022-07-20 12:30:10.037000,1.2892,1.2889,2100000,1200000
2022-07-20 12:30:10.138000,1.28905,1.2888,1800000,1600000
2022-07-20 12:30:10.240000,1.2893,1.28905,1300000,1200000
2022-07-20 12:30:10.291000,1.28936,1.28907,1300000,1200000
2022-07-20 12:30:10.342000,1.28937,1.28907,3600000,1350000
2022-07-20 12:30:10.393000,1.28945,1.28923,2250000,1200000
2022-07-20 12:30:10.495000,1.28944,1.28922,1800000,2250000
2022-07-20 12:30:10.596000,1.28953,1.28932,1800000,1200000
2022-07-20 12:30:10.647000,1.28949,1.28923,1800000,1100000
2022-07-20 12:30:10.713000,1.28951,1.28923,1200000,1100000
2022-07-20 12:30:10.772000,1.28954,1.28942,1200000,4350000
2022-07-20 12:30:10.823000,1.28965,1.28946,1200000,1200000
2022-07-20 12:30:10.874000,1.28964,1.2894,1800000,1350000
2022-07-20 12:30:10.976000,1.28951,1.28928,1800000,1600000
2022-07-20 12:30:11.027000,1.28951,1.28921,1800000,1600000
2022-07-20 12:30:11.078000,1.2895,1.28922,1300000,2020000
2022-07-20 12:30:11.179000,1.28949,1.28921,1200000,2020000
2022-07-20 12:30:11.281000,1.28943,1.28918,1800000,1200000
2022-07-20 12:30:11.383000,1.28934,1.28908,1200000,1200000
2022-07-20 12:30:11.484000,1.28938,1.28916,1800000,1300000
2022-07-20 12:30:11.586000,1.28937,1.28919,1800000,1800000
2022-07-20 12:30:11.637000,1.28945,1.28925,1800000,1800000
2022-07-20 12:30:11.688000,1.28942,1.28923,1800000,1200000
2022-07-20 12:30:11.890000,1.28944,1.28923,1800000,1200000
2022-07-20 12:30:11.941000,1.28946,1.28923,1800000,1200000
2022-07-20 12:30:12.225000,1.28944,1.28928,1200000,1800000
2022-07-20 12:30:12.427000,1.28944,1.28925,1200000,1200000
2022-07-20 12:30:12.529000,1.28944,1.28924,2700000,3600000
2022-07-20 12:30:12.631000,1.28944,1.28923,2700000,1200000
2022-07-20 12:30:12.732000,1.28938,1.28923,1200000,1200000
2022-07-20 12:30:12.884000,1.28928,1.2892,1800000,1200000
2022-07-20 12:30:12.935000,1.28926,1.28913,1200000,1200000
2022-07-20 12:30:12.987000,1.28924,1.28902,1800000,1720000
2022-07-20 12:30:13.038000,1.2892,1.289,1200000,1800000
2022-07-20 12:30:13.139000,1.28919,1.289,1200000,2100000
2022-07-20 12:30:13.241000,1.28923,1.28902,1200000,1350000
2022-07-20 12:30:13.292000,1.28922,1.28909,1200000,1720000
2022-07-20 12:30:13.343000,1.28931,1.28907,3120000,3600000
2022-07-20 12:30:13.394000,1.28929,1.2891,1620000,1350000
2022-07-20 12:30:13.445000,1.28927,1.28906,1620000,2100000
2022-07-20 12:30:13.547000,1.28926,1.28908,1890000,2250000
2022-07-20 12:30:13.598000,1.28931,1.28909,2200000,2250000
2022-07-20 12:30:13.699000,1.28931,1.28908,1620000,1800000
2022-07-20 12:30:13.801000,1.2892,1.28905,1200000,1200000
2022-07-20 12:30:13.852000,1.28927,1.28905,1990000,2250000
2022-07-20 12:30:13.954000,1.28927,1.28905,2120000,1800000
2022-07-20 12:30:14.074000,1.28929,1.28913,1720000,1200000
2022-07-20 12:30:14.125000,1.28929,1.2891,1800000,1350000
2022-07-20 12:30:14.176000,1.28929,1.28908,1200000,1350000
2022-07-20 12:30:14.227000,1.28936,1.28909,1990000,1100000
2022-07-20 12:30:14.329000,1.2893,1.28908,1200000,2470000
2022-07-20 12:30:14.683000,1.28934,1.28911,1320000,2020000
2022-07-20 12:30:14.785000,1.28934,1.28912,1320000,1800000
2022-07-20 12:30:14.836000,1.28938,1.28915,1120000,2100000
2022-07-20 12:30:15.025000,1.28928,1.28912,1200000,1350000
2022-07-20 12:30:15.076000,1.28922,1.28904,1200000,1720000
2022-07-20 12:30:15.178000,1.28926,1.28907,1800000,1200000
2022-07-20 12:30:15.330000,1.28929,1.28907,1120000,1500000
2022-07-20 12:30:15.432000,1.28925,1.28906,1120000,2250000
2022-07-20 12:30:15.484000,1.28926,1.28908,1120000,1200000
2022-07-20 12:30:15.585000,1.28926,1.28907,1120000,1890000
2022-07-20 12:30:15.687000,1.28923,1.28905,2560000,2170000
2022-07-20 12:30:15.739000,1.28923,1.28902,1120000,2020000
2022-07-20 12:30:15.846000,1.28922,1.28903,1120000,1800000
2022-07-20 12:30:15.948000,1.28922,1.28902,1120000,1800000
2022-07-20 12:30:16.050000,1.28921,1.28903,1200000,1890000
2022-07-20 12:30:16.152000,1.28923,1.28902,1120000,1720000
2022-07-20 12:30:16.253000,1.28923,1.28904,1120000,1100000
2022-07-20 12:30:16.405000,1.28924,1.28902,1120000,1850000
2022-07-20 12:30:16.608000,1.28922,1.28903,1120000,2020000
2022-07-20 12:30:16.761000,1.28922,1.28902,1120000,1100000
2022-07-20 12:30:16.862000,1.28922,1.28901,1120000,1720000
2022-07-20 12:30:17.014000,1.28922,1.28901,1120000,1800000
2022-07-20 12:30:17.319000,1.28922,1.28901,1120000,1800000
2022-07-20 12:30:17.420000,1.28922,1.28902,1120000,1800000
2022-07-20 12:30:17.522000,1.28919,1.28899,1120000,1200000
2022-07-20 12:30:17.623000,1.28919,1.289,1120000,1800000
2022-07-20 12:30:17.725000,1.28919,1.289,1320000,1800000
2022-07-20 12:30:17.776000,1.28919,1.289,2370000,1200000
2022-07-20 12:30:17.827000,1.28916,1.28896,1120000,3150000
2022-07-20 12:30:17.929000,1.28914,1.28892,1120000,1200000
2022-07-20 12:30:18.030000,1.28913,1.28891,1620000,1800000
2022-07-20 12:30:18.132000,1.28914,1.2889,1120000,1800000
2022-07-20 12:30:18.183000,1.28913,1.28891,1120000,1800000
2022-07-20 12:30:18.311000,1.28914,1.28891,1120000,1800000
2022-07-20 12:30:18.413000,1.28915,1.28891,1120000,1800000
2022-07-20 12:30:18.514000,1.28915,1.28891,1120000,1800000
2022-07-20 12:30:18.565000,1.28916,1.28894,1200000,1800000
2022-07-20 12:30:18.667000,1.28917,1.28895,1120000,1800000
2022-07-20 12:30:18.718000,1.28916,1.28897,1200000,1200000
2022-07-20 12:30:18.769000,1.28914,1.28897,1200000,1120000
2022-07-20 12:30:18.871000,1.28915,1.28896,1120000,1200000
2022-07-20 12:30:18.973000,1.28916,1.28897,1120000,1200000
2022-07-20 12:30:19.074000,1.28916,1.28897,1120000,1800000
2022-07-20 12:30:19.176000,1.28917,1.28895,1120000,1300000
2022-07-20 12:30:19.278000,1.28915,1.28894,1120000,2550000
2022-07-20 12:30:19.329000,1.28915,1.28894,1120000,1200000
2022-07-20 12:30:19.551000,1.28914,1.28892,1120000,1120000
2022-07-20 12:30:19.721000,1.28915,1.28893,2370000,1200000
2022-07-20 12:30:19.924000,1.28915,1.28893,4060000,1300000
2022-07-20 12:30:19.975000,1.28913,1.28893,1120000,1200000
2022-07-20 12:30:20.077000,1.28907,1.28888,1120000,1800000
2022-07-20 12:30:20.179000,1.28908,1.28886,4060000,1200000
2022-07-20 12:30:20.354000,1.28907,1.28886,1120000,1200000
2022-07-20 12:30:20.557000,1.28909,1.28888,1120000,1890000
2022-07-20 12:30:20.658000,1.2891,1.2889,1120000,1200000
2022-07-20 12:30:21.010000,1.2891,1.28889,1120000,1320000
2022-07-20 12:30:21.314000,1.28909,1.28888,1120000,2920000
2022-07-20 12:30:21.416000,1.28907,1.28885,2370000,2700000
2022-07-20 12:30:21.518000,1.28902,1.28883,1370000,2020000
2022-07-20 12:30:21.569000,1.28902,1.28881,1120000,1350000
2022-07-20 12:30:21.822000,1.28901,1.28881,2620000,3410000
2022-07-20 12:30:22.281000,1.28891,1.28877,1320000,1200000
2022-07-20 12:30:22.332000,1.28892,1.28872,1240000,1800000
2022-07-20 12:30:22.383000,1.2889,1.2887,1620000,2100000
2022-07-20 12:30:22.535000,1.2889,1.2887,2370000,2100000
2022-07-20 12:30:22.637000,1.28887,1.28871,1120000,1800000
2022-07-20 12:30:22.688000,1.28881,1.28862,1990000,1350000
2022-07-20 12:30:22.739000,1.28881,1.28864,1240000,1200000
2022-07-20 12:30:22.790000,1.28876,1.2886,1200000,1200000
2022-07-20 12:30:22.841000,1.28881,1.28863,1720000,1800000
2022-07-20 12:30:23.265000,1.28878,1.28859,1120000,3150000
2022-07-20 12:30:23.417000,1.28879,1.28858,3870000,1200000
2022-07-20 12:30:23.518000,1.28877,1.28858,1120000,1200000
2022-07-20 12:30:23.620000,1.28878,1.28856,2370000,1200000
2022-07-20 12:30:23.887000,1.28877,1.28858,2620000,1200000
2022-07-20 12:30:23.989000,1.2886,1.28844,3120000,1100000
2022-07-20 12:30:24.040000,1.28857,1.28843,1120000,1200000
2022-07-20 12:30:24.091000,1.28857,1.28841,1620000,1200000
2022-07-20 12:30:24.192000,1.2886,1.2884,1620000,1200000
2022-07-20 12:30:24.542000,1.28859,1.28839,1620000,1200000
2022-07-20 12:30:24.644000,1.28859,1.28839,1620000,1200000
2022-07-20 12:30:24.847000,1.28858,1.28839,3120000,2700000
2022-07-20 12:30:24.948000,1.28859,1.28839,1320000,2180000
2022-07-20 12:30:25.171000,1.2886,1.2884,1120000,1700000
2022-07-20 12:30:25.272000,1.28872,1.28856,1100000,1800000
2022-07-20 12:30:25.374000,1.28875,1.28855,1620000,2250000
2022-07-20 12:30:25.577000,1.28874,1.28856,1120000,1800000
2022-07-20 12:30:26.084000,1.28871,1.28852,1320000,3150000
2022-07-20 12:30:26.186000,1.2887,1.28851,1120000,2700000
2022-07-20 12:30:26.288000,1.28871,1.28851,1320000,1800000
2022-07-20 12:30:26.593000,1.28872,1.28851,1200000,1800000
2022-07-20 12:30:26.695000,1.28875,1.28857,2310000,2020000
2022-07-20 12:30:26.847000,1.28876,1.28862,1200000,1200000
2022-07-20 12:30:26.899000,1.28875,1.2886,1120000,1200000
2022-07-20 12:30:26.950000,1.28875,1.28858,1620000,2020000
2022-07-20 12:30:27.052000,1.28875,1.28859,1620000,2020000
2022-07-20 12:30:27.154000,1.28875,1.28857,1620000,2920000
2022-07-20 12:30:27.306000,1.28875,1.28858,1620000,2020000
2022-07-20 12:30:27.408000,1.28876,1.28856,1620000,2020000
2022-07-20 12:30:27.509000,1.28876,1.28855,1620000,3010000
2022-07-20 12:30:27.611000,1.28875,1.28857,1620000,2020000
2022-07-20 12:30:27.713000,1.28876,1.28857,1620000,2020000
2022-07-20 12:30:28.011000,1.28875,1.28856,1620000,2700000
2022-07-20 12:30:28.113000,1.28875,1.28858,1620000,1200000
2022-07-20 12:30:28.215000,1.28876,1.28856,1620000,2020000
2022-07-20 12:30:28.317000,1.28875,1.28856,1620000,2920000
2022-07-20 12:30:28.419000,1.28876,1.28856,1620000,2020000
2022-07-20 12:30:28.520000,1.28875,1.28856,1620000,2920000
2022-07-20 12:30:28.709000,1.2888,1.28867,1240000,1200000
2022-07-20 12:30:28.760000,1.28884,1.28868,1200000,1200000
2022-07-20 12:30:28.811000,1.2889,1.28871,1320000,1200000
2022-07-20 12:30:28.863000,1.28893,1.28873,1700000,2790000
2022-07-20 12:30:28.965000,1.28895,1.28879,1200000,1800000
2022-07-20 12:30:29.067000,1.289,1.28882,1240000,1200000
2022-07-20 12:30:29.118000,1.28898,1.28881,1240000,1800000
2022-07-20 12:30:29.220000,1.289,1.2888,1620000,2700000
2022-07-20 12:30:29.501000,1.289,1.28882,1620000,1200000
2022-07-20 12:30:29.604000,1.28899,1.28881,1620000,2920000
2022-07-20 12:30:29.705000,1.28899,1.28881,1720000,2920000
2022-07-20 12:30:29.807000,1.28898,1.28881,1120000,2020000
2022-07-20 12:30:30.094000,1.28897,1.28876,1720000,1350000
2022-07-20 12:30:31.326000,1.28897,1.28877,1620000,1200000
2022-07-20 12:30:31.998000,1.28896,1.28878,1720000,2700000
2022-07-20 12:30:32.100000,1.28897,1.28877,1620000,2700000
2022-07-20 12:30:32.673000,1.28889,1.28873,1990000,1200000
2022-07-20 12:30:32.775000,1.28889,1.28871,2070000,1200000
2022-07-20 12:30:32.877000,1.28888,1.2887,1680000,1620000
2022-07-20 12:30:32.928000,1.28892,1.28874,1400000,1600000
2022-07-20 12:30:32.979000,1.28893,1.28873,1370000,1200000
2022-07-20 12:30:33.030000,1.2889,1.28872,1320000,1200000
2022-07-20 12:30:33.385000,1.28892,1.28871,1120000,1200000
2022-07-20 12:30:33.791000,1.28889,1.28871,1120000,1350000
2022-07-20 12:30:33.892000,1.2889,1.28869,1370000,1350000
2022-07-20 12:30:34.348000,1.28889,1.2887,1120000,1350000
2022-07-20 12:30:34.450000,1.28887,1.28869,1120000,1200000
2022-07-20 12:30:34.858000,1.28887,1.28868,1370000,1350000
2022-07-20 12:30:35.011000,1.28889,1.28869,1420000,3150000
2022-07-20 12:30:35.113000,1.28888,1.28868,1320000,1800000
2022-07-20 12:30:35.215000,1.28888,1.28868,1120000,1200000
2022-07-20 12:30:35.803000,1.28887,1.28868,1420000,1350000
2022-07-20 12:30:35.905000,1.28887,1.28866,2180000,1200000
2022-07-20 12:30:36.186000,1.28887,1.28866,1430000,1200000
2022-07-20 12:30:36.288000,1.28885,1.28865,1490000,1200000
2022-07-20 12:30:36.339000,1.28886,1.28867,3970000,1200000
2022-07-20 12:30:36.391000,1.28883,1.28864,1120000,1600000
2022-07-20 12:30:36.492000,1.28884,1.28863,1370000,1600000
2022-07-20 12:30:36.623000,1.28884,1.28863,1870000,1600000
2022-07-20 12:30:36.927000,1.28883,1.28862,1370000,1800000
2022-07-20 12:30:37.079000,1.28883,1.28862,1620000,1350000
2022-07-20 12:30:38.275000,1.28881,1.28862,2240000,1720000
2022-07-20 12:30:39.177000,1.28882,1.28861,1490000,1720000
2022-07-20 12:30:39.421000,1.28882,1.28861,3740000,1720000
2022-07-20 12:30:39.949000,1.28879,1.28862,1370000,1720000
2022-07-20 12:30:40.050000,1.28881,1.28861,1370000,1720000
2022-07-20 12:30:40.253000,1.28883,1.28862,6270000,1350000
2022-07-20 12:30:40.558000,1.28883,1.28863,3120000,1200000
2022-07-20 12:30:40.659000,1.28882,1.28863,1440000,1200000
2022-07-20 12:30:40.765000,1.28881,1.28864,1440000,2100000
2022-07-20 12:30:41.087000,1.28883,1.28863,2120000,2100000
2022-07-20 12:30:41.190000,1.28883,1.28863,1610000,2100000
2022-07-20 12:30:41.999000,1.28885,1.28867,1430000,1700000
2022-07-20 12:30:42.101000,1.28887,1.28869,1300000,1350000
2022-07-20 12:30:42.152000,1.2889,1.28869,1520000,1350000
2022-07-20 12:30:42.254000,1.2889,1.28869,1720000,1600000
2022-07-20 12:30:42.457000,1.2889,1.28869,1370000,1350000
2022-07-20 12:30:42.715000,1.28893,1.28875,3140000,1200000
2022-07-20 12:30:42.766000,1.28893,1.28875,3160000,1600000
2022-07-20 12:30:43.172000,1.28896,1.28882,1900000,1200000
2022-07-20 12:30:43.223000,1.28898,1.28882,1350000,3600000
2022-07-20 12:30:43.274000,1.289,1.28882,1320000,4720000
2022-07-20 12:30:43.427000,1.28902,1.28882,1620000,5850000
2022-07-20 12:30:44.297000,1.28901,1.28883,1680000,1350000
2022-07-20 12:30:44.348000,1.289,1.28881,1620000,1600000
2022-07-20 12:30:44.399000,1.28899,1.28879,2120000,2850000
2022-07-20 12:30:44.501000,1.289,1.28879,3570000,2850000
2022-07-20 12:30:45.063000,1.28898,1.28883,2470000,1200000
2022-07-20 12:30:45.165000,1.28907,1.2889,3450000,1600000
2022-07-20 12:30:45.216000,1.28907,1.28887,2890000,1420000
2022-07-20 12:30:45.318000,1.28908,1.28887,1620000,1350000
2022-07-20 12:30:45.470000,1.28906,1.28885,1120000,1600000
2022-07-20 12:30:45.572000,1.28906,1.28883,2220000,2100000
2022-07-20 12:30:45.623000,1.28904,1.28884,1870000,2250000
2022-07-20 12:30:45.675000,1.28906,1.28891,1990000,1200000
2022-07-20 12:30:45.726000,1.28905,1.28888,2370000,1200000
2022-07-20 12:30:45.777000,1.28897,1.28888,2170000,1200000
2022-07-20 12:30:45.828000,1.28893,1.28883,2920000,1200000
2022-07-20 12:30:45.879000,1.28893,1.28877,1200000,1200000
2022-07-20 12:30:45.930000,1.28891,1.28881,1720000,1200000
2022-07-20 12:30:45.981000,1.2889,1.28872,1720000,1800000
2022-07-20 12:30:46.083000,1.28893,1.2887,1120000,1200000
2022-07-20 12:30:46.185000,1.2889,1.28871,1720000,1200000
2022-07-20 12:30:47.481000,1.2889,1.28872,1720000,1200000
2022-07-20 12:30:47.582000,1.28888,1.2887,1200000,1200000
2022-07-20 12:30:47.684000,1.28886,1.2887,1200000,1200000
2022-07-20 12:30:47.836000,1.28891,1.2887,1720000,1200000
2022-07-20 12:30:48.363000,1.28894,1.2887,2670000,1200000
2022-07-20 12:30:48.465000,1.28892,1.28871,1820000,1200000
2022-07-20 12:30:48.851000,1.28887,1.2887,1200000,1200000
2022-07-20 12:30:48.953000,1.2888,1.28863,1200000,1800000
2022-07-20 12:30:49.004000,1.28883,1.28863,1600000,2700000
2022-07-20 12:30:49.106000,1.28884,1.28865,1020000,1320000
2022-07-20 12:30:49.416000,1.28882,1.28865,1200000,1120000
2022-07-20 12:30:49.538000,1.28883,1.28864,1320000,1200000
2022-07-20 12:30:50.004000,1.28883,1.28865,1820000,1200000
2022-07-20 12:30:50.106000,1.28883,1.28866,1200000,1320000
2022-07-20 12:30:50.312000,1.28883,1.28866,1700000,1320000
2022-07-20 12:30:50.414000,1.28882,1.28864,1100000,1120000
2022-07-20 12:30:50.587000,1.28876,1.28859,2100000,1800000
2022-07-20 12:30:50.638000,1.28875,1.28858,1720000,1600000
2022-07-20 12:30:50.965000,1.28874,1.28855,1800000,1600000
2022-07-20 12:30:51.067000,1.28874,1.28853,1350000,1600000
2022-07-20 12:30:51.118000,1.28874,1.28853,1720000,1600000
2022-07-20 12:30:51.270000,1.28872,1.28853,2870000,1600000
2022-07-20 12:30:51.372000,1.28866,1.28846,1600000,2100000
2022-07-20 12:30:51.503000,1.28865,1.28847,1800000,1200000
2022-07-20 12:30:52.149000,1.28865,1.28847,1620000,1200000
2022-07-20 12:30:52.251000,1.28866,1.28845,1620000,1350000
2022-07-20 12:30:52.656000,1.28864,1.28846,1120000,1350000
2022-07-20 12:30:52.758000,1.28864,1.28845,1800000,1350000
2022-07-20 12:30:52.859000,1.28863,1.28845,1620000,1200000
2022-07-20 12:30:52.911000,1.28859,1.28842,1320000,1200000
2022-07-20 12:30:53.266000,1.28861,1.2884,1820000,2470000
2022-07-20 12:30:53.367000,1.28858,1.28838,2170000,1890000
2022-07-20 12:30:53.469000,1.28858,1.28838,2200000,1800000
2022-07-20 12:30:53.723000,1.28859,1.2884,1820000,1200000
2022-07-20 12:30:53.825000,1.28859,1.2884,1840000,1120000
2022-07-20 12:30:53.876000,1.28858,1.28839,2570000,4140000
2022-07-20 12:30:54.130000,1.28859,1.28838,2850000,3670000
2022-07-20 12:30:54.181000,1.2886,1.2884,1840000,1800000
2022-07-20 12:30:54.283000,1.28859,1.28839,1800000,1350000
2022-07-20 12:30:54.385000,1.28859,1.28841,1440000,1200000
2022-07-20 12:30:54.657000,1.28857,1.28839,1200000,2700000
2022-07-20 12:30:54.859000,1.28858,1.28838,1200000,3300000
2022-07-20 12:30:54.924000,1.28858,1.28838,1200000,3600000
2022-07-20 12:30:55.457000,1.28858,1.28838,1440000,2700000
2022-07-20 12:30:55.610000,1.28855,1.28836,1600000,2550000
2022-07-20 12:30:55.661000,1.28856,1.28835,2340000,1600000
2022-07-20 12:30:56.123000,1.28848,1.28831,1720000,1200000
2022-07-20 12:30:56.224000,1.28849,1.28829,1720000,1890000
2022-07-20 12:30:56.478000,1.28848,1.28828,1600000,1800000
2022-07-20 12:30:56.581000,1.28841,1.28824,1600000,1200000
2022-07-20 12:30:56.683000,1.28842,1.28823,2100000,1200000
2022-07-20 12:30:56.784000,1.28841,1.28823,1100000,1300000
2022-07-20 12:30:56.835000,1.28841,1.28821,1800000,1620000
2022-07-20 12:30:57.169000,1.28839,1.28821,1600000,1800000
2022-07-20 12:30:57.270000,1.28839,1.28821,1600000,1120000
2022-07-20 12:30:57.473000,1.28841,1.28822,1720000,1620000
2022-07-20 12:30:57.626000,1.2884,1.28823,1800000,1890000
2022-07-20 12:30:58.444000,1.2884,1.28821,1220000,1800000
2022-07-20 12:30:58.546000,1.28831,1.28813,1450000,1200000
2022-07-20 12:30:58.597000,1.2883,1.28809,1700000,1200000
2022-07-20 12:30:58.699000,1.2883,1.28811,4450000,1200000
2022-07-20 12:30:58.953000,1.28828,1.28807,1820000,3600000
2022-07-20 12:30:59.004000,1.28821,1.28806,1700000,1200000
2022-07-20 12:30:59.055000,1.28819,1.28804,1700000,1200000
2022-07-20 12:30:59.106000,1.28819,1.288,1700000,1200000
2022-07-20 12:30:59.309000,1.28818,1.28797,2200000,3150000
2022-07-20 12:30:59.462000,1.28806,1.28795,2250000,1200000
2022-07-20 12:30:59.513000,1.28809,1.28789,1800000,2250000
2022-07-20 12:30:59.818000,1.28807,1.28789,1700000,1800000
2022-07-20 12:30:59.920000,1.28796,1.28784,1200000,1200000
2022-07-20 12:31:00.022000,1.28803,1.2879,1200000,1800000
2022-07-20 12:31:00.073000,1.28809,1.28789,1320000,1800000
2022-07-20 12:31:00.175000,1.28811,1.28791,1210000,2700000
2022-07-20 12:31:00.277000,1.28812,1.28791,1200000,1200000
2022-07-20 12:31:00.379000,1.28812,1.28794,1320000,1200000
2022-07-20 12:31:00.886000,1.28814,1.28796,1350000,1200000
2022-07-20 12:31:00.988000,1.28819,1.28802,1200000,1200000
2022-07-20 12:31:01.090000,1.28825,1.28809,1300000,1800000
2022-07-20 12:31:01.192000,1.28828,1.28807,1200000,1800000
2022-07-20 12:31:01.243000,1.28828,1.28809,1200000,1200000
2022-07-20 12:31:01.562000,1.28828,1.28808,1200000,1200000
2022-07-20 12:31:01.765000,1.28827,1.28808,1200000,2920000
2022-07-20 12:31:01.867000,1.28827,1.28807,1320000,1320000
2022-07-20 12:31:02.044000,1.28827,1.28808,2370000,1200000
2022-07-20 12:31:02.095000,1.28828,1.28809,1430000,1200000
2022-07-20 12:31:02.197000,1.28829,1.28808,1120000,1800000
2022-07-20 12:31:02.400000,1.28826,1.28809,1320000,1200000
2022-07-20 12:31:02.502000,1.28825,1.28808,1200000,1200000
2022-07-20 12:31:02.604000,1.28823,1.28806,1200000,2020000
2022-07-20 12:31:02.655000,1.28828,1.28807,1210000,1320000
2022-07-20 12:31:02.858000,1.28827,1.28808,1200000,1200000
2022-07-20 12:31:02.960000,1.28828,1.28812,1120000,1890000
2022-07-20 12:31:03.062000,1.28829,1.28813,1210000,1800000
2022-07-20 12:31:03.214000,1.28829,1.28811,1200000,1890000
2022-07-20 12:31:03.468000,1.28829,1.28813,1120000,1890000
2022-07-20 12:31:03.570000,1.28835,1.28818,1300000,1800000
2022-07-20 12:31:03.621000,1.28838,1.2882,1320000,1800000
2022-07-20 12:31:03.723000,1.28834,1.28824,1200000,1200000
2022-07-20 12:31:03.825000,1.28832,1.2882,1200000,1200000
2022-07-20 12:31:03.876000,1.28839,1.28821,1200000,1800000
2022-07-20 12:31:03.927000,1.28838,1.28825,1200000,1200000
2022-07-20 12:31:04.451000,1.28839,1.28825,1200000,1200000
2022-07-20 12:31:04.552000,1.28839,1.28824,1200000,1200000
2022-07-20 12:31:04.976000,1.2884,1.28824,1200000,1200000
2022-07-20 12:31:05.078000,1.28833,1.28825,1200000,1200000
2022-07-20 12:31:05.129000,1.28833,1.28819,1200000,1200000
2022-07-20 12:31:05.231000,1.28835,1.28819,1120000,1200000
2022-07-20 12:31:05.332000,1.28835,1.28819,1320000,1200000
2022-07-20 12:31:05.505000,1.28838,1.28823,1350000,1200000
2022-07-20 12:31:05.607000,1.28839,1.28825,1200000,1200000
2022-07-20 12:31:06.042000,1.2884,1.28825,1320000,1200000
2022-07-20 12:31:06.143000,1.2884,1.28826,1200000,1200000
2022-07-20 12:31:06.327000,1.2884,1.28825,1200000,1200000
2022-07-20 12:31:06.777000,1.28839,1.28825,1200000,1200000
2022-07-20 12:31:07.513000,1.28836,1.28824,1120000,1200000
2022-07-20 12:31:07.614000,1.28836,1.2882,1320000,1200000
2022-07-20 12:31:07.716000,1.28835,1.28821,1120000,1200000
2022-07-20 12:31:07.818000,1.28832,1.2882,1200000,1200000
2022-07-20 12:31:07.869000,1.28831,1.28818,1200000,1200000
2022-07-20 12:31:07.971000,1.28831,1.28817,1200000,1200000
2022-07-20 12:31:08.174000,1.28827,1.28815,1350000,1200000
2022-07-20 12:31:08.277000,1.28825,1.28807,1200000,1900000
2022-07-20 12:31:08.379000,1.28827,1.28813,1120000,1200000
2022-07-20 12:31:08.480000,1.28824,1.28805,1320000,2170000
2022-07-20 12:31:08.582000,1.28823,1.28804,1440000,2250000
2022-07-20 12:31:08.684000,1.28823,1.2881,1200000,1200000
2022-07-20 12:31:08.786000,1.28822,1.28804,1200000,1500000
2022-07-20 12:31:09.177000,1.28823,1.2881,1200000,1200000
2022-07-20 12:31:09.354000,1.28823,1.28803,1200000,1500000
2022-07-20 12:31:11.227000,1.2882,1.28803,1200000,3020000
2022-07-20 12:31:11.687000,1.28822,1.28803,1200000,5270000
2022-07-20 12:31:11.789000,1.28821,1.28808,1200000,1400000
2022-07-20 12:31:12.495000,1.28823,1.28807,1200000,3960000
2022-07-20 12:31:12.546000,1.28826,1.28808,1200000,3600000
2022-07-20 12:31:12.597000,1.28828,1.28809,1200000,2100000
2022-07-20 12:31:12.649000,1.28827,1.28815,1200000,1200000
2022-07-20 12:31:12.750000,1.28826,1.28816,1200000,1200000
2022-07-20 12:31:12.852000,1.28827,1.2881,1200000,1150000
2022-07-20 12:31:12.953000,1.28827,1.2881,1200000,2400000
2022-07-20 12:31:13.055000,1.28826,1.28811,1200000,1430000
2022-07-20 12:31:13.157000,1.28827,1.2881,1200000,1360000
2022-07-20 12:31:13.259000,1.28828,1.28813,1200000,1200000
2022-07-20 12:31:13.512000,1.28827,1.28812,1200000,1430000
2022-07-20 12:31:14.737000,1.28829,1.2881,1200000,2220000
2022-07-20 12:31:16.974000,1.28833,1.28816,2790000,1600000
2022-07-20 12:31:17.127000,1.28835,1.28817,1200000,1300000
2022-07-20 12:31:17.249000,1.28835,1.28817,1200000,1870000
2022-07-20 12:31:17.534000,1.28836,1.28818,1200000,1600000
2022-07-20 12:31:18.041000,1.28837,1.28821,1200000,2250000
2022-07-20 12:31:18.143000,1.28838,1.28824,1200000,1200000
2022-07-20 12:31:18.194000,1.28841,1.28823,1200000,2220000
2022-07-20 12:31:18.245000,1.28843,1.28824,1200000,2020000
2022-07-20 12:31:18.499000,1.28842,1.2883,1200000,1200000
2022-07-20 12:31:19.332000,1.28844,1.28829,1350000,1200000
2022-07-20 12:31:19.434000,1.28845,1.28831,1200000,1200000
2022-07-20 12:31:20.045000,1.28845,1.2883,1200000,1200000
2022-07-20 12:31:20.147000,1.28843,1.28829,1200000,1200000
2022-07-20 12:31:20.249000,1.28846,1.28831,2740000,1200000
2022-07-20 12:31:20.350000,1.28846,1.28831,1350000,1200000
2022-07-20 12:31:22.301000,1.28845,1.28832,2740000,1200000
2022-07-20 12:31:25.052000,1.28846,1.28831,2740000,1300000
2022-07-20 12:31:25.156000,1.28846,1.28831,2740000,1120000
2022-07-20 12:31:25.362000,1.28845,1.28833,3240000,1120000
2022-07-20 12:31:25.525000,1.28845,1.28832,1890000,1120000
2022-07-20 12:31:25.627000,1.28841,1.28827,1200000,1300000
2022-07-20 12:31:25.780000,1.28841,1.28827,1200000,1300000
2022-07-20 12:31:25.882000,1.28837,1.28824,1350000,1300000
2022-07-20 12:31:25.984000,1.28838,1.28823,1350000,1300000
2022-07-20 12:31:26.085000,1.28838,1.28823,3240000,1300000
2022-07-20 12:31:26.187000,1.28836,1.28824,2790000,1300000
2022-07-20 12:31:26.238000,1.28836,1.28822,1600000,1200000
2022-07-20 12:31:26.341000,1.28829,1.28814,1350000,1300000
2022-07-20 12:31:26.442000,1.28828,1.28815,1350000,1300000
2022-07-20 12:31:29.514000,1.28829,1.28814,1350000,1120000
2022-07-20 12:31:30.120000,1.28828,1.28815,1350000,1300000
2022-07-20 12:31:32.339000,1.28828,1.28813,1200000,1300000
2022-07-20 12:31:32.492000,1.28828,1.28815,1350000,1300000
2022-07-20 12:31:33.177000,1.28828,1.28813,1200000,1300000
2022-07-20 12:31:33.533000,1.28825,1.2881,1200000,1300000
2022-07-20 12:31:33.634000,1.28821,1.28806,1200000,3670000
2022-07-20 12:31:33.686000,1.28821,1.28806,1320000,2360000
2022-07-20 12:31:33.787000,1.2882,1.28807,1440000,1300000
2022-07-20 12:31:33.889000,1.28818,1.28805,1320000,1300000
2022-07-20 12:31:33.991000,1.28818,1.28805,1320000,1300000
2022-07-20 12:31:34.204000,1.28818,1.28803,1350000,1300000
2022-07-20 12:31:34.255000,1.28816,1.28801,1440000,1300000
2022-07-20 12:31:34.357000,1.28814,1.288,1200000,1300000
2022-07-20 12:31:34.723000,1.28814,1.288,1200000,1300000
2022-07-20 12:31:34.825000,1.28814,1.288,1320000,1300000
2022-07-20 12:31:34.926000,1.28813,1.28801,1200000,1300000
2022-07-20 12:31:35.078000,1.28813,1.28798,1200000,1300000
2022-07-20 12:31:36.880000,1.28812,1.28799,1320000,1300000
2022-07-20 12:31:36.982000,1.28813,1.28798,1320000,1300000
2022-07-20 12:31:37.391000,1.28813,1.28798,1720000,1120000
2022-07-20 12:31:37.492000,1.28813,1.28798,1720000,1300000
2022-07-20 12:31:38.561000,1.28812,1.28797,1320000,1300000
2022-07-20 12:31:38.662000,1.28812,1.28797,1320000,1300000
2022-07-20 12:31:38.984000,1.28811,1.28798,1320000,1300000
2022-07-20 12:31:39.177000,1.2881,1.28796,1320000,1300000
2022-07-20 12:31:39.279000,1.28809,1.28794,1200000,1420000
2022-07-20 12:31:39.330000,1.2881,1.28797,3150000,1120000
2022-07-20 12:31:39.431000,1.28811,1.28796,1350000,1300000
2022-07-20 12:31:39.854000,1.2881,1.28797,1240000,1300000
2022-07-20 12:31:40.192000,1.28807,1.28792,1200000,1300000
2022-07-20 12:31:40.293000,1.28809,1.28794,1320000,1300000
2022-07-20 12:31:40.395000,1.2881,1.28795,1440000,1300000
2022-07-20 12:31:40.875000,1.28808,1.28793,1350000,1300000
2022-07-20 12:31:40.977000,1.28809,1.28796,2740000,1120000
2022-07-20 12:31:41.079000,1.28808,1.28793,2100000,1300000
2022-07-20 12:31:41.180000,1.28808,1.28793,2290000,1300000
2022-07-20 12:31:41.881000,1.2881,1.28795,2970000,1120000
2022-07-20 12:31:42.033000,1.2881,1.28795,1320000,1300000
2022-07-20 12:31:42.168000,1.2881,1.28795,1320000,1300000
2022-07-20 12:31:42.801000,1.2881,1.28795,2370000,1300000
2022-07-20 12:31:42.903000,1.28809,1.28794,1700000,1300000
2022-07-20 12:31:43.010000,1.2881,1.28795,2370000,1300000
2022-07-20 12:31:43.859000,1.28807,1.28794,1200000,1300000
2022-07-20 12:31:43.970000,1.2881,1.28795,2370000,1120000
2022-07-20 12:31:44.076000,1.2881,1.28795,2370000,1300000
2022-07-20 12:31:44.178000,1.2881,1.28795,1320000,1300000
2022-07-20 12:31:45.264000,1.28808,1.28795,1440000,1300000
2022-07-20 12:31:46.203000,1.2881,1.28795,1320000,1300000
2022-07-20 12:31:46.313000,1.28809,1.28794,1440000,1300000
2022-07-20 12:31:46.415000,1.2881,1.28795,1320000,1300000
2022-07-20 12:31:47.050000,1.28809,1.28794,1200000,1300000
2022-07-20 12:31:47.336000,1.28808,1.28793,1200000,1800000
2022-07-20 12:31:47.438000,1.2881,1.28795,1320000,1300000
2022-07-20 12:31:47.540000,1.28811,1.28796,1200000,1300000
2022-07-20 12:31:48.948000,1.2881,1.28795,1200000,1300000
2022-07-20 12:31:49.286000,1.28807,1.28792,1200000,2300000
2022-07-20 12:31:49.337000,1.28806,1.28793,1600000,1420000
2022-07-20 12:31:49.438000,1.28806,1.28793,1200000,1800000
2022-07-20 12:31:49.540000,1.28807,1.28792,1600000,1420000
2022-07-20 12:31:49.641000,1.28806,1.28793,1200000,1420000
2022-07-20 12:31:49.743000,1.28806,1.28793,1200000,1420000
2022-07-20 12:31:50.072000,1.28807,1.28792,1600000,1300000
2022-07-20 12:31:50.376000,1.28807,1.28792,1350000,1420000
2022-07-20 12:31:51.305000,1.28807,1.28792,1600000,1300000
2022-07-20 12:31:51.465000,1.28807,1.28792,1350000,1420000
2022-07-20 12:31:51.567000,1.28806,1.28791,1200000,2300000
2022-07-20 12:31:55.550000,1.28815,1.288,1350000,1800000
2022-07-20 12:31:55.601000,1.28819,1.28804,1200000,1800000
2022-07-20 12:31:55.703000,1.28819,1.28806,1200000,1300000
2022-07-20 12:31:55.805000,1.28819,1.28807,1200000,1120000
2022-07-20 12:31:55.907000,1.28821,1.28806,2740000,1300000
2022-07-20 12:31:56.593000,1.28821,1.28806,2950000,1300000
2022-07-20 12:31:56.948000,1.28821,1.28808,1200000,1120000
2022-07-20 12:31:56.999000,1.28821,1.28808,1350000,1300000
2022-07-20 12:31:57.100000,1.28822,1.28807,1350000,1300000
2022-07-20 12:31:57.202000,1.28823,1.28808,1200000,1300000
2022-07-20 12:31:57.456000,1.28822,1.28807,1440000,1300000
2022-07-20 12:31:57.854000,1.2882,1.28807,1350000,2300000
2022-07-20 12:31:57.956000,1.28819,1.28806,1200000,1300000
2022-07-20 12:31:58.057000,1.2882,1.28805,1350000,1300000
2022-07-20 12:31:58.159000,1.28819,1.28806,1350000,1300000
2022-07-20 12:31:58.261000,1.2882,1.28805,1200000,2300000
2022-07-20 12:31:58.362000,1.2882,1.28805,1200000,1300000
2022-07-20 12:31:58.464000,1.28819,1.28806,1200000,1300000
2022-07-20 12:31:58.891000,1.28819,1.28806,1200000,1300000
2022-07-20 12:31:58.993000,1.28813,1.28798,1320000,1300000
2022-07-20 12:31:59.095000,1.28812,1.28797,1200000,1300000
2022-07-20 12:32:00.927000,1.28815,1.28802,1350000,1900000
2022-07-20 12:32:01.029000,1.28815,1.28802,1200000,1420000
2022-07-20 12:32:01.130000,1.28817,1.28802,1320000,1300000
2022-07-20 12:32:01.232000,1.28816,1.28801,1200000,1300000
2022-07-20 12:32:01.334000,1.28816,1.28801,1200000,1300000
2022-07-20 12:32:01.435000,1.28815,1.28802,1200000,1300000
2022-07-20 12:32:01.667000,1.28815,1.28802,1200000,1300000
2022-07-20 12:32:01.819000,1.28816,1.28801,1200000,1300000
2022-07-20 12:32:01.971000,1.28815,1.28803,1200000,1800000
2022-07-20 12:32:02.182000,1.28816,1.28802,1200000,1900000
2022-07-20 12:32:02.486000,1.28815,1.28802,1200000,1420000
2022-07-20 12:32:02.588000,1.28816,1.28801,1200000,1300000
2022-07-20 12:32:04.358000,1.28815,1.28802,1200000,1800000
2022-07-20 12:32:04.565000,1.28815,1.28803,1200000,1800000
2022-07-20 12:32:05.021000,1.28817,1.28802,1200000,2350000
2022-07-20 12:32:05.123000,1.28816,1.28803,1200000,2300000
2022-07-20 12:32:05.428000,1.2882,1.28806,1200000,2850000
2022-07-20 12:32:05.530000,1.2882,1.28807,1200000,2300000
2022-07-20 12:32:05.631000,1.2882,1.28807,1200000,3800000
2022-07-20 12:32:06.355000,1.28822,1.28807,1350000,1800000
2022-07-20 12:32:07.742000,1.28822,1.28807,1700000,1300000
2022-07-20 12:32:07.793000,1.28822,1.28807,1800000,1300000
2022-07-20 12:32:08.593000,1.28822,1.28807,1350000,1300000
2022-07-20 12:32:10.247000,1.28821,1.28806,1200000,1300000
2022-07-20 12:32:10.348000,1.28827,1.28812,1200000,1420000
2022-07-20 12:32:10.450000,1.28828,1.28813,2790000,1300000
2022-07-20 12:32:10.653000,1.28828,1.28813,1200000,1300000
2022-07-20 12:32:11.881000,1.28827,1.28812,1320000,1300000
2022-07-20 12:32:11.983000,1.28826,1.28813,1320000,1300000
2022-07-20 12:32:12.135000,1.28825,1.2881,1320000,1300000
2022-07-20 12:32:12.237000,1.28821,1.28808,1320000,1800000
2022-07-20 12:32:12.574000,1.2882,1.28807,1200000,1300000
2022-07-20 12:32:12.676000,1.28821,1.28808,1200000,1300000
2022-07-20 12:32:13.031000,1.28822,1.28807,1200000,1300000
2022-07-20 12:32:13.258000,1.28821,1.28808,1200000,1300000
2022-07-20 12:32:13.507000,1.28822,1.28807,1200000,1300000
2022-07-20 12:32:13.608000,1.28822,1.28807,1200000,1300000
2022-07-20 12:32:13.710000,1.28822,1.28807,1200000,1300000
2022-07-20 12:32:13.862000,1.28822,1.28807,1240000,1300000
2022-07-20 12:32:13.964000,1.28822,1.28807,1240000,1300000
2022-07-20 12:32:14.065000,1.28822,1.28807,1240000,1300000
2022-07-20 12:32:14.167000,1.28822,1.28807,1440000,1300000
2022-07-20 12:32:14.269000,1.28822,1.28807,1440000,1300000
2022-07-20 12:32:14.405000,1.28822,1.28807,1440000,1300000
2022-07-20 12:32:14.521000,1.28822,1.28807,1440000,1300000
2022-07-20 12:32:14.724000,1.28822,1.28807,1440000,1300000
2022-07-20 12:32:14.895000,1.28822,1.28807,1440000,1300000
2022-07-20 12:32:15.359000,1.28821,1.28808,1440000,1300000
2022-07-20 12:32:15.511000,1.28822,1.28807,2740000,1300000
2022-07-20 12:32:16.532000,1.28822,1.28807,2740000,1300000
2022-07-20 12:32:16.684000,1.28821,1.28808,1440000,1300000
2022-07-20 12:32:16.786000,1.28822,1.28807,2740000,1300000
2022-07-20 12:32:16.888000,1.2882,1.28805,1320000,1300000
2022-07-20 12:32:17.325000,1.28811,1.28802,1800000,1570000
2022-07-20 12:32:17.427000,1.28813,1.28798,1200000,1420000
2022-07-20 12:32:17.529000,1.28814,1.28799,1200000,1120000
2022-07-20 12:32:18.207000,1.28814,1.28799,1200000,2100000
2022-07-20 12:32:18.511000,1.28814,1.28799,1320000,1200000
2022-07-20 12:32:18.562000,1.28816,1.28803,1320000,1600000
2022-07-20 12:32:18.664000,1.28815,1.28802,1600000,1120000
2022-07-20 12:32:18.766000,1.28816,1.28801,1200000,1600000
2022-07-20 12:32:18.868000,1.28818,1.28803,1240000,1350000
2022-07-20 12:32:21.319000,1.2882,1.28808,1120000,1600000
2022-07-20 12:32:21.420000,1.28822,1.28807,1350000,1850000
2022-07-20 12:32:22.538000,1.2882,1.28807,1200000,1570000
2022-07-20 12:32:23.282000,1.28822,1.28807,1350000,1200000
2022-07-20 12:32:24.492000,1.28821,1.28806,1200000,1350000
2022-07-20 12:32:26.206000,1.2882,1.28805,1320000,1200000
2022-07-20 12:32:26.308000,1.28819,1.28806,1120000,1200000
2022-07-20 12:32:27.103000,1.28818,1.28805,1320000,1200000
2022-07-20 12:32:30.614000,1.2882,1.28805,1720000,1200000
2022-07-20 12:32:31.199000,1.28819,1.28806,1350000,1350000
2022-07-20 12:32:31.250000,1.28822,1.28807,1440000,1600000
2022-07-20 12:32:32.993000,1.28822,1.28807,1350000,1200000
2022-07-20 12:32:35.621000,1.28821,1.28806,1200000,1350000
2022-07-20 12:32:38.167000,1.28821,1.28808,1600000,1200000
2022-07-20 12:32:38.471000,1.28822,1.28807,1350000,1600000
2022-07-20 12:32:40.545000,1.28822,1.28809,1350000,1600000
2022-07-20 12:32:41.079000,1.28822,1.28809,1600000,1350000
2022-07-20 12:32:42.472000,1.28822,1.28806,1350000,1200000
2022-07-20 12:32:43.622000,1.28823,1.28812,1350000,2020000
2022-07-20 12:32:43.724000,1.2883,1.28819,3000000,1600000
2022-07-20 12:32:43.826000,1.28834,1.28821,1120000,2470000
2022-07-20 12:32:43.928000,1.28834,1.28823,1200000,1200000
2022-07-20 12:32:44.096000,1.28838,1.28826,1200000,1200000
2022-07-20 12:32:44.198000,1.28841,1.28826,1200000,4050000
2022-07-20 12:32:44.249000,1.28843,1.2883,1890000,1200000
2022-07-20 12:32:44.351000,1.28843,1.2883,2170000,1200000
2022-07-20 12:32:44.554000,1.28842,1.28831,1200000,1200000
2022-07-20 12:32:44.605000,1.28842,1.28829,1320000,2470000
2022-07-20 12:32:44.706000,1.28843,1.28828,1700000,2020000
2022-07-20 12:32:47.425000,1.2885,1.28835,1700000,1350000
2022-07-20 12:32:47.476000,1.2885,1.28835,1320000,1350000
2022-07-20 12:32:47.882000,1.2885,1.28835,1200000,2290000
2022-07-20 12:32:48.377000,1.28851,1.28836,1200000,1600000
2022-07-20 12:32:48.540000,1.28852,1.28837,1440000,1350000
2022-07-20 12:32:49.199000,1.28855,1.2884,2170000,1200000
2022-07-20 12:32:49.300000,1.28855,1.28841,1200000,1200000
2022-07-20 12:32:50.302000,1.28855,1.28842,1200000,1200000
2022-07-20 12:32:50.455000,1.2886,1.28845,2340000,1200000
2022-07-20 12:32:50.556000,1.28861,1.28847,1200000,1200000
2022-07-20 12:32:51.048000,1.2886,1.28847,1240000,1200000
2022-07-20 12:32:51.301000,1.28861,1.28846,1240000,1200000
2022-07-20 12:32:52.206000,1.2886,1.28845,1120000,1200000
2022-07-20 12:32:53.581000,1.28861,1.28846,1440000,1200000
2022-07-20 12:32:53.683000,1.28862,1.28847,1720000,1200000
2022-07-20 12:32:53.734000,1.28861,1.28852,1200000,1600000
2022-07-20 12:32:53.785000,1.28865,1.28852,1440000,1200000
2022-07-20 12:32:53.837000,1.28867,1.28855,1700000,1200000
2022-07-20 12:32:53.938000,1.28871,1.28859,1100000,1200000
2022-07-20 12:32:53.990000,1.28874,1.28859,2340000,1200000
2022-07-20 12:32:54.142000,1.28873,1.28858,1890000,1350000
2022-07-20 12:32:54.193000,1.28872,1.28858,1600000,1200000
2022-07-20 12:32:54.479000,1.28872,1.2886,4450000,1200000
2022-07-20 12:32:54.588000,1.28873,1.28859,2970000,1200000
2022-07-20 12:32:54.690000,1.28873,1.28858,2970000,1200000
2022-07-20 12:32:55.447000,1.28871,1.28859,1700000,1200000
2022-07-20 12:32:58.684000,1.28871,1.28856,3240000,1200000
2022-07-20 12:32:58.785000,1.2887,1.28857,3670000,1200000
2022-07-20 12:32:58.887000,1.28869,1.28856,1700000,1200000
2022-07-20 12:32:58.938000,1.28872,1.28857,1700000,1200000
2022-07-20 12:32:58.989000,1.28872,1.28859,2170000,1200000
2022-07-20 12:32:59.091000,1.28872,1.28859,1320000,1570000
2022-07-20 12:32:59.193000,1.28873,1.28858,4470000,1200000
2022-07-20 12:32:59.364000,1.28871,1.28858,3700000,1200000
2022-07-20 12:33:00.240000,1.28871,1.28856,3720000,1200000
2022-07-20 12:33:00.544000,1.28871,1.28856,5950000,1200000
2022-07-20 12:33:00.645000,1.28869,1.28855,1350000,1350000
2022-07-20 12:33:00.747000,1.28868,1.28856,1700000,1200000
2022-07-20 12:33:00.899000,1.28869,1.28856,1600000,1200000
2022-07-20 12:33:01.001000,1.28869,1.28854,2220000,1350000
2022-07-20 12:33:01.103000,1.28864,1.28852,1200000,1800000
2022-07-20 12:33:01.204000,1.28867,1.28853,1350000,1800000
2022-07-20 12:33:01.306000,1.28867,1.28855,1440000,1350000
2022-07-20 12:33:04.828000,1.28867,1.28855,1990000,1200000
2022-07-20 12:33:04.879000,1.28862,1.28851,3600000,1300000
2022-07-20 12:33:04.930000,1.28862,1.28849,1200000,2100000
2022-07-20 12:33:05.032000,1.28861,1.28849,1200000,1350000
2022-07-20 12:33:05.083000,1.28856,1.28844,1440000,3300000
2022-07-20 12:33:05.134000,1.28857,1.28843,1200000,1350000
2022-07-20 12:33:06.541000,1.28858,1.28844,1240000,1200000
2022-07-20 12:33:06.968000,1.28857,1.28843,1720000,1200000
2022-07-20 12:33:07.070000,1.28857,1.28843,3240000,1200000
2022-07-20 12:33:07.171000,1.28854,1.2884,2870000,1200000
2022-07-20 12:33:07.428000,1.28854,1.28841,1620000,1200000
2022-07-20 12:33:07.480000,1.28855,1.28841,1720000,1200000
2022-07-20 12:33:07.632000,1.28854,1.2884,1440000,1200000
2022-07-20 12:33:07.784000,1.28854,1.28842,1720000,1200000
2022-07-20 12:33:08.092000,1.28854,1.28839,2970000,1200000
2022-07-20 12:33:08.193000,1.28855,1.28841,1440000,2700000
2022-07-20 12:33:08.295000,1.28856,1.28842,1440000,1200000
2022-07-20 12:33:08.549000,1.28858,1.28845,2200000,1570000
2022-07-20 12:33:08.650000,1.28858,1.28846,1240000,1200000
2022-07-20 12:33:09.325000,1.28859,1.28845,1440000,1200000
2022-07-20 12:33:09.427000,1.2886,1.28846,1820000,1200000
2022-07-20 12:33:11.858000,1.28853,1.28842,1890000,1300000
2022-07-20 12:33:11.909000,1.28852,1.2884,2170000,1890000
2022-07-20 12:33:11.960000,1.28857,1.28843,2200000,1200000
2022-07-20 12:33:12.062000,1.28855,1.28843,1240000,1200000
2022-07-20 12:33:12.913000,1.28855,1.28841,1320000,1200000
2022-07-20 12:33:14.195000,1.28856,1.28842,1700000,1200000
2022-07-20 12:33:14.315000,1.28856,1.28845,1440000,1200000
2022-07-20 12:33:14.873000,1.28861,1.28848,1700000,1200000
2022-07-20 12:33:15.296000,1.28863,1.28849,2920000,1200000
2022-07-20 12:33:15.398000,1.28862,1.28851,1700000,1200000
2022-07-20 12:33:15.499000,1.28864,1.2885,1440000,1350000
2022-07-20 12:33:16.149000,1.28865,1.28851,2100000,1200000
2022-07-20 12:33:16.251000,1.28866,1.28852,2340000,1350000
2022-07-20 12:33:17.857000,1.28867,1.28854,1700000,1200000
2022-07-20 12:33:18.521000,1.28867,1.28853,2170000,1200000
2022-07-20 12:33:19.830000,1.28867,1.28857,1200000,1200000
2022-07-20 12:33:19.932000,1.2887,1.28858,1440000,1200000
2022-07-20 12:33:20.714000,1.28871,1.28857,1240000,1200000
2022-07-20 12:33:21.036000,1.28871,1.28857,1440000,1200000
2022-07-20 12:33:21.138000,1.28871,1.28859,1240000,1350000
2022-07-20 12:33:21.239000,1.28872,1.28858,1440000,1350000
2022-07-20 12:33:22.050000,1.28873,1.28859,2220000,1200000
2022-07-20 12:33:22.151000,1.28873,1.28859,1200000,1600000
2022-07-20 12:33:22.304000,1.28873,1.28862,1200000,1350000
2022-07-20 12:33:22.355000,1.28876,1.28862,1320000,1200000
2022-07-20 12:33:22.810000,1.28876,1.28862,1720000,1200000
2022-07-20 12:33:22.963000,1.28872,1.2886,1440000,1120000
2022-07-20 12:33:23.065000,1.28871,1.28857,1320000,1200000
2022-07-20 12:33:23.961000,1.28872,1.28858,1240000,1200000
2022-07-20 12:33:24.066000,1.28872,1.28858,1440000,1200000
2022-07-20 12:33:24.168000,1.28872,1.28858,1240000,1200000
2022-07-20 12:33:24.506000,1.28872,1.28858,1440000,1200000
2022-07-20 12:33:24.608000,1.28873,1.28859,1350000,1200000
2022-07-20 12:33:24.710000,1.28873,1.28859,1200000,2100000
2022-07-20 12:33:27.324000,1.28873,1.28859,1350000,1200000
2022-07-20 12:33:27.790000,1.28874,1.2886,1200000,2100000
2022-07-20 12:33:28.144000,1.28874,1.2886,1200000,1200000
2022-07-20 12:33:28.398000,1.28873,1.28861,2170000,1200000
2022-07-20 12:33:30.001000,1.28873,1.28861,2340000,1350000
2022-07-20 12:33:30.103000,1.28873,1.28859,1200000,1600000
2022-07-20 12:33:30.869000,1.28874,1.2886,1440000,1350000
2022-07-20 12:33:31.795000,1.28873,1.28861,1200000,2850000
2022-07-20 12:33:31.998000,1.28875,1.28861,1240000,1350000
2022-07-20 12:33:32.217000,1.28876,1.28862,2870000,1200000
2022-07-20 12:33:33.025000,1.28875,1.2886,1720000,1600000
2022-07-20 12:33:36.987000,1.28874,1.28862,1440000,1350000
2022-07-20 12:33:37.977000,1.28875,1.28861,1700000,1350000
2022-07-20 12:33:38.766000,1.28872,1.2886,1350000,1350000
2022-07-20 12:33:38.918000,1.28873,1.28861,1440000,1350000
2022-07-20 12:33:39.071000,1.28872,1.28858,1440000,1120000
2022-07-20 12:33:39.172000,1.28872,1.28858,1240000,1200000
2022-07-20 12:33:39.655000,1.28872,1.28858,1440000,1200000
2022-07-20 12:33:42.127000,1.2887,1.28858,1200000,1350000
2022-07-20 12:33:42.961000,1.2887,1.28856,1120000,1200000
2022-07-20 12:33:43.221000,1.28868,1.28856,1440000,1200000
2022-07-20 12:33:43.323000,1.28871,1.28857,1120000,1120000
2022-07-20 12:33:43.526000,1.28872,1.28858,1700000,1200000
2022-07-20 12:33:48.401000,1.28873,1.28861,1240000,2100000
2022-07-20 12:33:48.503000,1.28873,1.28862,1200000,1350000
2022-07-20 12:33:48.706000,1.28874,1.28862,1320000,1910000
2022-07-20 12:33:48.808000,1.28875,1.28861,1200000,1920000
2022-07-20 12:33:49.396000,1.28875,1.28861,1320000,1850000
2022-07-20 12:33:51.493000,1.28875,1.28861,1320000,1570000
2022-07-20 12:33:51.742000,1.28875,1.28861,1700000,1120000
2022-07-20 12:33:51.844000,1.28872,1.28858,1440000,1120000
2022-07-20 12:33:51.946000,1.28871,1.28857,1120000,1120000
2022-07-20 12:33:53.654000,1.2887,1.28856,1240000,1120000
2022-07-20 12:33:53.763000,1.2887,1.28856,1240000,1200000
2022-07-20 12:33:55.155000,1.28869,1.28855,1120000,1200000
2022-07-20 12:33:56.372000,1.2887,1.28856,1240000,1200000
2022-07-20 12:33:56.575000,1.28869,1.28855,1320000,1570000
2022-07-20 12:33:57.001000,1.28869,1.28855,1120000,1570000
2022-07-20 12:33:58.135000,1.2887,1.28858,1350000,1100000
2022-07-20 12:33:58.237000,1.28876,1.28864,1350000,1350000
2022-07-20 12:33:58.339000,1.28876,1.28864,3240000,2100000
2022-07-20 12:33:58.440000,1.28877,1.28866,2340000,1200000
2022-07-20 12:33:58.920000,1.28878,1.28864,3240000,1350000
2022-07-20 12:33:59.400000,1.28879,1.28867,1700000,1100000
2022-07-20 12:33:59.502000,1.2888,1.28867,1720000,1100000
2022-07-20 12:34:00.334000,1.28882,1.28868,2170000,1350000
2022-07-20 12:34:00.588000,1.28883,1.28871,1600000,1200000
2022-07-20 12:34:00.689000,1.28887,1.28875,1600000,1700000
2022-07-20 12:34:00.741000,1.2889,1.28879,1200000,1200000
2022-07-20 12:34:01.095000,1.2889,1.28878,1200000,1200000
2022-07-20 12:34:01.522000,1.28892,1.28878,1440000,1800000
2022-07-20 12:34:01.725000,1.28891,1.28879,1240000,1800000
2022-07-20 12:34:01.827000,1.28891,1.28879,1440000,1800000
2022-07-20 12:34:02.130000,1.28894,1.28882,1200000,1350000
2022-07-20 12:34:02.232000,1.28895,1.28883,1350000,1200000
2022-07-20 12:34:03.266000,1.28895,1.28881,1200000,1120000
2022-07-20 12:34:03.777000,1.28895,1.28881,1320000,2290000
2022-07-20 12:34:04.060000,1.28895,1.28881,1320000,2020000
2022-07-20 12:34:04.505000,1.28894,1.2888,2220000,1300000
2022-07-20 12:34:04.556000,1.28893,1.28879,1240000,1570000
2022-07-20 12:34:04.658000,1.28891,1.28879,1350000,1120000
2022-07-20 12:34:05.161000,1.2889,1.28878,1200000,1300000
2022-07-20 12:34:05.511000,1.28892,1.28878,1350000,1120000
2022-07-20 12:34:06.098000,1.28893,1.28879,2170000,1200000
2022-07-20 12:34:07.098000,1.28892,1.28881,1350000,1200000
2022-07-20 12:34:07.149000,1.28895,1.28881,1200000,1350000
2022-07-20 12:34:07.250000,1.28895,1.28883,1200000,1200000
2022-07-20 12:34:07.647000,1.28898,1.28886,1820000,1720000
2022-07-20 12:34:07.749000,1.28899,1.28887,1200000,1420000
2022-07-20 12:34:07.851000,1.28901,1.28887,1440000,1120000
2022-07-20 12:34:08.878000,1.28903,1.28891,2970000,1200000
2022-07-20 12:34:09.181000,1.28901,1.28889,1200000,1200000
2022-07-20 12:34:10.086000,1.28903,1.2889,1350000,1200000
2022-07-20 12:34:10.187000,1.28903,1.28889,1440000,1120000
2022-07-20 12:34:10.289000,1.28899,1.28885,1700000,1420000
2022-07-20 12:34:10.391000,1.28899,1.28885,1720000,1570000
2022-07-20 12:34:11.809000,1.28896,1.28884,1200000,2100000
2022-07-20 12:34:11.911000,1.28894,1.28883,1440000,1200000
2022-07-20 12:34:12.647000,1.28897,1.28888,1800000,1200000
2022-07-20 12:34:12.749000,1.28903,1.28893,1200000,1350000
2022-07-20 12:34:12.800000,1.28906,1.28895,1200000,1200000
2022-07-20 12:34:12.851000,1.28909,1.28895,2470000,1200000
2022-07-20 12:34:13.003000,1.2891,1.28896,1570000,1200000
2022-07-20 12:34:13.104000,1.28911,1.28897,2850000,1200000
2022-07-20 12:34:13.206000,1.28911,1.28897,1200000,1200000
2022-07-20 12:34:13.308000,1.28912,1.28898,1570000,1200000
2022-07-20 12:34:13.612000,1.2891,1.28898,1200000,1200000
2022-07-20 12:34:13.713000,1.28909,1.28895,1200000,1200000
2022-07-20 12:34:13.916000,1.28905,1.28893,1200000,1200000
2022-07-20 12:34:14.018000,1.28907,1.28893,1200000,1200000
2022-07-20 12:34:14.119000,1.28907,1.28895,1350000,1200000
2022-07-20 12:34:14.336000,1.28911,1.28898,1300000,1200000
2022-07-20 12:34:14.437000,1.28912,1.28898,1350000,1200000
2022-07-20 12:34:16.086000,1.28912,1.28898,2360000,1200000
2022-07-20 12:34:16.188000,1.2891,1.28898,1240000,1200000
2022-07-20 12:34:16.239000,1.28905,1.28893,1200000,1200000
2022-07-20 12:34:16.290000,1.28904,1.28892,1200000,1350000
2022-07-20 12:34:16.341000,1.28899,1.28888,1200000,1200000
2022-07-20 12:34:16.443000,1.28904,1.28891,1300000,1200000
2022-07-20 12:34:16.495000,1.28904,1.28891,1200000,1200000
2022-07-20 12:34:17.713000,1.28904,1.2889,1200000,1350000
2022-07-20 12:34:17.765000,1.28906,1.28894,1570000,1200000
2022-07-20 12:34:17.866000,1.28908,1.28896,1350000,1200000
2022-07-20 12:34:18.272000,1.28911,1.28897,4470000,1200000
2022-07-20 12:34:19.095000,1.2891,1.28899,3910000,1200000
2022-07-20 12:34:19.636000,1.28913,1.28901,1500000,1200000
2022-07-20 12:34:19.737000,1.28914,1.28901,1600000,1200000
2022-07-20 12:34:19.890000,1.28916,1.28903,1850000,1200000
2022-07-20 12:34:20.933000,1.28916,1.28903,1700000,1200000
2022-07-20 12:34:20.984000,1.28916,1.28903,1440000,1200000
2022-07-20 12:34:21.558000,1.28915,1.28901,1720000,1200000
2022-07-20 12:34:21.609000,1.28912,1.289,1320000,1200000
2022-07-20 12:34:21.660000,1.28916,1.28902,1700000,1200000
2022-07-20 12:34:21.762000,1.28917,1.28903,1720000,1200000
2022-07-20 12:34:22.832000,1.28917,1.28904,1700000,1200000
2022-07-20 12:34:22.936000,1.28917,1.28903,1700000,1200000
2022-07-20 12:34:23.657000,1.28916,1.28903,1700000,1200000
2022-07-20 12:34:23.969000,1.28915,1.28903,2220000,1200000
2022-07-20 12:34:24.070000,1.28911,1.289,1200000,2250000
2022-07-20 12:34:24.121000,1.28911,1.28898,2340000,1200000
2022-07-20 12:34:24.223000,1.28911,1.28898,2170000,1200000
2022-07-20 12:34:24.405000,1.2891,1.28898,2920000,1200000
2022-07-20 12:34:24.506000,1.2891,1.28898,3670000,1200000
2022-07-20 12:34:24.608000,1.28908,1.28899,1890000,1200000
2022-07-20 12:34:24.710000,1.28908,1.28897,2250000,1200000
2022-07-20 12:34:24.811000,1.28908,1.28896,2340000,1200000
2022-07-20 12:34:26.332000,1.28909,1.28898,2390000,1200000
2022-07-20 12:34:26.993000,1.2891,1.28897,2360000,1200000
2022-07-20 12:34:27.511000,1.28914,1.289,2370000,1200000
2022-07-20 12:34:27.562000,1.28913,1.28902,2700000,1200000
2022-07-20 12:34:28.128000,1.28915,1.28904,1600000,1120000
2022-07-20 12:34:28.235000,1.28917,1.28904,2200000,1200000
2022-07-20 12:34:28.337000,1.28917,1.28903,2200000,1200000
2022-07-20 12:34:30.679000,1.28912,1.28903,2850000,1200000
2022-07-20 12:34:30.782000,1.28913,1.28902,1570000,1200000
2022-07-20 12:34:30.883000,1.28916,1.28903,3150000,1200000
2022-07-20 12:34:30.985000,1.28916,1.28903,2170000,1200000
2022-07-20 12:34:34.815000,1.28915,1.28901,1570000,1350000
2022-07-20 12:34:34.866000,1.2891,1.28899,2250000,1440000
2022-07-20 12:34:34.968000,1.28912,1.28899,1850000,1200000
2022-07-20 12:34:35.511000,1.2891,1.28899,2250000,1440000
2022-07-20 12:34:37.774000,1.28912,1.28899,1850000,1200000
2022-07-20 12:34:37.875000,1.28913,1.28901,1850000,1200000
2022-07-20 12:34:37.977000,1.28915,1.28902,1720000,1200000
2022-07-20 12:34:40.944000,1.28914,1.28904,1600000,1200000
2022-07-20 12:34:41.046000,1.28915,1.28902,1600000,1200000
2022-07-20 12:34:43.766000,1.28909,1.28898,1200000,1800000
2022-07-20 12:34:43.868000,1.2891,1.28898,1200000,1200000
2022-07-20 12:34:44.020000,1.28911,1.289,2100000,1200000
2022-07-20 12:34:44.122000,1.2891,1.28903,1100000,1200000
2022-07-20 12:34:44.336000,1.28914,1.28903,3220000,1200000
2022-07-20 12:34:44.543000,1.28915,1.28902,3220000,1200000
2022-07-20 12:34:45.642000,1.28911,1.28898,3600000,1200000
2022-07-20 12:34:45.743000,1.28909,1.28897,1350000,1200000
2022-07-20 12:34:45.895000,1.28909,1.28898,1350000,1200000
2022-07-20 12:34:45.997000,1.28909,1.28897,2340000,1200000
2022-07-20 12:34:46.099000,1.28909,1.28897,3850000,1200000
2022-07-20 12:34:46.150000,1.28909,1.28897,2400000,1200000
