time,ask,bid,ask_volume,bid_volume
2023-05-05 12:25:00.086000,1.349,1.34885,3600000,1200000
2023-05-05 12:25:00.789000,1.349,1.34886,1800000,1200000
2023-05-05 12:25:01.064000,1.34899,1.34886,1200000,1200000
2023-05-05 12:25:01.752000,1.34898,1.34886,1350000,1200000
2023-05-05 12:25:02.118000,1.34898,1.34885,1200000,1200000
2023-05-05 12:25:02.853000,1.34901,1.34888,1800000,1200000
2023-05-05 12:25:02.904000,1.34903,1.34891,1350000,1200000
2023-05-05 12:25:03.006000,1.34904,1.34892,1200000,1200000
2023-05-05 12:25:03.057000,1.34906,1.34895,1200000,1200000
2023-05-05 12:25:03.158000,1.34909,1.34894,2100000,1200000
2023-05-05 12:25:03.260000,1.34909,1.34895,1800000,1200000
2023-05-05 12:25:03.311000,1.3491,1.34899,1200000,1200000
2023-05-05 12:25:03.362000,1.34914,1.349,1800000,1200000
2023-05-05 12:25:04.119000,1.34913,1.34902,1200000,1200000
2023-05-05 12:25:05.058000,1.34912,1.34902,1200000,1200000
2023-05-05 12:25:05.431000,1.34914,1.34901,1200000,1200000
2023-05-05 12:25:06.355000,1.34913,1.34901,1200000,1200000
2023-05-05 12:25:07.782000,1.34914,1.34902,2700000,1200000
2023-05-05 12:25:07.951000,1.34914,1.34903,1800000,1200000
2023-05-05 12:25:08.053000,1.34915,1.34903,1200000,1200000
2023-05-05 12:25:08.256000,1.34917,1.34903,2250000,1200000
2023-05-05 12:25:10.172000,1.34915,1.34903,1200000,1200000
2023-05-05 12:25:10.324000,1.34915,1.34902,1200000,1200000
2023-05-05 12:25:10.901000,1.34916,1.34902,1200000,1200000
2023-05-05 12:25:13.055000,1.34915,1.34902,1200000,1200000
2023-05-05 12:25:13.156000,1.34911,1.34903,1200000,1200000
2023-05-05 12:25:13.207000,1.34911,1.34898,1200000,1200000
2023-05-05 12:25:13.258000,1.34912,1.349,1200000,1200000
2023-05-05 12:25:13.774000,1.34914,1.349,1800000,1200000
2023-05-05 12:25:15.043000,1.34913,1.34899,1200000,1200000
2023-05-05 12:25:17.101000,1.34906,1.34894,1200000,1200000
2023-05-05 12:25:17.203000,1.34904,1.34893,1200000,1200000
2023-05-05 12:25:18.728000,1.34904,1.34891,1200000,1200000
2023-05-05 12:25:20.078000,1.34905,1.34892,1800000,1200000
2023-05-05 12:25:20.432000,1.34904,1.34891,1200000,1200000
2023-05-05 12:25:21.505000,1.34905,1.34892,1200000,1200000
2023-05-05 12:25:26.158000,1.34903,1.34892,1200000,1200000
2023-05-05 12:25:27.757000,1.34904,1.34893,1200000,1200000
2023-05-05 12:25:34.252000,1.34905,1.34894,1200000,1200000
2023-05-05 12:25:37.255000,1.34904,1.34894,1200000,1200000
2023-05-05 12:25:38.041000,1.34904,1.34893,1200000,1200000
2023-05-05 12:25:38.566000,1.34905,1.34893,1200000,1200000
2023-05-05 12:25:42.441000,1.34898,1.34887,1200000,1200000
2023-05-05 12:25:42.542000,1.34899,1.34888,1200000,1200000
2023-05-05 12:25:42.643000,1.34899,1.34885,1200000,2250000
2023-05-05 12:25:42.886000,1.34896,1.34885,1200000,1200000
2023-05-05 12:25:42.988000,1.34895,1.34883,1200000,1200000
2023-05-05 12:25:43.763000,1.34896,1.34884,1200000,2700000
2023-05-05 12:25:43.865000,1.34896,1.34885,1200000,1200000
2023-05-05 12:25:44.067000,1.34897,1.34883,1200000,2700000
2023-05-05 12:25:47.715000,1.34895,1.34884,1200000,1200000
2023-05-05 12:25:48.798000,1.34893,1.34882,1200000,1800000
2023-05-05 12:25:50.725000,1.34893,1.34883,1200000,1200000
2023-05-05 12:25:50.827000,1.34894,1.34884,1200000,1200000
2023-05-05 12:25:51.965000,1.34896,1.34883,1200000,1800000
2023-05-05 12:25:52.066000,1.349,1.34887,1200000,1200000
2023-05-05 12:25:52.168000,1.34901,1.34887,1200000,1200000
2023-05-05 12:25:57.426000,1.34901,1.34889,1200000,1800000
2023-05-05 12:25:58.056000,1.34902,1.34889,1200000,1200000
2023-05-05 12:25:58.893000,1.34903,1.34892,1200000,1200000
2023-05-05 12:25:59.703000,1.34905,1.34892,1200000,1200000
2023-05-05 12:25:59.905000,1.34908,1.34897,1200000,1200000
2023-05-05 12:26:00.159000,1.34905,1.34892,1200000,1800000
2023-05-05 12:26:00.716000,1.34902,1.34892,1200000,1200000
2023-05-05 12:26:06.087000,1.34904,1.3489,1200000,1200000
2023-05-05 12:26:06.289000,1.34903,1.34889,1200000,1200000
2023-05-05 12:26:17.441000,1.34901,1.34888,1200000,1200000
2023-05-05 12:26:18.931000,1.34902,1.34888,1200000,1200000
2023-05-05 12:26:19.032000,1.34902,1.34889,1200000,1800000
2023-05-05 12:26:20.885000,1.34901,1.34889,1200000,3150000
2023-05-05 12:26:23.251000,1.34897,1.34883,1200000,1350000
2023-05-05 12:26:23.352000,1.34895,1.34881,1200000,1200000
2023-05-05 12:26:23.403000,1.34895,1.34879,1200000,2700000
2023-05-05 12:26:23.505000,1.34894,1.34879,1200000,1200000
2023-05-05 12:26:27.716000,1.34894,1.3488,1200000,1200000
2023-05-05 12:26:29.564000,1.34893,1.34882,1200000,1200000
2023-05-05 12:26:30.904000,1.34896,1.34886,1200000,1200000
2023-05-05 12:26:30.955000,1.34898,1.34886,1200000,1200000
2023-05-05 12:26:31.437000,1.34899,1.34886,1200000,1200000
2023-05-05 12:26:32.085000,1.34899,1.34887,1200000,1200000
2023-05-05 12:26:33.519000,1.34896,1.34885,1200000,1200000
2023-05-05 12:26:33.637000,1.34893,1.34883,1200000,1200000
2023-05-05 12:26:35.048000,1.34894,1.34881,1200000,1200000
2023-05-05 12:26:35.373000,1.34896,1.34881,1200000,1800000
2023-05-05 12:26:37.268000,1.34895,1.34881,1200000,1800000
2023-05-05 12:26:41.971000,1.34894,1.3488,1200000,1800000
2023-05-05 12:26:48.155000,1.34896,1.34881,1200000,1200000
2023-05-05 12:26:51.176000,1.34896,1.34883,1200000,1200000
2023-05-05 12:26:51.227000,1.34898,1.34884,1200000,1800000
2023-05-05 12:26:51.278000,1.349,1.34886,1200000,1200000
2023-05-05 12:26:54.793000,1.34901,1.34888,1200000,1200000
2023-05-05 12:26:55.235000,1.34902,1.34889,1200000,1200000
2023-05-05 12:27:00.536000,1.34903,1.3489,1200000,1200000
2023-05-05 12:27:00.688000,1.34905,1.3489,1200000,1200000
2023-05-05 12:27:01.046000,1.34908,1.34896,2700000,1800000
2023-05-05 12:27:01.148000,1.34911,1.34898,1200000,1200000
2023-05-05 12:27:01.199000,1.34912,1.349,1200000,1200000
2023-05-05 12:27:01.937000,1.34916,1.34904,1200000,1200000
2023-05-05 12:27:01.988000,1.34919,1.34904,1200000,1800000
2023-05-05 12:27:02.039000,1.3492,1.34907,1200000,1200000
2023-05-05 12:27:02.140000,1.34921,1.34908,1200000,1200000
2023-05-05 12:27:02.241000,1.34925,1.34911,1200000,1200000
2023-05-05 12:27:02.495000,1.34923,1.3491,1200000,1200000
2023-05-05 12:27:07.708000,1.3492,1.34906,1200000,1800000
2023-05-05 12:27:10.911000,1.34919,1.34906,1200000,1200000
2023-05-05 12:27:11.756000,1.34918,1.34906,1200000,1200000
2023-05-05 12:27:12.462000,1.34918,1.34907,1200000,1200000
2023-05-05 12:27:12.766000,1.34919,1.34907,1200000,1200000
2023-05-05 12:27:13.432000,1.34919,1.34908,1200000,1200000
2023-05-05 12:27:14.057000,1.34919,1.34907,1200000,1800000
2023-05-05 12:27:17.745000,1.3492,1.34907,1200000,1200000
2023-05-05 12:27:18.464000,1.3492,1.34906,1200000,1200000
2023-05-05 12:27:20.661000,1.34921,1.34907,1200000,1200000
2023-05-05 12:27:20.762000,1.3492,1.3491,1200000,1200000
2023-05-05 12:27:21.113000,1.34923,1.34909,1200000,1800000
2023-05-05 12:27:21.318000,1.34922,1.34909,1200000,1200000
2023-05-05 12:27:21.470000,1.34925,1.34912,1200000,1200000
2023-05-05 12:27:22.762000,1.34926,1.34912,1200000,1800000
2023-05-05 12:27:23.422000,1.34919,1.34908,1200000,1200000
2023-05-05 12:27:23.524000,1.34912,1.34904,1200000,1200000
2023-05-05 12:27:23.575000,1.34912,1.34897,1200000,2700000
2023-05-05 12:27:23.676000,1.34911,1.34899,1200000,1200000
2023-05-05 12:27:26.245000,1.34912,1.34897,1200000,1200000
2023-05-05 12:27:26.297000,1.34907,1.34895,1200000,1200000
2023-05-05 12:27:26.348000,1.34907,1.34893,1200000,1200000
2023-05-05 12:27:26.449000,1.34907,1.34894,1200000,1200000
2023-05-05 12:27:27.611000,1.34907,1.34893,1200000,1200000
2023-05-05 12:27:27.712000,1.34905,1.34893,1200000,1800000
2023-05-05 12:27:29.366000,1.34907,1.34892,1200000,1800000
2023-05-05 12:27:31.460000,1.34905,1.34892,1200000,1200000
2023-05-05 12:27:31.562000,1.34903,1.34889,1200000,2700000
2023-05-05 12:27:32.962000,1.34903,1.3489,1200000,1200000
2023-05-05 12:27:33.063000,1.34903,1.34889,1200000,1800000
2023-05-05 12:27:33.305000,1.34902,1.34887,1200000,1800000
2023-05-05 12:27:33.986000,1.34903,1.34889,1200000,1200000
2023-05-05 12:27:37.539000,1.34905,1.34894,1200000,1200000
2023-05-05 12:27:37.590000,1.34909,1.34894,1200000,1200000
2023-05-05 12:27:37.641000,1.34907,1.34893,1200000,1200000
2023-05-05 12:27:37.877000,1.34905,1.34893,1200000,1200000
2023-05-05 12:27:38.854000,1.34905,1.34892,1200000,1200000
2023-05-05 12:27:38.955000,1.34902,1.34893,1200000,1200000
2023-05-05 12:27:40.008000,1.34903,1.34891,1200000,1200000
2023-05-05 12:27:41.709000,1.34903,1.34892,1200000,1200000
2023-05-05 12:27:41.810000,1.34903,1.34893,1200000,1200000
2023-05-05 12:27:44.323000,1.34904,1.34893,1200000,1200000
2023-05-05 12:27:45.880000,1.34905,1.34893,1200000,1200000
2023-05-05 12:27:47.522000,1.34903,1.34893,1200000,1200000
2023-05-05 12:27:47.624000,1.34901,1.34892,1200000,1200000
2023-05-05 12:27:47.759000,1.34903,1.34891,1200000,1200000
2023-05-05 12:27:48.124000,1.34903,1.34892,1200000,1200000
2023-05-05 12:27:48.226000,1.34903,1.34894,1200000,1200000
2023-05-05 12:27:49.173000,1.34906,1.34893,1200000,1200000
2023-05-05 12:27:50.983000,1.34906,1.34894,1200000,3600000
2023-05-05 12:27:52.036000,1.34907,1.34894,1200000,1200000
2023-05-05 12:27:52.629000,1.34908,1.34894,1200000,1200000
2023-05-05 12:27:56.436000,1.34908,1.34895,1200000,1800000
2023-05-05 12:27:58.280000,1.3491,1.349,1200000,1200000
2023-05-05 12:27:58.381000,1.34912,1.34898,1200000,1200000
2023-05-05 12:27:58.483000,1.34911,1.34898,1200000,2700000
2023-05-05 12:28:00.954000,1.34912,1.34898,1200000,1200000
2023-05-05 12:28:02.258000,1.34913,1.34898,1200000,1800000
2023-05-05 12:28:15.525000,1.34913,1.34899,1200000,1200000
2023-05-05 12:28:17.555000,1.34914,1.349,1200000,1200000
2023-05-05 12:28:17.607000,1.34915,1.34902,1200000,1200000
2023-05-05 12:28:17.809000,1.34917,1.34902,1200000,1200000
2023-05-05 12:28:18.162000,1.34918,1.34902,1200000,1200000
2023-05-05 12:28:22.853000,1.34921,1.34906,1800000,1200000
2023-05-05 12:28:24.793000,1.34915,1.34904,1200000,1200000
2023-05-05 12:28:24.844000,1.34914,1.34902,1200000,1200000
2023-05-05 12:28:25.150000,1.34917,1.34903,1200000,1200000
2023-05-05 12:28:26.124000,1.34919,1.34904,1200000,1200000
2023-05-05 12:28:26.225000,1.34918,1.34903,1200000,1200000
2023-05-05 12:28:28.532000,1.34918,1.34903,1200000,1200000
2023-05-05 12:28:28.634000,1.3492,1.34906,1200000,1200000
2023-05-05 12:28:29.930000,1.34922,1.34907,1200000,1200000
2023-05-05 12:28:31.411000,1.34921,1.34905,1200000,1200000
2023-05-05 12:28:34.559000,1.3492,1.34906,1200000,1200000
2023-05-05 12:28:36.654000,1.34918,1.34905,1200000,1200000
2023-05-05 12:28:36.705000,1.3492,1.34906,1200000,1200000
2023-05-05 12:28:39.165000,1.34919,1.34906,1200000,1200000
2023-05-05 12:28:40.294000,1.34919,1.34905,1200000,1200000
2023-05-05 12:28:46.215000,1.34918,1.34905,1200000,1200000
2023-05-05 12:28:46.873000,1.34918,1.34903,1200000,1200000
2023-05-05 12:28:47.537000,1.3492,1.34903,1200000,1200000
2023-05-05 12:28:48.239000,1.34917,1.34904,1200000,1200000
2023-05-05 12:28:48.391000,1.34917,1.34903,1200000,1800000
2023-05-05 12:28:49.004000,1.34918,1.34903,1200000,1800000
2023-05-05 12:28:50.333000,1.34918,1.34902,1200000,1200000
2023-05-05 12:28:50.537000,1.34918,1.34903,1200000,1200000
2023-05-05 12:28:50.639000,1.34917,1.34901,1200000,2700000
2023-05-05 12:28:51.024000,1.34916,1.34901,1200000,1800000
2023-05-05 12:28:51.329000,1.34918,1.34901,1200000,1800000
2023-05-05 12:28:51.811000,1.34914,1.34902,1200000,1200000
2023-05-05 12:28:52.013000,1.34917,1.34901,1200000,1200000
2023-05-05 12:28:52.392000,1.34917,1.349,1200000,2700000
2023-05-05 12:28:52.741000,1.34917,1.34901,1200000,1200000
2023-05-05 12:28:53.196000,1.34917,1.349,1200000,1200000
2023-05-05 12:28:53.298000,1.34916,1.349,1200000,1200000
2023-05-05 12:28:53.527000,1.34914,1.34901,1200000,1200000
2023-05-05 12:28:53.998000,1.34914,1.349,1200000,1200000
2023-05-05 12:28:54.150000,1.34914,1.34902,1200000,1200000
2023-05-05 12:28:54.556000,1.34914,1.349,1200000,1200000
2023-05-05 12:28:55.274000,1.34912,1.349,1200000,1200000
2023-05-05 12:28:55.376000,1.34912,1.34899,1200000,1800000
2023-05-05 12:28:58.530000,1.34916,1.34898,1200000,1200000
2023-05-05 12:28:58.718000,1.34916,1.34897,1200000,1200000
2023-05-05 12:29:01.559000,1.34915,1.34896,1200000,1350000
2023-05-05 12:29:02.066000,1.34915,1.34899,1200000,1200000
2023-05-05 12:29:02.117000,1.34919,1.34899,1200000,1200000
2023-05-05 12:29:03.052000,1.34919,1.349,1200000,1200000
2023-05-05 12:29:06.669000,1.34918,1.34899,1200000,1200000
2023-05-05 12:29:06.770000,1.34914,1.34897,1200000,1200000
2023-05-05 12:29:09.923000,1.34915,1.34897,1200000,1200000
2023-05-05 12:29:10.275000,1.34914,1.34897,1200000,1200000
2023-05-05 12:29:14.639000,1.34914,1.34896,1200000,1200000
2023-05-05 12:29:15.089000,1.34915,1.34899,1200000,1200000
2023-05-05 12:29:15.195000,1.34913,1.34899,1200000,1200000
2023-05-05 12:29:17.255000,1.34914,1.34897,1200000,1200000
2023-05-05 12:29:19.011000,1.34913,1.34899,1200000,1200000
2023-05-05 12:29:19.109000,1.34913,1.34897,1200000,1200000
2023-05-05 12:29:19.958000,1.34914,1.34897,1200000,1200000
2023-05-05 12:29:20.060000,1.34915,1.34897,1200000,1200000
2023-05-05 12:29:20.167000,1.34915,1.34898,1200000,1200000
2023-05-05 12:29:20.268000,1.34916,1.34898,1200000,1200000
2023-05-05 12:29:20.842000,1.34917,1.34898,1200000,1200000
2023-05-05 12:29:21.498000,1.34916,1.34898,1200000,1200000
2023-05-05 12:29:21.817000,1.34915,1.34898,1200000,1200000
2023-05-05 12:29:21.918000,1.34914,1.34898,1200000,1200000
2023-05-05 12:29:25.373000,1.34914,1.34899,1200000,1200000
2023-05-05 12:29:25.464000,1.34915,1.34896,1200000,1200000
2023-05-05 12:29:26.459000,1.34915,1.34897,1200000,1200000
2023-05-05 12:29:28.245000,1.34916,1.34897,1200000,1200000
2023-05-05 12:29:28.819000,1.34916,1.34898,1200000,1200000
2023-05-05 12:29:29.235000,1.34917,1.34897,1200000,1200000
2023-05-05 12:29:29.337000,1.34916,1.34899,1200000,1200000
2023-05-05 12:29:29.698000,1.34918,1.34899,1200000,1200000
2023-05-05 12:29:30.054000,1.34918,1.34901,1200000,1200000
2023-05-05 12:29:30.155000,1.34922,1.34902,1200000,1200000
2023-05-05 12:29:30.206000,1.34924,1.34906,3600000,1200000
2023-05-05 12:29:30.358000,1.34925,1.34904,1200000,1200000
2023-05-05 12:29:30.611000,1.34926,1.34904,1200000,1200000
2023-05-05 12:29:30.662000,1.34927,1.34902,1200000,1200000
2023-05-05 12:29:30.763000,1.34925,1.34903,1200000,1200000
2023-05-05 12:29:31.545000,1.34926,1.34904,1800000,1200000
2023-05-05 12:29:32.070000,1.34926,1.34902,1200000,1200000
2023-05-05 12:29:32.121000,1.34923,1.34902,1800000,1200000
2023-05-05 12:29:32.909000,1.34924,1.34895,1200000,2700000
2023-05-05 12:29:32.960000,1.34924,1.34899,1200000,1200000
2023-05-05 12:29:33.061000,1.34928,1.34899,1200000,1800000
2023-05-05 12:29:33.162000,1.34929,1.34899,1350000,2700000
2023-05-05 12:29:33.264000,1.34929,1.34901,1200000,1800000
2023-05-05 12:29:33.424000,1.34929,1.34902,1200000,1800000
2023-05-05 12:29:33.526000,1.34929,1.34901,1200000,1200000
2023-05-05 12:29:33.631000,1.34929,1.34903,1200000,1200000
2023-05-05 12:29:33.884000,1.3493,1.349,1350000,1200000
2023-05-05 12:29:35.349000,1.34931,1.34901,1600000,1200000
2023-05-05 12:29:36.658000,1.34931,1.34901,2100000,1800000
2023-05-05 12:29:37.185000,1.34932,1.34899,2100000,1800000
2023-05-05 12:29:37.566000,1.34931,1.34897,2100000,1600000
2023-05-05 12:29:37.668000,1.34931,1.34899,2100000,1200000
2023-05-05 12:29:37.870000,1.34931,1.34897,2100000,1200000
2023-05-05 12:29:37.971000,1.34931,1.34896,1800000,1200000
2023-05-05 12:29:39.103000,1.34932,1.34896,1600000,1800000
2023-05-05 12:29:39.504000,1.34932,1.34895,1600000,1200000
2023-05-05 12:29:40.093000,1.34932,1.349,1600000,1800000
2023-05-05 12:29:41.010000,1.34932,1.34897,1600000,1800000
2023-05-05 12:29:41.606000,1.34928,1.34899,1200000,1800000
2023-05-05 12:29:41.707000,1.34928,1.34897,1200000,1350000
2023-05-05 12:29:42.881000,1.34919,1.34885,1200000,1600000
2023-05-05 12:29:42.932000,1.34919,1.34892,1200000,1200000
2023-05-05 12:29:43.084000,1.34922,1.34892,1200000,1200000
2023-05-05 12:29:43.185000,1.34927,1.34892,2100000,1200000
2023-05-05 12:29:43.315000,1.34923,1.34893,1350000,1350000
2023-05-05 12:29:43.466000,1.34924,1.34893,2700000,1350000
2023-05-05 12:29:44.493000,1.34919,1.34892,1200000,3150000
2023-05-05 12:29:45.874000,1.34921,1.34893,1200000,1200000
2023-05-05 12:29:46.980000,1.34918,1.34893,1200000,1200000
2023-05-05 12:29:49.398000,1.3492,1.3489,1200000,1200000
2023-05-05 12:29:49.758000,1.34921,1.3489,1200000,1800000
2023-05-05 12:29:50.136000,1.34921,1.34889,1200000,2700000
2023-05-05 12:29:50.237000,1.34921,1.34892,1200000,1800000
2023-05-05 12:29:50.439000,1.34917,1.34886,1200000,1800000
2023-05-05 12:29:50.642000,1.34917,1.34885,1200000,1800000
2023-05-05 12:29:50.693000,1.34915,1.34885,1200000,1800000
2023-05-05 12:29:50.744000,1.34915,1.34875,1200000,1120000
2023-05-05 12:29:51.129000,1.34912,1.34876,1200000,1120000
2023-05-05 12:29:51.331000,1.34916,1.34875,1200000,1120000
2023-05-05 12:29:51.432000,1.34914,1.34875,1200000,1120000
2023-05-05 12:29:51.533000,1.34911,1.34875,1200000,1120000
2023-05-05 12:29:51.922000,1.34915,1.34875,1200000,1120000
2023-05-05 12:29:52.122000,1.34917,1.34875,1200000,1120000
2023-05-05 12:29:52.302000,1.34908,1.34866,1200000,1120000
2023-05-05 12:29:52.403000,1.3491,1.34866,1800000,1200000
2023-05-05 12:29:52.505000,1.34911,1.34866,1200000,1200000
2023-05-05 12:29:52.556000,1.3491,1.34871,1200000,1200000
2023-05-05 12:29:52.658000,1.34906,1.34877,1200000,1200000
2023-05-05 12:29:52.759000,1.34905,1.34877,1200000,1200000
2023-05-05 12:29:52.810000,1.34905,1.34872,1200000,1200000
2023-05-05 12:29:52.912000,1.349,1.34875,1200000,1200000
2023-05-05 12:29:53.078000,1.34901,1.34875,1200000,1200000
2023-05-05 12:29:53.129000,1.34901,1.34872,1200000,1200000
2023-05-05 12:29:53.254000,1.34903,1.34873,1200000,1200000
2023-05-05 12:29:53.305000,1.34906,1.34876,1200000,1200000
2023-05-05 12:29:53.406000,1.34906,1.34873,1200000,1200000
2023-05-05 12:29:53.460000,1.34907,1.34874,1200000,1200000
2023-05-05 12:29:53.562000,1.34911,1.34873,1200000,1800000
2023-05-05 12:29:53.612000,1.34909,1.34875,1200000,1800000
2023-05-05 12:29:53.714000,1.3491,1.34875,1200000,1800000
2023-05-05 12:29:53.815000,1.3491,1.34876,1200000,1350000
2023-05-05 12:29:53.916000,1.34905,1.34874,1200000,2700000
2023-05-05 12:29:53.967000,1.34909,1.34874,1200000,2700000
2023-05-05 12:29:54.068000,1.34907,1.34875,1200000,1350000
2023-05-05 12:29:54.169000,1.34906,1.34876,1200000,1800000
2023-05-05 12:29:54.401000,1.34906,1.34875,1200000,1800000
2023-05-05 12:29:54.502000,1.34904,1.34875,1800000,1800000
2023-05-05 12:29:54.717000,1.34908,1.34866,2700000,1600000
2023-05-05 12:29:54.818000,1.34907,1.34874,1200000,1800000
2023-05-05 12:29:54.956000,1.34907,1.34875,2700000,1800000
2023-05-05 12:29:55.057000,1.34907,1.34874,1800000,1800000
2023-05-05 12:29:55.561000,1.34906,1.34875,1800000,2700000
2023-05-05 12:29:55.663000,1.34907,1.34875,2700000,1800000
2023-05-05 12:29:56.149000,1.34913,1.34872,1200000,1600000
2023-05-05 12:29:56.381000,1.3491,1.34879,1200000,1800000
2023-05-05 12:29:56.550000,1.34911,1.34866,1600000,1600000
2023-05-05 12:29:56.761000,1.34911,1.34866,1200000,1600000
2023-05-05 12:29:56.862000,1.34912,1.34879,1200000,1200000
2023-05-05 12:29:56.991000,1.34913,1.34879,1200000,1200000
2023-05-05 12:29:57.269000,1.34914,1.34877,1200000,1350000
2023-05-05 12:29:57.370000,1.34908,1.34867,1200000,1600000
2023-05-05 12:29:57.421000,1.3491,1.34868,1200000,1600000
2023-05-05 12:29:57.472000,1.34911,1.34867,1200000,2700000
2023-05-05 12:29:57.536000,1.34911,1.34878,1200000,1200000
2023-05-05 12:29:57.982000,1.34911,1.34876,1200000,1200000
2023-05-05 12:29:58.105000,1.34911,1.34879,1200000,1200000
2023-05-05 12:29:58.455000,1.34911,1.34868,1200000,1200000
2023-05-05 12:29:58.729000,1.34911,1.34872,1200000,1200000
2023-05-05 12:29:59.233000,1.3491,1.3487,1200000,1200000
2023-05-05 12:29:59.335000,1.3491,1.34868,1200000,1800000
2023-05-05 12:29:59.436000,1.34907,1.34867,1350000,1800000
2023-05-05 12:29:59.678000,1.34906,1.3488,1350000,1200000
2023-05-05 12:29:59.729000,1.34915,1.34879,1200000,1200000
2023-05-05 12:30:00.233000,1.34913,1.34867,1200000,2700000
2023-05-05 12:30:00.284000,1.3491,1.34868,1200000,2700000
2023-05-05 12:30:01.044000,1.34913,1.34868,1200000,1800000
2023-05-05 12:30:01.146000,1.34918,1.34891,1200000,1200000
2023-05-05 12:30:01.197000,1.34934,1.34891,450000,1200000
2023-05-05 12:30:01.298000,1.34956,1.34883,450000,1200000
2023-05-05 12:30:01.399000,1.35011,1.34885,1350000,1200000
2023-05-05 12:30:01.450000,1.35048,1.35007,1800000,1200000
2023-05-05 12:30:01.503000,1.3506,1.34959,1800000,1200000
2023-05-05 12:30:01.564000,1.35093,1.35077,900000,1650000
2023-05-05 12:30:01.666000,1.35112,1.35073,900000,1200000
2023-05-05 12:30:01.767000,1.35115,1.35088,450000,450000
2023-05-05 12:30:01.868000,1.35123,1.3507,450000,1600000
2023-05-05 12:30:01.969000,1.35125,1.3507,900000,1600000
2023-05-05 12:30:02.020000,1.35123,1.3508,900000,1600000
2023-05-05 12:30:02.122000,1.35127,1.35082,900000,1280000
2023-05-05 12:30:02.172000,1.35126,1.35079,900000,1360000
2023-05-05 12:30:02.308000,1.35129,1.3508,900000,1360000
2023-05-05 12:30:02.414000,1.35127,1.35079,900000,1200000
2023-05-05 12:30:02.566000,1.35125,1.3508,900000,1200000
2023-05-05 12:30:02.669000,1.35112,1.35079,900000,1200000
2023-05-05 12:30:02.770000,1.35114,1.3508,1800000,1650000
2023-05-05 12:30:02.821000,1.35115,1.35092,900000,1800000
2023-05-05 12:30:02.922000,1.35113,1.35084,900000,1200000
2023-05-05 12:30:02.973000,1.35114,1.3508,900000,2400000
2023-05-05 12:30:03.024000,1.35112,1.3508,900000,2400000
2023-05-05 12:30:03.075000,1.35112,1.3508,900000,2400000
2023-05-05 12:30:03.177000,1.35114,1.3508,900000,2250000
2023-05-05 12:30:03.278000,1.35115,1.35079,900000,3150000
2023-05-05 12:30:03.379000,1.35114,1.35079,900000,3150000
2023-05-05 12:30:03.596000,1.35115,1.3508,900000,2250000
2023-05-05 12:30:03.647000,1.35118,1.35079,900000,3150000
2023-05-05 12:30:03.775000,1.35114,1.3508,900000,3150000
2023-05-05 12:30:03.927000,1.35133,1.35083,1200000,1200000
2023-05-05 12:30:03.978000,1.35138,1.35084,1200000,1200000
2023-05-05 12:30:04.030000,1.35137,1.35083,1200000,1200000
2023-05-05 12:30:04.138000,1.35156,1.35088,1200000,1200000
2023-05-05 12:30:04.189000,1.35144,1.35089,1200000,1200000
2023-05-05 12:30:04.290000,1.35122,1.35088,1800000,1200000
2023-05-05 12:30:04.341000,1.35124,1.35094,1800000,1200000
2023-05-05 12:30:04.442000,1.35122,1.35095,900000,1200000
2023-05-05 12:30:04.493000,1.3512,1.35088,900000,1200000
2023-05-05 12:30:04.544000,1.35153,1.35092,1200000,1200000
2023-05-05 12:30:04.645000,1.35153,1.3509,1200000,1200000
2023-05-05 12:30:04.696000,1.35157,1.35096,1600000,1200000
2023-05-05 12:30:04.899000,1.35154,1.35097,1600000,1200000
2023-05-05 12:30:05.001000,1.35158,1.351,2850000,1200000
2023-05-05 12:30:05.102000,1.3513,1.35086,1200000,1800000
2023-05-05 12:30:05.153000,1.35136,1.3509,1800000,1200000
2023-05-05 12:30:05.204000,1.35139,1.35089,1600000,1200000
2023-05-05 12:30:05.306000,1.35134,1.35086,1200000,1200000
2023-05-05 12:30:05.357000,1.35134,1.35094,1200000,900000
2023-05-05 12:30:05.458000,1.35133,1.35086,1200000,1200000
2023-05-05 12:30:05.509000,1.35132,1.35089,1200000,1200000
2023-05-05 12:30:05.612000,1.35134,1.3509,1200000,1200000
2023-05-05 12:30:05.717000,1.35135,1.35093,1800000,900000
2023-05-05 12:30:05.818000,1.35136,1.35094,1800000,1200000
2023-05-05 12:30:05.970000,1.35136,1.35091,1800000,1200000
2023-05-05 12:30:06.021000,1.35129,1.35077,1200000,1200000
2023-05-05 12:30:06.122000,1.35112,1.35067,1200000,1200000
2023-05-05 12:30:06.223000,1.35121,1.35079,1800000,900000
2023-05-05 12:30:06.324000,1.35121,1.35084,1200000,900000
2023-05-05 12:30:06.476000,1.35121,1.35087,900000,1200000
2023-05-05 12:30:06.526000,1.35123,1.35088,1200000,1200000
2023-05-05 12:30:06.628000,1.35124,1.35083,1200000,1200000
2023-05-05 12:30:06.679000,1.35124,1.35089,1200000,1200000
2023-05-05 12:30:06.830000,1.35124,1.3509,1200000,1200000
2023-05-05 12:30:07.032000,1.3513,1.3509,1200000,1200000
2023-05-05 12:30:07.136000,1.35122,1.35089,1200000,1200000
2023-05-05 12:30:07.186000,1.35122,1.35087,1200000,1200000
2023-05-05 12:30:07.237000,1.35124,1.3509,1200000,1200000
2023-05-05 12:30:07.288000,1.35124,1.35075,1200000,1200000
2023-05-05 12:30:07.339000,1.35124,1.35088,1200000,900000
2023-05-05 12:30:07.440000,1.3513,1.35099,1200000,1200000
2023-05-05 12:30:07.542000,1.35134,1.35099,1200000,1200000
2023-05-05 12:30:07.601000,1.35154,1.35107,1200000,900000
2023-05-05 12:30:07.652000,1.35162,1.35105,1200000,1200000
2023-05-05 12:30:07.703000,1.35162,1.35116,1200000,1200000
2023-05-05 12:30:07.890000,1.3515,1.35104,900000,1200000
2023-05-05 12:30:07.992000,1.35156,1.35122,900000,900000
2023-05-05 12:30:08.043000,1.35186,1.3512,1100000,900000
2023-05-05 12:30:08.144000,1.35168,1.3512,1200000,900000
2023-05-05 12:30:08.195000,1.35172,1.35108,1200000,1200000
2023-05-05 12:30:08.246000,1.35186,1.35129,1100000,900000
2023-05-05 12:30:08.297000,1.35186,1.35109,1100000,1200000
2023-05-05 12:30:08.348000,1.35186,1.35104,1100000,900000
2023-05-05 12:30:08.449000,1.35183,1.35123,1800000,900000
2023-05-05 12:30:08.500000,1.35183,1.35117,1800000,900000
2023-05-05 12:30:08.551000,1.35184,1.35124,2100000,900000
2023-05-05 12:30:08.652000,1.35166,1.35124,1200000,900000
2023-05-05 12:30:08.771000,1.35167,1.35132,1200000,900000
2023-05-05 12:30:08.872000,1.3515,1.35127,1350000,1200000
2023-05-05 12:30:08.923000,1.35158,1.35111,1200000,4500000
2023-05-05 12:30:08.974000,1.35143,1.3511,1200000,1200000
2023-05-05 12:30:09.025000,1.35144,1.35103,1200000,1200000
2023-05-05 12:30:09.077000,1.3512,1.35092,1200000,1200000
2023-05-05 12:30:09.178000,1.35113,1.35078,1200000,1200000
2023-05-05 12:30:09.354000,1.3512,1.35085,1350000,1200000
2023-05-05 12:30:09.506000,1.3512,1.35082,1350000,1200000
2023-05-05 12:30:09.610000,1.35128,1.35083,1600000,1200000
2023-05-05 12:30:09.712000,1.35119,1.35083,1200000,1200000
2023-05-05 12:30:10.095000,1.35127,1.35076,1600000,1200000
2023-05-05 12:30:10.196000,1.35113,1.35089,1200000,1200000
2023-05-05 12:30:10.297000,1.3512,1.35092,1200000,1200000
2023-05-05 12:30:10.449000,1.35103,1.35088,1600000,1800000
2023-05-05 12:30:10.500000,1.35102,1.35074,2470000,1200000
2023-05-05 12:30:10.601000,1.35103,1.35074,2470000,1200000
2023-05-05 12:30:10.752000,1.35103,1.35073,2470000,1200000
2023-05-05 12:30:10.803000,1.35094,1.35072,1600000,4500000
2023-05-05 12:30:10.854000,1.35094,1.35068,1600000,1800000
2023-05-05 12:30:10.905000,1.35093,1.35066,2470000,1200000
2023-05-05 12:30:11.006000,1.35094,1.35066,2250000,1200000
2023-05-05 12:30:11.116000,1.35094,1.35067,1200000,1200000
2023-05-05 12:30:11.221000,1.35095,1.35067,1200000,1200000
2023-05-05 12:30:11.322000,1.35095,1.3507,1200000,1200000
2023-05-05 12:30:11.423000,1.35084,1.3506,1200000,1200000
2023-05-05 12:30:11.474000,1.35085,1.35056,1600000,1200000
2023-05-05 12:30:11.525000,1.35085,1.35058,1600000,1200000
2023-05-05 12:30:11.626000,1.35085,1.35059,1200000,1200000
2023-05-05 12:30:11.829000,1.35085,1.35056,1200000,1200000
2023-05-05 12:30:11.930000,1.35085,1.35055,1200000,1200000
2023-05-05 12:30:11.981000,1.35084,1.3506,1200000,1200000
2023-05-05 12:30:12.032000,1.35085,1.35057,1200000,1200000
2023-05-05 12:30:12.134000,1.35084,1.35061,1350000,1200000
2023-05-05 12:30:12.235000,1.35087,1.35064,1200000,1200000
2023-05-05 12:30:12.286000,1.35091,1.35065,1100000,1200000
2023-05-05 12:30:12.387000,1.35092,1.35065,1100000,1200000
2023-05-05 12:30:12.489000,1.35083,1.35059,1100000,1200000
2023-05-05 12:30:12.539000,1.35083,1.35052,1100000,1200000
2023-05-05 12:30:12.590000,1.35075,1.35053,1200000,1200000
2023-05-05 12:30:12.692000,1.35083,1.35053,1100000,1200000
2023-05-05 12:30:12.793000,1.35084,1.35054,1100000,1200000
2023-05-05 12:30:12.844000,1.35084,1.3506,1600000,1200000
2023-05-05 12:30:12.896000,1.35076,1.35048,1600000,1200000
2023-05-05 12:30:13.066000,1.35074,1.35053,1350000,1200000
2023-05-05 12:30:13.167000,1.35076,1.35052,1200000,1200000
2023-05-05 12:30:13.269000,1.35075,1.35052,1200000,1200000
2023-05-05 12:30:13.370000,1.35075,1.3506,1200000,900000
2023-05-05 12:30:13.421000,1.3508,1.35061,1200000,1200000
2023-05-05 12:30:13.523000,1.35085,1.35061,1800000,1200000
2023-05-05 12:30:13.574000,1.35083,1.35058,1200000,1200000
2023-05-05 12:30:13.625000,1.35086,1.35059,1100000,1200000
2023-05-05 12:30:13.727000,1.35089,1.35062,2470000,1200000
2023-05-05 12:30:13.777000,1.3509,1.35073,2250000,1200000
2023-05-05 12:30:13.828000,1.35099,1.35068,1100000,1200000
2023-05-05 12:30:13.879000,1.35092,1.35065,1350000,1200000
2023-05-05 12:30:13.981000,1.35102,1.3507,1100000,1200000
2023-05-05 12:30:14.031000,1.35094,1.35068,1600000,1200000
2023-05-05 12:30:14.133000,1.35084,1.3506,1200000,1200000
2023-05-05 12:30:14.184000,1.3509,1.35061,1720000,1200000
2023-05-05 12:30:14.285000,1.35094,1.35065,2100000,1200000
2023-05-05 12:30:14.336000,1.35093,1.35063,1600000,1200000
2023-05-05 12:30:14.438000,1.35093,1.35062,1600000,1200000
2023-05-05 12:30:14.489000,1.35083,1.3506,1100000,1200000
2023-05-05 12:30:14.591000,1.3509,1.35061,1200000,1200000
2023-05-05 12:30:14.692000,1.35091,1.35069,1350000,1200000
2023-05-05 12:30:14.844000,1.35092,1.35066,1350000,1200000
2023-05-05 12:30:14.999000,1.35091,1.35068,1350000,1200000
2023-05-05 12:30:15.202000,1.35091,1.35067,1200000,1200000
2023-05-05 12:30:15.253000,1.35091,1.35075,1200000,1200000
2023-05-05 12:30:15.304000,1.35099,1.35075,1100000,1200000
2023-05-05 12:30:15.355000,1.35103,1.35075,1720000,1200000
2023-05-05 12:30:15.406000,1.35103,1.35075,1200000,1200000
2023-05-05 12:30:15.457000,1.35106,1.35088,1200000,1200000
2023-05-05 12:30:15.508000,1.35125,1.35095,1800000,1200000
2023-05-05 12:30:15.560000,1.35126,1.351,1800000,1200000
2023-05-05 12:30:15.611000,1.35129,1.35092,1600000,1200000
2023-05-05 12:30:15.662000,1.35129,1.35098,1600000,1200000
2023-05-05 12:30:15.713000,1.35129,1.35096,1600000,1200000
2023-05-05 12:30:15.814000,1.35121,1.35097,1600000,1200000
2023-05-05 12:30:15.916000,1.3512,1.35093,1350000,1200000
2023-05-05 12:30:16.067000,1.3512,1.35092,3220000,1200000
2023-05-05 12:30:16.270000,1.3512,1.35099,1350000,1200000
2023-05-05 12:30:16.321000,1.35129,1.35101,1200000,1200000
2023-05-05 12:30:16.422000,1.35129,1.35102,1200000,1200000
2023-05-05 12:30:16.625000,1.3513,1.35101,2470000,1200000
2023-05-05 12:30:16.827000,1.35121,1.35095,1600000,1200000
2023-05-05 12:30:16.929000,1.3512,1.35099,1350000,1200000
2023-05-05 12:30:16.979000,1.35121,1.35096,2470000,1200000
2023-05-05 12:30:17.090000,1.35121,1.35097,2100000,1200000
2023-05-05 12:30:17.343000,1.3512,1.35098,1800000,1200000
2023-05-05 12:30:17.445000,1.3512,1.35097,1200000,1200000
2023-05-05 12:30:17.496000,1.35118,1.35096,1200000,1200000
2023-05-05 12:30:17.547000,1.35117,1.35095,1200000,1200000
2023-05-05 12:30:17.648000,1.35118,1.35096,1200000,1200000
2023-05-05 12:30:17.901000,1.35118,1.35095,1200000,1200000
2023-05-05 12:30:18.104000,1.35117,1.35095,1200000,1200000
2023-05-05 12:30:18.756000,1.35118,1.35092,1200000,1200000
2023-05-05 12:30:18.808000,1.3512,1.35095,3220000,1200000
2023-05-05 12:30:18.938000,1.35115,1.3509,1600000,1200000
2023-05-05 12:30:19.042000,1.35112,1.35093,1100000,1200000
2023-05-05 12:30:19.143000,1.35118,1.35093,1200000,1200000
2023-05-05 12:30:19.245000,1.3512,1.35095,3220000,1200000
2023-05-05 12:30:19.397000,1.35112,1.35091,1200000,1200000
2023-05-05 12:30:19.448000,1.35112,1.35088,1200000,1200000
2023-05-05 12:30:19.500000,1.35103,1.35081,1200000,1200000
2023-05-05 12:30:19.551000,1.35103,1.35075,2250000,1200000
2023-05-05 12:30:19.652000,1.35091,1.35065,1200000,1200000
2023-05-05 12:30:19.755000,1.3509,1.35063,1200000,1200000
2023-05-05 12:30:19.856000,1.35093,1.35066,1600000,1200000
2023-05-05 12:30:19.907000,1.35094,1.35067,2250000,1200000
2023-05-05 12:30:20.009000,1.35094,1.35066,1200000,1200000
2023-05-05 12:30:20.111000,1.35094,1.35067,1200000,1200000
2023-05-05 12:30:20.162000,1.35092,1.35065,1600000,1200000
2023-05-05 12:30:20.314000,1.35094,1.35067,2250000,1200000
2023-05-05 12:30:20.416000,1.35083,1.35061,1600000,1200000
2023-05-05 12:30:20.467000,1.35085,1.35056,2100000,2700000
2023-05-05 12:30:20.518000,1.35082,1.35052,1600000,1200000
2023-05-05 12:30:20.570000,1.35075,1.3505,1800000,1200000
2023-05-05 12:30:20.671000,1.35066,1.35041,1720000,1200000
2023-05-05 12:30:20.823000,1.35066,1.3504,1350000,1200000
2023-05-05 12:30:20.945000,1.35067,1.35042,1350000,1200000
2023-05-05 12:30:21.047000,1.35073,1.35051,1200000,1200000
2023-05-05 12:30:21.148000,1.35072,1.35059,1200000,1200000
2023-05-05 12:30:21.199000,1.35073,1.35055,1200000,1200000
2023-05-05 12:30:21.250000,1.35073,1.35053,1200000,1200000
2023-05-05 12:30:21.301000,1.35072,1.35063,1200000,1200000
2023-05-05 12:30:21.352000,1.3509,1.3507,1200000,1200000
2023-05-05 12:30:21.403000,1.3509,1.35074,1200000,1200000
2023-05-05 12:30:21.454000,1.35094,1.35073,1200000,1200000
2023-05-05 12:30:21.556000,1.35102,1.35072,1200000,1200000
2023-05-05 12:30:21.657000,1.35101,1.35073,1200000,1200000
2023-05-05 12:30:21.708000,1.35103,1.35079,1350000,1200000
2023-05-05 12:30:21.810000,1.35103,1.35074,1600000,1200000
2023-05-05 12:30:21.861000,1.35091,1.35063,1100000,1200000
2023-05-05 12:30:21.912000,1.35085,1.35056,1200000,1200000
2023-05-05 12:30:21.964000,1.35085,1.35059,1200000,1200000
2023-05-05 12:30:22.015000,1.35085,1.35057,1200000,1200000
2023-05-05 12:30:22.117000,1.35085,1.35047,2470000,1200000
2023-05-05 12:30:22.169000,1.35074,1.35046,1200000,1200000
2023-05-05 12:30:22.270000,1.35063,1.35045,1200000,1200000
2023-05-05 12:30:22.321000,1.35063,1.35035,1200000,1200000
2023-05-05 12:30:22.372000,1.35062,1.35038,1350000,1200000
2023-05-05 12:30:22.473000,1.35063,1.35041,1800000,1200000
2023-05-05 12:30:22.727000,1.35063,1.35045,1800000,1200000
2023-05-05 12:30:22.829000,1.35063,1.35053,1800000,1200000
2023-05-05 12:30:22.880000,1.35088,1.35053,1350000,1600000
2023-05-05 12:30:22.930000,1.35084,1.35056,1600000,1200000
2023-05-05 12:30:23.032000,1.35085,1.35058,1600000,1200000
2023-05-05 12:30:23.084000,1.35088,1.35062,1200000,1200000
2023-05-05 12:30:23.185000,1.35085,1.35062,1200000,1200000
2023-05-05 12:30:23.287000,1.3509,1.35062,1200000,1200000
2023-05-05 12:30:23.389000,1.35094,1.35064,2100000,1200000
2023-05-05 12:30:23.491000,1.35093,1.35064,1720000,1200000
2023-05-05 12:30:23.592000,1.35093,1.35065,1100000,1200000
2023-05-05 12:30:24.004000,1.35093,1.35061,1100000,1200000
2023-05-05 12:30:24.106000,1.3509,1.35061,1350000,1200000
2023-05-05 12:30:24.232000,1.35089,1.35065,1200000,1200000
2023-05-05 12:30:24.333000,1.35094,1.35068,2100000,1200000
2023-05-05 12:30:24.384000,1.35093,1.35064,1100000,1200000
2023-05-05 12:30:24.486000,1.35084,1.35059,1100000,1200000
2023-05-05 12:30:24.587000,1.35083,1.35057,1100000,1200000
2023-05-05 12:30:24.638000,1.35084,1.35061,1100000,1200000
2023-05-05 12:30:24.689000,1.35083,1.3506,1100000,1200000
2023-05-05 12:30:24.740000,1.35084,1.35056,1100000,1200000
2023-05-05 12:30:24.870000,1.35084,1.35058,1600000,1200000
2023-05-05 12:30:25.022000,1.35084,1.35057,1600000,1200000
2023-05-05 12:30:25.124000,1.35084,1.35058,1600000,1200000
2023-05-05 12:30:25.226000,1.35084,1.35056,1600000,1200000
2023-05-05 12:30:25.328000,1.35084,1.35057,1720000,1200000
2023-05-05 12:30:25.379000,1.35083,1.35061,1350000,1200000
2023-05-05 12:30:25.481000,1.35077,1.35056,1200000,1200000
2023-05-05 12:30:25.582000,1.35081,1.35054,1200000,1200000
2023-05-05 12:30:25.633000,1.35074,1.35057,1200000,1200000
2023-05-05 12:30:25.735000,1.35085,1.35058,1600000,1200000
2023-05-05 12:30:25.786000,1.35085,1.35053,1600000,1200000
2023-05-05 12:30:25.888000,1.35074,1.35054,1200000,1200000
2023-05-05 12:30:25.995000,1.35075,1.35055,1350000,1200000
2023-05-05 12:30:26.096000,1.35074,1.35055,2250000,1200000
2023-05-05 12:30:26.197000,1.35075,1.35053,1200000,1200000
2023-05-05 12:30:26.349000,1.35075,1.35056,1200000,1200000
2023-05-05 12:30:26.450000,1.35067,1.35048,1200000,1800000
2023-05-05 12:30:26.552000,1.35057,1.35033,1200000,1200000
2023-05-05 12:30:26.684000,1.35057,1.35035,1800000,1200000
2023-05-05 12:30:26.959000,1.35057,1.35038,1350000,1200000
2023-05-05 12:30:27.010000,1.35066,1.35041,1720000,1200000
2023-05-05 12:30:27.112000,1.35065,1.35044,1200000,1200000
2023-05-05 12:30:27.214000,1.3508,1.35055,1800000,1200000
2023-05-05 12:30:27.265000,1.3508,1.35059,1800000,1200000
2023-05-05 12:30:27.316000,1.35085,1.35056,2100000,1200000
2023-05-05 12:30:27.368000,1.35085,1.3506,2100000,1200000
2023-05-05 12:30:27.419000,1.35084,1.35055,1600000,1200000
2023-05-05 12:30:27.470000,1.35085,1.35057,1600000,1200000
2023-05-05 12:30:27.646000,1.35083,1.35051,1350000,1200000
2023-05-05 12:30:27.697000,1.35076,1.35052,1600000,1200000
2023-05-05 12:30:27.799000,1.35072,1.35051,1200000,1200000
2023-05-05 12:30:28.001000,1.35075,1.3505,3150000,1200000
2023-05-05 12:30:28.052000,1.35075,1.35052,2250000,1200000
2023-05-05 12:30:28.103000,1.35074,1.35051,1720000,1200000
2023-05-05 12:30:28.154000,1.35074,1.35054,2100000,1200000
2023-05-05 12:30:28.204000,1.35074,1.35052,2100000,1200000
2023-05-05 12:30:28.459000,1.35066,1.35047,1720000,1200000
2023-05-05 12:30:28.561000,1.35064,1.35046,1200000,1200000
2023-05-05 12:30:28.617000,1.35059,1.3504,1200000,1200000
2023-05-05 12:30:28.668000,1.35057,1.3504,1200000,1200000
2023-05-05 12:30:28.719000,1.3506,1.35037,1350000,1200000
2023-05-05 12:30:28.820000,1.35065,1.35043,2100000,1200000
2023-05-05 12:30:29.022000,1.35065,1.35039,1350000,1200000
2023-05-05 12:30:29.073000,1.35064,1.35044,1350000,1200000
2023-05-05 12:30:29.174000,1.35066,1.35042,1720000,1200000
2023-05-05 12:30:29.326000,1.35068,1.35045,1800000,1200000
2023-05-05 12:30:29.428000,1.35069,1.35044,2470000,1200000
2023-05-05 12:30:29.529000,1.35066,1.35042,2100000,1200000
2023-05-05 12:30:29.682000,1.35066,1.35044,2470000,1200000
2023-05-05 12:30:29.834000,1.35071,1.35044,1200000,1200000
2023-05-05 12:30:29.885000,1.35071,1.3505,1200000,1200000
2023-05-05 12:30:29.936000,1.3507,1.35048,1200000,1200000
2023-05-05 12:30:29.987000,1.35075,1.35049,2100000,1200000
2023-05-05 12:30:30.088000,1.35074,1.35051,2100000,1200000
2023-05-05 12:30:30.190000,1.35075,1.35055,1350000,1200000
2023-05-05 12:30:30.291000,1.35082,1.35059,1100000,1200000
2023-05-05 12:30:30.393000,1.35081,1.35059,1100000,1200000
2023-05-05 12:30:30.494000,1.35081,1.35058,1720000,1200000
2023-05-05 12:30:30.596000,1.35082,1.35058,1100000,1200000
2023-05-05 12:30:30.697000,1.35081,1.3506,1100000,1200000
2023-05-05 12:30:30.798000,1.35082,1.3506,1100000,1200000
2023-05-05 12:30:31.001000,1.35079,1.3506,1200000,1200000
2023-05-05 12:30:31.051000,1.35082,1.35059,1100000,1200000
2023-05-05 12:30:31.153000,1.35082,1.3506,1100000,1200000
2023-05-05 12:30:31.204000,1.35084,1.35061,1200000,1200000
2023-05-05 12:30:31.255000,1.35083,1.35062,2100000,1200000
2023-05-05 12:30:31.417000,1.3508,1.35059,1200000,1200000
2023-05-05 12:30:31.468000,1.35051,1.35032,1200000,1200000
2023-05-05 12:30:31.570000,1.35048,1.35027,1200000,1200000
2023-05-05 12:30:31.621000,1.35052,1.35029,1200000,1200000
2023-05-05 12:30:31.672000,1.35063,1.35037,1600000,1200000
2023-05-05 12:30:31.723000,1.35065,1.35038,1800000,1200000
2023-05-05 12:30:31.824000,1.35065,1.35046,2250000,1200000
2023-05-05 12:30:31.876000,1.3507,1.35046,1200000,1200000
2023-05-05 12:30:31.977000,1.35072,1.35053,1200000,1200000
2023-05-05 12:30:32.029000,1.35075,1.35054,1350000,1200000
2023-05-05 12:30:32.080000,1.35071,1.35049,1200000,1200000
2023-05-05 12:30:32.181000,1.35072,1.35053,1200000,1200000
2023-05-05 12:30:32.232000,1.35075,1.35054,1200000,1200000
2023-05-05 12:30:32.283000,1.35082,1.35054,1200000,1200000
2023-05-05 12:30:32.334000,1.35084,1.35063,1350000,1200000
2023-05-05 12:30:32.436000,1.35078,1.35057,1200000,1200000
2023-05-05 12:30:32.498000,1.35071,1.35053,1200000,1200000
2023-05-05 12:30:32.600000,1.35063,1.35046,1800000,1200000
2023-05-05 12:30:32.752000,1.35056,1.35039,1200000,1200000
2023-05-05 12:30:32.803000,1.35053,1.35037,1200000,1350000
2023-05-05 12:30:33.303000,1.35052,1.35036,1200000,1200000
2023-05-05 12:30:33.354000,1.35053,1.35031,1200000,1200000
2023-05-05 12:30:33.405000,1.35054,1.35033,1200000,1200000
2023-05-05 12:30:33.507000,1.35061,1.35038,1200000,1200000
2023-05-05 12:30:33.562000,1.3506,1.35043,1200000,1200000
2023-05-05 12:30:33.664000,1.35061,1.35038,1200000,1200000
2023-05-05 12:30:33.765000,1.35061,1.35039,1200000,1200000
2023-05-05 12:30:33.968000,1.35058,1.35039,1200000,1200000
2023-05-05 12:30:34.019000,1.35059,1.35036,1200000,1200000
2023-05-05 12:30:34.070000,1.35054,1.3503,1200000,1800000
2023-05-05 12:30:34.120000,1.35052,1.35028,1200000,1200000
2023-05-05 12:30:34.171000,1.35054,1.35025,1200000,1200000
2023-05-05 12:30:34.355000,1.35054,1.35026,1200000,1200000
2023-05-05 12:30:34.406000,1.35059,1.35036,1200000,1200000
2023-05-05 12:30:34.457000,1.35061,1.35036,1200000,1200000
2023-05-05 12:30:34.559000,1.3506,1.35036,1200000,1200000
2023-05-05 12:30:34.660000,1.35061,1.35037,1200000,1200000
2023-05-05 12:30:34.761000,1.35061,1.35038,1200000,1200000
2023-05-05 12:30:34.863000,1.35055,1.35035,1200000,1200000
2023-05-05 12:30:34.964000,1.35045,1.35028,1200000,2250000
2023-05-05 12:30:35.015000,1.3505,1.35021,1200000,1100000
2023-05-05 12:30:35.066000,1.35071,1.35046,1200000,1200000
2023-05-05 12:30:35.168000,1.35065,1.35048,1200000,1200000
2023-05-05 12:30:35.269000,1.35065,1.35047,1200000,1200000
2023-05-05 12:30:35.371000,1.35061,1.35045,1200000,1200000
2023-05-05 12:30:35.422000,1.3506,1.35041,1200000,1200000
2023-05-05 12:30:35.473000,1.3506,1.35039,1200000,1200000
2023-05-05 12:30:35.524000,1.3506,1.35037,1200000,1200000
2023-05-05 12:30:35.575000,1.35055,1.35037,1200000,1200000
2023-05-05 12:30:35.626000,1.35059,1.35039,1200000,1200000
2023-05-05 12:30:35.727000,1.35059,1.35038,1200000,1200000
2023-05-05 12:30:35.829000,1.35061,1.35037,1200000,1200000
2023-05-05 12:30:35.880000,1.35061,1.35039,1200000,1200000
2023-05-05 12:30:35.931000,1.35061,1.35037,1200000,1200000
2023-05-05 12:30:36.033000,1.3506,1.35039,1200000,1200000
2023-05-05 12:30:36.488000,1.3506,1.35039,1200000,1200000
2023-05-05 12:30:36.590000,1.35061,1.3504,1200000,1200000
2023-05-05 12:30:36.641000,1.35065,1.35041,1600000,1200000
2023-05-05 12:30:36.742000,1.35064,1.35042,1350000,1200000
2023-05-05 12:30:36.844000,1.35064,1.35041,2250000,1200000
2023-05-05 12:30:36.997000,1.35063,1.35043,1350000,1200000
2023-05-05 12:30:37.098000,1.35064,1.35041,1350000,1200000
2023-05-05 12:30:37.200000,1.35065,1.35043,1200000,1200000
2023-05-05 12:30:37.301000,1.35082,1.35056,1350000,1200000
2023-05-05 12:30:37.403000,1.3508,1.35057,1200000,1200000
2023-05-05 12:30:37.454000,1.35073,1.35053,1600000,1200000
2023-05-05 12:30:37.506000,1.35072,1.35049,1200000,1200000
2023-05-05 12:30:37.608000,1.35072,1.3505,1350000,1200000
2023-05-05 12:30:37.811000,1.35065,1.35047,1600000,1200000
2023-05-05 12:30:37.862000,1.35064,1.35046,1200000,1200000
2023-05-05 12:30:38.079000,1.35066,1.35045,1800000,1200000
2023-05-05 12:30:38.139000,1.35063,1.35047,1350000,1200000
2023-05-05 12:30:38.342000,1.35063,1.35041,2250000,1200000
2023-05-05 12:30:38.493000,1.35061,1.35039,1600000,1200000
2023-05-05 12:30:38.544000,1.35063,1.3504,1200000,1200000
2023-05-05 12:30:38.646000,1.35063,1.3504,2250000,1200000
2023-05-05 12:30:38.696000,1.3506,1.35037,1600000,1200000
2023-05-05 12:30:38.747000,1.35061,1.3504,3600000,1200000
2023-05-05 12:30:38.798000,1.35055,1.35038,1200000,1200000
2023-05-05 12:30:38.900000,1.35057,1.35037,2250000,1200000
2023-05-05 12:30:39.001000,1.35051,1.35029,1720000,1200000
2023-05-05 12:30:39.053000,1.35046,1.35025,1350000,1200000
2023-05-05 12:30:39.154000,1.35047,1.35026,1200000,1200000
2023-05-05 12:30:39.205000,1.35047,1.35024,2100000,1200000
2023-05-05 12:30:39.256000,1.35046,1.35025,1200000,1200000
2023-05-05 12:30:39.357000,1.35045,1.35025,1200000,1200000
2023-05-05 12:30:39.409000,1.35045,1.3502,1600000,1200000
2023-05-05 12:30:39.510000,1.35041,1.35019,1200000,1200000
2023-05-05 12:30:39.612000,1.35036,1.35017,1200000,1200000
2023-05-05 12:30:40.194000,1.35038,1.35018,2850000,1200000
2023-05-05 12:30:40.345000,1.35037,1.35017,1350000,1200000
2023-05-05 12:30:40.751000,1.35039,1.35019,1350000,1200000
2023-05-05 12:30:40.855000,1.35036,1.35019,1350000,1200000
2023-05-05 12:30:40.956000,1.35036,1.35017,1200000,1200000
2023-05-05 12:30:41.007000,1.35039,1.35018,1800000,1200000
2023-05-05 12:30:41.109000,1.35036,1.35018,1200000,1200000
2023-05-05 12:30:41.160000,1.35035,1.35017,1200000,1200000
2023-05-05 12:30:41.261000,1.35024,1.35008,1200000,1200000
2023-05-05 12:30:41.362000,1.3502,1.34997,2100000,1200000
2023-05-05 12:30:41.565000,1.35018,1.34995,1350000,1200000
2023-05-05 12:30:41.666000,1.35019,1.34998,2100000,1200000
2023-05-05 12:30:42.049000,1.35019,1.34999,2100000,1200000
2023-05-05 12:30:42.150000,1.35016,1.34991,1720000,1200000
2023-05-05 12:30:42.252000,1.35011,1.34987,2850000,1200000
2023-05-05 12:30:42.303000,1.35011,1.34989,2850000,1200000
2023-05-05 12:30:42.354000,1.3501,1.34988,2100000,1200000
2023-05-05 12:30:42.455000,1.35011,1.34988,2100000,1200000
2023-05-05 12:30:42.506000,1.35011,1.3499,2100000,1200000
2023-05-05 12:30:42.608000,1.35011,1.34991,2100000,1200000
2023-05-05 12:30:42.759000,1.3502,1.34993,1800000,1200000
2023-05-05 12:30:42.810000,1.35019,1.34997,1200000,1200000
2023-05-05 12:30:42.912000,1.35021,1.35008,1200000,1200000
2023-05-05 12:30:42.963000,1.35028,1.35003,2700000,1200000
2023-05-05 12:30:43.015000,1.35028,1.35009,1800000,1200000
2023-05-05 12:30:43.066000,1.35033,1.35011,1600000,1200000
2023-05-05 12:30:43.268000,1.35031,1.35006,1200000,1200000
2023-05-05 12:30:43.370000,1.35029,1.35006,1200000,1200000
2023-05-05 12:30:43.471000,1.35034,1.35007,3600000,1200000
2023-05-05 12:30:43.572000,1.35033,1.35008,1200000,1200000
2023-05-05 12:30:43.775000,1.3503,1.35007,1350000,1200000
2023-05-05 12:30:43.877000,1.35025,1.35007,1200000,1200000
2023-05-05 12:30:44.080000,1.35024,1.35004,1200000,1200000
2023-05-05 12:30:44.131000,1.35027,1.35006,1200000,1200000
2023-05-05 12:30:44.233000,1.3503,1.35007,1200000,1200000
2023-05-05 12:30:44.284000,1.35032,1.35008,1200000,1200000
2023-05-05 12:30:44.335000,1.35025,1.35002,1200000,1200000
2023-05-05 12:30:44.436000,1.35026,1.35001,1200000,1350000
2023-05-05 12:30:44.640000,1.35025,1.35,1200000,1200000
2023-05-05 12:30:44.741000,1.3503,1.35007,1200000,1200000
2023-05-05 12:30:44.793000,1.35032,1.3501,1200000,1200000
2023-05-05 12:30:44.995000,1.35039,1.35017,1200000,1200000
2023-05-05 12:30:45.047000,1.35041,1.35018,1800000,1200000
2023-05-05 12:30:45.098000,1.35038,1.35015,1200000,1200000
2023-05-05 12:30:45.199000,1.35035,1.35016,1200000,1200000
2023-05-05 12:30:45.301000,1.35028,1.35006,1800000,1200000
2023-05-05 12:30:45.352000,1.35026,1.35002,1200000,1200000
2023-05-05 12:30:45.503000,1.35027,1.35004,1200000,1200000
2023-05-05 12:30:45.605000,1.35027,1.35005,1200000,1200000
2023-05-05 12:30:45.883000,1.35027,1.35002,1350000,1200000
2023-05-05 12:30:45.984000,1.35027,1.35004,1200000,1200000
2023-05-05 12:30:46.137000,1.35027,1.35002,1200000,1200000
2023-05-05 12:30:46.238000,1.35027,1.35001,1350000,1200000
2023-05-05 12:30:46.289000,1.35022,1.35,1600000,1200000
2023-05-05 12:30:46.390000,1.35024,1.35,1600000,1200000
2023-05-05 12:30:46.441000,1.35019,1.34996,1200000,1200000
2023-05-05 12:30:46.543000,1.35019,1.34994,1200000,1200000
2023-05-05 12:30:46.594000,1.35019,1.34998,1200000,1200000
2023-05-05 12:30:46.645000,1.35019,1.34996,1200000,1200000
2023-05-05 12:30:46.747000,1.3502,1.34998,2100000,1200000
2023-05-05 12:30:46.848000,1.35011,1.34991,1200000,1200000
2023-05-05 12:30:46.950000,1.35013,1.34991,1600000,1800000
2023-05-05 12:30:47.001000,1.35011,1.34988,1200000,1200000
2023-05-05 12:30:47.102000,1.35009,1.34987,1720000,1200000
2023-05-05 12:30:47.153000,1.35008,1.34986,1350000,1200000
2023-05-05 12:30:47.254000,1.3501,1.34984,1720000,1200000
2023-05-05 12:30:47.356000,1.35012,1.34994,1350000,1200000
2023-05-05 12:30:47.410000,1.35016,1.34994,1200000,1200000
2023-05-05 12:30:47.663000,1.35021,1.34998,1800000,1200000
2023-05-05 12:30:47.764000,1.3502,1.34998,1200000,1200000
2023-05-05 12:30:47.968000,1.35018,1.34995,1200000,1200000
2023-05-05 12:30:48.120000,1.3502,1.34997,1800000,1200000
2023-05-05 12:30:48.171000,1.35019,1.34992,1200000,1200000
2023-05-05 12:30:48.272000,1.35019,1.34993,1200000,1200000
2023-05-05 12:30:48.325000,1.35018,1.34995,1200000,1200000
2023-05-05 12:30:48.426000,1.35018,1.34993,1200000,1200000
2023-05-05 12:30:48.628000,1.35017,1.34995,1200000,1200000
2023-05-05 12:30:48.730000,1.35019,1.34998,1200000,1200000
2023-05-05 12:30:48.833000,1.3502,1.34998,1200000,1200000
2023-05-05 12:30:48.884000,1.35022,1.34998,1200000,1200000
2023-05-05 12:30:48.986000,1.35018,1.34996,1200000,1200000
2023-05-05 12:30:49.087000,1.35019,1.34996,1200000,1200000
2023-05-05 12:30:49.189000,1.35021,1.34997,1800000,1200000
2023-05-05 12:30:49.350000,1.35016,1.34996,1200000,1200000
2023-05-05 12:30:49.405000,1.35014,1.34992,1200000,1200000
2023-05-05 12:30:49.456000,1.35017,1.34991,1200000,1200000
2023-05-05 12:30:49.558000,1.35017,1.34993,1350000,1200000
2023-05-05 12:30:49.609000,1.35021,1.35002,1350000,1200000
2023-05-05 12:30:49.660000,1.35026,1.35006,1720000,1200000
2023-05-05 12:30:49.762000,1.35027,1.35007,1800000,1200000
2023-05-05 12:30:49.813000,1.35028,1.35008,1200000,1200000
2023-05-05 12:30:49.863000,1.35032,1.35009,1200000,1200000
2023-05-05 12:30:49.966000,1.35032,1.35006,1200000,1200000
2023-05-05 12:30:50.117000,1.35031,1.35009,1200000,1200000
2023-05-05 12:30:50.326000,1.35031,1.3501,1200000,1200000
2023-05-05 12:30:50.529000,1.35031,1.35011,1200000,1200000
2023-05-05 12:30:50.630000,1.35035,1.35015,1200000,1200000
2023-05-05 12:30:50.731000,1.3504,1.35021,1800000,1200000
2023-05-05 12:30:50.782000,1.35041,1.35017,1200000,1200000
2023-05-05 12:30:50.934000,1.3504,1.35019,1200000,1200000
2023-05-05 12:30:50.985000,1.35041,1.3502,1200000,1200000
2023-05-05 12:30:51.086000,1.35041,1.35021,1200000,1200000
2023-05-05 12:30:51.214000,1.35044,1.3502,1200000,1200000
2023-05-05 12:30:51.327000,1.35046,1.35021,1350000,1200000
2023-05-05 12:30:51.378000,1.35045,1.35023,1200000,1200000
2023-05-05 12:30:51.652000,1.35043,1.35024,1200000,1200000
2023-05-05 12:30:51.754000,1.35042,1.35023,1200000,1200000
2023-05-05 12:30:51.956000,1.35042,1.35024,1200000,1200000
2023-05-05 12:30:52.057000,1.35042,1.35023,1200000,1200000
2023-05-05 12:30:52.158000,1.35042,1.35022,1200000,1200000
2023-05-05 12:30:52.209000,1.35041,1.3502,1200000,1200000
2023-05-05 12:30:52.669000,1.35041,1.35022,1200000,1200000
2023-05-05 12:30:52.771000,1.35043,1.35022,1200000,1200000
2023-05-05 12:30:52.822000,1.35045,1.35023,1200000,1200000
2023-05-05 12:30:52.873000,1.3505,1.35025,1200000,1200000
2023-05-05 12:30:52.923000,1.35048,1.35025,1200000,1200000
2023-05-05 12:30:53.025000,1.35044,1.35024,1200000,1200000
2023-05-05 12:30:53.394000,1.35047,1.35025,1200000,1200000
2023-05-05 12:30:53.444000,1.35049,1.35027,1600000,1200000
2023-05-05 12:30:53.546000,1.35051,1.35029,1200000,1200000
2023-05-05 12:30:53.597000,1.35053,1.35028,1200000,1200000
2023-05-05 12:30:53.698000,1.35052,1.35029,1200000,1200000
2023-05-05 12:30:53.850000,1.35051,1.3503,1200000,1200000
2023-05-05 12:30:53.951000,1.35051,1.35028,1200000,1200000
2023-05-05 12:30:54.053000,1.35051,1.35029,1200000,1200000
2023-05-05 12:30:54.154000,1.35051,1.35028,1200000,1200000
2023-05-05 12:30:54.308000,1.35053,1.35029,1200000,1200000
2023-05-05 12:30:54.359000,1.35056,1.35031,1200000,1200000
2023-05-05 12:30:54.460000,1.35053,1.35034,1200000,1200000
2023-05-05 12:30:54.511000,1.35054,1.35031,1200000,1200000
2023-05-05 12:30:54.613000,1.35053,1.35031,1200000,1200000
2023-05-05 12:30:54.714000,1.35053,1.35032,1200000,1200000
2023-05-05 12:30:54.815000,1.35053,1.35033,1200000,1200000
2023-05-05 12:30:54.866000,1.35054,1.3503,1200000,1200000
2023-05-05 12:30:54.917000,1.35051,1.35031,1200000,1200000
2023-05-05 12:30:55.018000,1.35053,1.35031,1200000,1200000
2023-05-05 12:30:55.069000,1.35054,1.35032,2700000,1200000
2023-05-05 12:30:55.171000,1.35053,1.35029,1200000,1200000
2023-05-05 12:30:55.323000,1.35054,1.35032,1200000,1200000
2023-05-05 12:30:55.397000,1.35056,1.35033,4050000,1200000
2023-05-05 12:30:55.448000,1.35062,1.35035,2850000,1200000
2023-05-05 12:30:55.504000,1.35062,1.35035,2250000,1200000
2023-05-05 12:30:55.605000,1.35062,1.35036,2250000,1200000
2023-05-05 12:30:55.707000,1.35063,1.3504,1800000,1200000
2023-05-05 12:30:56.061000,1.35063,1.35039,1200000,1200000
2023-05-05 12:30:56.213000,1.35063,1.35039,1600000,1200000
2023-05-05 12:30:56.314000,1.35054,1.3503,1800000,1200000
2023-05-05 12:30:56.365000,1.35047,1.35025,1800000,1200000
2023-05-05 12:30:56.416000,1.3505,1.35025,1800000,1200000
2023-05-05 12:30:56.467000,1.3505,1.35028,1800000,1200000
2023-05-05 12:30:56.569000,1.35051,1.35027,1350000,1200000
2023-05-05 12:30:56.671000,1.35046,1.35024,1200000,1200000
2023-05-05 12:30:56.722000,1.35045,1.35022,1200000,1200000
2023-05-05 12:30:56.824000,1.35045,1.35019,1350000,1200000
2023-05-05 12:30:56.875000,1.35041,1.3502,1200000,1200000
2023-05-05 12:30:57.028000,1.35041,1.35019,1200000,1200000
2023-05-05 12:30:57.129000,1.3504,1.35021,1200000,1200000
2023-05-05 12:30:57.180000,1.35041,1.35017,1200000,1200000
2023-05-05 12:30:57.231000,1.35041,1.3502,1200000,1200000
2023-05-05 12:30:57.333000,1.3504,1.35022,1200000,1200000
2023-05-05 12:30:57.549000,1.35036,1.35017,1100000,1200000
2023-05-05 12:30:57.606000,1.35031,1.35012,1200000,1200000
2023-05-05 12:30:57.809000,1.35032,1.35013,1200000,1200000
2023-05-05 12:30:57.911000,1.35031,1.35012,1200000,1200000
2023-05-05 12:30:58.012000,1.35034,1.3501,1200000,2070000
2023-05-05 12:30:58.114000,1.35038,1.35012,2070000,1200000
2023-05-05 12:30:58.216000,1.35036,1.35015,1200000,1200000
2023-05-05 12:30:58.317000,1.35031,1.35012,1200000,1200000
2023-05-05 12:30:58.418000,1.35036,1.35012,1200000,1200000
2023-05-05 12:30:58.519000,1.35037,1.35013,1200000,1200000
2023-05-05 12:30:58.571000,1.35036,1.35012,1600000,1200000
2023-05-05 12:30:58.672000,1.35029,1.35008,1200000,1360000
2023-05-05 12:30:58.723000,1.35027,1.35003,1350000,1200000
2023-05-05 12:30:58.774000,1.35026,1.35006,1200000,1200000
2023-05-05 12:30:58.875000,1.35023,1.35003,1200000,1200000
2023-05-05 12:30:58.926000,1.35027,1.35003,1350000,1200000
2023-05-05 12:30:59.028000,1.35023,1.35003,1200000,1200000
2023-05-05 12:30:59.130000,1.35027,1.35004,1350000,1200000
2023-05-05 12:30:59.310000,1.35019,1.35004,1200000,1200000
2023-05-05 12:30:59.361000,1.35027,1.35005,1200000,1200000
2023-05-05 12:30:59.412000,1.35034,1.35011,1200000,1200000
2023-05-05 12:30:59.565000,1.35028,1.35009,1200000,1200000
2023-05-05 12:30:59.668000,1.35028,1.35012,1200000,1200000
2023-05-05 12:30:59.720000,1.3503,1.3501,1200000,1200000
2023-05-05 12:30:59.771000,1.35027,1.35011,1200000,1200000
2023-05-05 12:30:59.872000,1.35029,1.35013,1200000,1200000
2023-05-05 12:30:59.974000,1.35027,1.35011,1200000,1200000
2023-05-05 12:31:00.075000,1.35031,1.35017,1200000,1200000
2023-05-05 12:31:00.126000,1.35032,1.35011,1200000,1200000
2023-05-05 12:31:00.179000,1.35022,1.35007,1200000,4500000
2023-05-05 12:31:00.231000,1.35024,1.35007,1200000,1200000
2023-05-05 12:31:00.282000,1.35025,1.35004,1200000,1200000
2023-05-05 12:31:00.383000,1.35026,1.35005,1200000,1200000
2023-05-05 12:31:00.434000,1.35024,1.35003,1200000,1200000
2023-05-05 12:31:00.486000,1.35023,1.35,1200000,1200000
2023-05-05 12:31:00.587000,1.35024,1.34999,1200000,1200000
2023-05-05 12:31:00.790000,1.35026,1.35,1200000,1200000
2023-05-05 12:31:00.841000,1.35027,1.35002,1200000,1200000
2023-05-05 12:31:00.943000,1.35025,1.35004,1200000,1200000
2023-05-05 12:31:01.062000,1.35026,1.35002,1200000,1200000
2023-05-05 12:31:01.217000,1.35026,1.35001,1200000,1200000
2023-05-05 12:31:01.319000,1.35026,1.35003,1200000,1200000
2023-05-05 12:31:01.521000,1.35025,1.35003,1200000,1200000
2023-05-05 12:31:01.623000,1.35026,1.35003,1200000,1200000
2023-05-05 12:31:01.724000,1.35034,1.3501,1200000,1200000
2023-05-05 12:31:02.630000,1.35032,1.3501,1200000,1200000
2023-05-05 12:31:02.731000,1.35033,1.35011,1200000,1200000
2023-05-05 12:31:02.883000,1.35031,1.35011,1200000,1200000
2023-05-05 12:31:03.086000,1.35028,1.3501,1600000,1200000
2023-05-05 12:31:03.137000,1.35026,1.35006,1200000,1800000
2023-05-05 12:31:03.238000,1.35024,1.35003,1200000,1200000
2023-05-05 12:31:03.290000,1.35018,1.34999,1200000,1200000
2023-05-05 12:31:03.341000,1.3502,1.35,1200000,1200000
2023-05-05 12:31:03.493000,1.35019,1.35007,1200000,1200000
2023-05-05 12:31:03.595000,1.35017,1.34997,1200000,1200000
2023-05-05 12:31:03.646000,1.35017,1.34995,1200000,1200000
2023-05-05 12:31:03.748000,1.35016,1.34995,1200000,1200000
2023-05-05 12:31:03.799000,1.35017,1.34992,1200000,1200000
2023-05-05 12:31:03.850000,1.35016,1.34991,1600000,1200000
2023-05-05 12:31:03.951000,1.35017,1.34993,1200000,1200000
2023-05-05 12:31:04.155000,1.35018,1.34991,1800000,1200000
2023-05-05 12:31:04.206000,1.35016,1.34991,1200000,1200000
2023-05-05 12:31:04.408000,1.35014,1.3499,1600000,1200000
2023-05-05 12:31:04.509000,1.35006,1.34985,1200000,1200000
2023-05-05 12:31:04.610000,1.35009,1.34986,1200000,1200000
2023-05-05 12:31:04.816000,1.35007,1.34987,1200000,1200000
2023-05-05 12:31:05.170000,1.35009,1.34988,1200000,1200000
2023-05-05 12:31:05.221000,1.3501,1.3499,1200000,1200000
2023-05-05 12:31:05.273000,1.35016,1.34992,1200000,1200000
2023-05-05 12:31:05.425000,1.35014,1.34993,1200000,1200000
2023-05-05 12:31:05.577000,1.35015,1.34993,1200000,1200000
2023-05-05 12:31:05.679000,1.35016,1.34993,1200000,1200000
2023-05-05 12:31:05.780000,1.35016,1.34994,1200000,1200000
2023-05-05 12:31:05.881000,1.35019,1.34994,1200000,1200000
2023-05-05 12:31:05.932000,1.35016,1.34995,1200000,1200000
2023-05-05 12:31:06.084000,1.35018,1.34996,1200000,1200000
2023-05-05 12:31:06.185000,1.35018,1.34997,1200000,1200000
2023-05-05 12:31:06.287000,1.35017,1.34996,1200000,1200000
2023-05-05 12:31:06.388000,1.35016,1.34996,1200000,1200000
2023-05-05 12:31:06.591000,1.35015,1.34994,1200000,1200000
2023-05-05 12:31:06.697000,1.35014,1.34994,1200000,1200000
2023-05-05 12:31:06.910000,1.35015,1.34994,1200000,1200000
2023-05-05 12:31:07.012000,1.35015,1.34996,1200000,1200000
2023-05-05 12:31:07.113000,1.35015,1.34992,1800000,1200000
2023-05-05 12:31:07.165000,1.35012,1.34989,1200000,1200000
2023-05-05 12:31:07.267000,1.35013,1.3499,1200000,1200000
2023-05-05 12:31:07.369000,1.35014,1.34993,1200000,1200000
2023-05-05 12:31:07.420000,1.35014,1.34991,1200000,1200000
2023-05-05 12:31:07.622000,1.35014,1.3499,1200000,1200000
2023-05-05 12:31:07.724000,1.35013,1.3499,1200000,1200000
2023-05-05 12:31:07.825000,1.35013,1.34991,1200000,1200000
2023-05-05 12:31:07.926000,1.35016,1.34992,1200000,1200000
2023-05-05 12:31:08.028000,1.35017,1.34993,1200000,1200000
2023-05-05 12:31:08.080000,1.35015,1.34994,1200000,1200000
2023-05-05 12:31:08.181000,1.35015,1.34996,1200000,1200000
2023-05-05 12:31:08.283000,1.35015,1.34998,1200000,1200000
2023-05-05 12:31:08.384000,1.35023,1.35,1350000,1200000
2023-05-05 12:31:08.617000,1.35023,1.35001,1200000,1200000
2023-05-05 12:31:08.719000,1.35023,1.35,1200000,1200000
2023-05-05 12:31:08.821000,1.35023,1.35001,1200000,1200000
2023-05-05 12:31:08.872000,1.35023,1.35004,1200000,1200000
2023-05-05 12:31:09.024000,1.35023,1.35003,1200000,1200000
2023-05-05 12:31:09.075000,1.35026,1.35005,1200000,1200000
2023-05-05 12:31:09.126000,1.35025,1.35003,1200000,1200000
2023-05-05 12:31:09.227000,1.35026,1.35003,1200000,1200000
2023-05-05 12:31:09.328000,1.35025,1.35001,1200000,1200000
2023-05-05 12:31:09.480000,1.35026,1.35005,1200000,1200000
2023-05-05 12:31:09.582000,1.35029,1.35008,2100000,1200000
2023-05-05 12:31:09.734000,1.35028,1.3501,2100000,1200000
2023-05-05 12:31:09.835000,1.35029,1.35007,2100000,1200000
2023-05-05 12:31:09.886000,1.3503,1.35009,1350000,1200000
2023-05-05 12:31:09.937000,1.35033,1.35011,1200000,1200000
2023-05-05 12:31:10.038000,1.35035,1.3501,2480000,1200000
2023-05-05 12:31:10.089000,1.35033,1.35009,1100000,1200000
2023-05-05 12:31:10.241000,1.35035,1.35011,2100000,1200000
2023-05-05 12:31:10.342000,1.35034,1.35011,1100000,1200000
2023-05-05 12:31:10.443000,1.35035,1.35013,2100000,1200000
2023-05-05 12:31:10.582000,1.35035,1.35013,2700000,1200000
2023-05-05 12:31:10.733000,1.35036,1.35013,2700000,1200000
2023-05-05 12:31:10.784000,1.35037,1.35015,1100000,1200000
2023-05-05 12:31:10.885000,1.35037,1.35015,2100000,1200000
2023-05-05 12:31:10.987000,1.35037,1.35015,1800000,1200000
2023-05-05 12:31:11.089000,1.35037,1.35017,1800000,1200000
2023-05-05 12:31:11.190000,1.35041,1.35022,1200000,1200000
2023-05-05 12:31:11.241000,1.35045,1.35021,1350000,1200000
2023-05-05 12:31:11.343000,1.35045,1.35022,1350000,1200000
2023-05-05 12:31:11.394000,1.35047,1.35025,1800000,1200000
2023-05-05 12:31:11.445000,1.35044,1.35023,1200000,1200000
2023-05-05 12:31:11.546000,1.35044,1.3502,1200000,1200000
2023-05-05 12:31:11.648000,1.35043,1.35019,2250000,1200000
2023-05-05 12:31:11.699000,1.35042,1.35019,1100000,1200000
2023-05-05 12:31:11.800000,1.35036,1.35015,1200000,1200000
2023-05-05 12:31:12.071000,1.35039,1.35016,1350000,1200000
2023-05-05 12:31:12.122000,1.35043,1.35019,1100000,1200000
2023-05-05 12:31:12.223000,1.35039,1.35017,1200000,1200000
2023-05-05 12:31:12.274000,1.3504,1.3502,1200000,1200000
2023-05-05 12:31:12.376000,1.35039,1.35023,1200000,1200000
2023-05-05 12:31:12.551000,1.35039,1.35022,1200000,1200000
2023-05-05 12:31:12.704000,1.3504,1.35018,1200000,1200000
2023-05-05 12:31:12.755000,1.35039,1.35021,1200000,1200000
2023-05-05 12:31:12.857000,1.35037,1.35016,1600000,1200000
2023-05-05 12:31:12.908000,1.35035,1.35014,1600000,1200000
2023-05-05 12:31:12.959000,1.35035,1.35009,1200000,1200000
2023-05-05 12:31:13.010000,1.35035,1.35012,1200000,1200000
2023-05-05 12:31:13.111000,1.35031,1.35009,1200000,1200000
2023-05-05 12:31:13.213000,1.35028,1.35003,1200000,1200000
2023-05-05 12:31:13.314000,1.3503,1.35011,2250000,1200000
2023-05-05 12:31:13.416000,1.35018,1.34998,1200000,1200000
2023-05-05 12:31:13.517000,1.35018,1.34997,1200000,1200000
2023-05-05 12:31:13.722000,1.35017,1.34996,1800000,1200000
2023-05-05 12:31:13.823000,1.35017,1.34995,2250000,1200000
2023-05-05 12:31:13.925000,1.35018,1.34993,2250000,1200000
2023-05-05 12:31:13.976000,1.35016,1.34992,1600000,1200000
2023-05-05 12:31:14.078000,1.35009,1.34991,1100000,1200000
2023-05-05 12:31:14.180000,1.35009,1.3499,1100000,1200000
2023-05-05 12:31:14.231000,1.35008,1.34985,1100000,1200000
2023-05-05 12:31:14.418000,1.35008,1.34984,1720000,1200000
2023-05-05 12:31:14.519000,1.35007,1.34987,1720000,1200000
2023-05-05 12:31:14.620000,1.35008,1.34985,1720000,1200000
2023-05-05 12:31:15.075000,1.3501,1.3499,1200000,1200000
2023-05-05 12:31:15.176000,1.35014,1.34992,1100000,1200000
2023-05-05 12:31:15.278000,1.35018,1.34996,1350000,1200000
2023-05-05 12:31:15.380000,1.35018,1.34994,1200000,1200000
2023-05-05 12:31:16.036000,1.35018,1.34992,1350000,1200000
2023-05-05 12:31:16.137000,1.35017,1.34994,1720000,1200000
2023-05-05 12:31:16.239000,1.35017,1.34993,2250000,1200000
2023-05-05 12:31:16.441000,1.35018,1.34991,2250000,1200000
2023-05-05 12:31:16.572000,1.35011,1.34988,1200000,1200000
2023-05-05 12:31:16.625000,1.3501,1.34987,1800000,1200000
2023-05-05 12:31:16.676000,1.35009,1.34985,1100000,1800000
2023-05-05 12:31:16.778000,1.35006,1.34988,1200000,1200000
2023-05-05 12:31:16.930000,1.35005,1.34984,1200000,1200000
2023-05-05 12:31:17.286000,1.35004,1.34986,1200000,1200000
2023-05-05 12:31:17.337000,1.35007,1.34987,1200000,1200000
2023-05-05 12:31:17.439000,1.35007,1.34986,1800000,1200000
2023-05-05 12:31:17.540000,1.35007,1.34987,1200000,1200000
2023-05-05 12:31:17.642000,1.35007,1.34989,1200000,1200000
2023-05-05 12:31:17.743000,1.34992,1.34977,1600000,1200000
2023-05-05 12:31:17.795000,1.34991,1.34969,1600000,1200000
2023-05-05 12:31:17.896000,1.34989,1.34971,1800000,1200000
2023-05-05 12:31:17.947000,1.34988,1.34969,1200000,1200000
2023-05-05 12:31:18.049000,1.34989,1.34967,2700000,1200000
2023-05-05 12:31:18.454000,1.34988,1.34967,1200000,1200000
2023-05-05 12:31:18.636000,1.34987,1.34967,1200000,1200000
2023-05-05 12:31:18.747000,1.34988,1.34967,1800000,1200000
2023-05-05 12:31:19.052000,1.34988,1.34966,1800000,1200000
2023-05-05 12:31:19.153000,1.34987,1.34968,1800000,1200000
2023-05-05 12:31:19.306000,1.34988,1.34968,1200000,1200000
2023-05-05 12:31:19.408000,1.3499,1.34969,1200000,1200000
2023-05-05 12:31:19.509000,1.34992,1.3497,1200000,1200000
2023-05-05 12:31:19.684000,1.34991,1.3497,1200000,1200000
2023-05-05 12:31:19.815000,1.3499,1.34972,1200000,1200000
2023-05-05 12:31:20.321000,1.34989,1.34969,1200000,1200000
2023-05-05 12:31:20.423000,1.34989,1.34971,1200000,1200000
2023-05-05 12:31:20.524000,1.34989,1.3497,1200000,1200000
2023-05-05 12:31:20.677000,1.34987,1.34963,1200000,1200000
2023-05-05 12:31:20.778000,1.34986,1.34964,1200000,1200000
2023-05-05 12:31:20.897000,1.34986,1.34965,1200000,1200000
2023-05-05 12:31:20.948000,1.34988,1.34965,1200000,1200000
2023-05-05 12:31:21.050000,1.34983,1.34962,1200000,1200000
2023-05-05 12:31:21.152000,1.34979,1.34959,1200000,1200000
2023-05-05 12:31:21.254000,1.34969,1.3495,1200000,1200000
2023-05-05 12:31:21.355000,1.34969,1.34951,1200000,1200000
2023-05-05 12:31:21.457000,1.34969,1.34949,1200000,1200000
2023-05-05 12:31:21.660000,1.34962,1.34945,1200000,1800000
2023-05-05 12:31:21.711000,1.34961,1.3494,1200000,1200000
2023-05-05 12:31:21.812000,1.3496,1.34937,1800000,1200000
2023-05-05 12:31:21.965000,1.34958,1.34937,1200000,1200000
2023-05-05 12:31:22.068000,1.3495,1.34932,1200000,1200000
2023-05-05 12:31:22.170000,1.34944,1.34931,1200000,1200000
2023-05-05 12:31:22.271000,1.34947,1.34928,1200000,1200000
2023-05-05 12:31:22.323000,1.34951,1.34927,1200000,1200000
2023-05-05 12:31:22.627000,1.3495,1.34931,1200000,1200000
2023-05-05 12:31:22.729000,1.34952,1.34931,1200000,1200000
2023-05-05 12:31:22.830000,1.34951,1.3493,1200000,1200000
2023-05-05 12:31:22.882000,1.34951,1.34927,1200000,1200000
2023-05-05 12:31:22.983000,1.3495,1.34926,1200000,1200000
2023-05-05 12:31:23.153000,1.34949,1.34928,1200000,1200000
2023-05-05 12:31:23.255000,1.3495,1.34925,1200000,1200000
2023-05-05 12:31:23.357000,1.3495,1.34926,1200000,1200000
2023-05-05 12:31:23.459000,1.34948,1.34925,1350000,1200000
2023-05-05 12:31:23.561000,1.34944,1.34924,1200000,1200000
2023-05-05 12:31:23.662000,1.34942,1.34923,1200000,1200000
2023-05-05 12:31:23.714000,1.34936,1.34918,1200000,1200000
2023-05-05 12:31:23.816000,1.34938,1.34916,1800000,1200000
2023-05-05 12:31:23.867000,1.34939,1.34919,1200000,1200000
2023-05-05 12:31:23.918000,1.34942,1.34921,1800000,1200000
2023-05-05 12:31:24.019000,1.34942,1.34922,1800000,1200000
2023-05-05 12:31:24.172000,1.34942,1.34925,1200000,1200000
2023-05-05 12:31:24.273000,1.34942,1.34927,1200000,1200000
2023-05-05 12:31:24.324000,1.34948,1.34927,1200000,1200000
2023-05-05 12:31:24.375000,1.34948,1.3493,1200000,1200000
2023-05-05 12:31:24.577000,1.34949,1.3493,1200000,1200000
2023-05-05 12:31:24.779000,1.34953,1.34934,1800000,1200000
2023-05-05 12:31:24.881000,1.34953,1.34933,1200000,1200000
2023-05-05 12:31:24.983000,1.34953,1.34934,1200000,1200000
2023-05-05 12:31:25.084000,1.34952,1.34933,1200000,1200000
2023-05-05 12:31:25.217000,1.3494,1.34918,1600000,1200000
2023-05-05 12:31:25.269000,1.34939,1.34916,1200000,1200000
2023-05-05 12:31:25.326000,1.3494,1.34918,1200000,1200000
2023-05-05 12:31:25.428000,1.3494,1.34919,1200000,1200000
2023-05-05 12:31:25.479000,1.3494,1.34917,1200000,1200000
2023-05-05 12:31:25.530000,1.34938,1.34916,1200000,1200000
2023-05-05 12:31:25.631000,1.34937,1.34913,1200000,1200000
2023-05-05 12:31:25.683000,1.34938,1.34917,2700000,1200000
2023-05-05 12:31:25.785000,1.34936,1.34915,1200000,1200000
2023-05-05 12:31:25.887000,1.34936,1.34915,1600000,1200000
2023-05-05 12:31:25.938000,1.34937,1.34915,1200000,1200000
2023-05-05 12:31:25.989000,1.34937,1.34913,1200000,1200000
2023-05-05 12:31:26.091000,1.34938,1.34914,1200000,1200000
2023-05-05 12:31:26.293000,1.34941,1.34916,2850000,1200000
2023-05-05 12:31:26.394000,1.34941,1.34917,1800000,1200000
2023-05-05 12:31:26.496000,1.3494,1.34917,1200000,1200000
2023-05-05 12:31:26.870000,1.3494,1.34921,1200000,1200000
2023-05-05 12:31:26.972000,1.34931,1.34914,1200000,1200000
2023-05-05 12:31:27.074000,1.34934,1.34915,1200000,1200000
2023-05-05 12:31:27.125000,1.3493,1.34915,1200000,1200000
2023-05-05 12:31:27.177000,1.34929,1.34914,1200000,1200000
2023-05-05 12:31:27.312000,1.34928,1.34908,2100000,1200000
2023-05-05 12:31:27.363000,1.34928,1.34906,2100000,1200000
2023-05-05 12:31:27.465000,1.34925,1.34907,1200000,1200000
2023-05-05 12:31:27.567000,1.34925,1.3491,1200000,1200000
2023-05-05 12:31:27.719000,1.34928,1.34911,1200000,1200000
2023-05-05 12:31:27.821000,1.34925,1.34909,1200000,1200000
2023-05-05 12:31:27.873000,1.34923,1.34903,1200000,1200000
2023-05-05 12:31:27.974000,1.34924,1.34904,1200000,1200000
2023-05-05 12:31:28.126000,1.34925,1.34905,3150000,1200000
2023-05-05 12:31:28.329000,1.34924,1.34904,1800000,1200000
2023-05-05 12:31:28.430000,1.34924,1.34906,1200000,1200000
2023-05-05 12:31:28.532000,1.34924,1.34907,1200000,1200000
2023-05-05 12:31:28.634000,1.34926,1.34906,1200000,1200000
2023-05-05 12:31:28.786000,1.34925,1.34909,1200000,1200000
2023-05-05 12:31:28.887000,1.34928,1.34913,1800000,1200000
2023-05-05 12:31:28.938000,1.34936,1.34916,1600000,1200000
2023-05-05 12:31:28.989000,1.34936,1.34916,1200000,1200000
2023-05-05 12:31:29.041000,1.34938,1.34927,1200000,1200000
2023-05-05 12:31:29.092000,1.34942,1.34928,1200000,1200000
2023-05-05 12:31:29.143000,1.34945,1.34934,1200000,1200000
2023-05-05 12:31:29.194000,1.34951,1.34933,1200000,1200000
2023-05-05 12:31:29.456000,1.34953,1.34933,1800000,1200000
2023-05-05 12:31:30.013000,1.3495,1.34934,1200000,1200000
2023-05-05 12:31:30.266000,1.3495,1.34933,1200000,1200000
2023-05-05 12:31:30.418000,1.34952,1.34933,1200000,1200000
2023-05-05 12:31:30.520000,1.34953,1.34934,1200000,1200000
2023-05-05 12:31:30.623000,1.34953,1.34935,1200000,1200000
2023-05-05 12:31:30.724000,1.34953,1.34936,1200000,1200000
2023-05-05 12:31:30.977000,1.34956,1.34938,1200000,1200000
2023-05-05 12:31:31.080000,1.34957,1.34941,1200000,1200000
2023-05-05 12:31:31.182000,1.34959,1.34945,1200000,1200000
2023-05-05 12:31:31.303000,1.3495,1.34931,1600000,1200000
2023-05-05 12:31:31.354000,1.3495,1.34928,1600000,1200000
2023-05-05 12:31:31.405000,1.34951,1.34931,1200000,1200000
2023-05-05 12:31:31.914000,1.3495,1.34931,1200000,1200000
2023-05-05 12:31:32.118000,1.3495,1.34932,1200000,1200000
2023-05-05 12:31:32.467000,1.34951,1.34934,1200000,1200000
2023-05-05 12:31:32.569000,1.34949,1.34933,1200000,1200000
2023-05-05 12:31:32.670000,1.34951,1.34932,1200000,1200000
2023-05-05 12:31:32.772000,1.3495,1.34932,1200000,1200000
2023-05-05 12:31:33.076000,1.34952,1.34933,1200000,1200000
2023-05-05 12:31:33.178000,1.34956,1.3494,1200000,1200000
2023-05-05 12:31:33.280000,1.34955,1.34939,1200000,1200000
2023-05-05 12:31:33.381000,1.34957,1.34941,1200000,1200000
2023-05-05 12:31:33.483000,1.34954,1.34938,1200000,1200000
2023-05-05 12:31:33.584000,1.3495,1.34935,1200000,1200000
2023-05-05 12:31:33.635000,1.34948,1.34931,1200000,1800000
2023-05-05 12:31:33.737000,1.34947,1.34933,1200000,1200000
2023-05-05 12:31:33.788000,1.34947,1.3493,1200000,1200000
2023-05-05 12:31:33.889000,1.34945,1.3493,1200000,1200000
2023-05-05 12:31:33.940000,1.34945,1.34928,1200000,1200000
2023-05-05 12:31:33.991000,1.34943,1.34926,1200000,1200000
2023-05-05 12:31:34.042000,1.34944,1.34924,1200000,1200000
2023-05-05 12:31:34.245000,1.34945,1.34923,1200000,1200000
2023-05-05 12:31:34.447000,1.34944,1.34923,1200000,1200000
2023-05-05 12:31:34.650000,1.34943,1.34925,1200000,1200000
2023-05-05 12:31:34.751000,1.34939,1.34921,1350000,1200000
2023-05-05 12:31:34.877000,1.34939,1.34922,1350000,1200000
2023-05-05 12:31:34.978000,1.34939,1.34921,1200000,1200000
2023-05-05 12:31:35.029000,1.34937,1.34919,1200000,1200000
2023-05-05 12:31:35.080000,1.34937,1.34917,1200000,1200000
2023-05-05 12:31:35.132000,1.34939,1.34919,1200000,1200000
2023-05-05 12:31:35.233000,1.34938,1.34923,1200000,1200000
2023-05-05 12:31:35.385000,1.34941,1.34922,1200000,1200000
2023-05-05 12:31:35.537000,1.34942,1.34923,1200000,1200000
2023-05-05 12:31:35.941000,1.34943,1.34927,1200000,1200000
2023-05-05 12:31:36.043000,1.34946,1.34925,1200000,1200000
2023-05-05 12:31:36.144000,1.34946,1.34926,1200000,1200000
2023-05-05 12:31:36.245000,1.34947,1.34926,1200000,1200000
2023-05-05 12:31:36.347000,1.34945,1.34928,1200000,1200000
2023-05-05 12:31:36.499000,1.34939,1.3492,1200000,2700000
2023-05-05 12:31:36.600000,1.34934,1.34915,1200000,1200000
2023-05-05 12:31:36.651000,1.34936,1.34916,1200000,1200000
2023-05-05 12:31:36.753000,1.34935,1.34915,1200000,1800000
2023-05-05 12:31:37.060000,1.34939,1.3492,1800000,1200000
2023-05-05 12:31:37.161000,1.34938,1.34919,1200000,1200000
2023-05-05 12:31:37.262000,1.34937,1.34918,1200000,1200000
2023-05-05 12:31:37.364000,1.34937,1.3492,1200000,1200000
2023-05-05 12:31:37.465000,1.34938,1.34921,1200000,1200000
2023-05-05 12:31:37.674000,1.34932,1.34916,1200000,1600000
2023-05-05 12:31:37.725000,1.34932,1.34915,1200000,1200000
2023-05-05 12:31:37.827000,1.3493,1.34914,1200000,1200000
2023-05-05 12:31:38.080000,1.34929,1.34912,1200000,1200000
2023-05-05 12:31:38.232000,1.34931,1.34912,1200000,1200000
2023-05-05 12:31:38.334000,1.34929,1.34913,1200000,1200000
2023-05-05 12:31:38.435000,1.34929,1.34914,1200000,1200000
2023-05-05 12:31:38.537000,1.34928,1.34914,1200000,1200000
2023-05-05 12:31:38.663000,1.34929,1.34914,1200000,1200000
2023-05-05 12:31:39.080000,1.34928,1.34912,1200000,1200000
2023-05-05 12:31:39.131000,1.34932,1.34915,1200000,1200000
2023-05-05 12:31:39.233000,1.34931,1.34917,1200000,1200000
2023-05-05 12:31:39.284000,1.34934,1.34923,1200000,1200000
2023-05-05 12:31:39.385000,1.34941,1.34924,1200000,1200000
2023-05-05 12:31:39.487000,1.34937,1.34921,1200000,1200000
2023-05-05 12:31:39.538000,1.34933,1.34916,1200000,1200000
2023-05-05 12:31:39.640000,1.34933,1.34916,1200000,1200000
2023-05-05 12:31:39.742000,1.34935,1.34917,1200000,1200000
2023-05-05 12:31:39.863000,1.34932,1.34917,1200000,1200000
2023-05-05 12:31:40.170000,1.34936,1.34918,1200000,1200000
2023-05-05 12:31:40.322000,1.34936,1.34919,1200000,1200000
2023-05-05 12:31:40.648000,1.34934,1.34917,1200000,1200000
2023-05-05 12:31:40.699000,1.34937,1.34919,1800000,1200000
2023-05-05 12:31:40.901000,1.3494,1.34924,1200000,1200000
2023-05-05 12:31:41.004000,1.34947,1.34926,1800000,1200000
2023-05-05 12:31:41.106000,1.34947,1.34934,1200000,1200000
2023-05-05 12:31:41.208000,1.34949,1.34934,1200000,1200000
2023-05-05 12:31:41.310000,1.34948,1.3493,1200000,1800000
2023-05-05 12:31:41.361000,1.34949,1.34933,1200000,1200000
2023-05-05 12:31:41.463000,1.34949,1.34936,1200000,1200000
2023-05-05 12:31:41.513000,1.3495,1.34932,1200000,1200000
2023-05-05 12:31:41.615000,1.34949,1.34936,1200000,1200000
2023-05-05 12:31:41.716000,1.34952,1.34936,1200000,1200000
2023-05-05 12:31:41.818000,1.34953,1.34935,1200000,1200000
2023-05-05 12:31:42.121000,1.34953,1.34936,1200000,1200000
2023-05-05 12:31:42.223000,1.34952,1.34935,1200000,1200000
2023-05-05 12:31:42.274000,1.34949,1.34934,1200000,1200000
2023-05-05 12:31:42.325000,1.3495,1.34936,1200000,1200000
2023-05-05 12:31:42.426000,1.34953,1.34937,1200000,1200000
2023-05-05 12:31:42.477000,1.34957,1.34943,1200000,1200000
2023-05-05 12:31:42.579000,1.34957,1.34946,1200000,1200000
2023-05-05 12:31:42.681000,1.34958,1.34944,1200000,1200000
2023-05-05 12:31:42.732000,1.34961,1.34945,1200000,1200000
2023-05-05 12:31:42.782000,1.34961,1.34943,1200000,1200000
2023-05-05 12:31:42.884000,1.3496,1.34945,1200000,1200000
2023-05-05 12:31:42.985000,1.34963,1.34945,3600000,1200000
2023-05-05 12:31:43.289000,1.34966,1.34953,1200000,1200000
2023-05-05 12:31:43.390000,1.34964,1.34945,2100000,1200000
2023-05-05 12:31:43.442000,1.34963,1.34944,2100000,1200000
2023-05-05 12:31:43.493000,1.34954,1.34939,1200000,2700000
2023-05-05 12:31:43.594000,1.34955,1.34938,1200000,1200000
2023-05-05 12:31:43.695000,1.34955,1.34937,1200000,1200000
2023-05-05 12:31:43.797000,1.34955,1.34939,1200000,1200000
2023-05-05 12:31:43.898000,1.34955,1.34937,1200000,1200000
2023-05-05 12:31:44.033000,1.34956,1.34935,1200000,1200000
2023-05-05 12:31:44.236000,1.34956,1.34936,1200000,1200000
2023-05-05 12:31:44.287000,1.34958,1.34939,1200000,1200000
2023-05-05 12:31:44.389000,1.34959,1.34944,1200000,1200000
2023-05-05 12:31:44.440000,1.34961,1.34944,2250000,1200000
2023-05-05 12:31:45.046000,1.34962,1.34944,1800000,1200000
2023-05-05 12:31:45.198000,1.34962,1.34943,1200000,1200000
2023-05-05 12:31:45.300000,1.34962,1.34945,1200000,1200000
2023-05-05 12:31:45.351000,1.34961,1.3494,1200000,1200000
2023-05-05 12:31:45.453000,1.3496,1.34942,1200000,1200000
2023-05-05 12:31:45.554000,1.3496,1.34941,1200000,1200000
2023-05-05 12:31:45.659000,1.3496,1.3494,1200000,1200000
2023-05-05 12:31:45.811000,1.34958,1.34941,1200000,1200000
2023-05-05 12:31:45.862000,1.34957,1.3494,1200000,1200000
2023-05-05 12:31:46.099000,1.34957,1.34939,1200000,1200000
2023-05-05 12:31:46.214000,1.34956,1.34938,1200000,1200000
2023-05-05 12:31:46.271000,1.34954,1.34937,1200000,1200000
2023-05-05 12:31:46.392000,1.34952,1.34936,1200000,1200000
2023-05-05 12:31:46.450000,1.34955,1.34936,1200000,1200000
2023-05-05 12:31:46.624000,1.34954,1.34936,1800000,1200000
2023-05-05 12:31:46.776000,1.34952,1.34936,1200000,1200000
2023-05-05 12:31:46.928000,1.3495,1.34931,1200000,1200000
2023-05-05 12:31:47.181000,1.34951,1.34933,1200000,1200000
2023-05-05 12:31:47.232000,1.34953,1.34934,1200000,1200000
2023-05-05 12:31:47.486000,1.34951,1.34932,1200000,1200000
2023-05-05 12:31:47.587000,1.34949,1.3493,1200000,1200000
2023-05-05 12:31:47.688000,1.34946,1.34926,1200000,1200000
2023-05-05 12:31:47.790000,1.34945,1.34926,1200000,1200000
2023-05-05 12:31:47.892000,1.34944,1.34926,1350000,1200000
2023-05-05 12:31:47.943000,1.34941,1.34922,1200000,1200000
2023-05-05 12:31:48.044000,1.34941,1.34921,1200000,1200000
2023-05-05 12:31:48.350000,1.34938,1.34921,1200000,1200000
2023-05-05 12:31:48.401000,1.34938,1.34919,1200000,1200000
2023-05-05 12:31:48.502000,1.34936,1.34919,1200000,1200000
2023-05-05 12:31:48.603000,1.34936,1.3492,1200000,1200000
2023-05-05 12:31:48.655000,1.34941,1.34923,1200000,1200000
2023-05-05 12:31:48.756000,1.34942,1.34924,1200000,1200000
2023-05-05 12:31:48.807000,1.3494,1.34924,1200000,1200000
2023-05-05 12:31:48.909000,1.34941,1.34925,1200000,1200000
2023-05-05 12:31:49.010000,1.34939,1.34923,1200000,1200000
2023-05-05 12:31:49.061000,1.34939,1.34921,1200000,1200000
2023-05-05 12:31:49.162000,1.34937,1.34921,1200000,1200000
2023-05-05 12:31:49.264000,1.34937,1.3492,1200000,1200000
2023-05-05 12:31:49.315000,1.34935,1.34919,1200000,1200000
2023-05-05 12:31:49.416000,1.34935,1.3492,1200000,1200000
2023-05-05 12:31:49.518000,1.34938,1.34921,1200000,1200000
2023-05-05 12:31:49.619000,1.34939,1.34921,1200000,1200000
2023-05-05 12:31:49.721000,1.34939,1.34923,1200000,1200000
2023-05-05 12:31:49.823000,1.34939,1.34922,1200000,1200000
2023-05-05 12:31:49.873000,1.34943,1.34923,1200000,1200000
2023-05-05 12:31:50.025000,1.34943,1.34925,2250000,1200000
2023-05-05 12:31:50.178000,1.34943,1.34923,1200000,1200000
2023-05-05 12:31:50.380000,1.34943,1.34924,1200000,1200000
2023-05-05 12:31:50.500000,1.34943,1.34923,1200000,1200000
2023-05-05 12:31:50.601000,1.34941,1.34924,1200000,1200000
2023-05-05 12:31:50.702000,1.34942,1.34924,1200000,1200000
2023-05-05 12:31:50.854000,1.34934,1.34917,1200000,1200000
2023-05-05 12:31:50.957000,1.34933,1.34914,1200000,1200000
2023-05-05 12:31:51.008000,1.34931,1.34913,1200000,1200000
2023-05-05 12:31:51.110000,1.34932,1.34914,1800000,1200000
2023-05-05 12:31:51.261000,1.34933,1.34912,1800000,1200000
2023-05-05 12:31:51.363000,1.34932,1.34914,1800000,1200000
2023-05-05 12:31:51.414000,1.34933,1.34915,1800000,1200000
2023-05-05 12:31:51.515000,1.34933,1.34914,1800000,1200000
2023-05-05 12:31:51.617000,1.34932,1.34914,1200000,1200000
2023-05-05 12:31:51.769000,1.3493,1.34913,1200000,1200000
2023-05-05 12:31:51.870000,1.34929,1.34912,1200000,1200000
2023-05-05 12:31:51.972000,1.34923,1.34908,1200000,1200000
2023-05-05 12:31:52.074000,1.3492,1.34908,1100000,1200000
2023-05-05 12:31:52.176000,1.34918,1.34907,2470000,1200000
2023-05-05 12:31:52.306000,1.34913,1.34894,1200000,1200000
2023-05-05 12:31:52.357000,1.34911,1.34892,1200000,1200000
2023-05-05 12:31:52.458000,1.3491,1.34892,1200000,1200000
2023-05-05 12:31:52.560000,1.3491,1.34891,1200000,1200000
2023-05-05 12:31:52.712000,1.34908,1.34891,1200000,1200000
2023-05-05 12:31:52.814000,1.3491,1.3489,1200000,1200000
2023-05-05 12:31:52.916000,1.34909,1.34889,1200000,1200000
2023-05-05 12:31:53.017000,1.34907,1.34889,1350000,1200000
2023-05-05 12:31:53.225000,1.34907,1.34888,1350000,1200000
2023-05-05 12:31:53.478000,1.34909,1.34891,1200000,1200000
2023-05-05 12:31:53.580000,1.3491,1.34892,1200000,1200000
2023-05-05 12:31:53.681000,1.3491,1.34893,1200000,1200000
2023-05-05 12:31:53.732000,1.34914,1.34893,1350000,1200000
2023-05-05 12:31:53.783000,1.34913,1.34895,1200000,1200000
2023-05-05 12:31:53.884000,1.34915,1.34896,1200000,1200000
2023-05-05 12:31:53.935000,1.34912,1.34893,1200000,1200000
2023-05-05 12:31:54.037000,1.34917,1.34897,2700000,1200000
2023-05-05 12:31:54.139000,1.34917,1.34898,1800000,1200000
2023-05-05 12:31:54.270000,1.34917,1.34899,1200000,1200000
2023-05-05 12:31:54.371000,1.34917,1.34899,1200000,1200000
2023-05-05 12:31:54.422000,1.34916,1.34898,1200000,1200000
2023-05-05 12:31:54.523000,1.34917,1.34898,1200000,1200000
2023-05-05 12:31:54.574000,1.34915,1.34896,1200000,1200000
2023-05-05 12:31:54.827000,1.34913,1.34896,1200000,1200000
2023-05-05 12:31:54.878000,1.34913,1.34894,1200000,1200000
2023-05-05 12:31:54.979000,1.34913,1.34895,1200000,1200000
2023-05-05 12:31:55.081000,1.34912,1.34896,1200000,1200000
2023-05-05 12:31:55.182000,1.34911,1.34895,1200000,1200000
2023-05-05 12:31:55.233000,1.34912,1.34896,1200000,1200000
2023-05-05 12:31:55.335000,1.34912,1.34894,1200000,1200000
2023-05-05 12:31:55.386000,1.34908,1.34889,1600000,1200000
2023-05-05 12:31:55.488000,1.3491,1.34893,1800000,1200000
2023-05-05 12:31:55.590000,1.3491,1.34895,1200000,1200000
2023-05-05 12:31:55.894000,1.34911,1.34891,1200000,1200000
2023-05-05 12:31:55.945000,1.34911,1.34889,1200000,1200000
2023-05-05 12:31:55.996000,1.3491,1.34893,1200000,1200000
2023-05-05 12:31:56.098000,1.34908,1.34889,1100000,1200000
2023-05-05 12:31:56.301000,1.34907,1.34891,1100000,1200000
2023-05-05 12:31:56.402000,1.34908,1.34889,1720000,1200000
2023-05-05 12:31:56.504000,1.34907,1.34889,1100000,1200000
2023-05-05 12:31:56.605000,1.34907,1.34891,1100000,1200000
2023-05-05 12:31:56.760000,1.34908,1.34887,2470000,1200000
2023-05-05 12:31:56.861000,1.34906,1.34887,1100000,1200000
2023-05-05 12:31:57.064000,1.34906,1.34889,1100000,1200000
2023-05-05 12:31:57.266000,1.34905,1.34889,1100000,1200000
2023-05-05 12:31:57.369000,1.34908,1.34893,1800000,1200000
2023-05-05 12:31:57.673000,1.34908,1.34894,1200000,1200000
2023-05-05 12:31:58.128000,1.3491,1.34894,1800000,1200000
2023-05-05 12:31:58.179000,1.3491,1.34897,1350000,1200000
2023-05-05 12:31:58.230000,1.34909,1.34894,1200000,1200000
2023-05-05 12:31:58.332000,1.34911,1.34896,1100000,1200000
2023-05-05 12:31:58.434000,1.34907,1.34896,1100000,1200000
2023-05-05 12:31:58.540000,1.34908,1.34894,1100000,1200000
2023-05-05 12:31:58.642000,1.34911,1.34896,1800000,1200000
2023-05-05 12:31:58.696000,1.34909,1.34896,1200000,1200000
2023-05-05 12:31:58.797000,1.34912,1.34897,1200000,1200000
2023-05-05 12:31:59,1.34913,1.34897,1200000,1200000
2023-05-05 12:31:59.101000,1.34914,1.34899,1800000,1200000
2023-05-05 12:31:59.203000,1.34914,1.349,1200000,1200000
2023-05-05 12:31:59.304000,1.34915,1.34901,1200000,1200000
2023-05-05 12:31:59.405000,1.34916,1.34902,1200000,1200000
2023-05-05 12:31:59.507000,1.34921,1.34914,1200000,1200000
2023-05-05 12:31:59.558000,1.34929,1.34914,1600000,1200000
2023-05-05 12:31:59.609000,1.3493,1.34914,1200000,1200000
2023-05-05 12:31:59.711000,1.34931,1.34914,1200000,1200000
2023-05-05 12:31:59.762000,1.34934,1.34917,1200000,1200000
2023-05-05 12:31:59.863000,1.34935,1.3492,1200000,1200000
2023-05-05 12:31:59.914000,1.34939,1.34923,1200000,1200000
2023-05-05 12:32:00.066000,1.3494,1.34922,1800000,1200000
2023-05-05 12:32:00.117000,1.34943,1.34924,1800000,1200000
2023-05-05 12:32:00.220000,1.34948,1.34931,2700000,1200000
2023-05-05 12:32:00.321000,1.3495,1.34932,1200000,1200000
2023-05-05 12:32:00.595000,1.34949,1.34929,1200000,1200000
2023-05-05 12:32:00.647000,1.34949,1.34931,1800000,1200000
2023-05-05 12:32:00.799000,1.3495,1.34932,1200000,1200000
2023-05-05 12:32:00.952000,1.34948,1.34933,1200000,1200000
2023-05-05 12:32:01.206000,1.34948,1.34932,1200000,1200000
2023-05-05 12:32:01.358000,1.34948,1.34927,1200000,1200000
2023-05-05 12:32:01.460000,1.34947,1.3493,1200000,1200000
2023-05-05 12:32:01.562000,1.34951,1.34928,1800000,1200000
2023-05-05 12:32:01.664000,1.34952,1.3493,1200000,1200000
2023-05-05 12:32:01.765000,1.34952,1.34932,1200000,1200000
2023-05-05 12:32:01.867000,1.34952,1.34933,1200000,1200000
2023-05-05 12:32:01.968000,1.34957,1.34935,1100000,1200000
2023-05-05 12:32:02.070000,1.34958,1.34936,1200000,1200000
2023-05-05 12:32:02.171000,1.34958,1.34934,1350000,1200000
2023-05-05 12:32:02.273000,1.3495,1.34932,1100000,1200000
2023-05-05 12:32:02.374000,1.34949,1.34928,1350000,1800000
2023-05-05 12:32:02.476000,1.3494,1.34923,1200000,1800000
2023-05-05 12:32:02.536000,1.34943,1.34922,1200000,1800000
2023-05-05 12:32:02.590000,1.3494,1.34916,1600000,1800000
2023-05-05 12:32:02.643000,1.34942,1.3492,1720000,1200000
2023-05-05 12:32:02.745000,1.3494,1.34922,1200000,1200000
2023-05-05 12:32:02.846000,1.3494,1.34921,1200000,1200000
2023-05-05 12:32:03.049000,1.3494,1.34923,1200000,1200000
2023-05-05 12:32:03.201000,1.3494,1.34924,1800000,1200000
2023-05-05 12:32:03.860000,1.3494,1.34923,1800000,1200000
2023-05-05 12:32:04.012000,1.3494,1.34922,1200000,1200000
2023-05-05 12:32:04.113000,1.34939,1.34924,1200000,1200000
2023-05-05 12:32:04.215000,1.34937,1.34917,1200000,1200000
2023-05-05 12:32:04.266000,1.34937,1.3492,1200000,1200000
2023-05-05 12:32:04.317000,1.34937,1.34918,1200000,1200000
2023-05-05 12:32:04.418000,1.34937,1.34919,1200000,1200000
2023-05-05 12:32:04.600000,1.34937,1.3492,1200000,1200000
2023-05-05 12:32:04.656000,1.34936,1.34917,1200000,1200000
2023-05-05 12:32:04.716000,1.34937,1.34914,1200000,1200000
2023-05-05 12:32:04.868000,1.34937,1.34915,1200000,1200000
2023-05-05 12:32:04.919000,1.34935,1.34914,1350000,1200000
2023-05-05 12:32:05.020000,1.34934,1.34916,1350000,1200000
2023-05-05 12:32:05.122000,1.34934,1.34915,1200000,1200000
2023-05-05 12:32:05.223000,1.34934,1.34918,1200000,1200000
2023-05-05 12:32:05.326000,1.34933,1.34914,1200000,1200000
2023-05-05 12:32:05.427000,1.34931,1.34915,1200000,1200000
2023-05-05 12:32:05.529000,1.3493,1.34912,1200000,1200000
2023-05-05 12:32:05.630000,1.34931,1.34912,1800000,1200000
2023-05-05 12:32:05.732000,1.34932,1.34913,1200000,1200000
2023-05-05 12:32:05.834000,1.3493,1.34913,1200000,1200000
2023-05-05 12:32:05.986000,1.34931,1.34911,1200000,1200000
2023-05-05 12:32:06.087000,1.3493,1.34911,1200000,1200000
2023-05-05 12:32:06.188000,1.3493,1.34913,1200000,1200000
2023-05-05 12:32:06.239000,1.3493,1.34911,1800000,1200000
2023-05-05 12:32:06.341000,1.34932,1.34913,1200000,1200000
2023-05-05 12:32:06.442000,1.3493,1.34914,1200000,1200000
2023-05-05 12:32:06.544000,1.34931,1.34915,1200000,1200000
2023-05-05 12:32:06.595000,1.34933,1.34914,1350000,1200000
2023-05-05 12:32:06.746000,1.34932,1.34914,1200000,1200000
2023-05-05 12:32:06.848000,1.34932,1.34915,1200000,1200000
2023-05-05 12:32:06.899000,1.34934,1.34919,1200000,1200000
2023-05-05 12:32:07.051000,1.34933,1.34918,1200000,1200000
2023-05-05 12:32:07.153000,1.34934,1.34919,1200000,1200000
2023-05-05 12:32:07.255000,1.3493,1.34916,1800000,1200000
2023-05-05 12:32:07.307000,1.34923,1.34913,1200000,1800000
2023-05-05 12:32:07.358000,1.34923,1.34908,1200000,1200000
2023-05-05 12:32:07.409000,1.34919,1.34908,1200000,1200000
2023-05-05 12:32:07.460000,1.3492,1.34905,1200000,1200000
2023-05-05 12:32:07.511000,1.34924,1.34908,1200000,1200000
2023-05-05 12:32:07.612000,1.34923,1.34905,1200000,1200000
2023-05-05 12:32:07.714000,1.34924,1.34905,1800000,1200000
2023-05-05 12:32:07.816000,1.34924,1.34907,1200000,1200000
2023-05-05 12:32:07.917000,1.34927,1.34906,1800000,1200000
2023-05-05 12:32:08.018000,1.34927,1.34909,1800000,1200000
2023-05-05 12:32:08.170000,1.34924,1.34914,1200000,1200000
2023-05-05 12:32:08.222000,1.34924,1.34905,1200000,1600000
2023-05-05 12:32:08.273000,1.34924,1.34905,1200000,1200000
2023-05-05 12:32:08.528000,1.34924,1.34906,1800000,1200000
2023-05-05 12:32:08.679000,1.34926,1.34907,1200000,1200000
2023-05-05 12:32:08.781000,1.34927,1.34911,1800000,1200000
2023-05-05 12:32:08.883000,1.3493,1.34912,1200000,1200000
2023-05-05 12:32:08.985000,1.34929,1.34913,1200000,1200000
2023-05-05 12:32:09.086000,1.34929,1.34912,1200000,1200000
2023-05-05 12:32:09.188000,1.34929,1.34911,1200000,1200000
2023-05-05 12:32:09.290000,1.3493,1.34913,1800000,1200000
2023-05-05 12:32:09.492000,1.34929,1.34913,1200000,1200000
2023-05-05 12:32:09.746000,1.34929,1.34914,1200000,1200000
2023-05-05 12:32:10.407000,1.3493,1.34914,1200000,1200000
2023-05-05 12:32:10.509000,1.34933,1.34918,1800000,1200000
2023-05-05 12:32:10.611000,1.34933,1.34915,1800000,1200000
2023-05-05 12:32:10.763000,1.3493,1.34916,1200000,1200000
2023-05-05 12:32:10.865000,1.34935,1.34921,1200000,1200000
2023-05-05 12:32:11.123000,1.34935,1.34922,1200000,1200000
2023-05-05 12:32:11.580000,1.34934,1.34922,1200000,1200000
2023-05-05 12:32:11.631000,1.34934,1.3492,1200000,1200000
2023-05-05 12:32:11.682000,1.34936,1.34921,1800000,1200000
2023-05-05 12:32:11.834000,1.34936,1.34922,1800000,1200000
2023-05-05 12:32:12.036000,1.34936,1.34923,1200000,1200000
2023-05-05 12:32:12.239000,1.34937,1.34923,1200000,1200000
2023-05-05 12:32:12.930000,1.34937,1.34922,1800000,1200000
2023-05-05 12:32:13.068000,1.34935,1.34924,1200000,1200000
2023-05-05 12:32:13.170000,1.3494,1.34927,2250000,1200000
2023-05-05 12:32:13.221000,1.34941,1.34929,1200000,1200000
2023-05-05 12:32:13.323000,1.34943,1.34931,1200000,1200000
2023-05-05 12:32:13.424000,1.34945,1.34931,1200000,1200000
2023-05-05 12:32:13.677000,1.34949,1.34937,1350000,1200000
2023-05-05 12:32:13.728000,1.34951,1.3494,1200000,1200000
2023-05-05 12:32:13.779000,1.34952,1.34943,1200000,1200000
2023-05-05 12:32:13.881000,1.34954,1.34941,1200000,1200000
2023-05-05 12:32:13.932000,1.34958,1.34942,1800000,1200000
2023-05-05 12:32:14.083000,1.34959,1.34942,1200000,1200000
2023-05-05 12:32:14.841000,1.34957,1.34943,1200000,1200000
2023-05-05 12:32:15.095000,1.34956,1.34942,1200000,1200000
2023-05-05 12:32:15.246000,1.34958,1.34941,1800000,1200000
2023-05-05 12:32:15.601000,1.34953,1.34939,1200000,1200000
2023-05-05 12:32:15.652000,1.34953,1.34936,1200000,1800000
2023-05-05 12:32:15.805000,1.34951,1.34936,1200000,1200000
2023-05-05 12:32:15.906000,1.34946,1.3493,1200000,1200000
2023-05-05 12:32:16.008000,1.34946,1.34928,1800000,1200000
2023-05-05 12:32:16.311000,1.34945,1.34928,1200000,1200000
2023-05-05 12:32:16.464000,1.34941,1.34923,1800000,1200000
2023-05-05 12:32:16.566000,1.34944,1.34928,1800000,1200000
2023-05-05 12:32:16.691000,1.34943,1.34932,1200000,1200000
2023-05-05 12:32:16.851000,1.34946,1.34931,1200000,1200000
2023-05-05 12:32:17.115000,1.34948,1.34931,1800000,1200000
2023-05-05 12:32:17.628000,1.34947,1.34931,1200000,1200000
2023-05-05 12:32:17.729000,1.34939,1.34927,1200000,1200000
2023-05-05 12:32:17.780000,1.34934,1.3492,1200000,1200000
2023-05-05 12:32:17.831000,1.3493,1.34918,1200000,1200000
2023-05-05 12:32:17.882000,1.34929,1.34913,1200000,1200000
2023-05-05 12:32:17.984000,1.34929,1.34912,1200000,1200000
2023-05-05 12:32:18.085000,1.3493,1.34911,1200000,1200000
2023-05-05 12:32:18.136000,1.34926,1.34909,1200000,1200000
2023-05-05 12:32:18.237000,1.34926,1.34907,1800000,1800000
2023-05-05 12:32:18.288000,1.34923,1.34907,1200000,1200000
2023-05-05 12:32:18.440000,1.34923,1.34905,1200000,1200000
2023-05-05 12:32:18.542000,1.34924,1.34905,1200000,1200000
2023-05-05 12:32:18.644000,1.34924,1.34904,1200000,1200000
2023-05-05 12:32:18.695000,1.34926,1.3491,1200000,1200000
2023-05-05 12:32:18.796000,1.34926,1.34909,1200000,1350000
2023-05-05 12:32:18.898000,1.34927,1.34911,1200000,1200000
2023-05-05 12:32:19.151000,1.34927,1.3491,1800000,1200000
2023-05-05 12:32:19.434000,1.34925,1.34907,1800000,1200000
2023-05-05 12:32:19.535000,1.34924,1.34906,1200000,1200000
2023-05-05 12:32:19.637000,1.34924,1.34909,1800000,1200000
2023-05-05 12:32:19.688000,1.34924,1.34906,1200000,1200000
2023-05-05 12:32:19.739000,1.34923,1.34909,1200000,1200000
2023-05-05 12:32:19.942000,1.34924,1.34907,1200000,1200000
2023-05-05 12:32:20.295000,1.34926,1.34913,1200000,1200000
2023-05-05 12:32:20.548000,1.34926,1.34912,1200000,1200000
2023-05-05 12:32:20.599000,1.34925,1.34908,1200000,1200000
2023-05-05 12:32:20.703000,1.34923,1.34906,1200000,1200000
2023-05-05 12:32:20.971000,1.34925,1.34905,1800000,1800000
2023-05-05 12:32:21.073000,1.34926,1.34909,1200000,1350000
2023-05-05 12:32:21.175000,1.34927,1.34912,1200000,1200000
2023-05-05 12:32:21.278000,1.34927,1.3491,1200000,1200000
2023-05-05 12:32:21.480000,1.34927,1.34911,1200000,1200000
2023-05-05 12:32:21.632000,1.3493,1.34912,1200000,1200000
2023-05-05 12:32:21.733000,1.34928,1.34914,1200000,1200000
2023-05-05 12:32:21.785000,1.34929,1.34911,1200000,1200000
2023-05-05 12:32:21.836000,1.34928,1.34914,1200000,1200000
2023-05-05 12:32:22.038000,1.34929,1.34912,1200000,1200000
2023-05-05 12:32:22.291000,1.3493,1.34912,1200000,1200000
2023-05-05 12:32:22.529000,1.34929,1.34914,1200000,1200000
2023-05-05 12:32:22.631000,1.34929,1.34912,1200000,1200000
2023-05-05 12:32:23.113000,1.3493,1.34913,1200000,1200000
2023-05-05 12:32:23.164000,1.34929,1.34911,1200000,1200000
2023-05-05 12:32:23.597000,1.3493,1.34912,1200000,1200000
2023-05-05 12:32:23.800000,1.3493,1.34913,1200000,1200000
2023-05-05 12:32:24.146000,1.34929,1.34912,1200000,1200000
2023-05-05 12:32:24.298000,1.34929,1.34913,1200000,1200000
2023-05-05 12:32:24.399000,1.3493,1.34913,1200000,1200000
2023-05-05 12:32:24.450000,1.34931,1.34915,1800000,1200000
2023-05-05 12:32:24.552000,1.34936,1.3492,1200000,1200000
2023-05-05 12:32:24.653000,1.34931,1.34915,1200000,1200000
2023-05-05 12:32:24.755000,1.3493,1.34915,1200000,1200000
2023-05-05 12:32:25.109000,1.34931,1.34915,1200000,1200000
2023-05-05 12:32:25.514000,1.34932,1.34921,1200000,1200000
2023-05-05 12:32:25.565000,1.34932,1.34917,1800000,1200000
2023-05-05 12:32:25.616000,1.34931,1.34912,1200000,1800000
2023-05-05 12:32:25.720000,1.34931,1.34913,1200000,1200000
2023-05-05 12:32:25.884000,1.34932,1.34914,1800000,1200000
2023-05-05 12:32:26.036000,1.34932,1.34915,1200000,1200000
2023-05-05 12:32:26.137000,1.34934,1.3492,1800000,1200000
2023-05-05 12:32:26.190000,1.34934,1.34917,1200000,1200000
2023-05-05 12:32:26.292000,1.34933,1.34915,1200000,1200000
2023-05-05 12:32:26.343000,1.34935,1.34919,1200000,1200000
2023-05-05 12:32:26.394000,1.34935,1.34917,2700000,1200000
2023-05-05 12:32:26.445000,1.34933,1.34916,1200000,1200000
2023-05-05 12:32:26.802000,1.34934,1.34918,1200000,1200000
2023-05-05 12:32:26.955000,1.34934,1.34919,1200000,1200000
2023-05-05 12:32:27.107000,1.34939,1.34922,1800000,1200000
2023-05-05 12:32:27.158000,1.34941,1.34923,1200000,1200000
2023-05-05 12:32:27.260000,1.34944,1.34928,2700000,1200000
2023-05-05 12:32:27.362000,1.34943,1.34925,1200000,1200000
2023-05-05 12:32:27.464000,1.34942,1.34925,1200000,1200000
2023-05-05 12:32:27.566000,1.3493,1.34919,1200000,3600000
2023-05-05 12:32:27.618000,1.34935,1.34919,1200000,1200000
2023-05-05 12:32:27.720000,1.34937,1.3492,1600000,1200000
2023-05-05 12:32:27.771000,1.34938,1.34922,1200000,1200000
2023-05-05 12:32:27.872000,1.34938,1.3492,1200000,1200000
2023-05-05 12:32:28.347000,1.34938,1.34922,1200000,1200000
2023-05-05 12:32:28.449000,1.34939,1.34925,1200000,1200000
2023-05-05 12:32:28.550000,1.34941,1.34932,1200000,1200000
2023-05-05 12:32:28.652000,1.34941,1.3493,10800000,1800000
2023-05-05 12:32:28.703000,1.3494,1.34932,1800000,1200000
2023-05-05 12:32:28.754000,1.34928,1.34916,1800000,1200000
2023-05-05 12:32:28.855000,1.34931,1.34918,1720000,1200000
2023-05-05 12:32:28.956000,1.34931,1.34917,1200000,1200000
2023-05-05 12:32:29.058000,1.34939,1.34921,1200000,1200000
2023-05-05 12:32:29.159000,1.34939,1.34923,1200000,1200000
2023-05-05 12:32:29.210000,1.34942,1.34926,1200000,1200000
2023-05-05 12:32:29.312000,1.34943,1.34928,1200000,1200000
2023-05-05 12:32:29.413000,1.34943,1.34929,1200000,1200000
2023-05-05 12:32:29.514000,1.34947,1.34931,1800000,1200000
2023-05-05 12:32:29.768000,1.34948,1.34933,1200000,1200000
2023-05-05 12:32:29.869000,1.3495,1.34932,1200000,1200000
2023-05-05 12:32:29.920000,1.34936,1.34927,1800000,1200000
2023-05-05 12:32:29.971000,1.34931,1.34914,2700000,1200000
2023-05-05 12:32:30.022000,1.34926,1.34914,1200000,1200000
2023-05-05 12:32:30.146000,1.34934,1.34918,2700000,1200000
2023-05-05 12:32:30.197000,1.34934,1.3492,1800000,1200000
2023-05-05 12:32:30.248000,1.34938,1.34922,1200000,1200000
2023-05-05 12:32:30.349000,1.34938,1.34924,1200000,1200000
2023-05-05 12:32:30.451000,1.34942,1.34929,1200000,1200000
2023-05-05 12:32:30.502000,1.34944,1.3493,1200000,1200000
2023-05-05 12:32:30.655000,1.34944,1.34932,1200000,1200000
2023-05-05 12:32:30.706000,1.34947,1.34932,1200000,1200000
2023-05-05 12:32:30.807000,1.34949,1.34934,1800000,1200000
2023-05-05 12:32:31.216000,1.34952,1.34935,1800000,1200000
2023-05-05 12:32:31.317000,1.34951,1.34935,1200000,1200000
2023-05-05 12:32:31.368000,1.34949,1.34932,1100000,1200000
2023-05-05 12:32:31.470000,1.34937,1.34924,1200000,1800000
2023-05-05 12:32:31.723000,1.34936,1.34924,1200000,1200000
2023-05-05 12:32:32.691000,1.34935,1.34923,1200000,1200000
2023-05-05 12:32:33.266000,1.34932,1.34921,1200000,1200000
2023-05-05 12:32:33.367000,1.34933,1.34921,1200000,1200000
2023-05-05 12:32:33.485000,1.34934,1.34922,1200000,1200000
2023-05-05 12:32:33.801000,1.34933,1.34921,1200000,1200000
2023-05-05 12:32:34.155000,1.34934,1.34922,1200000,1200000
2023-05-05 12:32:34.256000,1.34933,1.34924,1200000,1200000
2023-05-05 12:32:34.513000,1.34932,1.34924,1200000,1200000
2023-05-05 12:32:34.615000,1.34934,1.34923,1200000,1200000
2023-05-05 12:32:35.032000,1.34931,1.34917,1200000,1200000
2023-05-05 12:32:35.285000,1.34931,1.34916,1800000,1200000
2023-05-05 12:32:35.387000,1.34932,1.34917,1800000,1200000
2023-05-05 12:32:35.437000,1.34932,1.34919,1200000,1200000
2023-05-05 12:32:35.539000,1.34934,1.3492,1200000,1200000
2023-05-05 12:32:35.742000,1.34934,1.34921,1200000,1200000
2023-05-05 12:32:35.948000,1.34935,1.34921,1800000,1200000
2023-05-05 12:32:36.050000,1.34935,1.34922,1200000,1200000
2023-05-05 12:32:36.404000,1.34935,1.34921,1800000,1200000
2023-05-05 12:32:36.506000,1.34933,1.3492,1800000,1200000
2023-05-05 12:32:36.618000,1.34932,1.3492,1200000,1200000
2023-05-05 12:32:36.719000,1.34933,1.34918,1800000,1200000
2023-05-05 12:32:37.823000,1.34932,1.34917,1800000,1200000
2023-05-05 12:32:37.975000,1.34933,1.34919,1200000,1200000
2023-05-05 12:32:38.490000,1.34932,1.34921,1200000,1200000
2023-05-05 12:32:38.593000,1.34933,1.34922,1200000,1200000
2023-05-05 12:32:38.796000,1.34934,1.34922,1200000,1200000
2023-05-05 12:32:38.897000,1.34935,1.34923,1200000,1200000
2023-05-05 12:32:39.237000,1.34936,1.34923,1200000,1200000
