time,ask,bid,ask_volume,bid_volume
2017-07-13 12:25:00.244000,1.2756,1.27551,4500000,2250000
2017-07-13 12:25:00.560000,1.27559,1.27551,1190000,4310000
2017-07-13 12:25:01.184000,1.27559,1.27552,1000000,2250000
2017-07-13 12:25:01.696000,1.2756,1.27552,1000000,3940000
2017-07-13 12:25:02.204000,1.2756,1.27553,1000000,2250000
2017-07-13 12:25:03.106000,1.2756,1.27553,1000000,2250000
2017-07-13 12:25:03.795000,1.27561,1.27553,1000000,2250000
2017-07-13 12:25:03.999000,1.27563,1.27554,1500000,4990000
2017-07-13 12:25:04.525000,1.27564,1.27555,1250000,1000000
2017-07-13 12:25:06.201000,1.27564,1.27555,1000000,2510000
2017-07-13 12:25:06.354000,1.27565,1.27556,1000000,1700000
2017-07-13 12:25:06.559000,1.27565,1.27556,1000000,1200000
2017-07-13 12:25:07.259000,1.27565,1.27556,2210000,1000000
2017-07-13 12:25:07.311000,1.27562,1.27556,1000000,1000000
2017-07-13 12:25:07.363000,1.27561,1.27554,1000000,1120000
2017-07-13 12:25:07.466000,1.27559,1.27553,1000000,1000000
2017-07-13 12:25:07.569000,1.27558,1.27551,1000000,1200000
2017-07-13 12:25:08.031000,1.27556,1.27551,1000000,1250000
2017-07-13 12:25:08.133000,1.27556,1.27548,1000000,4390000
2017-07-13 12:25:08.651000,1.27555,1.27548,3000000,1200000
2017-07-13 12:25:09.517000,1.27555,1.2755,1000000,1250000
2017-07-13 12:25:10.028000,1.27556,1.27549,1000000,1950000
2017-07-13 12:25:10.538000,1.27556,1.2755,1000000,1310000
2017-07-13 12:25:11.228000,1.27556,1.27549,1000000,1120000
2017-07-13 12:25:11.890000,1.27556,1.27549,1000000,3370000
2017-07-13 12:25:12.423000,1.27556,1.27549,1000000,1500000
2017-07-13 12:25:13.919000,1.27555,1.27548,1000000,4310000
2017-07-13 12:25:13.971000,1.27551,1.27548,7500000,3000000
2017-07-13 12:25:14.124000,1.2755,1.27544,8250000,1120000
2017-07-13 12:25:14.484000,1.27548,1.27542,1000000,2620000
2017-07-13 12:25:14.637000,1.27547,1.2754,1370000,2250000
2017-07-13 12:25:14.688000,1.27547,1.27538,1370000,3190000
2017-07-13 12:25:14.740000,1.27547,1.2754,1620000,1250000
2017-07-13 12:25:15.276000,1.27547,1.2754,1250000,1250000
2017-07-13 12:25:15.804000,1.27547,1.27539,1000000,2440000
2017-07-13 12:25:16.194000,1.27547,1.2754,1000000,2250000
2017-07-13 12:25:18.456000,1.27546,1.27541,1000000,2250000
2017-07-13 12:25:18.996000,1.27546,1.27541,1000000,2250000
2017-07-13 12:25:19.800000,1.27546,1.2754,1000000,8440000
2017-07-13 12:25:20.444000,1.27546,1.27541,1000000,2250000
2017-07-13 12:25:20.787000,1.27549,1.27541,4690000,3000000
2017-07-13 12:25:21.296000,1.27549,1.27541,3940000,1000000
2017-07-13 12:25:22.739000,1.27549,1.2754,3940000,1690000
2017-07-13 12:25:23.246000,1.27549,1.27541,3940000,4500000
2017-07-13 12:25:23.755000,1.27549,1.27541,3750000,7500000
2017-07-13 12:25:24.718000,1.27549,1.27542,1000000,2250000
2017-07-13 12:25:26.023000,1.27549,1.27542,1000000,2620000
2017-07-13 12:25:26.353000,1.27547,1.27542,3750000,2620000
2017-07-13 12:25:26.868000,1.27547,1.27542,3750000,3750000
2017-07-13 12:25:27.726000,1.27547,1.27543,3750000,3750000
2017-07-13 12:25:28.458000,1.2755,1.27543,7310000,3750000
2017-07-13 12:25:28.962000,1.2755,1.27541,7310000,3750000
2017-07-13 12:25:29.064000,1.2755,1.27542,3940000,2620000
2017-07-13 12:25:29.424000,1.2755,1.27541,3940000,7500000
2017-07-13 12:25:29.937000,1.27549,1.27541,1000000,7500000
2017-07-13 12:25:30.584000,1.27545,1.27541,1000000,3750000
2017-07-13 12:25:30.635000,1.27547,1.2754,2960000,2250000
2017-07-13 12:25:30.738000,1.27545,1.2754,1000000,3750000
2017-07-13 12:25:31.276000,1.27545,1.27539,1000000,3750000
2017-07-13 12:25:31.575000,1.27551,1.27541,1010000,3190000
2017-07-13 12:25:31.626000,1.27552,1.27542,2140000,2250000
2017-07-13 12:25:31.933000,1.27552,1.27545,2810000,3750000
2017-07-13 12:25:32.350000,1.27552,1.27543,2590000,7500000
2017-07-13 12:25:32.616000,1.27551,1.27544,1710000,3750000
2017-07-13 12:25:32.668000,1.27549,1.27542,1250000,3750000
2017-07-13 12:25:32.724000,1.27549,1.27542,1190000,3750000
2017-07-13 12:25:32.776000,1.27549,1.27541,1000000,3750000
2017-07-13 12:25:32.879000,1.27549,1.27543,4690000,2250000
2017-07-13 12:25:33.940000,1.27549,1.27542,4500000,3560000
2017-07-13 12:25:34.160000,1.27544,1.27539,1000000,3750000
2017-07-13 12:25:34.364000,1.27547,1.2754,1840000,3750000
2017-07-13 12:25:34.609000,1.27547,1.27542,1000000,1250000
2017-07-13 12:25:35.121000,1.27549,1.27542,1250000,3750000
2017-07-13 12:25:35.850000,1.27549,1.27541,1000000,3750000
2017-07-13 12:25:36.258000,1.2755,1.27543,1460000,2250000
2017-07-13 12:25:36.361000,1.2755,1.27541,1460000,4690000
2017-07-13 12:25:36.463000,1.2755,1.27543,1460000,3750000
2017-07-13 12:25:37.168000,1.27551,1.27543,3750000,1690000
2017-07-13 12:25:38.760000,1.27551,1.27544,1000000,1250000
2017-07-13 12:25:39.069000,1.27553,1.27545,2440000,3750000
2017-07-13 12:25:39.597000,1.27553,1.27544,3560000,4690000
2017-07-13 12:25:39.904000,1.27552,1.27545,1460000,3190000
2017-07-13 12:25:41.123000,1.27553,1.27545,1500000,1120000
2017-07-13 12:25:41.227000,1.27553,1.27547,1000000,1000000
2017-07-13 12:25:41.535000,1.27556,1.27554,3370000,2250000
2017-07-13 12:25:42.004000,1.27556,1.27552,3750000,3940000
2017-07-13 12:25:42.159000,1.27556,1.2755,3750000,1120000
2017-07-13 12:25:42.364000,1.27554,1.27549,1160000,1000000
2017-07-13 12:25:42.467000,1.27551,1.27544,1460000,1250000
2017-07-13 12:25:43.077000,1.27549,1.27543,3750000,1690000
2017-07-13 12:25:43.929000,1.27549,1.27542,3750000,1000000
2017-07-13 12:25:45.539000,1.27547,1.27542,1000000,1250000
2017-07-13 12:25:46.085000,1.27546,1.2754,1000000,1250000
2017-07-13 12:25:46.469000,1.27544,1.2754,1000000,1250000
2017-07-13 12:25:46.683000,1.27542,1.27538,1000000,1000000
2017-07-13 12:25:47.040000,1.27546,1.27538,1000000,2620000
2017-07-13 12:25:47.091000,1.27547,1.2754,3000000,3190000
2017-07-13 12:25:47.396000,1.27547,1.27542,2250000,1310000
2017-07-13 12:25:47.712000,1.27544,1.27539,1000000,3190000
2017-07-13 12:25:48.405000,1.27545,1.2754,1000000,2250000
2017-07-13 12:25:48.609000,1.27543,1.27538,1000000,2250000
2017-07-13 12:25:48.660000,1.27543,1.27537,1000000,1000000
2017-07-13 12:25:49.889000,1.27546,1.27538,1120000,3000000
2017-07-13 12:25:49.941000,1.27547,1.27541,1870000,1310000
2017-07-13 12:25:50.457000,1.27547,1.27542,1120000,1250000
2017-07-13 12:25:52.009000,1.27547,1.27541,1000000,5440000
2017-07-13 12:25:52.539000,1.27547,1.27542,1000000,1250000
2017-07-13 12:25:53.096000,1.27545,1.2754,1000000,3640000
2017-07-13 12:25:53.250000,1.27548,1.2754,1000000,2060000
2017-07-13 12:25:53.302000,1.27548,1.27543,1000000,2250000
2017-07-13 12:25:53.913000,1.27548,1.27542,1000000,1310000
2017-07-13 12:25:54.327000,1.27548,1.27542,1000000,1690000
2017-07-13 12:25:54.378000,1.27547,1.27542,1000000,3560000
2017-07-13 12:25:54.955000,1.27547,1.27543,1000000,1250000
2017-07-13 12:25:55.464000,1.27547,1.27542,1000000,1690000
2017-07-13 12:25:55.813000,1.27549,1.27543,1000000,3190000
2017-07-13 12:25:56.882000,1.27549,1.27543,1000000,3190000
2017-07-13 12:25:58.762000,1.27549,1.27543,1000000,1310000
2017-07-13 12:25:59.991000,1.27549,1.27544,1000000,2250000
2017-07-13 12:26:00.600000,1.27548,1.27543,1000000,3190000
2017-07-13 12:26:00.702000,1.27548,1.27542,1250000,1310000
2017-07-13 12:26:01.719000,1.27548,1.27544,1000000,1250000
2017-07-13 12:26:02.237000,1.27549,1.27544,1000000,1000000
2017-07-13 12:26:02.809000,1.2755,1.27545,1000000,2250000
2017-07-13 12:26:04.018000,1.2755,1.27546,1000000,2250000
2017-07-13 12:26:04.352000,1.27548,1.27543,1000000,3560000
2017-07-13 12:26:04.913000,1.27548,1.27543,1000000,3750000
2017-07-13 12:26:05.448000,1.27548,1.27544,1000000,3750000
2017-07-13 12:26:05.829000,1.2755,1.27545,1000000,3750000
2017-07-13 12:26:06.797000,1.27549,1.27545,1000000,3750000
2017-07-13 12:26:07.321000,1.2755,1.27545,1000000,3750000
2017-07-13 12:26:08.035000,1.2755,1.27544,1000000,4690000
2017-07-13 12:26:09.029000,1.2755,1.27545,1000000,3750000
2017-07-13 12:26:09.533000,1.2755,1.27544,1000000,1250000
2017-07-13 12:26:10.897000,1.27552,1.27543,2590000,1310000
2017-07-13 12:26:11.406000,1.27555,1.27544,3750000,2320000
2017-07-13 12:26:11.560000,1.27552,1.27545,1000000,3560000
2017-07-13 12:26:12.173000,1.27553,1.27546,1690000,1310000
2017-07-13 12:26:12.886000,1.27553,1.27545,2440000,2250000
2017-07-13 12:26:13.040000,1.27553,1.27543,2960000,2140000
2017-07-13 12:26:13.209000,1.2755,1.27542,1690000,4690000
2017-07-13 12:26:14.046000,1.2755,1.27542,2440000,2250000
2017-07-13 12:26:14.463000,1.27553,1.27545,1870000,1000000
2017-07-13 12:26:14.769000,1.27551,1.27543,1000000,2060000
2017-07-13 12:26:15.454000,1.27551,1.27543,1000000,3560000
2017-07-13 12:26:15.762000,1.27551,1.27542,1250000,2250000
2017-07-13 12:26:16.297000,1.27551,1.27542,1690000,2060000
2017-07-13 12:26:16.847000,1.27551,1.27542,1690000,3000000
2017-07-13 12:26:17.455000,1.27551,1.27542,1690000,1120000
2017-07-13 12:26:19.458000,1.27551,1.27542,2210000,1000000
2017-07-13 12:26:19.662000,1.27551,1.27541,2210000,1000000
2017-07-13 12:26:20.206000,1.27551,1.2754,2210000,3260000
2017-07-13 12:26:20.787000,1.27551,1.2754,2210000,2440000
2017-07-13 12:26:20.839000,1.27551,1.2754,3790000,1120000
2017-07-13 12:26:21.349000,1.27549,1.27539,1100000,1500000
2017-07-13 12:26:21.890000,1.2755,1.2754,2250000,4200000
2017-07-13 12:26:22.399000,1.27549,1.2754,1000000,5140000
2017-07-13 12:26:23.425000,1.2755,1.27541,1500000,1120000
2017-07-13 12:26:24.189000,1.2755,1.27541,1690000,2060000
2017-07-13 12:26:24.762000,1.27549,1.27541,1000000,1000000
2017-07-13 12:26:26.001000,1.2755,1.27541,1500000,1000000
2017-07-13 12:26:26.585000,1.2755,1.27542,1690000,2250000
2017-07-13 12:26:27.095000,1.2755,1.27541,1500000,1120000
2017-07-13 12:26:27.640000,1.27551,1.27542,1190000,1250000
2017-07-13 12:26:28.623000,1.27551,1.27541,1690000,2510000
2017-07-13 12:26:29.146000,1.2755,1.27542,1690000,1310000
2017-07-13 12:26:29.656000,1.27549,1.27542,1000000,1250000
2017-07-13 12:26:30.173000,1.2755,1.27542,1250000,1250000
2017-07-13 12:26:30.673000,1.2755,1.2754,2060000,1570000
2017-07-13 12:26:31.344000,1.2755,1.2754,1120000,4200000
2017-07-13 12:26:32.271000,1.27551,1.27541,2210000,1200000
2017-07-13 12:26:32.796000,1.27549,1.27541,1000000,1120000
2017-07-13 12:26:33.306000,1.27549,1.27541,1000000,3000000
2017-07-13 12:26:33.852000,1.2755,1.27541,1000000,1470000
2017-07-13 12:26:34.360000,1.27551,1.27541,1000000,1570000
2017-07-13 12:26:34.954000,1.27551,1.27541,1770000,1000000
2017-07-13 12:26:35.473000,1.27551,1.27541,1250000,1000000
2017-07-13 12:26:35.999000,1.27551,1.27541,1000000,2320000
2017-07-13 12:26:36.545000,1.27551,1.27541,1190000,1000000
2017-07-13 12:26:37.366000,1.27549,1.27541,1000000,1000000
2017-07-13 12:26:37.869000,1.2755,1.27541,1000000,1100000
2017-07-13 12:26:38.377000,1.27551,1.27541,1000000,1000000
2017-07-13 12:26:38.907000,1.27551,1.27541,1540000,1000000
2017-07-13 12:26:39.666000,1.27551,1.27541,1190000,1000000
2017-07-13 12:26:39.718000,1.27551,1.27541,1000000,1100000
2017-07-13 12:26:40.233000,1.27551,1.2754,1500000,2320000
2017-07-13 12:26:40.489000,1.27549,1.2754,1000000,2060000
2017-07-13 12:26:40.998000,1.2755,1.2754,1190000,2060000
2017-07-13 12:26:42.799000,1.27549,1.2754,1250000,1120000
2017-07-13 12:26:43.394000,1.27548,1.27539,1000000,3560000
2017-07-13 12:26:47.152000,1.27549,1.27541,1000000,1500000
2017-07-13 12:26:47.519000,1.27549,1.27541,1000000,3370000
2017-07-13 12:26:48.040000,1.27549,1.27542,1000000,1000000
2017-07-13 12:26:48.722000,1.27549,1.2754,1000000,1370000
2017-07-13 12:26:49.258000,1.2755,1.2754,1500000,2620000
2017-07-13 12:26:49.781000,1.2755,1.27542,1500000,1000000
2017-07-13 12:26:50.036000,1.27549,1.2754,1000000,1000000
2017-07-13 12:26:53.395000,1.27549,1.27538,1000000,4390000
2017-07-13 12:26:55.029000,1.27549,1.27538,1500000,2950000
2017-07-13 12:26:55.132000,1.27549,1.27538,2810000,3070000
2017-07-13 12:26:55.656000,1.27549,1.27539,2890000,1000000
2017-07-13 12:26:56.358000,1.27549,1.27538,2810000,3070000
2017-07-13 12:26:57.789000,1.27549,1.27538,2060000,2320000
2017-07-13 12:26:59.339000,1.2755,1.27543,1120000,1690000
2017-07-13 12:26:59.391000,1.27549,1.27541,1000000,1500000
2017-07-13 12:26:59.798000,1.27549,1.2754,2140000,1000000
2017-07-13 12:27:00.359000,1.27544,1.27536,1500000,2700000
2017-07-13 12:27:00.462000,1.27539,1.2753,1000000,2700000
2017-07-13 12:27:00.663000,1.27539,1.27529,1190000,1100000
2017-07-13 12:27:02.287000,1.27538,1.2753,1000000,1000000
2017-07-13 12:27:02.797000,1.27537,1.27528,1000000,1570000
2017-07-13 12:27:03.357000,1.27538,1.27528,1000000,1570000
2017-07-13 12:27:03.409000,1.27536,1.27528,1000000,2320000
2017-07-13 12:27:03.949000,1.27537,1.27528,1000000,1500000
2017-07-13 12:27:04.452000,1.27537,1.27527,1000000,9940000
2017-07-13 12:27:04.964000,1.27537,1.27527,1250000,3820000
2017-07-13 12:27:07.023000,1.27537,1.27528,1500000,1950000
2017-07-13 12:27:07.980000,1.27536,1.27528,1000000,1200000
2017-07-13 12:27:08.781000,1.27538,1.2753,1000000,1000000
2017-07-13 12:27:09.343000,1.27539,1.27529,1000000,3070000
2017-07-13 12:27:09.497000,1.27537,1.2753,1000000,1570000
2017-07-13 12:27:10.012000,1.27538,1.2753,1000000,1950000
2017-07-13 12:27:10.573000,1.27537,1.2753,1000000,1120000
2017-07-13 12:27:11.105000,1.27538,1.2753,1000000,1950000
2017-07-13 12:27:11.626000,1.27537,1.2753,1000000,1950000
2017-07-13 12:27:12.165000,1.27538,1.2753,1000000,1570000
2017-07-13 12:27:12.678000,1.27538,1.2753,1000000,1100000
2017-07-13 12:27:13.184000,1.27537,1.2753,1000000,2320000
2017-07-13 12:27:13.722000,1.27538,1.2753,1000000,1950000
2017-07-13 12:27:14.238000,1.27538,1.2753,1000000,2700000
2017-07-13 12:27:14.804000,1.27538,1.2753,1000000,1570000
2017-07-13 12:27:15.109000,1.27536,1.2753,1000000,1120000
2017-07-13 12:27:15.161000,1.27538,1.2753,1000000,1200000
2017-07-13 12:27:15.670000,1.27538,1.2753,1000000,1570000
2017-07-13 12:27:16.243000,1.27538,1.2753,1000000,1870000
2017-07-13 12:27:16.758000,1.27537,1.2753,1000000,1000000
2017-07-13 12:27:16.812000,1.27539,1.2753,1500000,1000000
2017-07-13 12:27:17.067000,1.27537,1.2753,1000000,1500000
2017-07-13 12:27:17.578000,1.27538,1.2753,1500000,1100000
2017-07-13 12:27:19.001000,1.27534,1.2753,1000000,1500000
2017-07-13 12:27:19.052000,1.27537,1.27527,1500000,1200000
2017-07-13 12:27:19.104000,1.27534,1.27526,1000000,1500000
2017-07-13 12:27:19.155000,1.27533,1.27524,1000000,1950000
2017-07-13 12:27:19.206000,1.27532,1.27523,1000000,1500000
2017-07-13 12:27:19.717000,1.27531,1.27523,1000000,2060000
2017-07-13 12:27:20.331000,1.2753,1.27523,1000000,1120000
2017-07-13 12:27:21.604000,1.27531,1.27522,1000000,3820000
2017-07-13 12:27:22.114000,1.2753,1.27522,1000000,3820000
2017-07-13 12:27:24.293000,1.2753,1.27521,1000000,3450000
2017-07-13 12:27:24.914000,1.2753,1.27522,1000000,1000000
2017-07-13 12:27:25.416000,1.2753,1.27521,1000000,3070000
2017-07-13 12:27:26.019000,1.2753,1.27522,1000000,1000000
2017-07-13 12:27:27.211000,1.2753,1.27521,1000000,3070000
2017-07-13 12:27:28.027000,1.2753,1.27522,1000000,1500000
2017-07-13 12:27:29.417000,1.2753,1.27521,1250000,4390000
2017-07-13 12:27:29.866000,1.27528,1.2752,1000000,4120000
2017-07-13 12:27:29.918000,1.27528,1.27519,1250000,1000000
2017-07-13 12:27:30.437000,1.27528,1.2752,1000000,1000000
2017-07-13 12:27:30.540000,1.27528,1.27523,1000000,1000000
2017-07-13 12:27:30.642000,1.27531,1.27523,1000000,1570000
2017-07-13 12:27:31.152000,1.27531,1.27523,1690000,1120000
2017-07-13 12:27:32.891000,1.27531,1.27523,1190000,2060000
2017-07-13 12:27:33.352000,1.27532,1.27523,1000000,1500000
2017-07-13 12:27:34.524000,1.27533,1.27524,1500000,1120000
2017-07-13 12:27:37.236000,1.27531,1.27524,1000000,1120000
2017-07-13 12:27:37.745000,1.27532,1.27524,1000000,1120000
2017-07-13 12:27:41.133000,1.27531,1.27523,1000000,1500000
2017-07-13 12:27:41.707000,1.27531,1.27523,1000000,1120000
2017-07-13 12:27:41.758000,1.27533,1.27523,1500000,1100000
2017-07-13 12:27:42.063000,1.27533,1.27527,1000000,5620000
2017-07-13 12:27:42.115000,1.27537,1.27528,1120000,3750000
2017-07-13 12:27:42.217000,1.27539,1.27529,3070000,1870000
2017-07-13 12:27:42.319000,1.27537,1.27528,1000000,2250000
2017-07-13 12:27:42.628000,1.27533,1.27526,1000000,1500000
2017-07-13 12:27:43.138000,1.27534,1.27526,1000000,2440000
2017-07-13 12:27:43.716000,1.27534,1.27525,1500000,1760000
2017-07-13 12:27:44.470000,1.27535,1.27525,2250000,1760000
2017-07-13 12:27:44.777000,1.27536,1.27528,1000000,2440000
2017-07-13 12:27:45.286000,1.27535,1.27526,1000000,2890000
2017-07-13 12:27:46.070000,1.27535,1.27526,1000000,1690000
2017-07-13 12:27:46.376000,1.27531,1.27524,1000000,1000000
2017-07-13 12:27:46.887000,1.27532,1.27524,1500000,1000000
2017-07-13 12:27:47.473000,1.27532,1.27525,1000000,1000000
2017-07-13 12:27:47.729000,1.27535,1.27527,1000000,1500000
2017-07-13 12:27:48.035000,1.27537,1.27528,1000000,1690000
2017-07-13 12:27:48.565000,1.27536,1.27528,1000000,1250000
2017-07-13 12:27:49.357000,1.27536,1.27527,1000000,1570000
2017-07-13 12:27:49.409000,1.27533,1.27527,1000000,1100000
2017-07-13 12:27:49.613000,1.27533,1.27525,1000000,1200000
2017-07-13 12:27:50.159000,1.27533,1.27526,1000000,1000000
2017-07-13 12:27:50.663000,1.27533,1.27525,1500000,1200000
2017-07-13 12:27:51.406000,1.27533,1.27526,1000000,1000000
2017-07-13 12:27:52.308000,1.27533,1.27525,1000000,3450000
2017-07-13 12:27:52.462000,1.27533,1.27526,1000000,1950000
2017-07-13 12:27:53.083000,1.27535,1.27526,1250000,2140000
2017-07-13 12:27:53.453000,1.27532,1.27526,1000000,1100000
2017-07-13 12:27:53.555000,1.27531,1.27524,1000000,1000000
2017-07-13 12:27:56.996000,1.27532,1.27524,1000000,1000000
2017-07-13 12:27:57.149000,1.27532,1.27526,1000000,1250000
2017-07-13 12:27:57.621000,1.27532,1.27524,1000000,1690000
2017-07-13 12:28:00.115000,1.27532,1.27525,1250000,1250000
2017-07-13 12:28:00.167000,1.27532,1.27523,1250000,1250000
2017-07-13 12:28:00.387000,1.2753,1.27523,1000000,1250000
2017-07-13 12:28:00.899000,1.2753,1.27521,1000000,4390000
2017-07-13 12:28:01.439000,1.27531,1.27521,1000000,4010000
2017-07-13 12:28:02.238000,1.2753,1.27522,1000000,1010000
2017-07-13 12:28:06.732000,1.2753,1.27524,1000000,2250000
2017-07-13 12:28:06.784000,1.27537,1.27529,1000000,1000000
2017-07-13 12:28:06.888000,1.27535,1.27528,1000000,1690000
2017-07-13 12:28:07.044000,1.27533,1.27525,1000000,1000000
2017-07-13 12:28:07.146000,1.27532,1.27525,1190000,1250000
2017-07-13 12:28:07.198000,1.2753,1.27523,1000000,1310000
2017-07-13 12:28:07.748000,1.2753,1.27522,1500000,1010000
2017-07-13 12:28:08.856000,1.2753,1.27522,1500000,1390000
2017-07-13 12:28:09.392000,1.2753,1.27522,1500000,2060000
2017-07-13 12:28:10.024000,1.2753,1.2752,1690000,4390000
2017-07-13 12:28:10.539000,1.27529,1.2752,1000000,3260000
2017-07-13 12:28:11.182000,1.27529,1.27521,1500000,1070000
2017-07-13 12:28:11.691000,1.27528,1.27521,1000000,1310000
2017-07-13 12:28:12.328000,1.2753,1.27521,1190000,1390000
2017-07-13 12:28:12.848000,1.2753,1.27522,1000000,1000000
2017-07-13 12:28:16.105000,1.27531,1.27522,1500000,1120000
2017-07-13 12:28:16.604000,1.2753,1.27524,1000000,1250000
2017-07-13 12:28:16.706000,1.27532,1.27523,1000000,1760000
2017-07-13 12:28:16.758000,1.27534,1.27523,1500000,1760000
2017-07-13 12:28:16.860000,1.27531,1.27522,2140000,1120000
2017-07-13 12:28:17.166000,1.27528,1.27519,1390000,1100000
2017-07-13 12:28:17.676000,1.27527,1.27518,1000000,3450000
2017-07-13 12:28:18.388000,1.27527,1.27518,1000000,2320000
2017-07-13 12:28:19,1.27529,1.27519,1000000,3450000
2017-07-13 12:28:19.204000,1.27528,1.2752,1190000,1250000
2017-07-13 12:28:19.533000,1.27522,1.27516,1000000,1500000
2017-07-13 12:28:19.584000,1.27524,1.27516,1000000,1000000
2017-07-13 12:28:20.094000,1.27525,1.27516,1000000,1690000
2017-07-13 12:28:20.603000,1.27525,1.27516,2250000,1000000
2017-07-13 12:28:21.158000,1.27525,1.27516,1500000,1690000
2017-07-13 12:28:21.742000,1.27525,1.27516,2250000,1690000
2017-07-13 12:28:22.700000,1.27524,1.27516,1000000,1690000
2017-07-13 12:28:23.241000,1.27524,1.27516,2250000,1000000
2017-07-13 12:28:26.252000,1.27524,1.27514,1000000,2810000
2017-07-13 12:28:26.507000,1.27521,1.27514,1000000,1130000
2017-07-13 12:28:27.023000,1.27521,1.27513,1000000,2510000
2017-07-13 12:28:30.228000,1.27522,1.27516,1000000,1250000
2017-07-13 12:28:30.331000,1.27524,1.27517,1000000,2320000
2017-07-13 12:28:30.689000,1.27522,1.27514,1000000,2140000
2017-07-13 12:28:31.198000,1.27522,1.27514,1000000,2250000
2017-07-13 12:28:31.710000,1.27523,1.27515,1000000,1880000
2017-07-13 12:28:32.135000,1.2752,1.27513,1000000,1480000
2017-07-13 12:28:32.672000,1.2752,1.27512,1000000,1950000
2017-07-13 12:28:33.190000,1.2752,1.27512,1000000,1580000
2017-07-13 12:28:33.511000,1.27519,1.27512,1000000,1570000
2017-07-13 12:28:34.022000,1.27518,1.27511,1000000,1950000
2017-07-13 12:28:34.493000,1.27521,1.27512,1000000,3040000
2017-07-13 12:28:35.003000,1.27521,1.27512,1000000,3000000
2017-07-13 12:28:35.600000,1.27519,1.27512,1000000,1120000
2017-07-13 12:28:35.908000,1.27517,1.2751,1000000,2140000
2017-07-13 12:28:36.114000,1.27515,1.27507,1000000,1390000
2017-07-13 12:28:36.165000,1.27513,1.27507,1000000,3070000
2017-07-13 12:28:36.217000,1.27515,1.27507,1000000,2510000
2017-07-13 12:28:36.421000,1.27516,1.27507,1000000,2140000
2017-07-13 12:28:36.960000,1.27517,1.27508,1500000,1760000
2017-07-13 12:28:37.266000,1.27516,1.27508,1000000,2140000
2017-07-13 12:28:37.572000,1.27518,1.27508,2250000,3070000
2017-07-13 12:28:37.932000,1.27516,1.2751,1000000,3370000
2017-07-13 12:28:38.452000,1.27518,1.27511,1000000,1000000
2017-07-13 12:28:38.996000,1.27517,1.27511,1000000,1000000
2017-07-13 12:28:40.329000,1.27518,1.27511,1000000,1000000
2017-07-13 12:28:40.860000,1.27517,1.27511,1000000,1000000
2017-07-13 12:28:40.913000,1.27519,1.27514,1000000,2250000
2017-07-13 12:28:41.262000,1.27528,1.27523,1000000,1000000
2017-07-13 12:28:41.415000,1.27528,1.27521,1000000,1000000
2017-07-13 12:28:42.501000,1.27527,1.27521,1000000,1000000
2017-07-13 12:28:43.034000,1.27528,1.27521,1000000,1000000
2017-07-13 12:28:43.188000,1.27526,1.27518,1000000,1120000
2017-07-13 12:28:43.239000,1.27527,1.2752,2250000,1000000
2017-07-13 12:28:43.870000,1.27525,1.2752,1000000,1000000
2017-07-13 12:28:44.402000,1.27526,1.2752,1000000,1000000
2017-07-13 12:28:44.906000,1.27525,1.2752,1500000,1000000
2017-07-13 12:28:45.133000,1.27529,1.27523,1250000,4500000
2017-07-13 12:28:45.184000,1.27534,1.2753,1500000,1000000
2017-07-13 12:28:45.287000,1.27533,1.27528,1000000,1000000
2017-07-13 12:28:45.338000,1.27537,1.27528,1000000,1000000
2017-07-13 12:28:45.491000,1.27538,1.27531,1000000,1000000
2017-07-13 12:28:45.746000,1.27542,1.27533,1310000,1000000
2017-07-13 12:28:46.173000,1.2754,1.27529,2510000,2320000
2017-07-13 12:28:46.225000,1.27537,1.27529,1250000,1000000
2017-07-13 12:28:46.276000,1.27535,1.27528,1500000,1000000
2017-07-13 12:28:46.328000,1.27534,1.27526,1250000,1120000
2017-07-13 12:28:46.541000,1.27532,1.27526,1000000,1000000
2017-07-13 12:28:47.405000,1.27533,1.27526,1000000,1000000
2017-07-13 12:28:48.258000,1.27529,1.27523,1000000,1870000
2017-07-13 12:28:48.360000,1.27531,1.27523,1250000,1000000
2017-07-13 12:28:48.991000,1.27531,1.27522,1700000,1120000
2017-07-13 12:28:49.520000,1.2753,1.27521,1200000,1000000
2017-07-13 12:28:50.034000,1.2753,1.2752,1950000,1200000
2017-07-13 12:28:50.642000,1.2753,1.27521,2140000,1250000
2017-07-13 12:28:51.254000,1.2753,1.2752,2250000,3450000
2017-07-13 12:28:51.407000,1.27528,1.27521,1000000,1070000
2017-07-13 12:28:51.458000,1.2753,1.2752,1250000,1570000
2017-07-13 12:28:52.223000,1.2753,1.2752,1250000,4420000
2017-07-13 12:28:52.427000,1.27536,1.27527,1000000,1200000
2017-07-13 12:28:52.976000,1.27536,1.27526,1000000,1000000
2017-07-13 12:28:53.567000,1.27535,1.27525,1000000,2060000
2017-07-13 12:28:53.771000,1.27532,1.27525,1000000,1310000
2017-07-13 12:28:53.925000,1.27534,1.27525,1500000,1000000
2017-07-13 12:28:54.505000,1.27533,1.27524,1000000,2320000
2017-07-13 12:28:55.108000,1.27534,1.27526,1000000,1660000
2017-07-13 12:28:55.162000,1.27534,1.27525,1000000,2490000
2017-07-13 12:28:55.214000,1.27534,1.27526,1000000,1470000
2017-07-13 12:28:55.520000,1.27537,1.27526,1870000,2650000
2017-07-13 12:28:56.060000,1.27536,1.27526,1120000,2250000
2017-07-13 12:28:56.213000,1.27534,1.27526,1000000,1250000
2017-07-13 12:28:56.316000,1.27534,1.27524,1000000,3190000
2017-07-13 12:28:56.906000,1.27534,1.27525,1000000,1250000
2017-07-13 12:28:57.226000,1.27536,1.27524,2510000,1690000
2017-07-13 12:28:57.746000,1.27535,1.27524,1000000,1690000
2017-07-13 12:28:58.259000,1.27534,1.27524,1000000,1250000
2017-07-13 12:28:59.433000,1.27533,1.27524,1000000,1250000
2017-07-13 12:28:59.973000,1.27534,1.27524,1000000,1250000
2017-07-13 12:29:00.179000,1.27534,1.27524,2250000,1450000
2017-07-13 12:29:00.692000,1.27533,1.27525,1000000,1200000
2017-07-13 12:29:01.361000,1.27533,1.27524,1500000,1950000
2017-07-13 12:29:01.873000,1.27534,1.27524,1500000,1100000
2017-07-13 12:29:02.180000,1.27535,1.27523,1500000,3070000
2017-07-13 12:29:02.478000,1.27535,1.27524,1950000,1100000
2017-07-13 12:29:03.008000,1.27534,1.27524,1000000,1100000
2017-07-13 12:29:03.365000,1.27533,1.27524,1000000,1700000
2017-07-13 12:29:03.839000,1.27533,1.27523,1000000,1010000
2017-07-13 12:29:03.941000,1.27533,1.27523,1000000,1450000
2017-07-13 12:29:04.477000,1.27533,1.27522,1000000,4010000
2017-07-13 12:29:04.681000,1.27533,1.27523,1000000,1950000
2017-07-13 12:29:05.121000,1.27533,1.27523,1000000,2140000
2017-07-13 12:29:05.650000,1.27534,1.27524,1000000,1070000
2017-07-13 12:29:06.618000,1.27534,1.27523,1000000,2510000
2017-07-13 12:29:07.560000,1.27534,1.27524,1000000,1070000
2017-07-13 12:29:07.775000,1.27534,1.27523,1000000,2920000
2017-07-13 12:29:08.298000,1.27534,1.27523,1000000,4050000
2017-07-13 12:29:09.047000,1.27534,1.27524,1000000,1200000
2017-07-13 12:29:09.761000,1.27533,1.27522,1190000,2510000
2017-07-13 12:29:10.278000,1.27533,1.27523,1000000,1100000
2017-07-13 12:29:10.779000,1.27533,1.27522,2140000,2890000
2017-07-13 12:29:11.307000,1.27533,1.27522,1390000,2510000
2017-07-13 12:29:11.906000,1.27533,1.27522,2140000,2140000
2017-07-13 12:29:12.282000,1.27535,1.27523,2890000,1010000
2017-07-13 12:29:12.865000,1.27535,1.27522,1950000,4390000
2017-07-13 12:29:15.591000,1.27535,1.27524,2140000,1250000
2017-07-13 12:29:17.305000,1.27535,1.27523,1950000,1690000
2017-07-13 12:29:17.621000,1.27534,1.27523,1640000,1690000
2017-07-13 12:29:17.962000,1.27533,1.27523,1390000,1120000
2017-07-13 12:29:20.539000,1.27532,1.27522,1690000,2890000
2017-07-13 12:29:26.145000,1.27532,1.27522,1190000,1010000
2017-07-13 12:29:26.799000,1.27532,1.27521,1250000,2890000
2017-07-13 12:29:27.106000,1.27543,1.27534,1000000,2250000
2017-07-13 12:29:27.209000,1.27546,1.27535,1250000,1690000
2017-07-13 12:29:27.312000,1.27548,1.27537,2700000,1000000
2017-07-13 12:29:27.824000,1.27547,1.27537,1000000,1000000
2017-07-13 12:29:28.243000,1.27548,1.27539,1190000,2250000
2017-07-13 12:29:28.295000,1.27549,1.27539,1000000,2250000
2017-07-13 12:29:28.807000,1.27549,1.27539,1290000,1250000
2017-07-13 12:29:29.114000,1.27549,1.27541,1000000,1000000
2017-07-13 12:29:29.268000,1.27551,1.27542,1500000,1000000
2017-07-13 12:29:29.426000,1.27554,1.27542,1100000,2250000
2017-07-13 12:29:29.477000,1.27556,1.27547,1000000,1000000
2017-07-13 12:29:29.630000,1.27558,1.27547,1120000,1000000
2017-07-13 12:29:29.733000,1.27558,1.27547,1000000,3450000
2017-07-13 12:29:30.039000,1.27559,1.27552,1000000,1000000
2017-07-13 12:29:30.698000,1.27561,1.27552,1000000,1000000
2017-07-13 12:29:31.228000,1.27561,1.27553,1000000,1000000
2017-07-13 12:29:31.796000,1.2756,1.27552,1120000,1000000
2017-07-13 12:29:32.330000,1.27559,1.27553,1000000,1000000
2017-07-13 12:29:32.639000,1.27559,1.2755,1000000,1000000
2017-07-13 12:29:33.199000,1.2756,1.27552,1120000,1000000
2017-07-13 12:29:34.041000,1.2756,1.27551,1000000,1000000
2017-07-13 12:29:35.882000,1.2756,1.27552,1000000,1000000
2017-07-13 12:29:36.427000,1.27562,1.27551,1500000,1000000
2017-07-13 12:29:38.449000,1.27562,1.27553,1500000,1000000
2017-07-13 12:29:38.977000,1.27562,1.27552,1000000,1000000
2017-07-13 12:29:39.490000,1.27562,1.27553,1000000,1100000
2017-07-13 12:29:40.381000,1.27562,1.27552,1000000,1100000
2017-07-13 12:29:40.925000,1.27563,1.27552,1000000,1200000
2017-07-13 12:29:41.537000,1.27563,1.27552,1500000,1100000
2017-07-13 12:29:42.056000,1.27562,1.27553,1000000,1000000
2017-07-13 12:29:42.145000,1.27562,1.2755,1000000,1070000
2017-07-13 12:29:42.454000,1.27564,1.27549,1000000,1570000
2017-07-13 12:29:43.060000,1.27563,1.27549,1120000,1570000
2017-07-13 12:29:43.519000,1.27562,1.27549,1000000,1100000
2017-07-13 12:29:44.043000,1.27563,1.27549,1120000,1570000
2017-07-13 12:29:44.992000,1.27563,1.27549,1000000,1820000
2017-07-13 12:29:45.247000,1.27563,1.27549,1000000,1100000
2017-07-13 12:29:45.796000,1.27563,1.27548,1000000,3820000
2017-07-13 12:29:46.306000,1.27562,1.27548,1000000,1200000
2017-07-13 12:29:46.783000,1.27566,1.27554,1870000,1000000
2017-07-13 12:29:47.091000,1.27572,1.27561,1000000,2620000
2017-07-13 12:29:47.195000,1.27569,1.27555,1000000,2510000
2017-07-13 12:29:47.247000,1.27573,1.27557,1000000,1070000
2017-07-13 12:29:47.299000,1.27571,1.27557,1000000,1070000
2017-07-13 12:29:47.550000,1.27571,1.27553,1000000,1450000
2017-07-13 12:29:47.858000,1.27571,1.27552,1690000,2700000
2017-07-13 12:29:48.369000,1.2757,1.27551,1000000,2320000
2017-07-13 12:29:48.898000,1.27571,1.27551,1500000,1200000
2017-07-13 12:29:49.444000,1.2757,1.27551,1000000,2700000
2017-07-13 12:29:49.995000,1.2757,1.27551,1500000,3820000
2017-07-13 12:29:50.200000,1.27568,1.27549,1000000,1390000
2017-07-13 12:29:50.252000,1.27569,1.27548,1500000,2250000
2017-07-13 12:29:50.767000,1.27568,1.27549,1000000,1000000
2017-07-13 12:29:51.277000,1.27568,1.27548,1000000,1000000
2017-07-13 12:29:51.328000,1.27568,1.27548,1000000,1760000
2017-07-13 12:29:51.695000,1.27567,1.27555,1000000,1570000
2017-07-13 12:29:51.902000,1.27571,1.27554,1000000,1070000
2017-07-13 12:29:52.005000,1.27568,1.2755,1000000,2320000
2017-07-13 12:29:52.057000,1.27568,1.2755,1000000,1000000
2017-07-13 12:29:52.568000,1.27569,1.27549,1250000,1000000
2017-07-13 12:29:52.752000,1.27569,1.27549,1500000,1820000
2017-07-13 12:29:53.098000,1.27566,1.27548,1000000,3820000
2017-07-13 12:29:53.202000,1.27566,1.27548,1000000,2250000
2017-07-13 12:29:53.462000,1.27566,1.27548,1000000,1950000
2017-07-13 12:29:53.513000,1.27566,1.27548,1000000,1370000
2017-07-13 12:29:53.565000,1.27566,1.27548,1000000,1950000
2017-07-13 12:29:54.135000,1.27567,1.27548,1000000,1950000
2017-07-13 12:29:55.082000,1.27566,1.27549,1000000,1000000
2017-07-13 12:29:55.593000,1.27567,1.27547,1000000,1870000
2017-07-13 12:29:56.095000,1.27567,1.27547,1000000,1120000
2017-07-13 12:29:56.354000,1.27569,1.27547,1000000,1500000
2017-07-13 12:29:56.508000,1.27558,1.27547,1500000,1500000
2017-07-13 12:29:56.717000,1.27563,1.27547,1250000,1310000
2017-07-13 12:29:57.231000,1.27563,1.27547,1000000,1690000
2017-07-13 12:29:57.386000,1.27563,1.27546,1000000,2250000
2017-07-13 12:29:57.438000,1.27559,1.27546,1000000,2700000
2017-07-13 12:29:57.582000,1.27561,1.27546,1000000,2320000
2017-07-13 12:29:57.838000,1.27561,1.27549,1000000,1000000
2017-07-13 12:29:57.992000,1.27565,1.27545,1000000,1690000
2017-07-13 12:29:58.827000,1.27565,1.27545,1000000,1690000
2017-07-13 12:29:58.980000,1.27572,1.27545,2620000,1500000
2017-07-13 12:29:59.491000,1.27572,1.27546,2440000,1250000
2017-07-13 12:29:59.661000,1.27571,1.27545,1000000,2060000
2017-07-13 12:29:59.875000,1.27572,1.27545,2440000,3000000
2017-07-13 12:30:00.233000,1.27571,1.27546,1000000,2620000
2017-07-13 12:30:00.285000,1.27571,1.27554,1000000,1000000
2017-07-13 12:30:00.582000,1.27572,1.27548,2440000,1000000
2017-07-13 12:30:00.633000,1.27572,1.27548,2440000,1000000
2017-07-13 12:30:00.787000,1.2757,1.27548,1250000,1370000
2017-07-13 12:30:00.941000,1.27569,1.27547,1000000,1000000
2017-07-13 12:30:00.994000,1.27569,1.27546,1000000,3490000
2017-07-13 12:30:01.524000,1.27571,1.27545,1190000,3490000
2017-07-13 12:30:02.183000,1.27571,1.27547,3190000,1610000
2017-07-13 12:30:02.493000,1.27564,1.27548,1000000,1750000
2017-07-13 12:30:02.597000,1.27566,1.27547,1000000,1970000
2017-07-13 12:30:02.649000,1.27564,1.27548,1000000,1750000
2017-07-13 12:30:03.403000,1.27563,1.27548,1000000,1120000
2017-07-13 12:30:03.607000,1.27563,1.27546,1000000,1720000
2017-07-13 12:30:03.659000,1.27563,1.27546,1000000,1950000
2017-07-13 12:30:03.710000,1.27564,1.27546,1000000,1500000
2017-07-13 12:30:03.930000,1.27557,1.27544,1570000,2250000
2017-07-13 12:30:04.544000,1.27555,1.27545,1000000,1000000
2017-07-13 12:30:04.818000,1.27558,1.27545,1000000,1000000
2017-07-13 12:30:04.921000,1.27563,1.27545,1870000,1870000
2017-07-13 12:30:05.076000,1.27564,1.27546,1500000,3190000
2017-07-13 12:30:05.231000,1.27564,1.27546,1690000,2440000
2017-07-13 12:30:05.614000,1.27564,1.27546,1190000,2510000
2017-07-13 12:30:06.025000,1.27561,1.27547,1000000,1570000
2017-07-13 12:30:06.077000,1.27565,1.27547,1190000,1640000
2017-07-13 12:30:06.180000,1.27568,1.27546,2810000,1370000
2017-07-13 12:30:06.233000,1.2756,1.27546,1000000,1000000
2017-07-13 12:30:06.509000,1.27567,1.27549,1690000,1250000
2017-07-13 12:30:06.612000,1.27564,1.27547,1250000,2060000
2017-07-13 12:30:07.376000,1.27564,1.27547,1690000,1760000
2017-07-13 12:30:07.887000,1.27564,1.27547,1690000,2140000
2017-07-13 12:30:08.206000,1.27564,1.27547,1690000,1310000
2017-07-13 12:30:08.258000,1.27564,1.27547,1190000,1010000
2017-07-13 12:30:08.618000,1.27564,1.27547,1190000,2060000
2017-07-13 12:30:08.669000,1.27564,1.27547,1190000,2510000
2017-07-13 12:30:09.005000,1.27564,1.27548,1190000,1500000
2017-07-13 12:30:09.459000,1.27564,1.27547,1690000,1010000
2017-07-13 12:30:09.562000,1.27566,1.27547,2440000,1310000
2017-07-13 12:30:09.717000,1.27568,1.27548,2810000,1190000
2017-07-13 12:30:09.821000,1.27568,1.27549,3940000,1690000
2017-07-13 12:30:10.345000,1.27568,1.27551,1000000,1000000
2017-07-13 12:30:10.654000,1.27568,1.27554,1500000,1450000
2017-07-13 12:30:10.965000,1.27556,1.27547,1000000,1350000
2017-07-13 12:30:11.281000,1.27555,1.27546,1690000,2440000
2017-07-13 12:30:11.488000,1.27552,1.27543,1190000,2250000
2017-07-13 12:30:11.591000,1.27554,1.27543,1190000,4200000
2017-07-13 12:30:11.798000,1.27558,1.27544,1500000,1570000
2017-07-13 12:30:11.850000,1.27561,1.27544,1250000,1700000
2017-07-13 12:30:12.054000,1.27563,1.27548,1000000,1500000
2017-07-13 12:30:12.105000,1.27566,1.27546,2060000,3000000
2017-07-13 12:30:12.260000,1.27566,1.27548,1190000,1000000
2017-07-13 12:30:12.625000,1.27566,1.27546,1250000,3750000
2017-07-13 12:30:12.953000,1.27564,1.27547,1000000,1000000
2017-07-13 12:30:13.261000,1.27562,1.27548,1000000,1000000
2017-07-13 12:30:13.795000,1.27562,1.27548,1690000,1000000
2017-07-13 12:30:14.100000,1.27564,1.27547,1500000,1000000
2017-07-13 12:30:14.152000,1.27562,1.27546,1190000,1000000
2017-07-13 12:30:14.469000,1.27561,1.27548,1250000,1000000
2017-07-13 12:30:15.011000,1.27562,1.27547,2440000,1950000
2017-07-13 12:30:15.165000,1.27562,1.27547,2440000,1500000
2017-07-13 12:30:15.216000,1.27561,1.27547,1690000,1500000
2017-07-13 12:30:15.758000,1.27561,1.27548,1690000,1000000
2017-07-13 12:30:16.132000,1.27555,1.27544,1000000,1760000
2017-07-13 12:30:16.390000,1.27554,1.27542,1000000,4200000
2017-07-13 12:30:16.441000,1.27552,1.27541,1000000,1500000
2017-07-13 12:30:16.595000,1.27555,1.27541,2440000,1450000
2017-07-13 12:30:16.647000,1.27555,1.27541,1870000,1950000
2017-07-13 12:30:16.926000,1.27553,1.27539,1310000,1000000
2017-07-13 12:30:16.977000,1.27551,1.2754,1250000,1200000
2017-07-13 12:30:17.556000,1.27551,1.27538,1250000,1570000
2017-07-13 12:30:17.607000,1.27555,1.27539,5060000,1450000
2017-07-13 12:30:17.951000,1.27561,1.27549,1120000,1010000
2017-07-13 12:30:18.003000,1.27562,1.27548,3940000,1390000
2017-07-13 12:30:18.207000,1.27561,1.27549,2000000,1070000
2017-07-13 12:30:18.465000,1.27562,1.27548,3190000,1250000
2017-07-13 12:30:19.160000,1.27559,1.27547,1870000,1950000
2017-07-13 12:30:19.211000,1.27557,1.27547,1000000,1200000
2017-07-13 12:30:19.722000,1.27559,1.27547,1500000,1310000
2017-07-13 12:30:20.225000,1.27559,1.27548,1500000,1250000
2017-07-13 12:30:20.742000,1.27559,1.27548,1120000,1620000
2017-07-13 12:30:21.272000,1.2756,1.27548,2100000,1250000
2017-07-13 12:30:21.579000,1.27555,1.27542,1010000,1000000
2017-07-13 12:30:21.932000,1.27554,1.27539,2060000,1500000
2017-07-13 12:30:22.443000,1.27554,1.27539,1990000,1010000
2017-07-13 12:30:23.858000,1.27553,1.2754,1250000,1000000
2017-07-13 12:30:23.961000,1.27551,1.27539,1910000,2250000
2017-07-13 12:30:24.307000,1.27545,1.27533,4120000,1100000
2017-07-13 12:30:24.819000,1.27544,1.27532,1000000,1760000
2017-07-13 12:30:25.295000,1.27544,1.27531,1500000,2620000
2017-07-13 12:30:25.348000,1.27543,1.2753,1190000,2140000
2017-07-13 12:30:25.657000,1.2754,1.2753,1690000,1120000
2017-07-13 12:30:25.811000,1.2754,1.27528,1690000,1250000
2017-07-13 12:30:26.219000,1.27542,1.27528,1310000,4010000
2017-07-13 12:30:26.731000,1.27542,1.27529,1250000,1700000
2017-07-13 12:30:27.192000,1.27541,1.27528,1310000,1760000
2017-07-13 12:30:27.703000,1.2754,1.27528,1250000,1760000
2017-07-13 12:30:28.541000,1.2754,1.27529,1000000,1760000
2017-07-13 12:30:29.060000,1.2754,1.27529,1000000,1390000
2017-07-13 12:30:29.367000,1.27541,1.27532,1000000,1000000
2017-07-13 12:30:29.913000,1.2754,1.27531,1000000,1000000
2017-07-13 12:30:30.225000,1.27539,1.27527,1250000,1690000
2017-07-13 12:30:30.379000,1.27538,1.2753,1000000,2140000
2017-07-13 12:30:30.584000,1.27548,1.27538,1370000,1500000
2017-07-13 12:30:30.704000,1.2755,1.27538,1500000,2620000
2017-07-13 12:30:30.807000,1.2755,1.2754,1120000,1000000
2017-07-13 12:30:31.347000,1.2755,1.27539,1120000,1250000
2017-07-13 12:30:31.854000,1.2755,1.27538,2060000,3560000
2017-07-13 12:30:32.213000,1.27543,1.27537,1000000,6450000
2017-07-13 12:30:32.316000,1.27543,1.27538,1000000,1000000
2017-07-13 12:30:32.418000,1.27545,1.27536,1000000,1000000
2017-07-13 12:30:32.470000,1.27547,1.27538,1000000,1500000
2017-07-13 12:30:32.572000,1.27549,1.27537,1250000,1760000
2017-07-13 12:30:32.981000,1.27548,1.27536,1310000,3260000
2017-07-13 12:30:33.033000,1.27549,1.27538,2510000,1500000
2017-07-13 12:30:33.362000,1.27553,1.27542,1690000,1500000
2017-07-13 12:30:33.722000,1.27555,1.27542,1500000,3450000
2017-07-13 12:30:33.773000,1.27556,1.27547,1500000,1000000
2017-07-13 12:30:33.877000,1.27556,1.27545,1000000,1500000
2017-07-13 12:30:34.418000,1.27556,1.27544,1500000,3640000
2017-07-13 12:30:35.017000,1.27556,1.27544,2060000,2440000
2017-07-13 12:30:35.221000,1.27557,1.27546,1250000,1500000
2017-07-13 12:30:35.664000,1.27558,1.27548,3910000,1000000
2017-07-13 12:30:35.919000,1.27556,1.27546,1120000,1950000
2017-07-13 12:30:35.971000,1.27558,1.27548,2000000,1000000
2017-07-13 12:30:36.023000,1.27558,1.27548,2060000,1000000
2017-07-13 12:30:36.227000,1.27558,1.27546,2060000,3190000
2017-07-13 12:30:36.749000,1.27558,1.27545,2810000,4010000
2017-07-13 12:30:36.851000,1.27559,1.27545,3260000,4010000
2017-07-13 12:30:36.903000,1.27558,1.27545,2060000,3260000
2017-07-13 12:30:37.109000,1.27558,1.27545,1310000,5140000
2017-07-13 12:30:37.612000,1.27557,1.27546,1000000,1570000
2017-07-13 12:30:38.124000,1.27557,1.27547,1310000,1570000
2017-07-13 12:30:38.518000,1.27557,1.27544,1690000,4200000
2017-07-13 12:30:38.622000,1.27556,1.27547,1250000,1500000
2017-07-13 12:30:39.165000,1.27558,1.27547,1310000,3750000
2017-07-13 12:30:39.471000,1.27565,1.27553,1690000,5890000
2017-07-13 12:30:39.522000,1.27565,1.27555,1690000,2250000
2017-07-13 12:30:39.676000,1.27567,1.27555,1000000,2320000
2017-07-13 12:30:39.727000,1.27568,1.27557,1200000,1370000
2017-07-13 12:30:39.991000,1.27571,1.27559,1390000,2250000
2017-07-13 12:30:40.500000,1.2757,1.27558,1200000,3190000
2017-07-13 12:30:41.049000,1.2757,1.27558,1200000,1250000
2017-07-13 12:30:41.573000,1.2757,1.27556,1950000,1950000
2017-07-13 12:30:41.727000,1.27565,1.27556,1000000,1100000
2017-07-13 12:30:42.140000,1.27563,1.27554,1190000,1500000
2017-07-13 12:30:42.602000,1.2756,1.27552,1000000,1370000
2017-07-13 12:30:42.858000,1.27555,1.27544,1310000,3640000
2017-07-13 12:30:43.216000,1.27554,1.27544,1620000,3560000
2017-07-13 12:30:43.523000,1.27551,1.27543,1000000,1100000
2017-07-13 12:30:44.032000,1.27552,1.27544,1000000,1250000
2017-07-13 12:30:45.458000,1.27552,1.27543,1000000,1310000
2017-07-13 12:30:45.890000,1.27554,1.27545,1000000,1500000
2017-07-13 12:30:45.993000,1.27554,1.27543,1000000,3640000
2017-07-13 12:30:46.405000,1.2755,1.27542,1870000,2060000
2017-07-13 12:30:46.457000,1.2755,1.27541,1690000,1000000
2017-07-13 12:30:46.510000,1.27549,1.27538,1870000,2440000
2017-07-13 12:30:46.613000,1.27544,1.27536,1000000,4760000
2017-07-13 12:30:46.716000,1.27547,1.27538,1000000,1000000
2017-07-13 12:30:46.819000,1.27545,1.27538,1000000,2440000
2017-07-13 12:30:47.083000,1.27547,1.27537,1000000,4010000
2017-07-13 12:30:47.287000,1.27548,1.2754,1120000,1250000
2017-07-13 12:30:48.103000,1.27547,1.2754,1000000,1000000
2017-07-13 12:30:48.378000,1.27547,1.27538,1000000,2140000
2017-07-13 12:30:48.429000,1.27547,1.27538,1000000,3640000
2017-07-13 12:30:48.943000,1.27548,1.27539,1000000,1250000
2017-07-13 12:30:50.578000,1.27547,1.27539,1000000,1200000
2017-07-13 12:30:51.663000,1.27547,1.27538,1000000,1690000
2017-07-13 12:30:52.244000,1.27546,1.27537,1000000,1120000
2017-07-13 12:30:52.557000,1.27546,1.27535,1500000,1100000
2017-07-13 12:30:52.608000,1.27542,1.27533,1000000,4870000
2017-07-13 12:30:52.914000,1.27544,1.27534,1250000,1950000
2017-07-13 12:30:53.725000,1.27543,1.27534,1000000,1100000
2017-07-13 12:30:54.133000,1.27544,1.27534,1000000,3070000
2017-07-13 12:30:54.439000,1.27543,1.27533,1000000,3260000
2017-07-13 12:30:54.795000,1.27541,1.27533,1000000,1570000
2017-07-13 12:30:55.305000,1.27542,1.27533,1000000,1450000
2017-07-13 12:30:55.788000,1.27545,1.27535,1000000,1570000
2017-07-13 12:30:55.839000,1.27545,1.27535,1000000,3300000
2017-07-13 12:30:56.147000,1.27547,1.27537,1000000,4050000
2017-07-13 12:30:56.467000,1.27548,1.27539,1000000,1750000
2017-07-13 12:30:56.518000,1.27548,1.27539,1000000,1750000
2017-07-13 12:30:57.029000,1.27547,1.27537,1000000,4950000
2017-07-13 12:30:57.921000,1.27547,1.27537,1000000,1200000
2017-07-13 12:30:58.443000,1.27548,1.27537,1000000,1200000
2017-07-13 12:30:59.323000,1.27547,1.27537,1000000,2320000
2017-07-13 12:30:59.477000,1.27545,1.27535,1190000,1870000
2017-07-13 12:30:59.528000,1.27547,1.27535,5700000,1870000
2017-07-13 12:30:59.683000,1.27541,1.27534,1870000,4200000
2017-07-13 12:30:59.786000,1.27542,1.27534,1000000,1000000
2017-07-13 12:30:59.837000,1.27542,1.27534,1870000,3000000
2017-07-13 12:30:59.978000,1.27543,1.27536,1500000,1000000
2017-07-13 12:31:00.036000,1.27541,1.27535,1000000,3450000
2017-07-13 12:31:00.139000,1.27546,1.27538,1000000,1370000
2017-07-13 12:31:00.243000,1.27546,1.27537,1000000,3000000
2017-07-13 12:31:00.551000,1.27545,1.27538,1000000,1500000
2017-07-13 12:31:00.705000,1.27549,1.27539,1500000,2140000
2017-07-13 12:31:01.839000,1.2755,1.27539,1000000,1950000
2017-07-13 12:31:02.355000,1.27549,1.27539,1000000,2140000
2017-07-13 12:31:03.595000,1.27548,1.27539,1000000,2890000
2017-07-13 12:31:04.301000,1.27547,1.27539,1000000,1450000
2017-07-13 12:31:04.821000,1.27546,1.27539,1000000,1640000
2017-07-13 12:31:04.924000,1.27548,1.2754,1000000,1070000
2017-07-13 12:31:06.629000,1.27548,1.2754,1000000,1120000
2017-07-13 12:31:07.139000,1.27547,1.27539,1000000,1570000
2017-07-13 12:31:07.747000,1.27547,1.27539,1000000,3640000
2017-07-13 12:31:07.849000,1.27549,1.27539,1000000,4240000
2017-07-13 12:31:07.902000,1.2755,1.27546,1000000,1500000
2017-07-13 12:31:07.954000,1.27553,1.27547,1120000,1500000
2017-07-13 12:31:08.159000,1.27556,1.27548,1120000,1370000
2017-07-13 12:31:08.533000,1.27554,1.27545,1000000,3560000
2017-07-13 12:31:09.178000,1.27553,1.27545,1000000,1750000
2017-07-13 12:31:09.281000,1.27553,1.27543,1690000,1000000
2017-07-13 12:31:09.469000,1.27549,1.2754,1000000,2700000
2017-07-13 12:31:10.236000,1.27551,1.27543,1000000,1570000
2017-07-13 12:31:10.765000,1.2755,1.2754,1000000,3820000
2017-07-13 12:31:11.271000,1.27549,1.2754,1000000,2700000
2017-07-13 12:31:11.782000,1.27548,1.2754,1000000,1950000
2017-07-13 12:31:11.884000,1.27548,1.27541,1000000,3000000
2017-07-13 12:31:11.936000,1.27552,1.27541,1120000,4540000
2017-07-13 12:31:12.133000,1.27554,1.27544,1000000,3110000
2017-07-13 12:31:12.648000,1.27555,1.27545,1000000,1850000
2017-07-13 12:31:12.801000,1.27555,1.27545,1000000,1120000
2017-07-13 12:31:12.853000,1.27553,1.27545,1000000,1200000
2017-07-13 12:31:13.272000,1.27551,1.27541,1000000,3820000
2017-07-13 12:31:13.426000,1.27549,1.27541,1000000,3450000
2017-07-13 12:31:13.862000,1.27549,1.2754,1000000,2700000
2017-07-13 12:31:14.370000,1.27548,1.2754,1000000,1120000
2017-07-13 12:31:14.881000,1.27549,1.27541,1000000,1500000
2017-07-13 12:31:15.275000,1.27546,1.27539,1000000,1500000
2017-07-13 12:31:15.790000,1.27546,1.27538,1370000,1120000
2017-07-13 12:31:15.842000,1.27546,1.27537,1370000,1100000
2017-07-13 12:31:15.945000,1.27542,1.27536,1370000,1000000
2017-07-13 12:31:15.997000,1.27542,1.27533,1870000,1500000
2017-07-13 12:31:16.049000,1.27538,1.27533,1000000,1120000
2017-07-13 12:31:16.100000,1.27538,1.27529,1000000,3450000
2017-07-13 12:31:16.609000,1.27539,1.27529,1120000,2890000
2017-07-13 12:31:16.712000,1.27539,1.27534,1000000,1800000
2017-07-13 12:31:16.763000,1.27542,1.27536,1000000,1690000
2017-07-13 12:31:16.866000,1.27545,1.27537,1000000,4760000
2017-07-13 12:31:16.968000,1.27548,1.27538,1000000,2510000
2017-07-13 12:31:17.019000,1.27548,1.27541,1000000,1000000
2017-07-13 12:31:17.193000,1.27554,1.27544,1310000,1500000
2017-07-13 12:31:17.398000,1.27555,1.27545,1000000,1690000
2017-07-13 12:31:17.705000,1.27556,1.27547,1000000,1370000
2017-07-13 12:31:18.748000,1.27555,1.27545,1000000,5060000
2017-07-13 12:31:19.776000,1.27554,1.27547,1000000,1370000
2017-07-13 12:31:20.082000,1.27552,1.27545,1000000,1120000
2017-07-13 12:31:20.606000,1.27552,1.27544,1000000,1690000
2017-07-13 12:31:22.003000,1.27552,1.27545,1000000,2250000
2017-07-13 12:31:22.157000,1.27554,1.27545,1000000,3190000
2017-07-13 12:31:22.701000,1.27555,1.27545,1000000,2440000
2017-07-13 12:31:24.071000,1.27554,1.27545,1000000,1500000
2017-07-13 12:31:25.185000,1.27553,1.27544,1000000,3070000
2017-07-13 12:31:25.990000,1.27554,1.27544,1000000,1760000
2017-07-13 12:31:26.195000,1.27552,1.27544,1000000,2000000
2017-07-13 12:31:26.654000,1.27554,1.27545,1000000,2440000
2017-07-13 12:31:27.187000,1.27555,1.27546,1000000,2250000
2017-07-13 12:31:27.732000,1.27554,1.27546,1000000,1750000
2017-07-13 12:31:27.977000,1.27556,1.27547,1000000,2440000
2017-07-13 12:31:28.643000,1.27556,1.27546,1370000,1750000
2017-07-13 12:31:29.066000,1.27555,1.27546,1000000,1120000
2017-07-13 12:31:29.372000,1.27553,1.27544,1000000,1500000
2017-07-13 12:31:32.703000,1.27552,1.27544,1000000,1500000
2017-07-13 12:31:33.179000,1.27554,1.27544,1500000,1310000
2017-07-13 12:31:34.496000,1.27553,1.27544,1000000,1870000
2017-07-13 12:31:35.067000,1.27554,1.27544,1500000,1120000
2017-07-13 12:31:35.581000,1.27554,1.27545,1000000,1310000
2017-07-13 12:31:36.432000,1.27554,1.27547,1000000,1000000
2017-07-13 12:31:36.688000,1.27556,1.27548,1000000,1500000
2017-07-13 12:31:38.281000,1.27556,1.27547,1000000,1310000
2017-07-13 12:31:40.880000,1.27556,1.27548,1000000,1250000
2017-07-13 12:31:41.390000,1.27556,1.2755,1000000,3190000
2017-07-13 12:31:41.590000,1.27563,1.27554,1690000,2700000
2017-07-13 12:31:41.641000,1.27565,1.27555,1000000,2060000
2017-07-13 12:31:42.166000,1.27566,1.27555,1000000,2140000
2017-07-13 12:31:42.274000,1.27567,1.27559,1120000,1190000
2017-07-13 12:31:42.640000,1.27579,1.27575,1000000,1000000
2017-07-13 12:31:42.691000,1.27587,1.27584,3750000,1500000
2017-07-13 12:31:42.795000,1.27595,1.27591,2440000,1000000
2017-07-13 12:31:42.846000,1.27597,1.27591,1120000,2620000
2017-07-13 12:31:42.898000,1.27598,1.27594,1000000,1120000
2017-07-13 12:31:43,1.27603,1.27593,1080000,2700000
2017-07-13 12:31:43.512000,1.27605,1.27595,1010000,1000000
2017-07-13 12:31:44.033000,1.27604,1.27595,1800000,1000000
2017-07-13 12:31:44.341000,1.27589,1.27585,1000000,1120000
2017-07-13 12:31:44.393000,1.27588,1.27582,1000000,1120000
2017-07-13 12:31:44.588000,1.27588,1.2758,1250000,1690000
2017-07-13 12:31:44.694000,1.2759,1.2758,1000000,1000000
2017-07-13 12:31:45.309000,1.2759,1.27581,2440000,1000000
2017-07-13 12:31:47.583000,1.27591,1.27581,2510000,1000000
2017-07-13 12:31:48.094000,1.2759,1.27582,1250000,1000000
2017-07-13 12:31:48.197000,1.27589,1.2758,1000000,1120000
2017-07-13 12:31:48.512000,1.2759,1.27582,1000000,1000000
2017-07-13 12:31:49.384000,1.27591,1.27587,1250000,1000000
2017-07-13 12:31:49.435000,1.27592,1.27585,1690000,1500000
2017-07-13 12:31:49.537000,1.27595,1.27586,1690000,1000000
2017-07-13 12:31:49.639000,1.27594,1.27584,1100000,1870000
2017-07-13 12:31:50.014000,1.27592,1.27583,1000000,1000000
2017-07-13 12:31:50.321000,1.27587,1.27576,1950000,1500000
2017-07-13 12:31:50.475000,1.27584,1.27574,2740000,1000000
2017-07-13 12:31:50.747000,1.27582,1.27573,3640000,1000000
2017-07-13 12:31:50.799000,1.2758,1.27571,2060000,1000000
2017-07-13 12:31:51.310000,1.2758,1.27571,1500000,1000000
2017-07-13 12:31:51.463000,1.2758,1.27574,2440000,1000000
2017-07-13 12:31:51.611000,1.27582,1.27574,1000000,1000000
2017-07-13 12:31:52.407000,1.27582,1.27573,1000000,1000000
2017-07-13 12:31:52.925000,1.27582,1.27572,1200000,1000000
2017-07-13 12:31:52.976000,1.27582,1.27572,3070000,1000000
2017-07-13 12:31:53.489000,1.27581,1.27571,3860000,1120000
2017-07-13 12:31:53.999000,1.27581,1.27572,3860000,1000000
2017-07-13 12:31:55.362000,1.2758,1.27571,1250000,1120000
2017-07-13 12:31:55.876000,1.27581,1.27571,1450000,1120000
2017-07-13 12:31:56.303000,1.27596,1.27588,1000000,1000000
2017-07-13 12:31:56.919000,1.27596,1.27588,1190000,1000000
2017-07-13 12:31:57.244000,1.27597,1.27591,1570000,1000000
2017-07-13 12:31:57.295000,1.27595,1.27587,1000000,1000000
2017-07-13 12:31:58.070000,1.27596,1.27587,1500000,1000000
2017-07-13 12:31:58.377000,1.27592,1.27585,1500000,1120000
2017-07-13 12:31:58.480000,1.27591,1.27583,1000000,1000000
2017-07-13 12:31:58.532000,1.27591,1.27581,1100000,1000000
2017-07-13 12:31:59.939000,1.27591,1.27581,2140000,1000000
2017-07-13 12:32:00.454000,1.27591,1.27581,1000000,2250000
2017-07-13 12:32:00.984000,1.27591,1.27582,1500000,1500000
2017-07-13 12:32:01.481000,1.27591,1.27587,1500000,1000000
2017-07-13 12:32:01.683000,1.27596,1.2759,1000000,1120000
2017-07-13 12:32:01.735000,1.27601,1.27591,1100000,2620000
2017-07-13 12:32:02.143000,1.27602,1.27594,1000000,1000000
2017-07-13 12:32:02.297000,1.27606,1.27597,1570000,1000000
2017-07-13 12:32:02.833000,1.27606,1.27597,1200000,1000000
2017-07-13 12:32:03.353000,1.27606,1.27597,1370000,4500000
2017-07-13 12:32:03.517000,1.27607,1.27598,1120000,1000000
2017-07-13 12:32:04.031000,1.27607,1.27597,1120000,1500000
2017-07-13 12:32:04.600000,1.27606,1.27598,1100000,1000000
2017-07-13 12:32:04.703000,1.27606,1.27596,1950000,1120000
2017-07-13 12:32:04.909000,1.27606,1.27598,1450000,1000000
2017-07-13 12:32:04.960000,1.27606,1.27597,1100000,1500000
2017-07-13 12:32:05.471000,1.27606,1.27596,1950000,1870000
2017-07-13 12:32:05.624000,1.27606,1.27598,1500000,1000000
2017-07-13 12:32:06.032000,1.27606,1.27598,1450000,1000000
2017-07-13 12:32:06.084000,1.27606,1.27596,1950000,1120000
2017-07-13 12:32:06.387000,1.27606,1.27596,1500000,2250000
2017-07-13 12:32:06.899000,1.27606,1.27597,1950000,1000000
2017-07-13 12:32:07.172000,1.27605,1.27595,1100000,1500000
2017-07-13 12:32:07.682000,1.27605,1.27596,1000000,1000000
2017-07-13 12:32:07.963000,1.27605,1.27599,1250000,1690000
2017-07-13 12:32:08.066000,1.27609,1.27601,1500000,1000000
2017-07-13 12:32:08.119000,1.27612,1.27601,1100000,1120000
2017-07-13 12:32:08.222000,1.27612,1.27603,1100000,1000000
2017-07-13 12:32:08.530000,1.27611,1.27601,1800000,1000000
2017-07-13 12:32:09.002000,1.27611,1.27601,1200000,1000000
2017-07-13 12:32:09.159000,1.27613,1.27604,1570000,1000000
2017-07-13 12:32:09.315000,1.27615,1.27606,3070000,1000000
2017-07-13 12:32:09.367000,1.27615,1.27608,1570000,1000000
2017-07-13 12:32:09.572000,1.2762,1.27609,2510000,1000000
2017-07-13 12:32:10.138000,1.27621,1.27612,2700000,1000000
2017-07-13 12:32:10.650000,1.27621,1.27613,1570000,1000000
2017-07-13 12:32:11.008000,1.2762,1.27611,1050000,1120000
2017-07-13 12:32:11.179000,1.27621,1.27613,1200000,1000000
2017-07-13 12:32:11.231000,1.27623,1.27613,1950000,1000000
2017-07-13 12:32:11.437000,1.27625,1.27616,1200000,1000000
2017-07-13 12:32:11.539000,1.27628,1.27618,2700000,1000000
2017-07-13 12:32:11.591000,1.27628,1.2762,1950000,1000000
2017-07-13 12:32:12.121000,1.27629,1.27621,1100000,1000000
2017-07-13 12:32:13.854000,1.27629,1.27621,1200000,1000000
2017-07-13 12:32:14.259000,1.27627,1.27617,1200000,1870000
2017-07-13 12:32:14.770000,1.27627,1.27618,2320000,1000000
2017-07-13 12:32:15.289000,1.27628,1.27619,2320000,1000000
2017-07-13 12:32:15.495000,1.27629,1.27619,2320000,1000000
2017-07-13 12:32:15.905000,1.27631,1.27621,1800000,1000000
2017-07-13 12:32:17.313000,1.27629,1.27621,1800000,1000000
2017-07-13 12:32:17.620000,1.27627,1.2762,1370000,1000000
2017-07-13 12:32:17.673000,1.27628,1.2762,1420000,1000000
2017-07-13 12:32:18.191000,1.27629,1.27621,1000000,1120000
2017-07-13 12:32:18.652000,1.27628,1.27618,2320000,1000000
2017-07-13 12:32:19.014000,1.27627,1.27616,1600000,2320000
2017-07-13 12:32:19.527000,1.27627,1.27617,1350000,1000000
2017-07-13 12:32:20.098000,1.27627,1.27618,1000000,1000000
2017-07-13 12:32:20.717000,1.27628,1.27617,3000000,2250000
2017-07-13 12:32:21.243000,1.27628,1.27616,2850000,3820000
2017-07-13 12:32:22.152000,1.27626,1.27616,1500000,2250000
2017-07-13 12:32:22.611000,1.27621,1.27614,1300000,2250000
2017-07-13 12:32:22.714000,1.2762,1.27611,1000000,1870000
2017-07-13 12:32:22.765000,1.2762,1.27611,1000000,1120000
2017-07-13 12:32:23.173000,1.2762,1.27613,1000000,1000000
2017-07-13 12:32:23.490000,1.27629,1.2762,1120000,1120000
2017-07-13 12:32:23.796000,1.27629,1.27622,1000000,1120000
2017-07-13 12:32:24.315000,1.27629,1.27621,1000000,1000000
2017-07-13 12:32:24.377000,1.27629,1.27619,1600000,1870000
2017-07-13 12:32:24.894000,1.27629,1.27619,1870000,1500000
2017-07-13 12:32:24.946000,1.27627,1.27617,2100000,2320000
2017-07-13 12:32:25.294000,1.27624,1.27615,1000000,1000000
2017-07-13 12:32:26.248000,1.27623,1.27613,1500000,1950000
2017-07-13 12:32:26.758000,1.27623,1.27613,1500000,1200000
2017-07-13 12:32:27.232000,1.27623,1.27613,4870000,1500000
2017-07-13 12:32:27.539000,1.27616,1.27609,2620000,2250000
2017-07-13 12:32:27.641000,1.27615,1.27606,2100000,1120000
2017-07-13 12:32:27.795000,1.27613,1.27604,1870000,1870000
2017-07-13 12:32:28.108000,1.27613,1.27606,1000000,1000000
2017-07-13 12:32:28.422000,1.27614,1.27604,1000000,1950000
2017-07-13 12:32:28.576000,1.27612,1.27604,1870000,1120000
2017-07-13 12:32:28.780000,1.27613,1.27603,1500000,2320000
2017-07-13 12:32:28.883000,1.27613,1.27605,1500000,1000000
2017-07-13 12:32:29.208000,1.27616,1.27607,1000000,1000000
2017-07-13 12:32:29.667000,1.27614,1.27607,1500000,1000000
2017-07-13 12:32:30.302000,1.27613,1.27604,1000000,1250000
2017-07-13 12:32:30.814000,1.27614,1.27604,1500000,4950000
2017-07-13 12:32:31.539000,1.27614,1.27606,1000000,1100000
2017-07-13 12:32:31.946000,1.27614,1.27604,1000000,2320000
2017-07-13 12:32:32.528000,1.27614,1.27605,1000000,1000000
2017-07-13 12:32:32.785000,1.27612,1.27605,1000000,1000000
2017-07-13 12:32:33.348000,1.27612,1.27604,1000000,1000000
2017-07-13 12:32:34.800000,1.27612,1.27604,1000000,1200000
2017-07-13 12:32:35.325000,1.27612,1.27604,1000000,1100000
2017-07-13 12:32:35.378000,1.27614,1.27604,1000000,1100000
2017-07-13 12:32:35.941000,1.27614,1.27605,1000000,1870000
2017-07-13 12:32:36.471000,1.27615,1.27605,1000000,1570000
2017-07-13 12:32:37.663000,1.27615,1.27606,1000000,2620000
2017-07-13 12:32:38.252000,1.27615,1.27606,1000000,1000000
2017-07-13 12:32:39.830000,1.27615,1.27606,1000000,1370000
2017-07-13 12:32:40.180000,1.27609,1.27605,3370000,2250000
2017-07-13 12:32:40.233000,1.27608,1.27603,1000000,2250000
2017-07-13 12:32:40.285000,1.27605,1.27599,1000000,1000000
2017-07-13 12:32:40.541000,1.27602,1.27598,1000000,7500000
2017-07-13 12:32:40.750000,1.276,1.27594,1120000,1200000
2017-07-13 12:32:40.801000,1.27598,1.27593,1000000,3750000
2017-07-13 12:32:40.852000,1.276,1.27596,1500000,1000000
2017-07-13 12:32:40.905000,1.27601,1.27597,1690000,1100000
2017-07-13 12:32:40.956000,1.27602,1.27599,1000000,3750000
2017-07-13 12:32:41.008000,1.27603,1.27599,1000000,3750000
2017-07-13 12:32:41.518000,1.27602,1.27598,1000000,1500000
2017-07-13 12:32:42.141000,1.27603,1.27598,1000000,1000000
2017-07-13 12:32:42.651000,1.27602,1.27597,1000000,1000000
2017-07-13 12:32:43.204000,1.27603,1.27597,1000000,1000000
2017-07-13 12:32:43.715000,1.27602,1.27597,1000000,1000000
2017-07-13 12:32:44.446000,1.27602,1.27595,1000000,1000000
2017-07-13 12:32:44.498000,1.27602,1.27597,1000000,1000000
2017-07-13 12:32:47.278000,1.27602,1.27595,1000000,2250000
2017-07-13 12:32:47.381000,1.27601,1.27594,1000000,1000000
2017-07-13 12:32:47.483000,1.27599,1.27591,1120000,3450000
2017-07-13 12:32:47.585000,1.27598,1.27591,1000000,1000000
2017-07-13 12:32:47.688000,1.27596,1.27591,1000000,1000000
2017-07-13 12:32:48,1.27597,1.27588,1000000,1870000
2017-07-13 12:32:48.547000,1.27596,1.27589,1250000,1000000
2017-07-13 12:32:49.014000,1.27594,1.27586,1000000,1570000
2017-07-13 12:32:49.065000,1.27594,1.27583,1120000,4200000
2017-07-13 12:32:49.117000,1.27592,1.27583,1500000,4200000
2017-07-13 12:32:49.426000,1.27591,1.27585,1250000,2140000
2017-07-13 12:32:49.953000,1.27592,1.27587,1000000,4500000
2017-07-13 12:32:50.464000,1.27593,1.27588,1000000,2250000
2017-07-13 12:32:50.567000,1.27591,1.27587,1000000,3070000
2017-07-13 12:32:51.301000,1.27592,1.27587,1000000,2250000
2017-07-13 12:32:51.811000,1.27592,1.27586,1250000,3450000
2017-07-13 12:32:52.345000,1.27592,1.27585,1000000,1500000
2017-07-13 12:32:53.064000,1.27591,1.27585,1000000,1000000
2017-07-13 12:32:53.269000,1.27592,1.27586,1000000,3000000
2017-07-13 12:32:53.718000,1.27592,1.27585,1000000,3000000
2017-07-13 12:32:54.512000,1.27592,1.27586,1000000,1000000
2017-07-13 12:32:55.991000,1.27591,1.27585,1250000,4690000
2017-07-13 12:32:56.500000,1.27592,1.27586,1000000,5250000
2017-07-13 12:32:57.039000,1.27591,1.27586,1250000,5440000
2017-07-13 12:32:57.550000,1.27596,1.27588,1500000,1870000
2017-07-13 12:32:57.653000,1.27594,1.27588,1000000,3370000
2017-07-13 12:32:58.543000,1.27593,1.27589,1000000,1000000
2017-07-13 12:32:59.051000,1.27594,1.27589,1000000,2250000
2017-07-13 12:32:59.564000,1.27594,1.27587,1690000,5810000
2017-07-13 12:32:59.921000,1.27594,1.27586,1000000,2620000
2017-07-13 12:33:00.481000,1.27594,1.27586,1000000,2250000
2017-07-13 12:33:01.640000,1.27593,1.27587,1000000,1000000
2017-07-13 12:33:02.737000,1.27594,1.27586,1250000,1500000
2017-07-13 12:33:03.307000,1.27593,1.27585,1000000,3640000
2017-07-13 12:33:03.513000,1.2759,1.27586,1500000,1000000
2017-07-13 12:33:03.567000,1.2759,1.27583,1500000,1370000
2017-07-13 12:33:04.101000,1.27588,1.27582,1120000,1870000
2017-07-13 12:33:04.203000,1.27587,1.2758,1000000,1370000
2017-07-13 12:33:04.860000,1.27585,1.27579,1120000,1370000
2017-07-13 12:33:05.117000,1.2758,1.27572,2620000,1000000
2017-07-13 12:33:05.170000,1.27578,1.27572,2620000,1000000
2017-07-13 12:33:05.849000,1.27577,1.27571,1000000,1870000
2017-07-13 12:33:05.952000,1.27579,1.27572,2250000,1120000
2017-07-13 12:33:07.953000,1.2758,1.27571,2250000,2320000
2017-07-13 12:33:10.249000,1.27579,1.27572,1000000,1000000
2017-07-13 12:33:11.832000,1.27582,1.27576,1500000,3300000
2017-07-13 12:33:11.884000,1.27584,1.27579,1310000,1190000
2017-07-13 12:33:11.988000,1.27587,1.2758,1250000,2440000
2017-07-13 12:33:12.544000,1.27586,1.2758,1000000,2250000
2017-07-13 12:33:12.851000,1.27589,1.27582,1250000,1310000
2017-07-13 12:33:12.903000,1.2759,1.27584,1000000,1120000
2017-07-13 12:33:13.255000,1.2759,1.27586,1000000,1000000
2017-07-13 12:33:13.789000,1.2759,1.27583,1000000,2250000
2017-07-13 12:33:14.350000,1.2759,1.27586,1250000,1000000
2017-07-13 12:33:14.886000,1.27591,1.27585,1250000,1120000
2017-07-13 12:33:15.396000,1.2759,1.27586,1000000,1000000
2017-07-13 12:33:15.872000,1.27593,1.27586,1250000,1690000
2017-07-13 12:33:16.382000,1.27593,1.27586,1250000,1750000
2017-07-13 12:33:16.907000,1.27593,1.27586,1250000,2250000
2017-07-13 12:33:18.645000,1.27593,1.27585,1000000,1870000
2017-07-13 12:33:19.643000,1.27593,1.27586,1500000,1000000
2017-07-13 12:33:20.472000,1.27592,1.27585,1000000,1120000
2017-07-13 12:33:21.692000,1.27592,1.27586,1000000,1000000
2017-07-13 12:33:22.202000,1.27593,1.27585,1250000,1000000
2017-07-13 12:33:22.934000,1.27593,1.27586,1250000,1000000
2017-07-13 12:33:23.594000,1.27593,1.27585,1250000,1000000
2017-07-13 12:33:24.296000,1.27593,1.27586,1250000,1000000
2017-07-13 12:33:24.936000,1.27593,1.27585,1250000,1000000
2017-07-13 12:33:25.634000,1.27593,1.27586,1250000,1000000
2017-07-13 12:33:26.176000,1.27593,1.27587,1250000,1000000
2017-07-13 12:33:27.809000,1.27593,1.27586,1000000,1500000
2017-07-13 12:33:28.560000,1.27592,1.27586,1000000,1500000
2017-07-13 12:33:29.070000,1.27593,1.27586,1000000,1500000
2017-07-13 12:33:29.593000,1.27592,1.27585,1000000,1500000
2017-07-13 12:33:30.295000,1.27592,1.27586,1500000,1000000
2017-07-13 12:33:30.935000,1.27592,1.27585,1000000,1000000
2017-07-13 12:33:32.487000,1.27593,1.27585,1500000,1000000
2017-07-13 12:33:32.589000,1.27591,1.27585,1000000,1000000
2017-07-13 12:33:33.092000,1.27591,1.27586,1000000,1000000
2017-07-13 12:33:33.471000,1.27593,1.27586,1690000,1000000
2017-07-13 12:33:33.574000,1.27591,1.27585,1000000,1500000
2017-07-13 12:33:34.692000,1.27592,1.27585,1000000,1500000
2017-07-13 12:33:34.997000,1.2759,1.27585,1000000,1000000
2017-07-13 12:33:35.252000,1.27589,1.27582,1500000,1870000
2017-07-13 12:33:35.304000,1.27589,1.27584,1500000,1000000
2017-07-13 12:33:35.509000,1.27584,1.27575,2620000,1120000
2017-07-13 12:33:35.695000,1.2758,1.27575,1870000,1000000
2017-07-13 12:33:35.950000,1.2758,1.27573,1370000,1120000
2017-07-13 12:33:37.669000,1.2758,1.27574,1000000,1000000
2017-07-13 12:33:38.651000,1.27581,1.27574,1690000,1000000
2017-07-13 12:33:39.155000,1.2758,1.27574,1000000,1000000
2017-07-13 12:33:39.687000,1.27581,1.27574,1500000,1000000
2017-07-13 12:33:39.738000,1.2758,1.27576,1000000,1000000
2017-07-13 12:33:39.790000,1.2758,1.27574,1000000,1000000
2017-07-13 12:33:40.323000,1.27581,1.27573,1000000,1500000
2017-07-13 12:33:41.066000,1.2758,1.27573,1000000,1000000
2017-07-13 12:33:41.895000,1.27579,1.27573,1000000,1000000
2017-07-13 12:33:44.473000,1.2758,1.27573,1500000,1000000
2017-07-13 12:33:46.861000,1.27581,1.27573,1000000,1000000
2017-07-13 12:33:47.611000,1.27581,1.27574,1000000,1000000
2017-07-13 12:33:48.388000,1.2758,1.27574,1000000,1000000
2017-07-13 12:33:50.346000,1.2758,1.27573,1500000,1000000
2017-07-13 12:33:50.397000,1.2758,1.27575,1500000,1000000
2017-07-13 12:33:50.933000,1.2758,1.27572,2250000,1120000
2017-07-13 12:33:50.984000,1.2758,1.27575,2250000,1000000
2017-07-13 12:33:51.290000,1.27576,1.27572,1500000,1000000
2017-07-13 12:33:51.494000,1.27569,1.27563,1370000,1000000
2017-07-13 12:33:51.788000,1.27568,1.27561,1310000,1000000
2017-07-13 12:33:51.840000,1.27568,1.27559,2060000,1000000
2017-07-13 12:33:51.942000,1.27567,1.27558,2620000,1100000
2017-07-13 12:33:52.458000,1.27565,1.27559,1000000,1100000
2017-07-13 12:33:53.037000,1.27565,1.27561,1000000,1000000
2017-07-13 12:33:53.294000,1.27571,1.27565,1250000,1000000
2017-07-13 12:33:53.854000,1.27572,1.27565,1250000,1000000
2017-07-13 12:33:54.262000,1.27572,1.27563,1250000,1000000
2017-07-13 12:33:54.406000,1.27572,1.27566,1250000,1000000
2017-07-13 12:33:54.917000,1.27572,1.27565,2440000,1000000
2017-07-13 12:33:55.427000,1.27571,1.27564,2320000,1000000
2017-07-13 12:33:56.062000,1.27572,1.27564,2440000,1000000
2017-07-13 12:33:56.368000,1.27569,1.27564,1250000,1000000
2017-07-13 12:33:56.879000,1.2757,1.27564,1250000,1000000
2017-07-13 12:33:57.276000,1.2757,1.27561,1000000,1000000
2017-07-13 12:33:57.785000,1.2757,1.27562,1250000,1000000
2017-07-13 12:33:58.043000,1.2757,1.27564,1250000,1000000
2017-07-13 12:33:58.560000,1.2757,1.27565,1250000,1000000
2017-07-13 12:33:58.713000,1.27569,1.27562,1000000,1000000
2017-07-13 12:33:58.815000,1.27569,1.2756,1500000,1500000
2017-07-13 12:33:58.917000,1.27567,1.2756,1000000,1500000
2017-07-13 12:33:59.352000,1.27569,1.27562,1250000,1000000
2017-07-13 12:33:59.607000,1.27571,1.27563,1250000,1000000
2017-07-13 12:34:00.134000,1.27571,1.27562,1100000,1000000
2017-07-13 12:34:00.287000,1.27568,1.27561,1000000,1000000
2017-07-13 12:34:00.931000,1.27567,1.27561,1000000,1000000
2017-07-13 12:34:02.095000,1.27567,1.2756,1250000,1000000
2017-07-13 12:34:02.868000,1.27568,1.2756,1500000,1000000
2017-07-13 12:34:03.398000,1.27568,1.27561,1500000,1000000
2017-07-13 12:34:04.205000,1.27569,1.27561,3370000,1000000
2017-07-13 12:34:04.720000,1.27568,1.27561,1250000,1000000
2017-07-13 12:34:05.245000,1.27567,1.2756,1250000,1000000
2017-07-13 12:34:05.866000,1.27567,1.27561,1250000,1000000
2017-07-13 12:34:05.918000,1.2757,1.2756,4010000,1500000
2017-07-13 12:34:06.088000,1.2757,1.27564,1690000,1000000
2017-07-13 12:34:06.296000,1.27569,1.27562,1100000,1120000
2017-07-13 12:34:06.653000,1.27569,1.2756,1450000,2620000
2017-07-13 12:34:07.200000,1.27569,1.27561,1100000,1000000
2017-07-13 12:34:07.405000,1.2757,1.27561,2320000,1000000
2017-07-13 12:34:07.711000,1.27566,1.27558,1100000,1120000
2017-07-13 12:34:08.249000,1.27565,1.27557,1000000,1500000
2017-07-13 12:34:08.894000,1.27565,1.27557,1000000,1120000
2017-07-13 12:34:10.506000,1.27563,1.27555,2250000,1750000
2017-07-13 12:34:10.559000,1.27561,1.27551,3260000,1870000
2017-07-13 12:34:11.099000,1.27561,1.27551,1250000,3190000
2017-07-13 12:34:11.202000,1.27559,1.2755,1250000,1690000
2017-07-13 12:34:12.252000,1.27559,1.27551,1000000,1500000
2017-07-13 12:34:12.303000,1.27559,1.27549,1500000,2620000
2017-07-13 12:34:12.559000,1.27559,1.2755,1000000,2250000
2017-07-13 12:34:12.763000,1.2756,1.27549,1500000,3370000
2017-07-13 12:34:13.309000,1.27559,1.27549,1500000,3000000
2017-07-13 12:34:14.567000,1.2756,1.27549,1500000,4950000
2017-07-13 12:34:15.318000,1.27559,1.27549,1250000,3260000
2017-07-13 12:34:15.473000,1.27561,1.27553,2810000,1500000
2017-07-13 12:34:15.802000,1.27564,1.27556,1250000,1000000
2017-07-13 12:34:16.325000,1.27564,1.27555,1000000,1870000
2017-07-13 12:34:16.663000,1.27564,1.27557,1250000,1000000
2017-07-13 12:34:17.757000,1.27563,1.27557,1250000,1000000
2017-07-13 12:34:17.809000,1.27566,1.27557,2440000,1000000
2017-07-13 12:34:18.218000,1.27565,1.27554,2100000,3750000
2017-07-13 12:34:18.742000,1.27564,1.27554,1690000,1000000
2017-07-13 12:34:19.049000,1.27566,1.27558,1250000,1000000
2017-07-13 12:34:19.575000,1.27565,1.27558,1250000,1000000
2017-07-13 12:34:20.104000,1.27565,1.27559,1570000,1000000
2017-07-13 12:34:20.259000,1.27563,1.27553,2440000,1120000
2017-07-13 12:34:20.720000,1.2756,1.27553,1000000,1000000
2017-07-13 12:34:21.228000,1.2756,1.27554,1500000,1000000
2017-07-13 12:34:21.381000,1.27563,1.27554,1310000,1000000
2017-07-13 12:34:21.484000,1.2756,1.27555,1000000,1000000
2017-07-13 12:34:21.536000,1.2756,1.27553,1000000,1120000
2017-07-13 12:34:21.740000,1.27561,1.27551,1500000,1870000
2017-07-13 12:34:22.743000,1.2756,1.27551,1500000,1120000
2017-07-13 12:34:23.253000,1.2756,1.27552,1000000,1000000
2017-07-13 12:34:24.120000,1.2756,1.2755,1500000,2320000
2017-07-13 12:34:24.629000,1.27561,1.27551,1500000,1120000
2017-07-13 12:34:25.139000,1.2756,1.2755,1120000,1870000
2017-07-13 12:34:25.652000,1.27559,1.2755,1000000,2620000
2017-07-13 12:34:25.919000,1.27562,1.27552,1250000,2440000
2017-07-13 12:34:26.176000,1.27565,1.27555,2810000,1000000
2017-07-13 12:34:26.822000,1.27565,1.27556,1000000,1000000
2017-07-13 12:34:28.059000,1.27565,1.27557,1000000,1000000
2017-07-13 12:34:28.569000,1.27565,1.27556,1000000,1000000
2017-07-13 12:34:28.875000,1.27561,1.27553,1000000,1000000
2017-07-13 12:34:30.702000,1.27562,1.27553,1120000,1000000
2017-07-13 12:34:31.009000,1.27565,1.27559,1000000,1000000
2017-07-13 12:34:31.532000,1.27566,1.2756,1000000,1000000
2017-07-13 12:34:31.634000,1.27565,1.27558,1000000,1120000
2017-07-13 12:34:32.149000,1.27566,1.27558,1000000,1000000
2017-07-13 12:34:32.690000,1.27566,1.27558,1200000,1000000
2017-07-13 12:34:32.996000,1.27563,1.27558,1500000,1000000
2017-07-13 12:34:33.048000,1.27561,1.27555,1000000,1870000
2017-07-13 12:34:33.201000,1.27559,1.27555,1000000,1000000
2017-07-13 12:34:33.305000,1.27559,1.27551,1000000,1000000
2017-07-13 12:34:33.833000,1.27559,1.27552,1500000,1000000
2017-07-13 12:34:34.511000,1.2756,1.27552,1690000,1000000
2017-07-13 12:34:34.856000,1.2756,1.2755,1690000,1000000
2017-07-13 12:34:36.433000,1.27559,1.2755,1250000,1000000
2017-07-13 12:34:36.738000,1.27559,1.27552,1000000,1000000
2017-07-13 12:34:36.790000,1.27562,1.27552,1390000,1500000
2017-07-13 12:34:37.176000,1.27562,1.27554,1000000,1000000
2017-07-13 12:34:37.584000,1.27562,1.27556,1250000,1000000
2017-07-13 12:34:38.187000,1.27563,1.27555,1100000,1500000
2017-07-13 12:34:38.495000,1.27567,1.27562,2250000,2250000
2017-07-13 12:34:38.546000,1.27571,1.27564,1000000,1000000
2017-07-13 12:34:39.059000,1.27572,1.27565,1000000,1000000
2017-07-13 12:34:39.988000,1.2757,1.27565,1000000,1000000
2017-07-13 12:34:40.213000,1.27569,1.27562,2510000,1000000
2017-07-13 12:34:40.264000,1.2757,1.27561,4570000,1000000
2017-07-13 12:34:40.470000,1.27565,1.27556,1000000,1120000
2017-07-13 12:34:40.878000,1.27563,1.27555,1000000,1120000
2017-07-13 12:34:41.407000,1.27564,1.27556,3300000,1000000
2017-07-13 12:34:41.713000,1.27561,1.27555,1000000,1000000
2017-07-13 12:34:41.765000,1.27561,1.27553,1200000,1000000
2017-07-13 12:34:41.868000,1.27562,1.27553,3450000,1000000
2017-07-13 12:34:42.154000,1.2756,1.27553,1000000,1000000
2017-07-13 12:34:43.837000,1.27559,1.27553,1000000,1000000
2017-07-13 12:34:44.869000,1.2756,1.27553,1250000,1000000
2017-07-13 12:34:45.403000,1.27559,1.27553,1250000,1000000
2017-07-13 12:34:45.905000,1.2756,1.27552,1250000,1000000
2017-07-13 12:34:46.060000,1.27559,1.2755,1950000,1000000
2017-07-13 12:34:46.162000,1.27557,1.2755,1000000,1000000
2017-07-13 12:34:46.672000,1.2756,1.27551,3070000,1000000
2017-07-13 12:34:47.030000,1.2756,1.27551,2320000,1000000
2017-07-13 12:34:47.183000,1.27562,1.27553,3820000,1000000
2017-07-13 12:34:47.340000,1.27563,1.27553,1000000,2250000
2017-07-13 12:34:47.391000,1.27563,1.27555,1000000,1000000
2017-07-13 12:34:47.901000,1.27563,1.27556,1250000,1000000
2017-07-13 12:34:48.412000,1.27564,1.27556,1500000,1000000
2017-07-13 12:34:48.983000,1.27564,1.27555,1570000,1000000
2017-07-13 12:34:49.688000,1.27564,1.27556,2140000,1000000
2017-07-13 12:34:50.019000,1.27561,1.27554,1570000,1000000
2017-07-13 12:34:50.528000,1.27561,1.27553,1390000,1000000
2017-07-13 12:34:51.047000,1.27562,1.27552,2510000,1000000
2017-07-13 12:34:51.875000,1.27562,1.27554,1200000,1000000
2017-07-13 12:34:52.425000,1.27562,1.27555,1250000,1000000
2017-07-13 12:34:53.461000,1.27562,1.27554,1100000,1000000
2017-07-13 12:34:53.977000,1.27562,1.27553,1200000,1000000
2017-07-13 12:34:54.283000,1.27559,1.2755,1200000,1000000
2017-07-13 12:34:55.880000,1.27559,1.2755,1950000,1000000
2017-07-13 12:34:56.382000,1.27559,1.2755,4010000,1000000
2017-07-13 12:34:56.434000,1.27559,1.27548,2510000,1250000
2017-07-13 12:34:56.945000,1.27557,1.27548,1000000,1250000
2017-07-13 12:34:58.001000,1.27558,1.27548,1250000,1690000
2017-07-13 12:34:58.409000,1.27558,1.2755,1250000,1000000
2017-07-13 12:34:58.955000,1.27558,1.27551,1050000,1000000
2017-07-13 12:34:59.460000,1.27559,1.2755,3300000,1000000
2017-07-13 12:34:59.848000,1.27556,1.27548,1000000,1120000
2017-07-13 12:35:00.002000,1.27555,1.27545,3300000,1120000
2017-07-13 12:35:00.105000,1.27554,1.27543,1200000,3000000
2017-07-13 12:35:00.209000,1.27553,1.27545,1100000,1000000
2017-07-13 12:35:00.428000,1.27553,1.27543,1100000,3370000
2017-07-13 12:35:00.947000,1.27553,1.27544,1100000,1000000
2017-07-13 12:35:01.469000,1.27553,1.27543,1200000,3370000
2017-07-13 12:35:02.157000,1.27553,1.27546,1100000,1000000
2017-07-13 12:35:03.140000,1.27553,1.27546,1200000,1000000
2017-07-13 12:35:03.404000,1.27554,1.27545,1000000,1000000
2017-07-13 12:35:04.002000,1.27555,1.27546,3000000,1000000
2017-07-13 12:35:04.505000,1.27554,1.27545,1000000,1000000
2017-07-13 12:35:05.035000,1.27555,1.27546,2850000,1000000
2017-07-13 12:35:05.762000,1.27555,1.27545,1500000,1000000
2017-07-13 12:35:06.322000,1.27555,1.27546,1500000,1000000
2017-07-13 12:35:06.831000,1.27555,1.27545,1100000,1500000
2017-07-13 12:35:07.334000,1.27555,1.27545,2510000,1000000
2017-07-13 12:35:07.589000,1.27553,1.27542,1500000,2250000
2017-07-13 12:35:07.640000,1.27551,1.27542,1000000,1120000
2017-07-13 12:35:08.151000,1.27551,1.27541,2250000,1000000
2017-07-13 12:35:08.641000,1.27549,1.27539,1000000,2700000
2017-07-13 12:35:10.637000,1.27548,1.27538,1000000,2320000
2017-07-13 12:35:11.587000,1.27549,1.27538,1000000,3070000
2017-07-13 12:35:12.556000,1.27549,1.27539,1000000,1000000
2017-07-13 12:35:13.037000,1.27551,1.27539,2620000,1100000
2017-07-13 12:35:13.089000,1.27549,1.27545,1000000,1690000
2017-07-13 12:35:13.191000,1.27558,1.27546,4120000,2620000
2017-07-13 12:35:13.242000,1.27558,1.27549,2250000,1000000
2017-07-13 12:35:13.294000,1.27561,1.2755,1870000,1500000
2017-07-13 12:35:13.600000,1.27561,1.2755,1690000,4760000
2017-07-13 12:35:13.833000,1.27563,1.27553,1000000,2250000
2017-07-13 12:35:13.885000,1.27564,1.27556,1000000,1000000
2017-07-13 12:35:14.368000,1.27567,1.27558,1870000,1000000
2017-07-13 12:35:14.471000,1.27568,1.2756,1570000,1000000
2017-07-13 12:35:15.520000,1.27568,1.27559,1200000,1000000
2017-07-13 12:35:15.848000,1.27568,1.27561,1200000,1000000
2017-07-13 12:35:16.002000,1.27567,1.27559,1000000,1000000
2017-07-13 12:35:16.586000,1.27568,1.27559,1570000,1000000
2017-07-13 12:35:17.298000,1.27569,1.27559,3640000,1000000
2017-07-13 12:35:17.451000,1.27569,1.27562,3640000,1000000
2017-07-13 12:35:17.554000,1.27568,1.2756,1000000,1000000
2017-07-13 12:35:17.605000,1.27568,1.27558,1200000,1500000
2017-07-13 12:35:17.859000,1.27565,1.27558,1000000,1000000
2017-07-13 12:35:19.589000,1.27564,1.27558,1000000,1000000
2017-07-13 12:35:20.216000,1.27565,1.27557,1000000,1000000
2017-07-13 12:35:21.425000,1.27565,1.27556,1250000,1000000
2017-07-13 12:35:21.786000,1.27564,1.27558,1000000,1000000
2017-07-13 12:35:21.837000,1.27564,1.27556,1500000,1500000
2017-07-13 12:35:22.521000,1.27562,1.27555,1000000,1500000
2017-07-13 12:35:23.112000,1.27562,1.27555,1500000,1000000
2017-07-13 12:35:23.649000,1.2756,1.27554,1000000,1000000
2017-07-13 12:35:23.986000,1.27559,1.27552,1000000,1000000
2017-07-13 12:35:24.038000,1.27557,1.27552,1100000,1000000
2017-07-13 12:35:24.141000,1.27556,1.27549,1700000,1500000
2017-07-13 12:35:24.245000,1.27555,1.27546,3300000,1500000
2017-07-13 12:35:24.730000,1.2755,1.27542,1000000,3940000
2017-07-13 12:35:25.241000,1.2755,1.27541,1000000,1500000
2017-07-13 12:35:25.599000,1.2755,1.27543,1000000,1000000
2017-07-13 12:35:26.114000,1.2755,1.27542,1000000,1000000
2017-07-13 12:35:26.643000,1.27551,1.27542,1500000,1000000
2017-07-13 12:35:27.145000,1.2755,1.27543,1000000,1000000
2017-07-13 12:35:27.538000,1.27552,1.27545,1870000,1000000
2017-07-13 12:35:28.151000,1.27553,1.27545,1100000,1000000
2017-07-13 12:35:28.803000,1.27552,1.27545,1000000,1000000
2017-07-13 12:35:28.957000,1.27551,1.27541,1000000,3000000
2017-07-13 12:35:29.469000,1.27551,1.27543,2620000,1000000
2017-07-13 12:35:30.168000,1.27551,1.27542,2620000,1000000
2017-07-13 12:35:30.678000,1.2755,1.27544,1000000,1000000
2017-07-13 12:35:30.945000,1.27552,1.27544,1870000,1000000
2017-07-13 12:35:31.432000,1.27553,1.27549,1000000,1000000
2017-07-13 12:35:31.535000,1.27558,1.27549,1870000,1000000
2017-07-13 12:35:32.048000,1.27558,1.27549,2920000,1000000
2017-07-13 12:35:32.201000,1.27558,1.27551,1570000,1000000
2017-07-13 12:35:32.708000,1.27558,1.2755,2170000,1000000
2017-07-13 12:35:33.194000,1.27558,1.27552,1200000,1000000
2017-07-13 12:35:33.397000,1.27558,1.2755,1570000,1000000
2017-07-13 12:35:34.046000,1.27558,1.2755,1200000,1000000
2017-07-13 12:35:35.109000,1.27558,1.27549,1050000,1000000
2017-07-13 12:35:35.658000,1.27559,1.27551,2890000,1000000
2017-07-13 12:35:36.168000,1.27558,1.2755,1120000,1000000
2017-07-13 12:35:36.774000,1.27559,1.27551,2320000,1000000
2017-07-13 12:35:37.283000,1.27559,1.27551,1200000,1000000
2017-07-13 12:35:37.788000,1.27558,1.27551,1000000,1500000
2017-07-13 12:35:38.302000,1.27559,1.27551,3860000,1000000
2017-07-13 12:35:38.455000,1.27559,1.27551,1200000,1000000
2017-07-13 12:35:38.610000,1.27559,1.2755,2170000,1500000
2017-07-13 12:35:38.975000,1.27559,1.2755,3600000,1500000
2017-07-13 12:35:39.337000,1.27559,1.27551,4010000,1000000
2017-07-13 12:35:39.592000,1.27559,1.27551,3110000,1000000
2017-07-13 12:35:40.112000,1.27558,1.2755,1370000,1000000
2017-07-13 12:35:40.614000,1.27559,1.27551,5170000,1000000
2017-07-13 12:35:41.151000,1.27558,1.27551,1800000,1000000
2017-07-13 12:35:41.691000,1.27558,1.27551,2100000,1000000
2017-07-13 12:35:42.201000,1.27558,1.2755,2550000,1000000
2017-07-13 12:35:42.716000,1.27558,1.27549,1000000,1000000
2017-07-13 12:35:42.768000,1.27559,1.27551,1200000,1000000
2017-07-13 12:35:43.084000,1.2756,1.27553,1000000,1000000
2017-07-13 12:35:43.290000,1.27563,1.27555,1000000,1500000
2017-07-13 12:35:43.341000,1.27565,1.27558,1000000,1000000
2017-07-13 12:35:43.851000,1.27564,1.27559,1000000,1000000
2017-07-13 12:35:43.955000,1.27566,1.27559,1100000,1000000
2017-07-13 12:35:44.288000,1.27566,1.27557,1950000,1000000
2017-07-13 12:35:44.801000,1.27567,1.27558,3640000,1000000
2017-07-13 12:35:45.387000,1.27565,1.27558,1100000,1000000
2017-07-13 12:35:45.849000,1.27565,1.27556,1000000,1000000
2017-07-13 12:35:45.900000,1.27562,1.27556,1000000,1000000
2017-07-13 12:35:46.054000,1.27563,1.27552,1950000,1500000
2017-07-13 12:35:46.460000,1.2756,1.27553,1000000,1000000
2017-07-13 12:35:46.563000,1.2756,1.27551,1150000,1000000
2017-07-13 12:35:46.614000,1.27558,1.27551,1500000,1000000
2017-07-13 12:35:46.717000,1.27556,1.27548,1250000,1500000
2017-07-13 12:35:46.820000,1.27558,1.27551,3260000,1000000
2017-07-13 12:35:47.127000,1.27554,1.27546,1390000,1500000
2017-07-13 12:35:47.600000,1.27554,1.27543,3110000,1120000
2017-07-13 12:35:48.117000,1.27553,1.27544,1000000,1000000
2017-07-13 12:35:48.322000,1.27551,1.27545,1000000,1000000
2017-07-13 12:35:48.566000,1.27552,1.27543,1000000,1000000
2017-07-13 12:35:48.975000,1.27554,1.27545,1200000,1000000
2017-07-13 12:35:49.486000,1.27554,1.27546,1000000,1000000
2017-07-13 12:35:50.119000,1.27553,1.27547,1000000,1000000
2017-07-13 12:35:50.638000,1.27553,1.27546,1000000,1000000
2017-07-13 12:35:51.154000,1.27556,1.27547,4200000,1000000
2017-07-13 12:35:51.409000,1.27556,1.27547,4200000,1000000
2017-07-13 12:35:51.511000,1.27556,1.27547,4570000,1000000
2017-07-13 12:35:52.012000,1.27555,1.27547,1010000,1000000
2017-07-13 12:35:52.532000,1.27556,1.27546,4800000,1500000
2017-07-13 12:35:52.697000,1.27556,1.27546,4200000,1500000
2017-07-13 12:35:52.800000,1.27556,1.27546,3820000,1000000
2017-07-13 12:35:53.005000,1.27558,1.27548,1950000,1000000
2017-07-13 12:35:53.463000,1.2756,1.2755,2700000,1000000
2017-07-13 12:35:54.013000,1.2756,1.27551,1610000,1000000
2017-07-13 12:35:54.522000,1.27559,1.27551,1390000,1000000
2017-07-13 12:35:55.086000,1.27559,1.27551,1450000,1000000
2017-07-13 12:35:55.730000,1.2756,1.2755,2550000,1500000
2017-07-13 12:35:56.336000,1.27559,1.27551,2440000,1000000
2017-07-13 12:35:57.457000,1.27559,1.27549,2170000,1120000
2017-07-13 12:35:58.069000,1.27558,1.27551,1000000,1000000
2017-07-13 12:35:58.273000,1.27563,1.27555,1000000,1000000
2017-07-13 12:35:58.631000,1.27563,1.27553,1700000,1500000
2017-07-13 12:35:58.733000,1.27563,1.27553,2250000,1500000
2017-07-13 12:35:58.784000,1.27561,1.27553,1000000,1500000
2017-07-13 12:35:59.293000,1.27561,1.27553,1000000,1120000
2017-07-13 12:36:00.451000,1.27562,1.27552,1570000,1500000
2017-07-13 12:36:06.520000,1.27562,1.27552,1950000,1500000
2017-07-13 12:36:07.110000,1.27562,1.27552,1570000,1500000
2017-07-13 12:36:07.651000,1.27562,1.27552,1950000,1500000
2017-07-13 12:36:08.278000,1.27562,1.27552,2170000,1500000
2017-07-13 12:36:08.815000,1.27561,1.27552,1000000,1500000
2017-07-13 12:36:09.328000,1.2756,1.27551,2100000,1750000
2017-07-13 12:36:09.380000,1.27558,1.27548,1000000,1500000
2017-07-13 12:36:09.839000,1.27558,1.27551,1100000,1000000
2017-07-13 12:36:10.384000,1.27557,1.27551,1000000,1000000
2017-07-13 12:36:10.739000,1.27557,1.27549,1000000,1420000
2017-07-13 12:36:11.251000,1.27558,1.27549,1000000,1000000
2017-07-13 12:36:11.787000,1.27557,1.27548,1000000,1500000
2017-07-13 12:36:12.028000,1.27557,1.2755,1000000,1000000
2017-07-13 12:36:12.542000,1.27558,1.2755,1000000,1000000
2017-07-13 12:36:13.092000,1.27557,1.27551,1000000,1000000
2017-07-13 12:36:13.300000,1.27557,1.27549,1000000,1000000
2017-07-13 12:36:13.832000,1.27558,1.27548,1000000,1000000
2017-07-13 12:36:14.291000,1.27558,1.2755,1000000,2100000
2017-07-13 12:36:14.804000,1.27558,1.27549,1000000,1000000
2017-07-13 12:36:15.313000,1.2756,1.27548,3070000,1120000
2017-07-13 12:36:15.821000,1.2756,1.27549,5320000,1350000
2017-07-13 12:36:16.394000,1.27559,1.27551,2440000,1120000
2017-07-13 12:36:16.704000,1.27568,1.27561,1000000,1000000
2017-07-13 12:36:16.859000,1.27571,1.27562,3000000,1350000
2017-07-13 12:36:16.962000,1.27571,1.27564,2250000,1000000
2017-07-13 12:36:17.142000,1.27574,1.27565,3000000,1000000
2017-07-13 12:36:17.667000,1.27574,1.27565,1000000,1000000
2017-07-13 12:36:18.880000,1.27574,1.27566,1500000,1000000
2017-07-13 12:36:19.438000,1.27574,1.27565,1500000,2100000
2017-07-13 12:36:20.998000,1.27575,1.27569,1000000,1000000
2017-07-13 12:36:21.152000,1.2758,1.27572,1000000,1000000
2017-07-13 12:36:21.408000,1.27581,1.27574,1000000,1000000
2017-07-13 12:36:21.641000,1.27583,1.27574,1000000,1000000
2017-07-13 12:36:22.314000,1.27582,1.27574,1000000,1000000
2017-07-13 12:36:22.799000,1.27585,1.27574,6070000,1000000
2017-07-13 12:36:22.953000,1.27585,1.27576,1000000,1000000
2017-07-13 12:36:23.261000,1.27582,1.27572,1190000,1870000
2017-07-13 12:36:23.731000,1.27579,1.27571,1000000,1500000
2017-07-13 12:36:23.885000,1.27574,1.27565,2320000,1370000
2017-07-13 12:36:24.242000,1.27573,1.27564,1000000,1000000
2017-07-13 12:36:24.345000,1.27571,1.27562,1000000,1120000
2017-07-13 12:36:24.867000,1.2757,1.2756,1000000,3070000
2017-07-13 12:36:25.408000,1.2757,1.27563,1000000,1000000
2017-07-13 12:36:25.810000,1.2757,1.2756,1500000,1950000
2017-07-13 12:36:26.320000,1.27569,1.2756,2250000,1000000
2017-07-13 12:36:27.770000,1.2757,1.2756,3940000,1000000
2017-07-13 12:36:29.482000,1.2757,1.27561,4310000,1000000
2017-07-13 12:36:29.534000,1.2757,1.27562,3560000,1950000
2017-07-13 12:36:29.639000,1.27572,1.27564,1500000,2470000
2017-07-13 12:36:29.792000,1.27571,1.27562,2440000,1200000
2017-07-13 12:36:29.895000,1.27571,1.27561,6000000,1000000
2017-07-13 12:36:30.408000,1.27569,1.27561,1000000,1000000
2017-07-13 12:36:30.929000,1.27568,1.27561,1250000,1000000
2017-07-13 12:36:33.132000,1.27571,1.27564,1870000,1000000
2017-07-13 12:36:33.345000,1.27576,1.27566,5250000,3600000
2017-07-13 12:36:33.856000,1.27577,1.27566,1870000,1500000
2017-07-13 12:36:34.272000,1.27577,1.27569,1120000,1000000
2017-07-13 12:36:34.324000,1.27579,1.2757,1870000,1000000
2017-07-13 12:36:34.835000,1.27578,1.2757,1000000,1000000
2017-07-13 12:36:35.397000,1.27579,1.2757,1690000,1000000
2017-07-13 12:36:35.754000,1.27581,1.27573,1250000,1000000
2017-07-13 12:36:35.805000,1.27583,1.27573,1690000,1000000
2017-07-13 12:36:35.958000,1.27585,1.27575,1000000,3220000
2017-07-13 12:36:36.009000,1.27587,1.27577,1000000,1000000
2017-07-13 12:36:36.519000,1.27588,1.27579,1310000,1000000
2017-07-13 12:36:36.841000,1.27591,1.27581,3450000,1000000
2017-07-13 12:36:37.380000,1.2759,1.27582,1000000,1000000
2017-07-13 12:36:37.431000,1.27588,1.27579,2250000,1870000
2017-07-13 12:36:37.482000,1.27586,1.27579,1000000,1120000
2017-07-13 12:36:37.534000,1.27586,1.27577,1000000,1100000
2017-07-13 12:36:37.586000,1.27585,1.27575,3000000,2250000
2017-07-13 12:36:37.928000,1.27582,1.27576,1500000,1000000
2017-07-13 12:36:38.234000,1.27584,1.27576,1500000,1000000
2017-07-13 12:36:38.336000,1.27586,1.27579,1690000,1000000
2017-07-13 12:36:38.846000,1.27587,1.27579,1250000,1000000
2017-07-13 12:36:39.642000,1.27588,1.27579,1760000,1000000
2017-07-13 12:36:39.948000,1.2759,1.27582,1500000,1120000
2017-07-13 12:36:40.458000,1.27589,1.27582,1000000,1120000
2017-07-13 12:36:41.170000,1.2759,1.27581,1570000,1500000
2017-07-13 12:36:42.365000,1.27588,1.2758,1000000,1750000
2017-07-13 12:36:42.467000,1.27587,1.27577,3190000,1100000
2017-07-13 12:36:42.971000,1.27585,1.27576,2250000,1000000
2017-07-13 12:36:43.232000,1.27583,1.27574,1000000,1100000
2017-07-13 12:36:43.543000,1.27581,1.27573,1120000,1120000
2017-07-13 12:36:44.108000,1.2758,1.27572,1000000,2250000
2017-07-13 12:36:44.629000,1.27581,1.27573,1000000,1120000
2017-07-13 12:36:46.260000,1.2758,1.27574,1000000,1000000
2017-07-13 12:36:46.433000,1.27583,1.27574,1000000,1100000
2017-07-13 12:36:48.110000,1.27583,1.27576,1000000,1000000
2017-07-13 12:36:48.365000,1.27591,1.27582,2250000,1120000
2017-07-13 12:36:49.046000,1.2759,1.27581,1500000,2250000
2017-07-13 12:36:49.662000,1.27588,1.2758,3370000,1000000
2017-07-13 12:36:49.713000,1.27586,1.27576,2060000,1200000
2017-07-13 12:36:51.079000,1.27584,1.27575,1000000,1570000
2017-07-13 12:36:51.588000,1.27584,1.27575,1000000,1200000
2017-07-13 12:36:51.741000,1.27582,1.27574,1000000,1500000
2017-07-13 12:36:53.690000,1.27582,1.27573,1190000,1750000
2017-07-13 12:36:54.348000,1.27582,1.27573,1250000,1850000
2017-07-13 12:36:54.924000,1.27583,1.27574,1500000,1500000
2017-07-13 12:36:56.019000,1.27582,1.27575,1000000,1120000
2017-07-13 12:36:56.526000,1.27583,1.27575,1250000,1120000
2017-07-13 12:36:57.380000,1.27583,1.27573,2440000,3190000
2017-07-13 12:36:57.431000,1.27582,1.27573,1690000,1000000
2017-07-13 12:36:57.534000,1.27581,1.27572,1190000,1120000
2017-07-13 12:36:57.637000,1.27579,1.2757,2060000,1000000
2017-07-13 12:36:59.031000,1.27579,1.27569,1000000,2620000
2017-07-13 12:36:59.236000,1.27579,1.27571,1000000,1000000
2017-07-13 12:36:59.544000,1.27582,1.27572,1500000,1000000
2017-07-13 12:36:59.760000,1.27583,1.27574,1250000,1000000
2017-07-13 12:37:01.218000,1.27582,1.27574,1250000,1000000
2017-07-13 12:37:02.369000,1.27583,1.27574,1250000,1000000
2017-07-13 12:37:03.125000,1.27582,1.27574,1000000,1000000
2017-07-13 12:37:03.634000,1.27582,1.27575,1000000,1000000
2017-07-13 12:37:04.857000,1.27583,1.27575,1500000,1000000
2017-07-13 12:37:05.255000,1.27581,1.27572,1000000,1570000
2017-07-13 12:37:05.306000,1.27579,1.27571,1000000,1120000
2017-07-13 12:37:05.409000,1.27578,1.27569,1000000,1000000
2017-07-13 12:37:05.677000,1.27579,1.27571,1500000,1000000
2017-07-13 12:37:06.190000,1.27579,1.27572,1500000,1000000
2017-07-13 12:37:06.663000,1.27579,1.2757,1000000,1870000
2017-07-13 12:37:06.714000,1.27579,1.27572,1000000,1000000
2017-07-13 12:37:08.357000,1.27581,1.27571,3000000,1350000
2017-07-13 12:37:08.562000,1.27581,1.27573,1000000,1120000
2017-07-13 12:37:09.449000,1.27582,1.27573,1000000,1120000
2017-07-13 12:37:09.835000,1.2758,1.27572,1000000,1570000
2017-07-13 12:37:10.360000,1.27578,1.2757,1000000,1000000
2017-07-13 12:37:10.777000,1.2758,1.2757,1000000,1000000
2017-07-13 12:37:11.290000,1.2758,1.27571,1950000,1000000
2017-07-13 12:37:11.799000,1.27579,1.2757,1100000,1000000
2017-07-13 12:37:12.265000,1.27581,1.2757,3560000,1000000
2017-07-13 12:37:13.181000,1.2758,1.2757,1250000,2700000
2017-07-13 12:37:13.787000,1.27581,1.2757,1690000,2620000
2017-07-13 12:37:14.575000,1.27581,1.27571,1690000,1000000
2017-07-13 12:37:15.872000,1.27581,1.27572,1690000,1000000
2017-07-13 12:37:16.383000,1.27581,1.27576,1500000,1000000
2017-07-13 12:37:16.435000,1.27581,1.27572,1500000,1570000
2017-07-13 12:37:16.901000,1.27578,1.27571,1000000,1000000
2017-07-13 12:37:17.658000,1.27578,1.2757,1000000,1500000
2017-07-13 12:37:18.464000,1.27575,1.2757,1000000,1000000
2017-07-13 12:37:18.517000,1.27574,1.27567,2890000,1000000
2017-07-13 12:37:18.569000,1.2757,1.27563,1250000,1000000
2017-07-13 12:37:18.671000,1.2757,1.2756,1500000,1570000
2017-07-13 12:37:19.346000,1.27569,1.2756,1250000,1000000
2017-07-13 12:37:19.449000,1.27567,1.27561,1000000,1000000
2017-07-13 12:37:19.501000,1.27567,1.27558,1000000,1500000
2017-07-13 12:37:20.560000,1.27567,1.27559,1000000,1000000
2017-07-13 12:37:21.181000,1.27566,1.27559,1000000,1000000
2017-07-13 12:37:22.226000,1.27566,1.27557,1000000,2320000
2017-07-13 12:37:22.742000,1.27567,1.27557,1000000,2320000
2017-07-13 12:37:23.417000,1.27567,1.27558,1000000,1000000
2017-07-13 12:37:24.639000,1.27567,1.2756,1000000,1000000
2017-07-13 12:37:25.539000,1.27567,1.27558,1000000,1000000
2017-07-13 12:37:26.047000,1.27567,1.27557,1500000,1000000
2017-07-13 12:37:26.785000,1.27567,1.27557,1500000,1000000
2017-07-13 12:37:27.740000,1.27565,1.27557,1690000,1000000
2017-07-13 12:37:27.886000,1.27563,1.27555,1000000,1500000
2017-07-13 12:37:27.938000,1.27562,1.27553,1000000,1500000
2017-07-13 12:37:28.447000,1.27563,1.27551,2620000,3750000
2017-07-13 12:37:28.499000,1.27561,1.27551,1000000,3750000
2017-07-13 12:37:29.028000,1.27561,1.27551,1000000,1950000
2017-07-13 12:37:29.618000,1.27563,1.27554,1500000,1000000
2017-07-13 12:37:29.979000,1.27562,1.27551,1190000,1870000
2017-07-13 12:37:30.449000,1.27559,1.2755,1250000,3260000
2017-07-13 12:37:30.554000,1.27558,1.27549,1950000,1500000
2017-07-13 12:37:30.912000,1.27557,1.27547,1200000,1120000
2017-07-13 12:37:31.523000,1.27557,1.27546,1950000,1500000
2017-07-13 12:37:31.708000,1.27552,1.27542,1190000,1850000
2017-07-13 12:37:31.759000,1.27551,1.27542,1190000,1120000
2017-07-13 12:37:32.320000,1.27549,1.2754,1000000,1850000
2017-07-13 12:37:32.898000,1.2755,1.2754,1000000,1850000
2017-07-13 12:37:33.889000,1.27548,1.2754,1000000,1750000
2017-07-13 12:37:33.940000,1.27548,1.27539,1000000,1120000
2017-07-13 12:37:34.145000,1.2755,1.2754,2620000,1100000
2017-07-13 12:37:34.671000,1.27549,1.27541,1000000,1120000
2017-07-13 12:37:35.181000,1.2755,1.27541,1870000,1120000
2017-07-13 12:37:38.599000,1.2755,1.27541,2810000,1000000
2017-07-13 12:37:39.101000,1.27549,1.27541,1250000,1000000
2017-07-13 12:37:39.845000,1.2755,1.27542,1000000,1000000
2017-07-13 12:37:40.513000,1.27551,1.27542,1120000,1000000
2017-07-13 12:37:45.122000,1.27546,1.27542,1500000,1000000
2017-07-13 12:37:45.225000,1.27547,1.27538,1470000,1000000
2017-07-13 12:37:45.406000,1.27548,1.2754,4310000,1000000
2017-07-13 12:37:45.561000,1.27548,1.2754,1500000,1000000
2017-07-13 12:37:45.870000,1.27546,1.2754,1250000,1000000
2017-07-13 12:37:46.397000,1.27547,1.27539,2810000,1000000
2017-07-13 12:37:48.296000,1.27548,1.27539,3190000,1000000
2017-07-13 12:37:48.944000,1.27548,1.27541,1250000,1000000
2017-07-13 12:37:49.150000,1.2755,1.27542,1120000,1000000
2017-07-13 12:37:49.969000,1.27551,1.27546,1870000,2250000
2017-07-13 12:37:50.238000,1.27554,1.27549,1000000,1870000
2017-07-13 12:37:50.494000,1.27556,1.2755,1250000,2620000
2017-07-13 12:37:50.904000,1.27555,1.2755,1250000,1870000
2017-07-13 12:37:51.006000,1.27556,1.27552,1250000,1000000
2017-07-13 12:37:51.939000,1.27555,1.27551,1250000,1000000
2017-07-13 12:37:52.447000,1.27555,1.27551,1000000,1500000
2017-07-13 12:37:53.122000,1.27557,1.27553,1000000,1000000
2017-07-13 12:37:53.531000,1.27554,1.2755,1000000,1500000
2017-07-13 12:37:53.977000,1.27554,1.27549,1000000,1870000
2017-07-13 12:37:54.713000,1.27554,1.2755,1000000,1000000
2017-07-13 12:37:55.419000,1.27555,1.2755,1250000,1000000
2017-07-13 12:37:56.025000,1.27554,1.2755,1000000,1000000
2017-07-13 12:37:56.806000,1.27555,1.2755,1000000,1000000
2017-07-13 12:37:56.858000,1.27553,1.27549,1500000,1000000
2017-07-13 12:37:56.960000,1.27553,1.27544,1500000,1120000
2017-07-13 12:37:57.521000,1.27552,1.27544,1000000,1120000
2017-07-13 12:37:58.032000,1.2755,1.27542,1000000,2320000
2017-07-13 12:37:59.076000,1.27551,1.27542,1000000,2320000
2017-07-13 12:38:00.043000,1.2755,1.27542,1000000,1750000
2017-07-13 12:38:00.248000,1.27549,1.27542,1000000,1000000
2017-07-13 12:38:01.722000,1.27549,1.2754,1000000,3000000
2017-07-13 12:38:02.601000,1.27548,1.2754,1870000,1500000
2017-07-13 12:38:02.704000,1.27549,1.2754,2320000,1500000
2017-07-13 12:38:03.229000,1.27548,1.27542,1000000,1000000
2017-07-13 12:38:03.967000,1.27549,1.27542,1500000,1000000
2017-07-13 12:38:04.857000,1.27549,1.27541,1000000,1500000
2017-07-13 12:38:05.491000,1.27548,1.27541,1000000,1500000
2017-07-13 12:38:06.131000,1.27549,1.27541,1000000,1500000
2017-07-13 12:38:06.776000,1.27549,1.27542,1000000,1000000
2017-07-13 12:38:08.237000,1.27548,1.27542,1000000,1000000
2017-07-13 12:38:08.823000,1.27549,1.27542,1000000,1000000
2017-07-13 12:38:09.446000,1.27548,1.27542,1000000,1000000
2017-07-13 12:38:10.220000,1.27549,1.27542,1250000,1000000
2017-07-13 12:38:10.528000,1.27556,1.27551,1000000,1000000
2017-07-13 12:38:10.580000,1.27559,1.27552,1120000,1120000
2017-07-13 12:38:10.632000,1.27556,1.27551,1000000,1870000
2017-07-13 12:38:10.785000,1.27563,1.27554,2320000,1000000
2017-07-13 12:38:10.837000,1.27557,1.27553,1250000,1500000
2017-07-13 12:38:11.146000,1.27567,1.27558,2920000,1500000
2017-07-13 12:38:11.249000,1.27561,1.27556,1250000,2250000
2017-07-13 12:38:11.758000,1.27561,1.27557,1000000,1870000
2017-07-13 12:38:12.272000,1.27562,1.27558,1000000,1000000
2017-07-13 12:38:14.257000,1.27562,1.27557,1000000,1500000
2017-07-13 12:38:14.787000,1.27562,1.27557,1000000,1000000
2017-07-13 12:38:15.297000,1.27562,1.27557,1000000,1500000
2017-07-13 12:38:15.806000,1.27561,1.27556,1000000,1870000
2017-07-13 12:38:16.622000,1.27561,1.27557,1000000,1500000
2017-07-13 12:38:18.416000,1.27561,1.27556,1000000,1870000
2017-07-13 12:38:19.860000,1.27561,1.27557,1000000,1500000
2017-07-13 12:38:25.087000,1.2756,1.27556,1000000,1000000
2017-07-13 12:38:25.598000,1.27561,1.27555,1000000,1000000
2017-07-13 12:38:25.798000,1.27561,1.27553,1000000,1120000
2017-07-13 12:38:26.326000,1.2756,1.27552,1000000,1120000
2017-07-13 12:38:26.853000,1.27561,1.27552,1870000,1000000
2017-07-13 12:38:27.247000,1.27558,1.2755,1120000,1870000
2017-07-13 12:38:27.619000,1.27556,1.27549,1200000,1000000
2017-07-13 12:38:28.191000,1.27556,1.27548,1390000,1500000
2017-07-13 12:38:28.738000,1.27555,1.27547,1100000,2620000
2017-07-13 12:38:29.483000,1.27555,1.27547,1700000,1000000
2017-07-13 12:38:29.971000,1.27553,1.27545,1570000,1000000
2017-07-13 12:38:30.482000,1.27552,1.27544,1000000,1500000
2017-07-13 12:38:30.963000,1.27547,1.27541,3750000,1500000
2017-07-13 12:38:31.475000,1.27546,1.2754,1200000,1000000
2017-07-13 12:38:31.993000,1.27546,1.27539,1570000,1500000
2017-07-13 12:38:32.392000,1.27547,1.27541,4690000,1000000
2017-07-13 12:38:32.799000,1.27549,1.27545,1000000,1000000
2017-07-13 12:38:33.312000,1.2755,1.27546,1000000,1000000
2017-07-13 12:38:33.886000,1.27548,1.27544,1000000,1000000
2017-07-13 12:38:34.440000,1.27549,1.27543,1000000,1120000
2017-07-13 12:38:36.421000,1.27549,1.27542,1000000,1000000
2017-07-13 12:38:36.989000,1.27549,1.27541,1120000,2250000
2017-07-13 12:38:37.551000,1.27548,1.27541,1000000,1000000
2017-07-13 12:38:38.624000,1.27548,1.27539,1000000,1120000
2017-07-13 12:38:38.829000,1.27546,1.27539,1000000,1120000
2017-07-13 12:38:38.985000,1.27547,1.27537,2700000,1000000
2017-07-13 12:38:39.037000,1.27544,1.27537,1000000,1000000
2017-07-13 12:38:39.461000,1.27547,1.27537,1570000,1500000
2017-07-13 12:38:40.002000,1.27548,1.27538,1200000,1000000
2017-07-13 12:38:40.523000,1.27549,1.27539,1070000,1120000
2017-07-13 12:38:41.866000,1.27551,1.27548,3370000,1120000
2017-07-13 12:38:42.020000,1.27555,1.27548,2250000,1870000
2017-07-13 12:38:42.071000,1.27555,1.27549,2250000,3370000
2017-07-13 12:38:42.506000,1.27555,1.27549,2250000,1500000
2017-07-13 12:38:43.121000,1.27559,1.27549,4200000,1500000
2017-07-13 12:38:43.646000,1.27559,1.27549,4010000,1500000
2017-07-13 12:38:43.698000,1.27559,1.27549,3260000,1500000
2017-07-13 12:38:43.800000,1.27559,1.27549,2700000,1000000
2017-07-13 12:38:44.326000,1.27558,1.27548,1570000,1000000
2017-07-13 12:38:44.429000,1.27558,1.27548,1200000,1000000
2017-07-13 12:38:44.481000,1.27558,1.27554,1000000,1000000
2017-07-13 12:38:44.634000,1.27565,1.27557,1070000,1000000
2017-07-13 12:38:44.737000,1.27567,1.27557,1100000,1870000
2017-07-13 12:38:44.839000,1.27567,1.27559,1000000,1370000
2017-07-13 12:38:45.262000,1.27569,1.27561,1100000,3000000
2017-07-13 12:38:45.470000,1.27579,1.2757,1200000,1000000
2017-07-13 12:38:45.625000,1.27576,1.2757,1000000,1000000
2017-07-13 12:38:45.829000,1.27575,1.27568,1100000,1000000
2017-07-13 12:38:46.402000,1.27575,1.27567,1100000,1000000
2017-07-13 12:38:46.580000,1.27573,1.27567,1500000,1000000
2017-07-13 12:38:46.785000,1.27573,1.27563,2890000,1000000
2017-07-13 12:38:46.837000,1.27569,1.27563,1000000,1000000
2017-07-13 12:38:46.889000,1.27569,1.27561,1000000,1000000
2017-07-13 12:38:47.195000,1.27568,1.27561,1200000,1000000
2017-07-13 12:38:47.297000,1.27569,1.27558,2700000,1000000
2017-07-13 12:38:47.926000,1.27568,1.27558,1500000,1000000
2017-07-13 12:38:48.080000,1.27568,1.27559,1000000,3750000
2017-07-13 12:38:48.539000,1.2757,1.27559,1100000,1500000
2017-07-13 12:38:49.113000,1.27569,1.27561,1000000,1000000
2017-07-13 12:38:49.319000,1.27566,1.27556,1100000,2250000
2017-07-13 12:38:50.082000,1.27568,1.27561,1690000,1870000
2017-07-13 12:38:50.186000,1.27572,1.27564,1000000,1000000
2017-07-13 12:38:50.237000,1.27575,1.27566,2320000,1870000
2017-07-13 12:38:50.340000,1.27576,1.27568,1100000,4120000
2017-07-13 12:38:50.392000,1.27579,1.27569,1390000,3000000
2017-07-13 12:38:50.494000,1.2758,1.27571,1570000,1370000
2017-07-13 12:38:51.092000,1.27581,1.27571,1000000,2620000
2017-07-13 12:38:51.194000,1.27583,1.27576,1000000,1120000
2017-07-13 12:38:51.298000,1.27586,1.27576,1500000,3000000
2017-07-13 12:38:51.352000,1.27584,1.27576,1000000,1870000
2017-07-13 12:38:52.236000,1.27585,1.27576,1250000,1000000
2017-07-13 12:38:52.746000,1.27585,1.27573,1190000,5140000
2017-07-13 12:38:53.103000,1.27586,1.27575,1870000,1070000
2017-07-13 12:38:53.707000,1.27585,1.27576,1000000,1070000
2017-07-13 12:38:53.759000,1.27587,1.2758,1120000,2810000
2017-07-13 12:38:53.862000,1.27593,1.27586,1000000,1120000
2017-07-13 12:38:53.914000,1.27598,1.27588,1870000,1000000
2017-07-13 12:38:53.966000,1.27598,1.2759,1120000,1000000
2017-07-13 12:38:54.223000,1.27601,1.27591,1000000,1950000
2017-07-13 12:38:54.737000,1.27601,1.27591,2440000,1870000
2017-07-13 12:38:54.941000,1.27598,1.27591,1250000,1000000
2017-07-13 12:38:55.095000,1.27598,1.27589,1190000,1000000
2017-07-13 12:38:55.643000,1.27599,1.27587,1570000,1570000
2017-07-13 12:38:55.797000,1.27601,1.27595,2250000,3370000
2017-07-13 12:38:55.848000,1.27604,1.27596,1000000,1500000
2017-07-13 12:38:55.900000,1.27606,1.27597,1000000,1120000
2017-07-13 12:38:56.435000,1.27605,1.27598,1000000,1120000
2017-07-13 12:38:56.486000,1.27607,1.276,1000000,1000000
2017-07-13 12:38:57.604000,1.27607,1.27601,1000000,1000000
2017-07-13 12:38:59.171000,1.27605,1.27599,1000000,1000000
2017-07-13 12:38:59.222000,1.27604,1.27597,1000000,1000000
2017-07-13 12:38:59.325000,1.276,1.27594,1120000,1000000
2017-07-13 12:38:59.428000,1.27598,1.27589,3000000,1100000
2017-07-13 12:38:59.479000,1.27598,1.27589,1870000,1000000
2017-07-13 12:38:59.582000,1.27594,1.27588,1120000,1000000
