time,ask,bid,ask_volume,bid_volume
2020-02-28 13:25:00.149000,1.34384,1.34377,1250000,1500000
2020-02-28 13:25:00.200000,1.34387,1.34379,1000000,1000000
2020-02-28 13:25:00.503000,1.34388,1.34379,1500000,1000000
2020-02-28 13:25:00.634000,1.34387,1.34379,1000000,1000000
2020-02-28 13:25:00.835000,1.34388,1.34379,1500000,1000000
2020-02-28 13:25:01.089000,1.34387,1.34379,1000000,1000000
2020-02-28 13:25:01.191000,1.34388,1.34379,1690000,1000000
2020-02-28 13:25:01.541000,1.34387,1.34379,1000000,1000000
2020-02-28 13:25:01.642000,1.34388,1.34379,1500000,1000000
2020-02-28 13:25:01.785000,1.34389,1.34379,1500000,1000000
2020-02-28 13:25:01.836000,1.3439,1.34386,1250000,1000000
2020-02-28 13:25:01.946000,1.34393,1.34386,2140000,1000000
2020-02-28 13:25:01.997000,1.34396,1.34387,1370000,1000000
2020-02-28 13:25:02.048000,1.34397,1.34387,1000000,1000000
2020-02-28 13:25:02.149000,1.34399,1.3439,2250000,1000000
2020-02-28 13:25:02.301000,1.34398,1.3439,1000000,1000000
2020-02-28 13:25:02.402000,1.34399,1.3439,1500000,1000000
2020-02-28 13:25:02.606000,1.34398,1.3439,1000000,1000000
2020-02-28 13:25:02.888000,1.34399,1.3439,1500000,1000000
2020-02-28 13:25:03.397000,1.34403,1.34397,1850000,1000000
2020-02-28 13:25:03.448000,1.34404,1.34397,1310000,1000000
2020-02-28 13:25:03.550000,1.34405,1.34396,1500000,1000000
2020-02-28 13:25:03.651000,1.34404,1.34396,1000000,1000000
2020-02-28 13:25:03.753000,1.34403,1.34394,1000000,1000000
2020-02-28 13:25:04.147000,1.34404,1.34394,1690000,1000000
2020-02-28 13:25:04.198000,1.34405,1.34397,1000000,1000000
2020-02-28 13:25:05.041000,1.34406,1.34396,2690000,1000000
2020-02-28 13:25:05.144000,1.34405,1.34397,1000000,1000000
2020-02-28 13:25:05.245000,1.34406,1.34397,2440000,1000000
2020-02-28 13:25:05.398000,1.34405,1.34397,1000000,1000000
2020-02-28 13:25:05.852000,1.34406,1.34397,2250000,1000000
2020-02-28 13:25:06.595000,1.34407,1.34397,1000000,1000000
2020-02-28 13:25:09.002000,1.34408,1.34399,1000000,1000000
2020-02-28 13:25:09.104000,1.34407,1.34397,2250000,1950000
2020-02-28 13:25:09.208000,1.34406,1.34397,1000000,1000000
2020-02-28 13:25:09.769000,1.34406,1.34396,1500000,1000000
2020-02-28 13:25:17.398000,1.34403,1.34396,1000000,1000000
2020-02-28 13:25:17.502000,1.34403,1.34395,1000000,1000000
2020-02-28 13:25:17.553000,1.34405,1.34395,1000000,1000000
2020-02-28 13:25:17.655000,1.34406,1.34395,3000000,1500000
2020-02-28 13:25:17.758000,1.34406,1.34397,1500000,1000000
2020-02-28 13:25:18.309000,1.34406,1.34398,1500000,1000000
2020-02-28 13:25:18.412000,1.3441,1.34399,3940000,1500000
2020-02-28 13:25:18.463000,1.34407,1.34399,1000000,2250000
2020-02-28 13:25:19.296000,1.34407,1.34396,1500000,1500000
2020-02-28 13:25:19.664000,1.34406,1.34396,1000000,1500000
2020-02-28 13:25:20.069000,1.34406,1.34399,1000000,1000000
2020-02-28 13:25:20.147000,1.34408,1.344,1690000,1000000
2020-02-28 13:25:20.627000,1.34408,1.34399,1000000,1000000
2020-02-28 13:25:20.728000,1.34408,1.344,1000000,1000000
2020-02-28 13:25:20.942000,1.34406,1.34398,1000000,1500000
2020-02-28 13:25:21.043000,1.34406,1.34396,1500000,1000000
2020-02-28 13:25:22.098000,1.34405,1.34396,1500000,1500000
2020-02-28 13:25:22.864000,1.34405,1.34397,1000000,1000000
2020-02-28 13:25:23.222000,1.34405,1.34395,1690000,1500000
2020-02-28 13:25:23.525000,1.34404,1.34395,1250000,1500000
2020-02-28 13:25:24.144000,1.34404,1.34396,1250000,1000000
2020-02-28 13:25:24.251000,1.34405,1.34396,1000000,1000000
2020-02-28 13:25:24.935000,1.34406,1.34396,1690000,1000000
2020-02-28 13:25:24.986000,1.34404,1.34396,1000000,1000000
2020-02-28 13:25:28.648000,1.34402,1.34395,1000000,1000000
2020-02-28 13:25:28.699000,1.34403,1.34393,1500000,1570000
2020-02-28 13:25:28.749000,1.34404,1.34395,1250000,1000000
2020-02-28 13:25:28.851000,1.34406,1.34396,1690000,1000000
2020-02-28 13:25:29.678000,1.34404,1.34396,1000000,1000000
2020-02-28 13:25:29.780000,1.34405,1.34396,1000000,1000000
2020-02-28 13:25:30.101000,1.34404,1.34396,1000000,1000000
2020-02-28 13:25:30.203000,1.34405,1.34396,1000000,1000000
2020-02-28 13:25:30.455000,1.34405,1.34395,2250000,1000000
2020-02-28 13:25:30.631000,1.34405,1.34396,1000000,1500000
2020-02-28 13:25:30.733000,1.34406,1.34398,1000000,1000000
2020-02-28 13:25:30.783000,1.34408,1.34398,1000000,1000000
2020-02-28 13:25:30.885000,1.34406,1.34397,1000000,1000000
2020-02-28 13:25:34.365000,1.34406,1.34396,1250000,1500000
2020-02-28 13:25:34.469000,1.34407,1.34396,3070000,1500000
2020-02-28 13:25:34.570000,1.34407,1.34397,2510000,1000000
2020-02-28 13:25:36.545000,1.34406,1.34397,1000000,1500000
2020-02-28 13:25:38.630000,1.34404,1.34396,1000000,1000000
2020-02-28 13:25:38.731000,1.34405,1.34396,1000000,1000000
2020-02-28 13:25:39.330000,1.34407,1.34399,1500000,1500000
2020-02-28 13:25:39.432000,1.34407,1.34397,1000000,1000000
2020-02-28 13:25:39.534000,1.34407,1.34396,1500000,1500000
2020-02-28 13:25:40.148000,1.34406,1.34398,1000000,1000000
2020-02-28 13:25:40.250000,1.34406,1.344,1000000,1000000
2020-02-28 13:25:40.301000,1.34406,1.34398,1000000,1000000
2020-02-28 13:25:40.403000,1.34406,1.34397,1000000,1000000
2020-02-28 13:25:40.605000,1.34406,1.34396,1000000,1000000
2020-02-28 13:25:40.710000,1.34405,1.34396,1000000,1000000
2020-02-28 13:25:42.138000,1.34403,1.34395,1000000,1500000
2020-02-28 13:25:44.787000,1.34405,1.34395,1000000,2700000
2020-02-28 13:25:44.888000,1.34406,1.34396,1000000,1000000
2020-02-28 13:25:46.890000,1.34407,1.34396,1500000,1500000
2020-02-28 13:25:47.485000,1.34408,1.344,1250000,1000000
2020-02-28 13:25:47.586000,1.34408,1.34398,1000000,1500000
2020-02-28 13:25:47.688000,1.34407,1.34398,1000000,1000000
2020-02-28 13:25:47.890000,1.34406,1.34397,1500000,1000000
2020-02-28 13:25:47.991000,1.34406,1.34396,1500000,2250000
2020-02-28 13:25:48.894000,1.34404,1.34395,1120000,1500000
2020-02-28 13:25:48.996000,1.34404,1.34396,1120000,1000000
2020-02-28 13:25:49.890000,1.34405,1.34396,1000000,1000000
2020-02-28 13:25:50.092000,1.34403,1.34395,1000000,1000000
2020-02-28 13:25:50.598000,1.34405,1.34396,1000000,1000000
2020-02-28 13:25:50.699000,1.34406,1.34396,1120000,1500000
2020-02-28 13:25:51.638000,1.34403,1.34393,1000000,4240000
2020-02-28 13:25:51.688000,1.34403,1.34393,1000000,2890000
2020-02-28 13:25:52.128000,1.34405,1.34395,1000000,2700000
2020-02-28 13:25:52.230000,1.34405,1.34396,1000000,1000000
2020-02-28 13:25:56.354000,1.34406,1.34397,1000000,1570000
2020-02-28 13:25:56.622000,1.34406,1.34396,1500000,1500000
2020-02-28 13:25:59.795000,1.34399,1.34395,1000000,1000000
2020-02-28 13:25:59.846000,1.34397,1.34389,1000000,1000000
2020-02-28 13:26:01.801000,1.34396,1.34388,1000000,1100000
2020-02-28 13:26:01.907000,1.34396,1.34387,1500000,1500000
2020-02-28 13:26:02.049000,1.34395,1.34387,1000000,1000000
2020-02-28 13:26:02.200000,1.34395,1.34386,1000000,1000000
2020-02-28 13:26:02.571000,1.34394,1.34386,1000000,1500000
2020-02-28 13:26:06.699000,1.34396,1.34387,1000000,1000000
2020-02-28 13:26:08.442000,1.34391,1.34384,1000000,1600000
2020-02-28 13:26:08.493000,1.3439,1.34382,1500000,1000000
2020-02-28 13:26:09.393000,1.34391,1.34383,1000000,1000000
2020-02-28 13:26:09.494000,1.34392,1.34383,1500000,1000000
2020-02-28 13:26:09.868000,1.34391,1.34383,1500000,1000000
2020-02-28 13:26:09.919000,1.34391,1.34381,1500000,1000000
2020-02-28 13:26:10.225000,1.3439,1.34381,1500000,1500000
2020-02-28 13:26:10.579000,1.34391,1.34381,2250000,1000000
2020-02-28 13:26:10.735000,1.34392,1.34383,1000000,1000000
2020-02-28 13:26:10.837000,1.34393,1.34383,1000000,1500000
2020-02-28 13:26:11.832000,1.34395,1.34386,1100000,1000000
2020-02-28 13:26:11.933000,1.34396,1.34386,1000000,2250000
2020-02-28 13:26:13.191000,1.34394,1.34386,1000000,2320000
2020-02-28 13:26:20.326000,1.34391,1.34384,1000000,1100000
2020-02-28 13:26:20.682000,1.34392,1.34384,1000000,1500000
2020-02-28 13:26:20.834000,1.34391,1.34384,1000000,1500000
2020-02-28 13:26:21.297000,1.34389,1.34382,1000000,1760000
2020-02-28 13:26:21.651000,1.3439,1.34384,1000000,1000000
2020-02-28 13:26:22.805000,1.34391,1.34384,1000000,1000000
2020-02-28 13:26:22.924000,1.34393,1.34386,1000000,1000000
2020-02-28 13:26:23.842000,1.34391,1.34386,1000000,1000000
2020-02-28 13:26:24.450000,1.34393,1.34386,1000000,1000000
2020-02-28 13:26:26.360000,1.34393,1.34387,1000000,1000000
2020-02-28 13:26:27.646000,1.34395,1.34388,1000000,1000000
2020-02-28 13:26:28.226000,1.34395,1.34389,1000000,1000000
2020-02-28 13:26:28.277000,1.34394,1.34387,1000000,1010000
2020-02-28 13:26:28.378000,1.34394,1.34385,1000000,1950000
2020-02-28 13:26:30.120000,1.34393,1.34385,1000000,3110000
2020-02-28 13:26:30.222000,1.34393,1.34385,1000000,2320000
2020-02-28 13:26:30.734000,1.34391,1.34384,1000000,1000000
2020-02-28 13:26:30.886000,1.3439,1.34384,1000000,1000000
2020-02-28 13:26:31.558000,1.34386,1.34381,1000000,1970000
2020-02-28 13:26:31.660000,1.34386,1.3438,1000000,1000000
2020-02-28 13:26:33.091000,1.34392,1.34384,1570000,1000000
2020-02-28 13:26:33.142000,1.34387,1.34381,1000000,2700000
2020-02-28 13:26:33.243000,1.34387,1.3438,1000000,1000000
2020-02-28 13:26:36.433000,1.34386,1.3438,1000000,1000000
2020-02-28 13:26:38.450000,1.34386,1.34378,1000000,1950000
2020-02-28 13:26:38.552000,1.34386,1.34377,1000000,1100000
2020-02-28 13:26:40.316000,1.34385,1.34377,1000000,4090000
2020-02-28 13:26:40.569000,1.34385,1.34377,1000000,6740000
2020-02-28 13:26:40.716000,1.34387,1.34377,1500000,2920000
2020-02-28 13:26:40.817000,1.34387,1.34377,1500000,1270000
2020-02-28 13:26:40.918000,1.34387,1.34378,1500000,1200000
2020-02-28 13:26:41.070000,1.34385,1.34378,1000000,1100000
2020-02-28 13:26:42.293000,1.34386,1.34378,1000000,1000000
2020-02-28 13:26:47.192000,1.34386,1.34379,1000000,1200000
2020-02-28 13:26:49.358000,1.34386,1.34378,1000000,2250000
2020-02-28 13:26:51.722000,1.34385,1.34378,1000000,2250000
2020-02-28 13:26:54.556000,1.34387,1.34382,1000000,1100000
2020-02-28 13:26:54.657000,1.3439,1.34383,1000000,1000000
2020-02-28 13:26:55.097000,1.34388,1.34383,1000000,1000000
2020-02-28 13:26:55.819000,1.34391,1.34383,1000000,2250000
2020-02-28 13:26:56.148000,1.34391,1.34384,1000000,1000000
2020-02-28 13:26:56.434000,1.34393,1.34386,1000000,1000000
2020-02-28 13:26:58.429000,1.34393,1.34385,1000000,1100000
2020-02-28 13:27:00.354000,1.34394,1.34385,1000000,1000000
2020-02-28 13:27:01.611000,1.34395,1.34387,1000000,1000000
2020-02-28 13:27:01.740000,1.34403,1.34394,1250000,3000000
2020-02-28 13:27:02.298000,1.34403,1.34394,1250000,4910000
2020-02-28 13:27:02.399000,1.34403,1.34395,1250000,1350000
2020-02-28 13:27:02.851000,1.34403,1.34394,1250000,3450000
2020-02-28 13:27:03.462000,1.34403,1.34395,1000000,1000000
2020-02-28 13:27:05.371000,1.34396,1.34392,1000000,1000000
2020-02-28 13:27:05.422000,1.34396,1.34388,1000000,1840000
2020-02-28 13:27:05.574000,1.34397,1.34388,1000000,2420000
2020-02-28 13:27:08.523000,1.34398,1.34389,1500000,1100000
2020-02-28 13:27:12.722000,1.34397,1.34389,1000000,1100000
2020-02-28 13:27:13.099000,1.34397,1.34391,1000000,1000000
2020-02-28 13:27:13.201000,1.34398,1.34391,1000000,1120000
2020-02-28 13:27:13.357000,1.34401,1.34393,2250000,1120000
2020-02-28 13:27:13.408000,1.34403,1.34396,1000000,1000000
2020-02-28 13:27:13.511000,1.34404,1.34396,1000000,1500000
2020-02-28 13:27:15.247000,1.34403,1.34396,1000000,1500000
2020-02-28 13:27:15.547000,1.34402,1.34396,1000000,1000000
2020-02-28 13:27:15.800000,1.34403,1.34396,1000000,1000000
2020-02-28 13:27:15.850000,1.34405,1.34396,1500000,1000000
2020-02-28 13:27:15.953000,1.34403,1.34397,1000000,1000000
2020-02-28 13:27:17.147000,1.34403,1.34396,1000000,1500000
2020-02-28 13:27:18.231000,1.34404,1.34396,1000000,1500000
2020-02-28 13:27:30.722000,1.34403,1.34396,1000000,1500000
2020-02-28 13:27:34.954000,1.34403,1.34395,1000000,2320000
2020-02-28 13:27:36.722000,1.34404,1.34395,1500000,2320000
2020-02-28 13:27:39.722000,1.34403,1.34395,1000000,1570000
2020-02-28 13:27:40.191000,1.34403,1.34397,1000000,1000000
2020-02-28 13:27:40.241000,1.34405,1.34398,1000000,1000000
2020-02-28 13:27:40.292000,1.34403,1.34396,1000000,1570000
2020-02-28 13:27:40.343000,1.34407,1.34397,1500000,2620000
2020-02-28 13:27:40.533000,1.34407,1.34398,1500000,1000000
2020-02-28 13:27:40.635000,1.34407,1.34399,1000000,1000000
2020-02-28 13:27:42.728000,1.34406,1.34399,1000000,1000000
2020-02-28 13:27:45.294000,1.34411,1.34402,1500000,1950000
2020-02-28 13:27:45.395000,1.34411,1.34404,1500000,1000000
2020-02-28 13:27:46.811000,1.34411,1.34402,1500000,1500000
2020-02-28 13:27:49.217000,1.34411,1.34402,1000000,1970000
2020-02-28 13:27:51.684000,1.34411,1.34402,1000000,1950000
2020-02-28 13:27:59.559000,1.34405,1.344,1000000,1690000
2020-02-28 13:27:59.610000,1.34403,1.34396,1000000,1790000
2020-02-28 13:27:59.769000,1.34397,1.34393,1000000,1500000
2020-02-28 13:27:59.820000,1.34397,1.34388,1000000,2510000
2020-02-28 13:27:59.972000,1.34397,1.34388,1000000,2540000
2020-02-28 13:28:00.074000,1.34396,1.34388,1000000,1760000
2020-02-28 13:28:00.175000,1.34394,1.34387,2250000,1910000
2020-02-28 13:28:00.226000,1.34394,1.34384,2250000,1000000
2020-02-28 13:28:00.277000,1.34388,1.34384,1000000,1000000
2020-02-28 13:28:00.328000,1.34388,1.34382,1000000,1000000
2020-02-28 13:28:00.430000,1.34388,1.34379,1000000,1000000
2020-02-28 13:28:01.176000,1.34389,1.34381,1000000,1000000
2020-02-28 13:28:01.228000,1.34391,1.34382,1500000,1500000
2020-02-28 13:28:01.278000,1.34391,1.34384,1000000,1000000
2020-02-28 13:28:01.721000,1.34391,1.34383,1500000,1650000
2020-02-28 13:28:02.129000,1.34393,1.34384,1500000,1120000
2020-02-28 13:28:03.845000,1.34394,1.34384,1500000,4350000
2020-02-28 13:28:05.649000,1.34394,1.34386,1000000,1100000
2020-02-28 13:28:08.290000,1.34395,1.34386,1000000,1100000
2020-02-28 13:28:09.226000,1.34395,1.34385,1500000,2320000
2020-02-28 13:28:09.338000,1.34392,1.34383,1000000,1760000
2020-02-28 13:28:09.440000,1.34394,1.34386,1500000,1000000
2020-02-28 13:28:10.509000,1.34393,1.34386,1000000,1000000
2020-02-28 13:28:10.983000,1.34394,1.34386,1500000,1000000
2020-02-28 13:28:16.591000,1.3439,1.34383,1500000,1390000
2020-02-28 13:28:16.692000,1.34389,1.34378,1500000,2700000
2020-02-28 13:28:16.794000,1.34389,1.34378,1500000,1220000
2020-02-28 13:28:16.895000,1.34389,1.34378,1500000,1000000
2020-02-28 13:28:17.220000,1.34389,1.3438,1000000,1000000
2020-02-28 13:28:17.661000,1.34389,1.34384,1000000,1420000
2020-02-28 13:28:17.712000,1.34389,1.34382,1000000,2250000
2020-02-28 13:28:17.814000,1.34389,1.34381,1000000,1000000
2020-02-28 13:28:18.205000,1.34389,1.3438,1000000,1000000
2020-02-28 13:28:18.469000,1.34391,1.34382,1500000,1100000
2020-02-28 13:28:18.571000,1.3439,1.34381,1000000,1600000
2020-02-28 13:28:18.673000,1.3439,1.34381,1000000,1500000
2020-02-28 13:28:20.292000,1.34389,1.3438,1000000,1000000
2020-02-28 13:28:20.394000,1.34385,1.34379,1000000,1000000
2020-02-28 13:28:20.495000,1.34387,1.3438,1000000,1000000
2020-02-28 13:28:20.596000,1.34388,1.34378,1000000,1000000
2020-02-28 13:28:20.895000,1.34387,1.34378,1000000,1000000
2020-02-28 13:28:20.996000,1.34386,1.34378,1000000,1000000
2020-02-28 13:28:22.128000,1.34386,1.34377,1000000,1000000
2020-02-28 13:28:22.179000,1.34384,1.34377,1000000,1500000
2020-02-28 13:28:22.382000,1.34382,1.34376,1000000,1200000
2020-02-28 13:28:22.483000,1.34379,1.34369,1000000,4600000
2020-02-28 13:28:22.534000,1.34377,1.34369,1500000,1000000
2020-02-28 13:28:22.636000,1.34377,1.34368,1500000,1000000
2020-02-28 13:28:22.740000,1.34377,1.34369,1000000,1000000
2020-02-28 13:28:22.943000,1.34378,1.34369,1000000,1000000
2020-02-28 13:28:22.994000,1.34378,1.34369,1000000,1100000
2020-02-28 13:28:23.146000,1.34378,1.34369,1000000,1200000
2020-02-28 13:28:23.248000,1.34377,1.34369,1000000,1000000
2020-02-28 13:28:23.927000,1.34377,1.34367,1500000,1570000
2020-02-28 13:28:25.203000,1.3437,1.34365,1000000,1310000
2020-02-28 13:28:25.300000,1.34369,1.3436,1000000,1350000
2020-02-28 13:28:25.351000,1.34367,1.34359,1000000,2210000
2020-02-28 13:28:29.441000,1.34367,1.34357,1000000,2320000
2020-02-28 13:28:29.545000,1.34367,1.34358,1000000,1000000
2020-02-28 13:28:29.698000,1.34366,1.34357,1000000,2250000
2020-02-28 13:28:29.843000,1.34366,1.34358,1000000,1000000
2020-02-28 13:28:29.953000,1.34366,1.34357,1000000,3000000
2020-02-28 13:28:31.255000,1.34362,1.34355,1000000,1000000
2020-02-28 13:28:31.356000,1.34362,1.34353,1500000,1000000
2020-02-28 13:28:31.497000,1.3436,1.34352,1000000,1000000
2020-02-28 13:28:33.972000,1.34361,1.34353,1000000,1000000
2020-02-28 13:28:34.023000,1.3436,1.34351,1000000,1570000
2020-02-28 13:28:34.471000,1.34363,1.34356,1500000,1000000
2020-02-28 13:28:34.572000,1.34363,1.34355,1000000,2250000
2020-02-28 13:28:34.673000,1.34362,1.34353,1000000,1000000
2020-02-28 13:28:34.883000,1.34362,1.34351,1000000,2250000
2020-02-28 13:28:34.936000,1.3436,1.34351,1000000,2250000
2020-02-28 13:28:35.769000,1.34363,1.34354,1250000,1570000
2020-02-28 13:28:36.015000,1.34362,1.34354,1000000,1000000
2020-02-28 13:28:36.117000,1.3436,1.34354,1000000,1000000
2020-02-28 13:28:36.218000,1.3436,1.34352,1000000,1000000
2020-02-28 13:28:36.319000,1.34361,1.34352,1000000,1000000
2020-02-28 13:28:36.771000,1.34361,1.34355,1000000,1000000
2020-02-28 13:28:36.822000,1.34364,1.34357,1500000,1000000
2020-02-28 13:28:36.941000,1.34364,1.34356,1000000,2250000
2020-02-28 13:28:37.042000,1.34361,1.34354,1000000,1000000
2020-02-28 13:28:37.146000,1.34358,1.34352,1000000,2250000
2020-02-28 13:28:37.247000,1.34358,1.34352,1000000,1000000
2020-02-28 13:28:38.227000,1.34359,1.34352,1000000,1100000
2020-02-28 13:28:39.477000,1.3436,1.34352,1000000,1100000
2020-02-28 13:28:41.004000,1.3436,1.3435,1000000,1100000
2020-02-28 13:28:41.106000,1.34359,1.34349,2250000,2250000
2020-02-28 13:28:41.157000,1.34357,1.34349,1000000,2250000
2020-02-28 13:28:41.576000,1.34351,1.34347,1000000,1000000
2020-02-28 13:28:41.626000,1.34352,1.34344,1000000,1000000
2020-02-28 13:28:41.728000,1.34351,1.34343,1000000,1500000
2020-02-28 13:28:41.831000,1.3435,1.34342,1000000,1000000
2020-02-28 13:28:43.402000,1.3435,1.34341,1000000,1100000
2020-02-28 13:28:45.076000,1.34347,1.34339,1000000,2290000
2020-02-28 13:28:45.177000,1.34347,1.34338,1500000,1100000
2020-02-28 13:28:45.430000,1.34346,1.34338,1000000,1000000
2020-02-28 13:28:46.281000,1.34347,1.34338,2250000,1000000
2020-02-28 13:28:46.383000,1.34346,1.34338,1000000,1000000
2020-02-28 13:28:46.873000,1.34347,1.34338,2250000,1000000
2020-02-28 13:28:46.979000,1.34346,1.34338,1000000,1000000
2020-02-28 13:28:47.703000,1.34347,1.34338,2250000,1000000
2020-02-28 13:28:47.959000,1.34345,1.34337,1000000,1120000
2020-02-28 13:28:48.078000,1.34345,1.34338,1000000,1000000
2020-02-28 13:28:48.180000,1.34345,1.34337,1000000,1200000
2020-02-28 13:28:48.281000,1.34345,1.34337,1000000,3040000
2020-02-28 13:28:48.653000,1.34347,1.34338,1000000,1000000
2020-02-28 13:28:49.566000,1.34347,1.34339,1000000,1000000
2020-02-28 13:28:51.895000,1.3435,1.34343,2250000,1500000
2020-02-28 13:28:51.946000,1.3435,1.34341,2250000,2250000
2020-02-28 13:28:52.047000,1.34351,1.34344,1000000,3000000
2020-02-28 13:28:52.149000,1.34349,1.34342,1000000,1050000
2020-02-28 13:28:52.279000,1.34349,1.3434,1000000,2770000
2020-02-28 13:28:52.483000,1.34349,1.3434,1000000,3360000
2020-02-28 13:28:52.585000,1.34349,1.3434,1000000,2250000
2020-02-28 13:28:52.787000,1.34348,1.34339,1500000,2250000
2020-02-28 13:28:53.141000,1.34348,1.34339,1500000,2720000
2020-02-28 13:28:56.058000,1.34346,1.34339,1000000,1970000
2020-02-28 13:28:56.160000,1.34346,1.34339,1000000,1500000
2020-02-28 13:28:56.313000,1.34346,1.34338,1000000,3150000
2020-02-28 13:28:57.830000,1.34347,1.34339,1000000,1000000
2020-02-28 13:28:58.032000,1.34347,1.34339,1000000,3670000
2020-02-28 13:28:58.283000,1.34347,1.34339,1000000,1950000
2020-02-28 13:28:58.490000,1.34349,1.34339,2250000,3070000
2020-02-28 13:28:58.592000,1.34348,1.34339,1000000,2320000
2020-02-28 13:28:58.693000,1.34349,1.34339,1500000,1570000
2020-02-28 13:28:59.261000,1.34349,1.3434,1500000,1000000
2020-02-28 13:28:59.677000,1.34343,1.34337,1000000,1310000
2020-02-28 13:28:59.728000,1.34342,1.34335,1000000,3000000
2020-02-28 13:28:59.830000,1.34342,1.34334,1000000,3000000
2020-02-28 13:28:59.880000,1.34342,1.34335,1000000,1000000
2020-02-28 13:29:00.154000,1.34344,1.34334,1000000,5020000
2020-02-28 13:29:00.515000,1.34344,1.34335,1500000,3750000
2020-02-28 13:29:00.717000,1.34344,1.34334,2250000,5440000
2020-02-28 13:29:00.819000,1.34341,1.34333,1000000,2700000
2020-02-28 13:29:01.201000,1.34345,1.3434,1000000,1500000
2020-02-28 13:29:01.302000,1.34351,1.34342,1000000,1000000
2020-02-28 13:29:01.404000,1.3435,1.34342,1000000,1000000
2020-02-28 13:29:03.434000,1.34349,1.3434,1000000,1500000
2020-02-28 13:29:03.851000,1.34349,1.34339,1000000,4060000
2020-02-28 13:29:04.412000,1.34346,1.34339,1000000,1000000
2020-02-28 13:29:04.567000,1.34344,1.34336,1000000,1000000
2020-02-28 13:29:04.669000,1.34344,1.34335,1000000,1500000
2020-02-28 13:29:04.771000,1.34344,1.34333,1000000,5460000
2020-02-28 13:29:04.872000,1.34343,1.34333,1000000,1200000
2020-02-28 13:29:07.108000,1.34343,1.34334,1000000,1120000
2020-02-28 13:29:07.504000,1.34343,1.34333,1000000,1310000
2020-02-28 13:29:07.607000,1.34343,1.34332,1500000,1200000
2020-02-28 13:29:09.267000,1.34344,1.34334,1000000,1100000
2020-02-28 13:29:09.369000,1.34345,1.34336,1000000,1100000
2020-02-28 13:29:09.632000,1.34346,1.34338,1000000,1000000
2020-02-28 13:29:09.868000,1.34347,1.34336,1500000,1570000
2020-02-28 13:29:10.333000,1.34348,1.34338,1500000,1500000
2020-02-28 13:29:10.586000,1.34348,1.34339,1000000,1000000
2020-02-28 13:29:10.833000,1.34348,1.34338,1000000,1500000
2020-02-28 13:29:10.973000,1.34348,1.34339,1000000,1000000
2020-02-28 13:29:11.075000,1.34348,1.34337,1000000,1570000
2020-02-28 13:29:11.764000,1.34348,1.34338,1000000,1000000
2020-02-28 13:29:11.866000,1.34348,1.34339,1000000,1000000
2020-02-28 13:29:11.972000,1.34347,1.34337,1500000,1120000
2020-02-28 13:29:12.023000,1.34348,1.34339,2250000,1000000
2020-02-28 13:29:12.125000,1.34349,1.34341,2250000,1000000
2020-02-28 13:29:12.823000,1.34348,1.34341,1000000,1000000
2020-02-28 13:29:12.925000,1.34349,1.34341,1500000,1000000
2020-02-28 13:29:13.356000,1.34346,1.34338,1000000,1500000
2020-02-28 13:29:14.261000,1.34348,1.34338,1500000,1500000
2020-02-28 13:29:14.776000,1.34349,1.3434,2250000,1000000
2020-02-28 13:29:16,1.34351,1.34345,1000000,1000000
2020-02-28 13:29:16.051000,1.34354,1.34346,1000000,1500000
2020-02-28 13:29:16.152000,1.34355,1.34347,1000000,2250000
2020-02-28 13:29:16.203000,1.34357,1.34347,2250000,1500000
2020-02-28 13:29:16.918000,1.34356,1.34347,1000000,2250000
2020-02-28 13:29:17.699000,1.34357,1.34347,2250000,1500000
2020-02-28 13:29:18.348000,1.34356,1.34347,1000000,3000000
2020-02-28 13:29:18.457000,1.34357,1.34347,1500000,2250000
2020-02-28 13:29:19.710000,1.34357,1.34348,1000000,1000000
2020-02-28 13:29:19.963000,1.34356,1.34348,1000000,1000000
2020-02-28 13:29:29.080000,1.34357,1.34349,1000000,1000000
2020-02-28 13:29:29.823000,1.34358,1.3435,2250000,1000000
2020-02-28 13:29:30.406000,1.34362,1.34353,2870000,1500000
2020-02-28 13:29:30.508000,1.34367,1.34361,3860000,1000000
2020-02-28 13:29:30.711000,1.34367,1.34359,1800000,1000000
2020-02-28 13:29:30.930000,1.34367,1.34359,1800000,1000000
2020-02-28 13:29:31.630000,1.34367,1.34359,1800000,1000000
2020-02-28 13:29:31.886000,1.34368,1.34359,1800000,1000000
2020-02-28 13:29:31.989000,1.34368,1.34359,1800000,1000000
2020-02-28 13:29:32.193000,1.34368,1.34359,1800000,1000000
2020-02-28 13:29:32.348000,1.34367,1.34359,1300000,1000000
2020-02-28 13:29:32.501000,1.34368,1.34359,1800000,1000000
2020-02-28 13:29:33.471000,1.34367,1.34359,1300000,1000000
2020-02-28 13:29:33.861000,1.34368,1.34359,1300000,1000000
2020-02-28 13:29:34.604000,1.34368,1.34359,1100000,1000000
2020-02-28 13:29:34.655000,1.34368,1.34359,1000000,1000000
2020-02-28 13:29:35.169000,1.34363,1.34354,1000000,1000000
2020-02-28 13:29:35.220000,1.34363,1.34352,1000000,1310000
2020-02-28 13:29:36.207000,1.34366,1.34356,1500000,1000000
2020-02-28 13:29:36.309000,1.34366,1.34358,1000000,1000000
2020-02-28 13:29:36.755000,1.34366,1.34356,1000000,1000000
2020-02-28 13:29:37.764000,1.34371,1.34362,1500000,1000000
2020-02-28 13:29:37.865000,1.34373,1.34364,1500000,1000000
2020-02-28 13:29:38.256000,1.34373,1.34362,1000000,1500000
2020-02-28 13:29:39.484000,1.34371,1.34362,1000000,1000000
2020-02-28 13:29:39.975000,1.34371,1.34363,1000000,1250000
2020-02-28 13:29:40.127000,1.34372,1.34362,1000000,1750000
2020-02-28 13:29:40.248000,1.34371,1.34363,1000000,1250000
2020-02-28 13:29:40.350000,1.34369,1.34362,1000000,2250000
2020-02-28 13:29:40.453000,1.34368,1.34362,1000000,1750000
2020-02-28 13:29:40.554000,1.34368,1.34363,1000000,1250000
2020-02-28 13:29:40.786000,1.34369,1.34362,1000000,1250000
2020-02-28 13:29:40.933000,1.34374,1.34365,1000000,1000000
2020-02-28 13:29:40.991000,1.34375,1.34363,1500000,1000000
2020-02-28 13:29:41.092000,1.34374,1.34363,1000000,1000000
2020-02-28 13:29:41.603000,1.34372,1.34363,1000000,1000000
2020-02-28 13:29:41.704000,1.34373,1.34363,1000000,1000000
2020-02-28 13:29:41.807000,1.34371,1.34363,1000000,1000000
2020-02-28 13:29:41.858000,1.34373,1.34363,1000000,1000000
2020-02-28 13:29:41.959000,1.34376,1.34364,1000000,1000000
2020-02-28 13:29:44.751000,1.34368,1.34364,1000000,1000000
2020-02-28 13:29:44.802000,1.34367,1.34358,1000000,1000000
2020-02-28 13:29:44.904000,1.34368,1.34358,1000000,1000000
2020-02-28 13:29:45.006000,1.34367,1.34357,1000000,1000000
2020-02-28 13:29:45.138000,1.34367,1.34357,1690000,1000000
2020-02-28 13:29:45.289000,1.34366,1.34357,1000000,1500000
2020-02-28 13:29:45.765000,1.34367,1.34363,1000000,1000000
2020-02-28 13:29:45.866000,1.34367,1.34363,1000000,1000000
2020-02-28 13:29:46.141000,1.34367,1.34362,1000000,1000000
2020-02-28 13:29:46.729000,1.34367,1.3436,1000000,1000000
2020-02-28 13:29:47.034000,1.34368,1.34356,1000000,1500000
2020-02-28 13:29:47.085000,1.34368,1.34356,1000000,1500000
2020-02-28 13:29:47.186000,1.34368,1.34354,1000000,2810000
2020-02-28 13:29:47.237000,1.34368,1.34355,1000000,2000000
2020-02-28 13:29:47.338000,1.34367,1.34355,1000000,2000000
2020-02-28 13:29:47.642000,1.34367,1.34354,1000000,1500000
2020-02-28 13:29:47.791000,1.34367,1.34356,1000000,1500000
2020-02-28 13:29:47.842000,1.34374,1.34359,1000000,1000000
2020-02-28 13:29:47.943000,1.34375,1.34358,1500000,1120000
2020-02-28 13:29:48.045000,1.34374,1.34358,1000000,1120000
2020-02-28 13:29:48.658000,1.34374,1.34359,1000000,1000000
2020-02-28 13:29:49.401000,1.34374,1.34358,1000000,1000000
2020-02-28 13:29:49.502000,1.34374,1.34359,1000000,1000000
2020-02-28 13:29:50.072000,1.34374,1.34358,1000000,1000000
2020-02-28 13:29:50.123000,1.34378,1.34365,1500000,2250000
2020-02-28 13:29:50.259000,1.34374,1.34364,1000000,2250000
2020-02-28 13:29:50.360000,1.34374,1.34365,1000000,2250000
2020-02-28 13:29:50.832000,1.34376,1.34368,1500000,1500000
2020-02-28 13:29:50.908000,1.34374,1.34365,1000000,3000000
2020-02-28 13:29:51.009000,1.34374,1.34364,1000000,2250000
2020-02-28 13:29:51.060000,1.34373,1.34369,1000000,1000000
2020-02-28 13:29:51.193000,1.34371,1.34367,1000000,1000000
2020-02-28 13:29:51.294000,1.3437,1.34366,1000000,1000000
2020-02-28 13:29:51.432000,1.34367,1.34359,1000000,1120000
2020-02-28 13:29:51.483000,1.34365,1.34359,1000000,1120000
2020-02-28 13:29:51.534000,1.34369,1.34364,1000000,1000000
2020-02-28 13:29:51.636000,1.3437,1.34366,1000000,1000000
2020-02-28 13:29:52.038000,1.3437,1.34364,1000000,1000000
2020-02-28 13:29:52.139000,1.3437,1.34362,1000000,1000000
2020-02-28 13:29:52.189000,1.34372,1.34366,1000000,1120000
2020-02-28 13:29:52.291000,1.34379,1.34371,1070000,1000000
2020-02-28 13:29:52.341000,1.34384,1.34374,1700000,1000000
2020-02-28 13:29:52.477000,1.34385,1.34374,2450000,1500000
2020-02-28 13:29:52.680000,1.34382,1.34375,1000000,1500000
2020-02-28 13:29:52.782000,1.34382,1.34376,1500000,1260000
2020-02-28 13:29:52.884000,1.34382,1.34376,1000000,1260000
2020-02-28 13:29:53.043000,1.34379,1.34361,1000000,2000000
2020-02-28 13:29:53.195000,1.34375,1.34362,1000000,1000000
2020-02-28 13:29:55.304000,1.34375,1.34362,1000000,1500000
2020-02-28 13:29:56.320000,1.34375,1.34361,1000000,2750000
2020-02-28 13:29:56.460000,1.34382,1.34362,1000000,1500000
2020-02-28 13:29:56.562000,1.34383,1.34362,1200000,1500000
2020-02-28 13:29:56.663000,1.34382,1.34362,1000000,1500000
2020-02-28 13:29:56.713000,1.34379,1.34361,1000000,2750000
2020-02-28 13:29:56.865000,1.34378,1.34361,1000000,1500000
2020-02-28 13:29:56.977000,1.34375,1.34353,1000000,1500000
2020-02-28 13:29:57.334000,1.34375,1.34353,1000000,1500000
2020-02-28 13:29:57.668000,1.3437,1.34353,1000000,1000000
2020-02-28 13:29:57.836000,1.34369,1.34353,1000000,1000000
2020-02-28 13:29:57.938000,1.34369,1.34352,1000000,2250000
2020-02-28 13:29:59.231000,1.34368,1.34352,1000000,3190000
2020-02-28 13:29:59.332000,1.34369,1.34352,1000000,1500000
2020-02-28 13:29:59.383000,1.34367,1.34352,1000000,1310000
2020-02-28 13:29:59.535000,1.34367,1.34353,1000000,1000000
2020-02-28 13:29:59.585000,1.34366,1.34351,1000000,1310000
2020-02-28 13:29:59.687000,1.34369,1.34353,1000000,1000000
2020-02-28 13:29:59.796000,1.34369,1.34352,1000000,1310000
2020-02-28 13:30:00.015000,1.34371,1.34355,1500000,1000000
2020-02-28 13:30:00.116000,1.34372,1.34359,1000000,1000000
2020-02-28 13:30:00.218000,1.34368,1.34352,1000000,1870000
2020-02-28 13:30:00.313000,1.34368,1.34357,1000000,1000000
2020-02-28 13:30:00.364000,1.34356,1.34349,1000000,2810000
2020-02-28 13:30:00.415000,1.34291,1.34286,1000000,1000000
2020-02-28 13:30:00.466000,1.34298,1.34277,1000000,1250000
2020-02-28 13:30:00.517000,1.34301,1.34287,1500000,1310000
2020-02-28 13:30:00.568000,1.34289,1.34274,1000000,1000000
2020-02-28 13:30:00.618000,1.34284,1.34271,1000000,2250000
2020-02-28 13:30:00.728000,1.34281,1.34269,1000000,1000000
2020-02-28 13:30:00.780000,1.34285,1.34265,1000000,1000000
2020-02-28 13:30:00.830000,1.3428,1.34271,1000000,1000000
2020-02-28 13:30:00.881000,1.34279,1.34266,1000000,2250000
2020-02-28 13:30:00.932000,1.34276,1.3426,1000000,1500000
2020-02-28 13:30:00.982000,1.34272,1.3426,1000000,1500000
2020-02-28 13:30:01.033000,1.34269,1.34255,1000000,3000000
2020-02-28 13:30:01.134000,1.34266,1.34256,1000000,1000000
2020-02-28 13:30:01.245000,1.34263,1.34255,1000000,1000000
2020-02-28 13:30:01.346000,1.3426,1.34247,1000000,1000000
2020-02-28 13:30:01.398000,1.34258,1.34247,1000000,1000000
2020-02-28 13:30:01.448000,1.34266,1.34253,1310000,1000000
2020-02-28 13:30:01.499000,1.34261,1.34251,1000000,1000000
2020-02-28 13:30:01.550000,1.34263,1.34247,1000000,1250000
2020-02-28 13:30:01.601000,1.34277,1.34264,1000000,1500000
2020-02-28 13:30:01.681000,1.34279,1.34265,1000000,1500000
2020-02-28 13:30:01.783000,1.34277,1.34265,1000000,1500000
2020-02-28 13:30:02.035000,1.34277,1.34264,1000000,1870000
2020-02-28 13:30:02.136000,1.34282,1.34271,1000000,1000000
2020-02-28 13:30:02.287000,1.34284,1.3427,1000000,1400000
2020-02-28 13:30:02.338000,1.34287,1.3427,1000000,1550000
2020-02-28 13:30:02.389000,1.34293,1.34279,1000000,1500000
2020-02-28 13:30:02.440000,1.34295,1.3428,1000000,1870000
2020-02-28 13:30:02.491000,1.34296,1.34282,1000000,1000000
2020-02-28 13:30:02.592000,1.34297,1.34288,1000000,1120000
2020-02-28 13:30:02.693000,1.34294,1.34279,1200000,1900000
2020-02-28 13:30:02.744000,1.34294,1.34279,1200000,1500000
2020-02-28 13:30:02.862000,1.34294,1.34279,1200000,1850000
2020-02-28 13:30:02.963000,1.34294,1.34279,1200000,1500000
2020-02-28 13:30:03.065000,1.34303,1.34283,1990000,3100000
2020-02-28 13:30:03.166000,1.34309,1.34301,1000000,1000000
2020-02-28 13:30:03.267000,1.34316,1.34304,1000000,1000000
2020-02-28 13:30:03.318000,1.34313,1.34301,1000000,2250000
2020-02-28 13:30:03.475000,1.34296,1.34284,1000000,1710000
2020-02-28 13:30:03.526000,1.34296,1.34282,1000000,1500000
2020-02-28 13:30:03.627000,1.34295,1.34279,1000000,1100000
2020-02-28 13:30:03.678000,1.34297,1.34283,1000000,1000000
2020-02-28 13:30:03.728000,1.34301,1.34282,1000000,1500000
2020-02-28 13:30:03.830000,1.34301,1.34282,1000000,4620000
2020-02-28 13:30:03.981000,1.34301,1.34282,1000000,1870000
2020-02-28 13:30:04.032000,1.34287,1.34276,1000000,1500000
2020-02-28 13:30:04.138000,1.34286,1.34269,1000000,1500000
2020-02-28 13:30:04.190000,1.34277,1.34266,1000000,1500000
2020-02-28 13:30:04.242000,1.34277,1.3426,1000000,1500000
2020-02-28 13:30:04.343000,1.34278,1.3426,1000000,1370000
2020-02-28 13:30:04.444000,1.34278,1.34258,1000000,1900000
2020-02-28 13:30:04.646000,1.34279,1.34264,1000000,1120000
2020-02-28 13:30:04.703000,1.34279,1.34261,1000000,1420000
2020-02-28 13:30:04.754000,1.34281,1.34264,1000000,1250000
2020-02-28 13:30:04.805000,1.34284,1.34265,1690000,1120000
2020-02-28 13:30:04.906000,1.34284,1.34266,1000000,1000000
2020-02-28 13:30:04.957000,1.34284,1.34264,1000000,2250000
2020-02-28 13:30:05.058000,1.34287,1.34274,1250000,1500000
2020-02-28 13:30:05.109000,1.34298,1.34294,1000000,1000000
2020-02-28 13:30:05.159000,1.34313,1.34301,1000000,1000000
2020-02-28 13:30:05.210000,1.34315,1.34309,1000000,1500000
2020-02-28 13:30:05.276000,1.34326,1.34318,1000000,1000000
2020-02-28 13:30:05.327000,1.34348,1.34336,1750000,1000000
2020-02-28 13:30:05.378000,1.34353,1.34337,1000000,1000000
2020-02-28 13:30:05.429000,1.34353,1.34339,1500000,1000000
2020-02-28 13:30:05.479000,1.3435,1.34334,1000000,1000000
2020-02-28 13:30:05.530000,1.34339,1.34326,1000000,1000000
2020-02-28 13:30:05.631000,1.34338,1.34317,1000000,1690000
2020-02-28 13:30:05.682000,1.34329,1.34317,1000000,1500000
2020-02-28 13:30:05.732000,1.34329,1.34312,1000000,1000000
2020-02-28 13:30:05.783000,1.34329,1.34308,1000000,1500000
2020-02-28 13:30:05.834000,1.34323,1.34303,1000000,4250000
2020-02-28 13:30:05.977000,1.34321,1.343,1000000,2250000
2020-02-28 13:30:06.079000,1.3432,1.343,1000000,2250000
2020-02-28 13:30:06.230000,1.34317,1.34303,1000000,1000000
2020-02-28 13:30:06.281000,1.34319,1.34303,1000000,1000000
2020-02-28 13:30:06.382000,1.34315,1.34302,1000000,1000000
2020-02-28 13:30:06.575000,1.34318,1.34302,1250000,1000000
2020-02-28 13:30:06.627000,1.34326,1.3431,2250000,1000000
2020-02-28 13:30:06.730000,1.34328,1.34309,1000000,1500000
2020-02-28 13:30:06.831000,1.34328,1.3431,1000000,1000000
2020-02-28 13:30:06.932000,1.34328,1.34309,1000000,1500000
2020-02-28 13:30:06.983000,1.34328,1.3431,1000000,1750000
2020-02-28 13:30:07.084000,1.34337,1.34321,1000000,1000000
2020-02-28 13:30:07.205000,1.34337,1.34319,1000000,1000000
2020-02-28 13:30:07.306000,1.34337,1.3432,1000000,1500000
2020-02-28 13:30:07.361000,1.3434,1.34328,1000000,1000000
2020-02-28 13:30:07.411000,1.34342,1.34328,1000000,1000000
2020-02-28 13:30:07.462000,1.34339,1.34327,1000000,1000000
2020-02-28 13:30:07.513000,1.34339,1.34325,1000000,3000000
2020-02-28 13:30:07.667000,1.34339,1.34324,1000000,1610000
2020-02-28 13:30:07.769000,1.34339,1.34325,1000000,1000000
2020-02-28 13:30:07.820000,1.34339,1.34327,1000000,1000000
2020-02-28 13:30:07.921000,1.34339,1.34327,1000000,1250000
2020-02-28 13:30:08.123000,1.3434,1.34328,1000000,1000000
2020-02-28 13:30:08.263000,1.3434,1.34327,1000000,1500000
2020-02-28 13:30:08.776000,1.3434,1.34328,1000000,1000000
2020-02-28 13:30:08.827000,1.34345,1.34325,1000000,2000000
2020-02-28 13:30:08.988000,1.34332,1.34325,1000000,1800000
2020-02-28 13:30:09.090000,1.34331,1.34318,1000000,1000000
2020-02-28 13:30:09.191000,1.34331,1.34314,1000000,1400000
2020-02-28 13:30:09.372000,1.34332,1.34314,1000000,1650000
2020-02-28 13:30:09.423000,1.34337,1.34319,1000000,1000000
2020-02-28 13:30:09.474000,1.34341,1.34324,1000000,1120000
2020-02-28 13:30:09.601000,1.34341,1.34325,1000000,1000000
2020-02-28 13:30:09.753000,1.3434,1.34325,1000000,1000000
2020-02-28 13:30:09.854000,1.3434,1.34324,1000000,1420000
2020-02-28 13:30:10.158000,1.34336,1.3432,1000000,1400000
2020-02-28 13:30:10.259000,1.34336,1.3432,1000000,1000000
2020-02-28 13:30:10.309000,1.34341,1.34327,1000000,1000000
2020-02-28 13:30:10.450000,1.3435,1.34345,1000000,1000000
2020-02-28 13:30:10.501000,1.3436,1.34345,1000000,1000000
2020-02-28 13:30:10.602000,1.34358,1.34344,1000000,1000000
2020-02-28 13:30:10.704000,1.34358,1.34346,1000000,3000000
2020-02-28 13:30:10.755000,1.34358,1.34344,1000000,1000000
2020-02-28 13:30:10.805000,1.34358,1.34346,1000000,1000000
2020-02-28 13:30:11.004000,1.34358,1.34344,1000000,1000000
2020-02-28 13:30:11.056000,1.34355,1.34344,1000000,1000000
2020-02-28 13:30:11.157000,1.34355,1.34345,1000000,1000000
2020-02-28 13:30:11.258000,1.34354,1.34345,1000000,1000000
2020-02-28 13:30:11.309000,1.34357,1.34346,1000000,1000000
2020-02-28 13:30:11.461000,1.34364,1.34351,1250000,1000000
2020-02-28 13:30:11.512000,1.34357,1.34349,1000000,1950000
2020-02-28 13:30:11.593000,1.34359,1.34349,1000000,1200000
2020-02-28 13:30:11.644000,1.34363,1.34359,1000000,1000000
2020-02-28 13:30:11.695000,1.34364,1.34357,1000000,1000000
2020-02-28 13:30:11.747000,1.34366,1.34357,1000000,1000000
2020-02-28 13:30:11.798000,1.34365,1.3436,1000000,1000000
2020-02-28 13:30:11.849000,1.3436,1.34353,1000000,1000000
2020-02-28 13:30:11.900000,1.34359,1.34355,1000000,1310000
2020-02-28 13:30:11.951000,1.34364,1.3436,1000000,1000000
2020-02-28 13:30:12.003000,1.34362,1.34355,1000000,1000000
2020-02-28 13:30:12.054000,1.34358,1.34351,1000000,1000000
2020-02-28 13:30:12.155000,1.34356,1.34349,1000000,1000000
2020-02-28 13:30:12.206000,1.34358,1.34349,1000000,1000000
2020-02-28 13:30:12.256000,1.34358,1.34351,1000000,1000000
2020-02-28 13:30:12.366000,1.34358,1.34349,1000000,1000000
2020-02-28 13:30:12.417000,1.3436,1.34349,1000000,1000000
2020-02-28 13:30:12.519000,1.34362,1.34351,1000000,1000000
2020-02-28 13:30:12.570000,1.34364,1.34351,1000000,1000000
2020-02-28 13:30:12.671000,1.34363,1.34352,1000000,1000000
2020-02-28 13:30:12.823000,1.34365,1.34354,1000000,1500000
2020-02-28 13:30:12.934000,1.34365,1.34356,1000000,1500000
2020-02-28 13:30:13.036000,1.34364,1.34355,1000000,1500000
2020-02-28 13:30:13.137000,1.34365,1.34356,1000000,1000000
2020-02-28 13:30:13.239000,1.34366,1.34361,1000000,1000000
2020-02-28 13:30:13.305000,1.3437,1.3436,1000000,3000000
2020-02-28 13:30:13.356000,1.34372,1.34368,1500000,2250000
2020-02-28 13:30:13.407000,1.3438,1.3437,2250000,1500000
2020-02-28 13:30:13.549000,1.34383,1.3437,1000000,1000000
2020-02-28 13:30:13.753000,1.34385,1.34372,1000000,1000000
2020-02-28 13:30:13.804000,1.3439,1.34374,3620000,1000000
2020-02-28 13:30:13.906000,1.3439,1.34374,1000000,1000000
2020-02-28 13:30:14.007000,1.34389,1.34374,1000000,1000000
2020-02-28 13:30:14.260000,1.3439,1.34374,1000000,1000000
2020-02-28 13:30:14.532000,1.3439,1.34376,1000000,1000000
2020-02-28 13:30:14.633000,1.3439,1.34378,1000000,1000000
2020-02-28 13:30:14.685000,1.34394,1.34379,1650000,1000000
2020-02-28 13:30:14.787000,1.34395,1.34379,1770000,1000000
2020-02-28 13:30:14.838000,1.34395,1.34382,1300000,1000000
2020-02-28 13:30:14.889000,1.34397,1.3438,1300000,2250000
2020-02-28 13:30:14.941000,1.34399,1.34384,2890000,1000000
2020-02-28 13:30:14.992000,1.34399,1.34384,1100000,1000000
2020-02-28 13:30:15.074000,1.34399,1.34383,1000000,1000000
2020-02-28 13:30:15.125000,1.34399,1.34385,1000000,1000000
2020-02-28 13:30:15.229000,1.344,1.34387,1500000,1000000
2020-02-28 13:30:15.382000,1.34399,1.34385,1120000,1000000
2020-02-28 13:30:15.483000,1.344,1.34387,1000000,1500000
2020-02-28 13:30:15.585000,1.34406,1.34395,1500000,1000000
2020-02-28 13:30:15.692000,1.3441,1.34397,2100000,1000000
2020-02-28 13:30:15.743000,1.3441,1.34397,1000000,1000000
2020-02-28 13:30:15.794000,1.3441,1.34397,1810000,1000000
2020-02-28 13:30:16.870000,1.3441,1.34398,1810000,1000000
2020-02-28 13:30:17.022000,1.34412,1.34398,1810000,1000000
2020-02-28 13:30:17.284000,1.34407,1.34395,1000000,1500000
2020-02-28 13:30:17.386000,1.34405,1.34394,1120000,1000000
2020-02-28 13:30:17.487000,1.34407,1.34393,2620000,1000000
2020-02-28 13:30:17.538000,1.34407,1.34393,1810000,1000000
2020-02-28 13:30:17.589000,1.34409,1.34404,1310000,1000000
2020-02-28 13:30:17.640000,1.34416,1.3441,1000000,1000000
2020-02-28 13:30:17.690000,1.34423,1.34412,1500000,1000000
2020-02-28 13:30:17.741000,1.34426,1.34413,1690000,1000000
2020-02-28 13:30:17.792000,1.34424,1.34413,1250000,1000000
2020-02-28 13:30:17.942000,1.34423,1.34412,1250000,1000000
2020-02-28 13:30:17.993000,1.3442,1.34408,1000000,1000000
2020-02-28 13:30:18.044000,1.34419,1.34408,2500000,1000000
2020-02-28 13:30:18.196000,1.34418,1.34407,3620000,1000000
2020-02-28 13:30:18.247000,1.34419,1.34406,1310000,1000000
2020-02-28 13:30:18.349000,1.34421,1.34406,3190000,1000000
2020-02-28 13:30:18.400000,1.34419,1.34408,1000000,1000000
2020-02-28 13:30:18.502000,1.34422,1.34411,1560000,1000000
2020-02-28 13:30:18.606000,1.34422,1.3441,1250000,1000000
2020-02-28 13:30:18.712000,1.34423,1.34411,1250000,1000000
2020-02-28 13:30:18.763000,1.34424,1.34411,2500000,1000000
2020-02-28 13:30:18.915000,1.34424,1.34413,1250000,1000000
2020-02-28 13:30:19.016000,1.34419,1.34406,1250000,1870000
2020-02-28 13:30:19.128000,1.34418,1.34406,1750000,1000000
2020-02-28 13:30:19.268000,1.34417,1.34406,1250000,1000000
2020-02-28 13:30:19.404000,1.34412,1.34401,1000000,3000000
2020-02-28 13:30:19.506000,1.3441,1.34398,1690000,1000000
2020-02-28 13:30:19.607000,1.34409,1.34398,1250000,1000000
2020-02-28 13:30:19.709000,1.34409,1.34397,1250000,1000000
2020-02-28 13:30:19.814000,1.34408,1.34397,1690000,1000000
2020-02-28 13:30:19.864000,1.34408,1.34395,4370000,1000000
2020-02-28 13:30:20.123000,1.34406,1.34394,3750000,1000000
2020-02-28 13:30:20.174000,1.34408,1.34397,1000000,1000000
2020-02-28 13:30:20.583000,1.34409,1.34396,2500000,1000000
2020-02-28 13:30:20.742000,1.34408,1.34398,1000000,1000000
2020-02-28 13:30:20.844000,1.34409,1.34399,1250000,1000000
2020-02-28 13:30:20.946000,1.34409,1.34399,1250000,1000000
2020-02-28 13:30:21.109000,1.34409,1.34399,1250000,1000000
2020-02-28 13:30:21.159000,1.34408,1.34395,1500000,1000000
2020-02-28 13:30:21.251000,1.34406,1.34395,1000000,1000000
2020-02-28 13:30:21.301000,1.34402,1.3439,1500000,1000000
2020-02-28 13:30:21.352000,1.344,1.34389,1500000,1500000
2020-02-28 13:30:21.403000,1.34399,1.34387,2440000,1000000
2020-02-28 13:30:21.454000,1.34397,1.34387,1250000,1000000
2020-02-28 13:30:21.656000,1.34396,1.34385,1250000,1000000
2020-02-28 13:30:21.894000,1.34392,1.34381,1000000,2250000
2020-02-28 13:30:21.997000,1.34389,1.34375,1000000,1000000
2020-02-28 13:30:22.048000,1.34387,1.34375,1000000,1000000
2020-02-28 13:30:22.150000,1.34384,1.34373,1250000,1000000
2020-02-28 13:30:22.252000,1.34382,1.34372,1250000,1000000
2020-02-28 13:30:22.353000,1.34381,1.34372,1000000,1000000
2020-02-28 13:30:22.454000,1.3438,1.34371,1000000,1000000
2020-02-28 13:30:22.602000,1.3438,1.34369,1000000,1000000
2020-02-28 13:30:22.957000,1.34378,1.34369,1000000,1000000
2020-02-28 13:30:23.058000,1.34377,1.34368,1000000,1000000
2020-02-28 13:30:23.109000,1.34379,1.34368,1000000,1000000
2020-02-28 13:30:23.368000,1.34377,1.34368,1000000,1000000
2020-02-28 13:30:23.634000,1.34379,1.34369,1690000,1000000
2020-02-28 13:30:23.770000,1.34378,1.34369,1000000,1000000
2020-02-28 13:30:24.408000,1.34379,1.34369,1250000,1000000
2020-02-28 13:30:24.604000,1.34379,1.34369,1250000,1000000
2020-02-28 13:30:24.806000,1.34383,1.34373,1870000,1000000
2020-02-28 13:30:24.985000,1.34382,1.34373,1500000,1000000
2020-02-28 13:30:25.209000,1.34381,1.34373,1250000,1000000
2020-02-28 13:30:25.310000,1.3438,1.34373,1250000,1000000
2020-02-28 13:30:25.621000,1.34381,1.34372,1250000,1000000
2020-02-28 13:30:27.048000,1.34379,1.34372,1000000,1000000
2020-02-28 13:30:27.100000,1.34379,1.3437,1370000,1000000
2020-02-28 13:30:27.201000,1.34379,1.34369,2120000,1000000
2020-02-28 13:30:27.252000,1.34377,1.34366,1690000,1000000
2020-02-28 13:30:27.303000,1.34378,1.34369,1500000,1000000
2020-02-28 13:30:27.354000,1.34377,1.34367,1000000,1000000
2020-02-28 13:30:27.405000,1.34377,1.34367,1370000,1000000
2020-02-28 13:30:27.549000,1.34379,1.3437,1690000,1000000
2020-02-28 13:30:27.762000,1.34381,1.3437,2250000,1000000
2020-02-28 13:30:28.081000,1.34382,1.34374,1000000,1500000
2020-02-28 13:30:28.183000,1.34385,1.34376,1000000,1000000
2020-02-28 13:30:28.234000,1.34388,1.34378,2250000,1000000
2020-02-28 13:30:28.394000,1.34389,1.34377,1690000,2250000
2020-02-28 13:30:28.739000,1.34388,1.34379,1250000,1000000
2020-02-28 13:30:28.943000,1.34392,1.34386,1000000,1000000
2020-02-28 13:30:28.994000,1.34398,1.34388,1120000,1000000
2020-02-28 13:30:29.943000,1.34389,1.34382,1000000,2250000
2020-02-28 13:30:29.993000,1.34389,1.3438,1000000,1000000
2020-02-28 13:30:30.095000,1.34388,1.3438,1250000,1000000
2020-02-28 13:30:31.178000,1.3439,1.3438,1690000,1000000
2020-02-28 13:30:31.616000,1.3439,1.3438,2500000,1000000
2020-02-28 13:30:31.829000,1.3439,1.34379,2500000,1000000
2020-02-28 13:30:31.931000,1.34389,1.34379,1690000,1000000
2020-02-28 13:30:32.211000,1.34389,1.34378,1000000,1100000
2020-02-28 13:30:32.514000,1.34386,1.34378,1500000,1000000
2020-02-28 13:30:32.660000,1.3438,1.3437,1000000,3000000
2020-02-28 13:30:32.711000,1.3438,1.34371,1000000,1250000
2020-02-28 13:30:32.812000,1.3438,1.34371,1690000,1000000
2020-02-28 13:30:32.914000,1.34381,1.3437,2500000,1000000
2020-02-28 13:30:33.066000,1.34381,1.3437,2810000,1000000
2020-02-28 13:30:33.293000,1.34379,1.3437,1000000,1000000
2020-02-28 13:30:33.400000,1.34378,1.34369,1000000,1000000
2020-02-28 13:30:33.976000,1.34373,1.34366,1000000,1000000
2020-02-28 13:30:34.026000,1.34372,1.3436,1000000,1000000
2020-02-28 13:30:34.128000,1.34371,1.3436,1000000,1000000
2020-02-28 13:30:34.280000,1.34371,1.34359,1000000,2250000
2020-02-28 13:30:34.381000,1.34364,1.34355,1000000,1200000
2020-02-28 13:30:34.483000,1.34362,1.34353,1000000,1300000
2020-02-28 13:30:34.584000,1.34361,1.3435,1250000,1500000
2020-02-28 13:30:34.670000,1.3436,1.3435,1000000,1300000
2020-02-28 13:30:34.771000,1.3436,1.3435,1000000,1300000
2020-02-28 13:30:34.872000,1.3436,1.3435,1000000,1500000
2020-02-28 13:30:35.024000,1.3436,1.3435,1250000,1000000
2020-02-28 13:30:35.855000,1.34362,1.3435,1000000,1000000
2020-02-28 13:30:35.906000,1.34368,1.34357,1690000,1000000
2020-02-28 13:30:36.425000,1.34366,1.34353,1000000,1000000
2020-02-28 13:30:37.133000,1.34368,1.34356,1000000,1500000
2020-02-28 13:30:37.713000,1.34366,1.34354,1000000,3370000
2020-02-28 13:30:37.815000,1.34363,1.34351,1250000,1760000
2020-02-28 13:30:37.917000,1.34362,1.34351,1000000,1000000
2020-02-28 13:30:38.398000,1.34363,1.34351,1000000,1500000
2020-02-28 13:30:38.500000,1.34369,1.3436,1350000,1000000
2020-02-28 13:30:38.551000,1.34369,1.3436,1000000,1000000
2020-02-28 13:30:38.703000,1.34366,1.34358,1000000,1200000
2020-02-28 13:30:38.813000,1.34364,1.34353,1000000,2440000
2020-02-28 13:30:38.914000,1.34364,1.34353,1370000,1200000
2020-02-28 13:30:39.015000,1.34364,1.34353,1370000,1000000
2020-02-28 13:30:39.066000,1.34364,1.34351,2440000,1200000
2020-02-28 13:30:39.117000,1.34362,1.34351,1000000,1310000
2020-02-28 13:30:39.218000,1.34361,1.3435,1250000,1500000
2020-02-28 13:30:39.319000,1.34361,1.34349,1250000,1500000
2020-02-28 13:30:39.485000,1.34359,1.34349,1000000,1500000
2020-02-28 13:30:39.587000,1.34361,1.34349,1750000,1000000
2020-02-28 13:30:39.688000,1.34361,1.34349,1690000,1100000
2020-02-28 13:30:39.789000,1.3436,1.3435,1000000,1000000
2020-02-28 13:30:40.302000,1.34362,1.34352,1000000,1000000
2020-02-28 13:30:40.353000,1.34363,1.34352,2120000,1000000
2020-02-28 13:30:40.454000,1.34363,1.34351,2120000,1000000
2020-02-28 13:30:40.740000,1.34363,1.3435,2120000,1000000
2020-02-28 13:30:42.056000,1.34361,1.3435,1250000,1500000
2020-02-28 13:30:42.339000,1.34355,1.34347,1000000,1000000
2020-02-28 13:30:42.440000,1.34351,1.34343,1000000,1250000
2020-02-28 13:30:42.549000,1.34348,1.34342,1000000,1000000
2020-02-28 13:30:42.651000,1.34346,1.34341,1500000,1000000
2020-02-28 13:30:42.701000,1.34346,1.34338,1500000,1000000
2020-02-28 13:30:42.955000,1.34344,1.34338,1000000,1000000
2020-02-28 13:30:43.005000,1.34346,1.34338,1500000,1000000
2020-02-28 13:30:43.107000,1.34345,1.34338,1000000,1000000
2020-02-28 13:30:43.208000,1.34346,1.34338,1500000,1000000
2020-02-28 13:30:43.434000,1.34345,1.34338,1000000,1000000
2020-02-28 13:30:43.535000,1.34346,1.34338,1000000,1000000
2020-02-28 13:30:43.763000,1.34347,1.34339,1000000,1000000
2020-02-28 13:30:43.864000,1.34349,1.3434,1000000,1000000
2020-02-28 13:30:43.915000,1.34351,1.34342,1250000,1000000
2020-02-28 13:30:44.016000,1.34351,1.34342,1000000,1000000
2020-02-28 13:30:44.165000,1.34353,1.34342,2250000,1000000
2020-02-28 13:30:44.418000,1.34353,1.34343,1500000,1000000
2020-02-28 13:30:45.141000,1.34352,1.34343,1000000,1000000
2020-02-28 13:30:45.367000,1.34351,1.34342,1000000,1000000
2020-02-28 13:30:45.471000,1.34352,1.34342,1000000,1000000
2020-02-28 13:30:45.764000,1.34352,1.3434,1250000,1000000
2020-02-28 13:30:46.607000,1.34352,1.34339,1000000,3750000
2020-02-28 13:30:46.990000,1.34345,1.34336,1000000,1700000
2020-02-28 13:30:47.150000,1.34345,1.34336,1000000,1200000
2020-02-28 13:30:49.111000,1.34345,1.34336,1000000,1200000
2020-02-28 13:30:49.403000,1.34345,1.34336,1000000,1200000
2020-02-28 13:30:49.688000,1.34354,1.3435,1000000,1000000
2020-02-28 13:30:49.739000,1.34361,1.34349,1000000,3000000
2020-02-28 13:30:49.789000,1.34362,1.34351,1500000,1500000
2020-02-28 13:30:50.362000,1.34369,1.34358,3060000,1000000
2020-02-28 13:30:50.463000,1.34369,1.34358,1500000,1000000
2020-02-28 13:30:51.170000,1.34368,1.34358,1000000,1000000
2020-02-28 13:30:51.272000,1.34365,1.34353,1000000,1250000
2020-02-28 13:30:51.400000,1.34365,1.34353,1000000,1000000
2020-02-28 13:30:51.941000,1.34363,1.34355,1000000,1000000
2020-02-28 13:30:51.992000,1.34366,1.34357,2440000,1000000
2020-02-28 13:30:52.043000,1.34363,1.34353,1000000,1000000
2020-02-28 13:30:52.153000,1.34363,1.34351,1000000,2250000
2020-02-28 13:30:52.255000,1.34362,1.3435,1000000,1000000
2020-02-28 13:30:52.306000,1.3436,1.3435,1000000,2250000
2020-02-28 13:30:54.451000,1.34355,1.34344,1000000,3970000
2020-02-28 13:30:54.553000,1.34353,1.34343,1000000,1000000
2020-02-28 13:30:54.655000,1.34353,1.34342,1000000,1500000
2020-02-28 13:30:55.427000,1.34349,1.3434,1000000,1910000
2020-02-28 13:30:55.565000,1.34346,1.34337,1000000,1950000
2020-02-28 13:30:55.667000,1.34349,1.34339,1000000,1100000
2020-02-28 13:30:55.718000,1.34352,1.3434,1000000,1500000
2020-02-28 13:30:55.769000,1.34353,1.34342,1000000,1000000
2020-02-28 13:30:55.819000,1.34352,1.3434,1000000,1100000
2020-02-28 13:30:56.455000,1.34348,1.34337,1000000,3000000
2020-02-28 13:30:56.506000,1.34347,1.34335,1000000,2250000
2020-02-28 13:30:56.558000,1.34345,1.34335,1000000,1500000
2020-02-28 13:30:56.862000,1.34347,1.34335,1000000,1000000
2020-02-28 13:30:57.333000,1.34345,1.34334,1000000,1000000
2020-02-28 13:30:57.485000,1.34345,1.34333,1500000,1000000
2020-02-28 13:30:59.311000,1.34342,1.34333,1000000,1000000
2020-02-28 13:30:59.465000,1.34342,1.34331,1000000,1220000
2020-02-28 13:30:59.566000,1.34343,1.34331,1000000,1100000
2020-02-28 13:31:00.043000,1.34343,1.34332,1000000,1000000
2020-02-28 13:31:00.145000,1.3435,1.3434,1000000,1500000
2020-02-28 13:31:00.196000,1.34354,1.34342,1000000,1000000
2020-02-28 13:31:00.297000,1.34354,1.34343,1000000,1390000
2020-02-28 13:31:00.348000,1.34357,1.34348,1500000,1000000
2020-02-28 13:31:00.553000,1.34359,1.34348,1000000,1000000
2020-02-28 13:31:00.755000,1.34359,1.3435,1000000,1000000
2020-02-28 13:31:00.856000,1.34359,1.34351,1000000,1000000
2020-02-28 13:31:00.957000,1.34367,1.34357,1370000,2250000
2020-02-28 13:31:01.008000,1.34367,1.34357,1310000,2250000
2020-02-28 13:31:01.109000,1.34366,1.34357,1310000,1500000
2020-02-28 13:31:01.160000,1.34368,1.34357,1000000,1000000
2020-02-28 13:31:01.463000,1.34369,1.34357,1000000,2250000
2020-02-28 13:31:01.584000,1.34369,1.34358,1000000,1000000
2020-02-28 13:31:01.938000,1.34369,1.34359,1000000,1000000
2020-02-28 13:31:03.515000,1.34367,1.34358,1000000,2250000
2020-02-28 13:31:03.626000,1.34366,1.34357,1000000,1000000
2020-02-28 13:31:04.392000,1.34367,1.34358,1000000,1500000
2020-02-28 13:31:05.456000,1.34367,1.34359,1000000,1000000
2020-02-28 13:31:05.633000,1.34367,1.34358,1000000,1000000
2020-02-28 13:31:05.770000,1.34361,1.34354,1000000,2250000
2020-02-28 13:31:05.821000,1.34365,1.34357,1000000,1000000
2020-02-28 13:31:05.922000,1.34367,1.34358,1000000,1000000
2020-02-28 13:31:06.023000,1.34367,1.34359,1000000,1000000
2020-02-28 13:31:06.427000,1.3437,1.34362,1000000,1000000
2020-02-28 13:31:06.527000,1.34368,1.34359,1000000,1000000
2020-02-28 13:31:06.578000,1.3437,1.3436,1000000,2220000
2020-02-28 13:31:06.629000,1.3437,1.3436,1000000,1000000
2020-02-28 13:31:07.572000,1.34368,1.3436,1000000,1000000
2020-02-28 13:31:10.808000,1.3437,1.34361,1000000,1000000
2020-02-28 13:31:10.909000,1.34368,1.3436,1000000,1100000
2020-02-28 13:31:11.569000,1.34368,1.34359,1000000,1000000
2020-02-28 13:31:11.670000,1.34367,1.34358,1000000,2250000
2020-02-28 13:31:12.839000,1.34366,1.34358,1000000,2250000
2020-02-28 13:31:12.941000,1.3436,1.34352,1000000,1000000
2020-02-28 13:31:13.053000,1.3436,1.34349,1000000,2510000
2020-02-28 13:31:13.104000,1.34358,1.34349,1000000,2510000
2020-02-28 13:31:13.469000,1.34356,1.34349,1000000,1000000
2020-02-28 13:31:14.148000,1.34353,1.34345,1000000,1910000
2020-02-28 13:31:14.272000,1.34352,1.34343,1000000,1500000
2020-02-28 13:31:14.374000,1.34352,1.34342,1000000,1000000
2020-02-28 13:31:14.475000,1.34351,1.34342,1000000,1000000
2020-02-28 13:31:15.071000,1.34351,1.34341,1000000,1950000
2020-02-28 13:31:15.325000,1.34349,1.34341,1000000,1000000
2020-02-28 13:31:15.579000,1.34351,1.34341,1000000,1000000
2020-02-28 13:31:15.814000,1.3435,1.34341,1000000,1100000
2020-02-28 13:31:16.203000,1.34354,1.34347,1000000,1500000
2020-02-28 13:31:16.254000,1.34358,1.34348,1000000,1000000
2020-02-28 13:31:16.369000,1.34358,1.3435,1000000,1100000
2020-02-28 13:31:16.835000,1.34358,1.3435,1000000,1220000
2020-02-28 13:31:17.068000,1.34358,1.3435,1000000,1100000
2020-02-28 13:31:17.119000,1.34362,1.3435,1000000,2100000
2020-02-28 13:31:18.242000,1.34362,1.3435,1000000,1390000
2020-02-28 13:31:18.719000,1.34361,1.3435,1000000,2140000
2020-02-28 13:31:19.581000,1.3436,1.3435,1000000,1760000
2020-02-28 13:31:20.958000,1.3436,1.34351,1000000,1000000
2020-02-28 13:31:27.918000,1.3436,1.34355,1000000,1500000
2020-02-28 13:31:27.970000,1.3436,1.34352,1000000,1100000
2020-02-28 13:31:28.071000,1.34364,1.34355,1000000,1000000
2020-02-28 13:31:28.122000,1.34366,1.34358,1000000,1000000
2020-02-28 13:31:28.173000,1.34369,1.34359,1500000,1000000
2020-02-28 13:31:28.954000,1.34369,1.3436,1500000,1000000
2020-02-28 13:31:30.751000,1.34373,1.34366,1000000,1000000
2020-02-28 13:31:30.802000,1.34375,1.34366,1000000,1000000
2020-02-28 13:31:30.903000,1.34375,1.34367,1000000,1000000
2020-02-28 13:31:34.717000,1.34375,1.34368,1000000,1500000
2020-02-28 13:31:34.818000,1.34379,1.3437,1000000,1100000
2020-02-28 13:31:35.332000,1.34378,1.3437,1000000,1100000
2020-02-28 13:31:36.469000,1.34378,1.34369,1000000,1000000
2020-02-28 13:31:36.773000,1.34379,1.34369,1000000,1500000
2020-02-28 13:31:37.271000,1.3438,1.34369,1500000,1000000
2020-02-28 13:31:37.477000,1.3438,1.3437,1000000,1000000
2020-02-28 13:31:37.780000,1.34381,1.3437,1000000,2510000
2020-02-28 13:31:38.654000,1.34381,1.3437,1000000,3470000
2020-02-28 13:31:38.756000,1.34381,1.34371,1000000,1910000
2020-02-28 13:31:38.857000,1.34382,1.34371,1000000,2660000
2020-02-28 13:31:38.908000,1.34385,1.34376,1000000,1000000
2020-02-28 13:31:39.257000,1.34385,1.34377,1000000,1000000
2020-02-28 13:31:42.830000,1.34386,1.34376,1000000,1000000
2020-02-28 13:31:44.078000,1.34379,1.34372,1000000,2250000
2020-02-28 13:31:44.129000,1.34379,1.3437,1000000,2250000
2020-02-28 13:31:45.273000,1.34381,1.3437,1000000,2250000
2020-02-28 13:31:45.375000,1.34382,1.34371,1000000,1970000
2020-02-28 13:31:45.869000,1.34381,1.3437,1000000,4540000
2020-02-28 13:31:45.971000,1.34382,1.3437,1500000,2720000
2020-02-28 13:31:46.224000,1.34382,1.3437,1500000,2700000
2020-02-28 13:31:46.326000,1.34383,1.34371,1500000,1570000
2020-02-28 13:31:46.955000,1.34383,1.34372,1000000,1220000
2020-02-28 13:31:47.065000,1.34383,1.34372,1000000,1760000
2020-02-28 13:31:47.168000,1.34386,1.34376,1000000,1000000
2020-02-28 13:31:47.269000,1.34386,1.34377,1000000,1000000
2020-02-28 13:31:47.861000,1.34388,1.34378,1500000,1000000
2020-02-28 13:31:47.912000,1.34388,1.3438,1500000,1500000
2020-02-28 13:31:48.064000,1.34387,1.3438,1000000,1000000
2020-02-28 13:31:48.166000,1.34388,1.3438,1000000,1000000
2020-02-28 13:31:48.267000,1.34388,1.34377,1000000,3000000
2020-02-28 13:31:48.437000,1.34388,1.34378,1500000,1000000
2020-02-28 13:31:48.606000,1.34388,1.34377,1500000,4270000
2020-02-28 13:31:49.079000,1.34388,1.34378,1500000,1000000
2020-02-28 13:31:49.384000,1.34388,1.34377,1500000,3520000
2020-02-28 13:31:49.435000,1.3439,1.3438,1500000,1500000
2020-02-28 13:31:49.536000,1.34391,1.34382,1000000,1000000
2020-02-28 13:31:50.102000,1.3439,1.34382,1000000,1000000
2020-02-28 13:31:50.153000,1.34388,1.34379,1000000,1500000
2020-02-28 13:31:50.306000,1.34388,1.34378,1120000,1000000
2020-02-28 13:31:50.898000,1.34387,1.34378,1000000,1000000
2020-02-28 13:31:51.212000,1.34388,1.34378,1500000,1000000
2020-02-28 13:31:51.313000,1.34388,1.34379,1000000,1100000
2020-02-28 13:31:51.414000,1.3439,1.3438,1500000,1000000
2020-02-28 13:31:51.566000,1.34387,1.34378,1000000,1000000
2020-02-28 13:31:51.668000,1.34386,1.34377,1000000,2320000
2020-02-28 13:31:51.884000,1.34386,1.34378,1000000,1000000
2020-02-28 13:31:55.018000,1.34389,1.34378,1500000,1500000
2020-02-28 13:31:55.170000,1.34391,1.34383,1500000,1000000
2020-02-28 13:31:55.221000,1.34392,1.34381,1500000,1000000
2020-02-28 13:31:55.474000,1.34393,1.34382,1000000,1200000
2020-02-28 13:31:55.524000,1.34393,1.34385,1000000,1000000
2020-02-28 13:31:55.686000,1.34395,1.34386,1000000,1000000
2020-02-28 13:31:55.990000,1.34396,1.34386,1000000,1000000
2020-02-28 13:31:56.192000,1.3439,1.34385,1000000,1000000
2020-02-28 13:31:56.243000,1.34388,1.3438,1000000,1000000
2020-02-28 13:31:58.604000,1.34381,1.34373,1000000,2250000
2020-02-28 13:31:58.655000,1.34379,1.34369,1000000,2740000
2020-02-28 13:31:58.757000,1.34379,1.34369,1000000,1100000
2020-02-28 13:31:59.686000,1.34379,1.34368,1000000,2700000
2020-02-28 13:31:59.787000,1.34379,1.34368,1000000,2720000
2020-02-28 13:32:00.322000,1.34379,1.3437,1000000,1000000
2020-02-28 13:32:00.373000,1.34384,1.34375,1010000,1500000
2020-02-28 13:32:00.475000,1.34387,1.34377,1000000,1000000
2020-02-28 13:32:01.377000,1.34389,1.34378,1000000,2250000
2020-02-28 13:32:01.428000,1.34392,1.34383,1000000,1500000
2020-02-28 13:32:01.530000,1.34397,1.34386,1500000,1500000
2020-02-28 13:32:02.358000,1.34397,1.34387,1500000,1000000
2020-02-28 13:32:03.490000,1.34399,1.34389,1000000,1000000
2020-02-28 13:32:03.591000,1.34398,1.34388,1500000,1000000
2020-02-28 13:32:04.058000,1.34398,1.34387,1500000,1500000
2020-02-28 13:32:06.491000,1.34397,1.34387,1000000,1000000
2020-02-28 13:32:06.792000,1.34398,1.34387,1000000,1570000
2020-02-28 13:32:06.907000,1.34402,1.34394,2250000,1000000
2020-02-28 13:32:06.959000,1.34404,1.34395,1370000,1200000
2020-02-28 13:32:07.060000,1.34406,1.34395,1500000,1500000
2020-02-28 13:32:07.213000,1.34405,1.34395,1000000,1500000
2020-02-28 13:32:07.568000,1.34404,1.34395,1000000,1000000
2020-02-28 13:32:07.676000,1.34404,1.34393,1500000,1500000
2020-02-28 13:32:07.829000,1.34404,1.34396,1000000,1000000
2020-02-28 13:32:08.022000,1.34405,1.34396,1000000,1500000
2020-02-28 13:32:09.417000,1.34406,1.34397,1000000,1000000
2020-02-28 13:32:09.518000,1.34412,1.34403,2250000,1000000
2020-02-28 13:32:09.569000,1.34414,1.34403,2450000,1000000
2020-02-28 13:32:09.670000,1.34414,1.34403,1650000,1100000
2020-02-28 13:32:09.945000,1.34414,1.34403,1200000,1570000
2020-02-28 13:32:10.047000,1.34414,1.34403,1200000,1570000
2020-02-28 13:32:10.253000,1.34414,1.34403,1200000,1000000
2020-02-28 13:32:10.455000,1.34415,1.34403,1700000,1000000
2020-02-28 13:32:10.607000,1.34415,1.34404,1700000,1000000
2020-02-28 13:32:11.223000,1.34415,1.34404,1500000,2250000
2020-02-28 13:32:13.549000,1.34415,1.34406,1500000,1000000
2020-02-28 13:32:15.509000,1.34415,1.34405,1500000,1000000
2020-02-28 13:32:15.712000,1.34415,1.34404,1500000,1500000
2020-02-28 13:32:20.202000,1.34415,1.34405,1000000,1000000
2020-02-28 13:32:20.304000,1.3442,1.3441,1000000,1000000
2020-02-28 13:32:20.405000,1.34421,1.3441,1000000,2250000
2020-02-28 13:32:20.543000,1.34422,1.34412,1500000,1000000
2020-02-28 13:32:21.104000,1.34422,1.34413,1500000,1000000
2020-02-28 13:32:21.647000,1.34423,1.34413,1000000,1000000
2020-02-28 13:32:22.204000,1.34422,1.34413,1000000,1000000
2020-02-28 13:32:22.755000,1.34426,1.34416,1500000,1000000
2020-02-28 13:32:22.856000,1.34425,1.34416,1000000,1000000
2020-02-28 13:32:22.957000,1.34424,1.34414,1000000,2250000
2020-02-28 13:32:23.550000,1.34418,1.34411,1500000,1000000
2020-02-28 13:32:23.601000,1.34417,1.34408,1000000,1000000
2020-02-28 13:32:23.653000,1.34416,1.34406,1500000,1500000
2020-02-28 13:32:24.415000,1.34415,1.34406,1000000,1000000
2020-02-28 13:32:24.547000,1.34415,1.34405,1000000,1000000
2020-02-28 13:32:24.881000,1.34414,1.34405,1000000,1000000
2020-02-28 13:32:25.189000,1.34408,1.34404,1000000,1500000
2020-02-28 13:32:25.239000,1.34409,1.34398,1870000,2700000
2020-02-28 13:32:25.290000,1.34406,1.34397,1000000,1600000
2020-02-28 13:32:25.341000,1.34406,1.34396,1000000,1500000
2020-02-28 13:32:25.493000,1.34405,1.34397,1000000,1000000
2020-02-28 13:32:25.825000,1.34405,1.34396,1000000,1000000
2020-02-28 13:32:30.215000,1.34406,1.34397,1000000,1000000
2020-02-28 13:32:30.370000,1.34407,1.34397,1500000,1000000
2020-02-28 13:32:30.471000,1.34408,1.344,1000000,1000000
2020-02-28 13:32:30.572000,1.34411,1.34402,1910000,2250000
2020-02-28 13:32:30.623000,1.34412,1.34402,3070000,2250000
2020-02-28 13:32:30.735000,1.34412,1.34402,1570000,2250000
2020-02-28 13:32:30.888000,1.3441,1.344,1500000,1000000
2020-02-28 13:32:30.990000,1.34408,1.34397,1000000,4370000
2020-02-28 13:32:31.092000,1.34407,1.34397,1000000,1000000
2020-02-28 13:32:31.982000,1.34407,1.34396,1870000,1000000
2020-02-28 13:32:32.033000,1.34405,1.34394,1500000,2100000
2020-02-28 13:32:32.134000,1.34405,1.34394,1500000,1000000
2020-02-28 13:32:32.235000,1.34401,1.34392,1500000,2140000
2020-02-28 13:32:32.337000,1.34403,1.34392,1000000,1500000
2020-02-28 13:32:33.408000,1.34401,1.34392,1000000,1000000
2020-02-28 13:32:33.510000,1.344,1.3439,1500000,2620000
2020-02-28 13:32:33.561000,1.34396,1.34389,1000000,1010000
2020-02-28 13:32:33.612000,1.34396,1.34387,1000000,1000000
2020-02-28 13:32:35.797000,1.34398,1.3439,1000000,1000000
2020-02-28 13:32:35.848000,1.34401,1.34392,1000000,1000000
2020-02-28 13:32:35.953000,1.34403,1.34392,1500000,2540000
2020-02-28 13:32:36.099000,1.34404,1.34394,1000000,1500000
2020-02-28 13:32:37.934000,1.34403,1.34393,1000000,1000000
2020-02-28 13:32:38.068000,1.34403,1.34392,1500000,1950000
2020-02-28 13:32:38.334000,1.34402,1.34393,1000000,1100000
2020-02-28 13:32:38.435000,1.34405,1.34394,1000000,1000000
2020-02-28 13:32:40.039000,1.34406,1.34395,1000000,1000000
2020-02-28 13:32:40.140000,1.34406,1.34396,1000000,1000000
2020-02-28 13:32:43.601000,1.34407,1.34396,2250000,1950000
2020-02-28 13:32:43.742000,1.34407,1.34402,1000000,1000000
2020-02-28 13:32:43.843000,1.34413,1.34405,1000000,1200000
2020-02-28 13:32:43.894000,1.34414,1.34407,1000000,1000000
2020-02-28 13:32:43.945000,1.34416,1.34406,1500000,1000000
2020-02-28 13:32:44.704000,1.34415,1.34406,1000000,1000000
2020-02-28 13:32:45.649000,1.34414,1.34406,1000000,1000000
2020-02-28 13:32:46.090000,1.34415,1.34406,1500000,1500000
2020-02-28 13:32:46.141000,1.34419,1.3441,1000000,1000000
2020-02-28 13:32:46.242000,1.34421,1.34411,1500000,1000000
2020-02-28 13:32:46.702000,1.34418,1.34407,1500000,2250000
2020-02-28 13:32:46.803000,1.34417,1.34407,1000000,1500000
2020-02-28 13:32:47.553000,1.34415,1.34407,1000000,1500000
2020-02-28 13:32:48.352000,1.34415,1.34405,1500000,1500000
2020-02-28 13:32:51.242000,1.34416,1.34407,1500000,1000000
2020-02-28 13:32:51.393000,1.34415,1.34407,1000000,1000000
2020-02-28 13:32:51.696000,1.34415,1.34406,1500000,1000000
2020-02-28 13:32:54.956000,1.34415,1.34404,1000000,2250000
2020-02-28 13:32:58.843000,1.34415,1.34404,1500000,4160000
2020-02-28 13:33:00.090000,1.34412,1.34403,2250000,1350000
2020-02-28 13:33:00.191000,1.3441,1.34402,1500000,1750000
2020-02-28 13:33:00.292000,1.3441,1.34402,1500000,1000000
2020-02-28 13:33:00.395000,1.3441,1.34401,1500000,1570000
2020-02-28 13:33:00.700000,1.34408,1.34398,2250000,2810000
2020-02-28 13:33:00.819000,1.34408,1.34397,2250000,3000000
2020-02-28 13:33:01.135000,1.34408,1.34398,2250000,1000000
2020-02-28 13:33:01.236000,1.34408,1.34397,2250000,3000000
2020-02-28 13:33:01.386000,1.34408,1.34398,1500000,2250000
2020-02-28 13:33:01.489000,1.34407,1.34398,1000000,1000000
2020-02-28 13:33:01.591000,1.34409,1.344,1000000,1000000
2020-02-28 13:33:01.898000,1.3441,1.34401,1000000,1500000
2020-02-28 13:33:01.999000,1.34413,1.34405,1000000,1000000
2020-02-28 13:33:02.100000,1.34413,1.34406,1000000,1500000
2020-02-28 13:33:02.733000,1.34414,1.34406,1000000,1000000
2020-02-28 13:33:03.474000,1.34414,1.34407,1000000,1000000
2020-02-28 13:33:03.578000,1.34414,1.34406,1000000,1500000
2020-02-28 13:33:06.080000,1.34415,1.34406,1500000,1500000
2020-02-28 13:33:06.181000,1.34416,1.34405,2250000,1000000
2020-02-28 13:33:08.877000,1.34415,1.34405,1500000,1000000
2020-02-28 13:33:11.165000,1.34414,1.34405,1000000,1000000
2020-02-28 13:33:11.973000,1.34415,1.34405,1500000,1000000
2020-02-28 13:33:14.714000,1.34413,1.34405,1000000,1000000
2020-02-28 13:33:19.612000,1.34409,1.34403,1000000,1000000
2020-02-28 13:33:19.714000,1.34406,1.34401,1000000,1250000
2020-02-28 13:33:19.816000,1.34405,1.34396,1000000,1500000
2020-02-28 13:33:20.411000,1.34403,1.34394,1000000,2250000
2020-02-28 13:33:21.052000,1.34405,1.34396,1000000,1000000
2020-02-28 13:33:21.154000,1.34405,1.34395,1000000,2250000
2020-02-28 13:33:21.255000,1.34405,1.34396,1000000,1000000
2020-02-28 13:33:21.371000,1.34405,1.34395,1000000,1500000
2020-02-28 13:33:22.053000,1.34403,1.34394,1500000,1500000
2020-02-28 13:33:22.206000,1.34403,1.34393,1000000,1000000
2020-02-28 13:33:23.347000,1.34399,1.34391,1500000,2100000
2020-02-28 13:33:23.398000,1.34398,1.34389,1500000,3000000
2020-02-28 13:33:23.449000,1.34398,1.34387,1500000,4500000
2020-02-28 13:33:24.537000,1.34398,1.3439,1000000,1500000
2020-02-28 13:33:24.640000,1.34401,1.34393,2060000,1000000
2020-02-28 13:33:24.741000,1.34401,1.34392,1500000,1500000
2020-02-28 13:33:25.420000,1.34401,1.34393,1000000,1000000
2020-02-28 13:33:25.571000,1.344,1.34392,1000000,1000000
2020-02-28 13:33:25.892000,1.34399,1.3439,1000000,1000000
2020-02-28 13:33:25.994000,1.34397,1.34388,1000000,1000000
2020-02-28 13:33:26.097000,1.34397,1.34387,1000000,1000000
2020-02-28 13:33:26.198000,1.34394,1.34385,1500000,1000000
2020-02-28 13:33:26.310000,1.34395,1.34386,1000000,2250000
2020-02-28 13:33:29.398000,1.34392,1.34385,1000000,1000000
2020-02-28 13:33:29.499000,1.34386,1.34378,1000000,1000000
2020-02-28 13:33:29.899000,1.34388,1.34378,1500000,2250000
2020-02-28 13:33:30.102000,1.34393,1.34385,2660000,1000000
2020-02-28 13:33:30.204000,1.34397,1.34388,1100000,1000000
2020-02-28 13:33:30.340000,1.34397,1.34389,1500000,1500000
2020-02-28 13:33:30.441000,1.344,1.34392,1000000,1500000
2020-02-28 13:33:30.542000,1.34403,1.34395,1000000,1000000
2020-02-28 13:33:30.745000,1.34401,1.34393,1000000,1200000
2020-02-28 13:33:30.847000,1.34402,1.34393,1500000,1000000
2020-02-28 13:33:30.973000,1.34403,1.34394,1000000,1500000
2020-02-28 13:33:31.075000,1.34403,1.34395,1000000,1000000
2020-02-28 13:33:31.573000,1.34405,1.34396,1000000,1000000
2020-02-28 13:33:31.674000,1.34407,1.34397,2890000,1500000
2020-02-28 13:33:32.702000,1.34405,1.34397,1000000,1000000
2020-02-28 13:33:34.346000,1.34406,1.34397,1500000,1000000
2020-02-28 13:33:34.649000,1.34404,1.34397,1000000,1000000
2020-02-28 13:33:34.700000,1.34404,1.34395,1000000,1500000
2020-02-28 13:33:34.802000,1.34403,1.34394,1500000,1000000
2020-02-28 13:33:36.433000,1.34405,1.34396,1000000,1000000
2020-02-28 13:33:36.534000,1.34406,1.34396,1950000,1000000
2020-02-28 13:33:38.431000,1.34404,1.34395,1500000,1000000
2020-02-28 13:33:38.533000,1.34405,1.34394,1500000,2250000
2020-02-28 13:33:38.634000,1.34403,1.34394,1500000,1000000
2020-02-28 13:33:39.801000,1.344,1.34392,1500000,1600000
2020-02-28 13:33:40.206000,1.34401,1.3439,1500000,1500000
2020-02-28 13:33:40.694000,1.34402,1.34393,1000000,2250000
2020-02-28 13:33:40.744000,1.34405,1.34394,1500000,1500000
2020-02-28 13:33:40.853000,1.34405,1.34394,2100000,1500000
2020-02-28 13:33:41.029000,1.34405,1.34394,1500000,1500000
2020-02-28 13:33:41.130000,1.34406,1.34397,1500000,1000000
2020-02-28 13:33:41.232000,1.34412,1.34408,1000000,1000000
2020-02-28 13:33:41.282000,1.34418,1.34413,1310000,1000000
2020-02-28 13:33:41.333000,1.3442,1.34413,2250000,1000000
2020-02-28 13:33:41.434000,1.34421,1.34413,1500000,1000000
2020-02-28 13:33:41.587000,1.34426,1.3442,1350000,1000000
2020-02-28 13:33:41.638000,1.3443,1.34421,3820000,2250000
2020-02-28 13:33:41.740000,1.3443,1.3442,1000000,1500000
2020-02-28 13:33:41.790000,1.34423,1.34419,1000000,1570000
2020-02-28 13:33:41.841000,1.34428,1.34418,2250000,1500000
2020-02-28 13:33:41.892000,1.34422,1.34416,1000000,1310000
2020-02-28 13:33:41.943000,1.34423,1.34414,1000000,1000000
2020-02-28 13:33:42.076000,1.34423,1.34413,1000000,1000000
2020-02-28 13:33:42.229000,1.34423,1.34412,1500000,3000000
2020-02-28 13:33:42.280000,1.34423,1.34414,1000000,1000000
2020-02-28 13:33:43.153000,1.34424,1.34414,1000000,3260000
2020-02-28 13:33:43.254000,1.34425,1.34414,1310000,1690000
2020-02-28 13:33:43.531000,1.34425,1.34414,1310000,2500000
2020-02-28 13:33:43.766000,1.34425,1.34414,1000000,1000000
2020-02-28 13:33:44.170000,1.34423,1.34414,1000000,1690000
2020-02-28 13:33:45.189000,1.34417,1.3441,1500000,1310000
2020-02-28 13:33:45.287000,1.34417,1.34407,3000000,1000000
2020-02-28 13:33:45.338000,1.34419,1.34412,1350000,1000000
2020-02-28 13:33:45.440000,1.3442,1.34411,1000000,3850000
2020-02-28 13:33:45.542000,1.34419,1.34409,1000000,1600000
2020-02-28 13:33:45.593000,1.34416,1.34408,1000000,2100000
2020-02-28 13:33:45.694000,1.34415,1.34405,1000000,1500000
2020-02-28 13:33:45.796000,1.34414,1.34405,1000000,1100000
2020-02-28 13:33:46.205000,1.34414,1.34406,1000000,1500000
2020-02-28 13:33:46.256000,1.34416,1.3441,1000000,1500000
2020-02-28 13:33:46.308000,1.34419,1.34412,1000000,1000000
2020-02-28 13:33:46.359000,1.34421,1.34412,1500000,1500000
2020-02-28 13:33:46.546000,1.34415,1.34408,1000000,1100000
2020-02-28 13:33:46.597000,1.34415,1.34406,1000000,1560000
2020-02-28 13:33:46.648000,1.34414,1.34405,1000000,1500000
2020-02-28 13:33:46.902000,1.34414,1.34405,1000000,2570000
2020-02-28 13:33:47.003000,1.34416,1.34406,1000000,3250000
2020-02-28 13:33:47.054000,1.3442,1.34411,1220000,1000000
2020-02-28 13:33:47.181000,1.34418,1.34409,1000000,1100000
2020-02-28 13:33:47.283000,1.34415,1.34407,1000000,1010000
2020-02-28 13:33:47.384000,1.34414,1.34406,1000000,1500000
2020-02-28 13:33:47.536000,1.34416,1.34408,1000000,1000000
2020-02-28 13:33:47.720000,1.34416,1.34406,1500000,2250000
2020-02-28 13:33:47.771000,1.34414,1.34406,1000000,1250000
2020-02-28 13:33:48.393000,1.34416,1.34406,1500000,1500000
2020-02-28 13:33:48.545000,1.34416,1.34407,1000000,1500000
2020-02-28 13:33:48.932000,1.34415,1.34407,1000000,1000000
2020-02-28 13:33:48.984000,1.34416,1.34405,1000000,1100000
2020-02-28 13:33:49.035000,1.34414,1.34405,1500000,1500000
2020-02-28 13:33:49.486000,1.34414,1.34404,1500000,1000000
2020-02-28 13:33:49.588000,1.34413,1.34404,1000000,1000000
2020-02-28 13:33:51.017000,1.34414,1.34404,1000000,1100000
2020-02-28 13:33:51.176000,1.34408,1.34401,1000000,1310000
2020-02-28 13:33:51.227000,1.34406,1.34396,1000000,1310000
2020-02-28 13:33:51.278000,1.34404,1.34394,1500000,5660000
2020-02-28 13:33:51.392000,1.34404,1.34393,1500000,4300000
2020-02-28 13:33:51.494000,1.34403,1.34393,1000000,1100000
2020-02-28 13:33:51.595000,1.34402,1.34392,1000000,3150000
2020-02-28 13:33:52.054000,1.34402,1.34393,1000000,1000000
2020-02-28 13:33:52.156000,1.34404,1.34396,1000000,1000000
2020-02-28 13:33:53.272000,1.34401,1.34393,1000000,1570000
2020-02-28 13:33:53.886000,1.34404,1.34396,1000000,1000000
2020-02-28 13:33:53.987000,1.34406,1.34396,1000000,1000000
2020-02-28 13:33:54.505000,1.34406,1.34401,1000000,1000000
2020-02-28 13:33:54.556000,1.34411,1.34405,1000000,1500000
2020-02-28 13:33:54.607000,1.34412,1.34407,1000000,1000000
2020-02-28 13:33:54.658000,1.34416,1.34407,1000000,1000000
2020-02-28 13:33:55.672000,1.34415,1.34407,1000000,1000000
2020-02-28 13:33:55.773000,1.34413,1.34404,1000000,1000000
2020-02-28 13:33:56.026000,1.34413,1.34406,1000000,1000000
2020-02-28 13:33:56.127000,1.34413,1.34405,1000000,1000000
2020-02-28 13:33:56.177000,1.34415,1.34405,1500000,1000000
2020-02-28 13:33:56.309000,1.34414,1.34404,1000000,1500000
2020-02-28 13:33:58.072000,1.34415,1.34405,1000000,1100000
2020-02-28 13:33:58.173000,1.34415,1.34404,1000000,2510000
2020-02-28 13:33:59.047000,1.34414,1.34404,1000000,1500000
2020-02-28 13:33:59.562000,1.34415,1.34405,1000000,1000000
2020-02-28 13:33:59.664000,1.34416,1.34406,1000000,1100000
2020-02-28 13:34:00.103000,1.34417,1.34408,1000000,1570000
2020-02-28 13:34:00.614000,1.34417,1.34409,1000000,2250000
2020-02-28 13:34:00.715000,1.34419,1.34411,1000000,1100000
2020-02-28 13:34:00.804000,1.34421,1.34411,1000000,1200000
2020-02-28 13:34:00.906000,1.3442,1.34411,1000000,1000000
2020-02-28 13:34:01.008000,1.34419,1.3441,1000000,2250000
2020-02-28 13:34:01.059000,1.34416,1.34409,1000000,1000000
2020-02-28 13:34:01.110000,1.34418,1.34409,1000000,1500000
2020-02-28 13:34:01.772000,1.3442,1.34412,1000000,1000000
2020-02-28 13:34:02.289000,1.34421,1.34412,1000000,1570000
2020-02-28 13:34:02.391000,1.34423,1.34413,1000000,1000000
2020-02-28 13:34:02.907000,1.34423,1.34414,1000000,1000000
2020-02-28 13:34:03.521000,1.34422,1.34413,1000000,1000000
2020-02-28 13:34:03.618000,1.34422,1.34411,1000000,2140000
2020-02-28 13:34:03.669000,1.34418,1.34408,1000000,1500000
2020-02-28 13:34:03.776000,1.34416,1.34406,1000000,1500000
2020-02-28 13:34:04.025000,1.34413,1.34406,1000000,1000000
2020-02-28 13:34:04.558000,1.34415,1.34406,1000000,2250000
2020-02-28 13:34:05.547000,1.34415,1.34407,1000000,1000000
2020-02-28 13:34:05.714000,1.34415,1.34406,1000000,2320000
2020-02-28 13:34:05.815000,1.34416,1.34408,1000000,1000000
2020-02-28 13:34:05.967000,1.34416,1.34407,1000000,1000000
2020-02-28 13:34:06.069000,1.34414,1.34406,1000000,1000000
2020-02-28 13:34:06.218000,1.34414,1.34405,1000000,1500000
2020-02-28 13:34:07.086000,1.34409,1.34399,1000000,1100000
2020-02-28 13:34:07.136000,1.34407,1.34397,1000000,1100000
2020-02-28 13:34:07.187000,1.34405,1.34395,1000000,1000000
2020-02-28 13:34:07.238000,1.34402,1.34394,1000000,1000000
2020-02-28 13:34:07.339000,1.34402,1.34393,1500000,2250000
2020-02-28 13:34:07.543000,1.34403,1.34394,1000000,1000000
2020-02-28 13:34:09.104000,1.34403,1.34393,1000000,2890000
2020-02-28 13:34:11.586000,1.34401,1.34393,1000000,1500000
2020-02-28 13:34:12.108000,1.34401,1.34393,1000000,1600000
2020-02-28 13:34:12.563000,1.34404,1.34394,1000000,1100000
2020-02-28 13:34:15.542000,1.34402,1.34394,1000000,1500000
2020-02-28 13:34:15.910000,1.34402,1.34395,1000000,1000000
2020-02-28 13:34:16.011000,1.34402,1.34394,1000000,1950000
2020-02-28 13:34:16.251000,1.34402,1.34395,1000000,1000000
2020-02-28 13:34:16.301000,1.34404,1.34395,1000000,1000000
2020-02-28 13:34:19.035000,1.34401,1.34395,1000000,1000000
2020-02-28 13:34:19.238000,1.34402,1.34395,1000000,1000000
2020-02-28 13:34:19.904000,1.34403,1.34395,1500000,1000000
2020-02-28 13:34:20.106000,1.34402,1.34395,1000000,1000000
2020-02-28 13:34:22.680000,1.34403,1.34395,1000000,1000000
2020-02-28 13:34:23.624000,1.34397,1.34388,1000000,2020000
2020-02-28 13:34:23.726000,1.34395,1.34387,1000000,1000000
2020-02-28 13:34:23.776000,1.34394,1.34385,1000000,1200000
2020-02-28 13:34:23.878000,1.34394,1.34384,1570000,1000000
2020-02-28 13:34:23.928000,1.34392,1.34383,1000000,1000000
2020-02-28 13:34:24.030000,1.34392,1.34382,1000000,1570000
2020-02-28 13:34:24.643000,1.3439,1.34381,1500000,1000000
2020-02-28 13:34:24.795000,1.34388,1.3438,1000000,1000000
2020-02-28 13:34:24.944000,1.34388,1.34378,1500000,1000000
2020-02-28 13:34:25.045000,1.34387,1.34378,1500000,1000000
2020-02-28 13:34:25.657000,1.34384,1.34376,1000000,1570000
2020-02-28 13:34:25.758000,1.34386,1.34377,1000000,1000000
2020-02-28 13:34:26.789000,1.34386,1.34378,1000000,1000000
2020-02-28 13:34:26.945000,1.34384,1.34378,1000000,1000000
2020-02-28 13:34:26.995000,1.34384,1.34374,1000000,2320000
2020-02-28 13:34:27.046000,1.34381,1.34373,1000000,2440000
2020-02-28 13:34:27.164000,1.34379,1.34372,1000000,1000000
2020-02-28 13:34:27.219000,1.34379,1.3437,1500000,1000000
2020-02-28 13:34:27.320000,1.34378,1.3437,1000000,1000000
2020-02-28 13:34:28.361000,1.34376,1.3437,1000000,1000000
2020-02-28 13:34:28.514000,1.34379,1.34371,1000000,1000000
2020-02-28 13:34:28.589000,1.34381,1.34373,1000000,1500000
2020-02-28 13:34:28.641000,1.34385,1.34375,1000000,1500000
2020-02-28 13:34:29.633000,1.34382,1.34373,1000000,1310000
2020-02-28 13:34:29.735000,1.34379,1.3437,1500000,1790000
2020-02-28 13:34:29.836000,1.34379,1.3437,1500000,1000000
2020-02-28 13:34:30.066000,1.34382,1.34374,1000000,1000000
2020-02-28 13:34:30.167000,1.34381,1.34374,1000000,1000000
2020-02-28 13:34:30.472000,1.34383,1.34375,1000000,1000000
2020-02-28 13:34:30.576000,1.34386,1.34378,1500000,1000000
2020-02-28 13:34:31.539000,1.34385,1.34376,1000000,1000000
2020-02-28 13:34:33.260000,1.34382,1.34375,1000000,1000000
2020-02-28 13:34:33.616000,1.34384,1.34375,1000000,1100000
2020-02-28 13:34:33.741000,1.34383,1.34375,1000000,1100000
2020-02-28 13:34:35.370000,1.34384,1.34375,1000000,1100000
2020-02-28 13:34:36.443000,1.34384,1.34376,1000000,1000000
2020-02-28 13:34:37.732000,1.34384,1.34375,1000000,1570000
2020-02-28 13:34:39.524000,1.34381,1.34373,1500000,1250000
2020-02-28 13:34:39.640000,1.34379,1.34371,1500000,1790000
2020-02-28 13:34:39.691000,1.34379,1.3437,1500000,1000000
2020-02-28 13:34:39.945000,1.34377,1.3437,1000000,1000000
2020-02-28 13:34:40.199000,1.34379,1.3437,1500000,1000000
2020-02-28 13:34:41.950000,1.34378,1.3437,1000000,1000000
2020-02-28 13:34:43.013000,1.3438,1.3437,2250000,1500000
2020-02-28 13:34:44.601000,1.34379,1.34372,1000000,1000000
2020-02-28 13:34:44.652000,1.34382,1.34373,1390000,2250000
2020-02-28 13:34:44.703000,1.34387,1.34378,1950000,1000000
2020-02-28 13:34:45.061000,1.34391,1.34382,1350000,1570000
2020-02-28 13:34:45.112000,1.34394,1.34385,1000000,1000000
2020-02-28 13:34:45.214000,1.34393,1.34385,1000000,1500000
2020-02-28 13:34:45.315000,1.34392,1.34384,1000000,1000000
2020-02-28 13:34:45.366000,1.34391,1.34382,1000000,1200000
2020-02-28 13:34:45.481000,1.34392,1.34382,2250000,1000000
2020-02-28 13:34:45.583000,1.34391,1.34382,1000000,1000000
2020-02-28 13:34:45.836000,1.34389,1.34382,1000000,1100000
2020-02-28 13:34:45.937000,1.34388,1.3438,1000000,1690000
2020-02-28 13:34:46.090000,1.34393,1.34385,1000000,3070000
2020-02-28 13:34:46.213000,1.34395,1.34386,1000000,1100000
2020-02-28 13:34:46.314000,1.34395,1.34385,1500000,1500000
2020-02-28 13:34:46.466000,1.34393,1.34385,1000000,1500000
2020-02-28 13:34:46.895000,1.34395,1.34389,1500000,1000000
2020-02-28 13:34:46.996000,1.34395,1.3439,1000000,1000000
2020-02-28 13:34:47.047000,1.34395,1.34388,1000000,1000000
2020-02-28 13:34:47.098000,1.34395,1.34386,1500000,2250000
2020-02-28 13:34:47.403000,1.34395,1.34385,1500000,1500000
2020-02-28 13:34:47.905000,1.34392,1.34385,1000000,1000000
2020-02-28 13:34:48.006000,1.3439,1.3438,1500000,1000000
2020-02-28 13:34:48.057000,1.34388,1.34379,1000000,2250000
2020-02-28 13:34:48.246000,1.34388,1.3438,1000000,1000000
2020-02-28 13:34:48.347000,1.34389,1.34379,1500000,1000000
2020-02-28 13:34:48.549000,1.34388,1.34379,1000000,1000000
2020-02-28 13:34:48.651000,1.34388,1.34378,1000000,3000000
2020-02-28 13:34:48.865000,1.34387,1.34378,1000000,2250000
2020-02-28 13:34:49.765000,1.34386,1.34378,1000000,1500000
2020-02-28 13:34:51.055000,1.34388,1.34378,1500000,2250000
2020-02-28 13:34:53.196000,1.34386,1.34377,1120000,1000000
2020-02-28 13:34:53.298000,1.34384,1.34376,1000000,1500000
2020-02-28 13:34:53.348000,1.34386,1.34376,1500000,2250000
2020-02-28 13:34:53.450000,1.34386,1.34377,1000000,1000000
2020-02-28 13:34:53.657000,1.34387,1.34377,1500000,1500000
2020-02-28 13:34:55.135000,1.34388,1.34378,2250000,1000000
2020-02-28 13:34:55.591000,1.34389,1.34379,2250000,1000000
2020-02-28 13:34:56.663000,1.34389,1.34385,1500000,1000000
2020-02-28 13:34:56.792000,1.3439,1.34381,1500000,1000000
2020-02-28 13:34:56.893000,1.34388,1.34381,1000000,1000000
2020-02-28 13:34:57.317000,1.34388,1.3438,1500000,1000000
2020-02-28 13:34:57.891000,1.34388,1.34379,1500000,1000000
2020-02-28 13:34:58.016000,1.34388,1.34378,1500000,2250000
2020-02-28 13:34:58.963000,1.34386,1.34378,1000000,1000000
2020-02-28 13:34:59.590000,1.34385,1.34377,1000000,1000000
2020-02-28 13:35:00.847000,1.34386,1.34377,1000000,1500000
2020-02-28 13:35:01.233000,1.34387,1.34377,2250000,1500000
2020-02-28 13:35:01.334000,1.34387,1.34378,1500000,1000000
2020-02-28 13:35:03.202000,1.34385,1.34375,1500000,1000000
2020-02-28 13:35:03.255000,1.34382,1.34374,1000000,1310000
2020-02-28 13:35:03.871000,1.34381,1.34373,1000000,1500000
2020-02-28 13:35:03.973000,1.3437,1.34365,1000000,1000000
2020-02-28 13:35:04.024000,1.3437,1.34363,1000000,1500000
2020-02-28 13:35:04.126000,1.34372,1.34362,3200000,1000000
2020-02-28 13:35:04.878000,1.34372,1.34362,1500000,1000000
2020-02-28 13:35:06.540000,1.34372,1.34361,1000000,3150000
2020-02-28 13:35:06.642000,1.3437,1.3436,1000000,1690000
2020-02-28 13:35:06.979000,1.34374,1.34365,2250000,1500000
2020-02-28 13:35:07.080000,1.34375,1.34367,1000000,1000000
2020-02-28 13:35:09.324000,1.34377,1.34366,1000000,2250000
2020-02-28 13:35:09.729000,1.34377,1.34367,1500000,1000000
2020-02-28 13:35:11.433000,1.34377,1.34366,1500000,2250000
2020-02-28 13:35:13.625000,1.34377,1.34367,1000000,1000000
2020-02-28 13:35:14.315000,1.34376,1.34366,1000000,2250000
2020-02-28 13:35:14.416000,1.34377,1.34367,1000000,1000000
2020-02-28 13:35:16.794000,1.34377,1.34368,1000000,1000000
2020-02-28 13:35:17.588000,1.34371,1.34364,1500000,1250000
2020-02-28 13:35:17.639000,1.3437,1.34361,1500000,1120000
2020-02-28 13:35:17.740000,1.3437,1.3436,1500000,1570000
2020-02-28 13:35:18.717000,1.34369,1.34359,1000000,1500000
2020-02-28 13:35:18.818000,1.3437,1.34359,1000000,2250000
2020-02-28 13:35:19.864000,1.34368,1.34359,1000000,1500000
2020-02-28 13:35:19.966000,1.34369,1.34359,1500000,1500000
2020-02-28 13:35:20.797000,1.34369,1.34365,1000000,1500000
2020-02-28 13:35:20.899000,1.34375,1.34369,1910000,1000000
2020-02-28 13:35:20.949000,1.34377,1.34369,1200000,1000000
2020-02-28 13:35:21.375000,1.34376,1.34368,1000000,1000000
2020-02-28 13:35:21.426000,1.34373,1.34364,1000000,3250000
2020-02-28 13:35:21.628000,1.34373,1.34364,1000000,1690000
2020-02-28 13:35:21.808000,1.34373,1.34363,1000000,1500000
2020-02-28 13:35:22.271000,1.34371,1.34363,1000000,1000000
2020-02-28 13:35:22.322000,1.34371,1.34361,1000000,1000000
2020-02-28 13:35:23.108000,1.34371,1.34361,2750000,1000000
2020-02-28 13:35:23.211000,1.34371,1.34361,4690000,1000000
2020-02-28 13:35:23.349000,1.3437,1.3436,1200000,1000000
2020-02-28 13:35:23.638000,1.34369,1.3436,1000000,1000000
2020-02-28 13:35:24.150000,1.3437,1.3436,1000000,1000000
2020-02-28 13:35:26.451000,1.3437,1.34363,1000000,1000000
2020-02-28 13:35:26.552000,1.34369,1.34362,1000000,3410000
2020-02-28 13:35:26.654000,1.34369,1.34361,1000000,1000000
2020-02-28 13:35:27.310000,1.34369,1.3436,1000000,1500000
2020-02-28 13:35:27.412000,1.34368,1.3436,1000000,1500000
2020-02-28 13:35:29.685000,1.34366,1.3436,1000000,1000000
2020-02-28 13:35:29.736000,1.34363,1.34356,1000000,1200000
2020-02-28 13:35:29.787000,1.34361,1.34354,1000000,1000000
2020-02-28 13:35:29.898000,1.34361,1.34353,1000000,1000000
2020-02-28 13:35:30.106000,1.34362,1.34353,1870000,1000000
2020-02-28 13:35:31.121000,1.34361,1.34353,1000000,1000000
2020-02-28 13:35:31.374000,1.34361,1.34354,1000000,1000000
2020-02-28 13:35:31.425000,1.34363,1.34355,1000000,1000000
2020-02-28 13:35:31.526000,1.34362,1.34355,1000000,1000000
2020-02-28 13:35:32.627000,1.34361,1.34354,1000000,1000000
2020-02-28 13:35:34.062000,1.34363,1.34355,1000000,2250000
2020-02-28 13:35:34.164000,1.34364,1.34354,1000000,2440000
2020-02-28 13:35:37.469000,1.34362,1.34354,1000000,1000000
2020-02-28 13:35:40.036000,1.34362,1.34352,1500000,1000000
2020-02-28 13:35:41.043000,1.3436,1.34352,1000000,1000000
2020-02-28 13:35:41.145000,1.34361,1.34352,1000000,1000000
2020-02-28 13:35:43.038000,1.34359,1.34351,1000000,1000000
2020-02-28 13:35:44.395000,1.34359,1.3435,1000000,1500000
2020-02-28 13:35:45.194000,1.34358,1.34348,1000000,1690000
2020-02-28 13:35:45.245000,1.34354,1.34346,1000000,1350000
2020-02-28 13:35:45.296000,1.34356,1.34346,1500000,3000000
2020-02-28 13:35:45.397000,1.34356,1.34346,1000000,1500000
2020-02-28 13:35:46.098000,1.34357,1.34347,1000000,2320000
2020-02-28 13:35:46.434000,1.3436,1.34352,1500000,1000000
2020-02-28 13:35:46.535000,1.3436,1.3435,1500000,3000000
2020-02-28 13:35:47.249000,1.34358,1.3435,1000000,1500000
2020-02-28 13:35:47.350000,1.34358,1.34349,1000000,1000000
2020-02-28 13:35:49.992000,1.34354,1.34345,1500000,4300000
2020-02-28 13:35:50.093000,1.34354,1.34345,1500000,2250000
2020-02-28 13:35:50.194000,1.34353,1.34343,1500000,2250000
2020-02-28 13:35:50.457000,1.3435,1.34342,1000000,1000000
2020-02-28 13:35:50.659000,1.34349,1.3434,1000000,2320000
2020-02-28 13:35:50.861000,1.34349,1.34341,1000000,1000000
2020-02-28 13:35:55.551000,1.34349,1.34343,1000000,1000000
2020-02-28 13:35:55.691000,1.34354,1.34347,1000000,1000000
2020-02-28 13:35:55.843000,1.34353,1.34345,1500000,1500000
2020-02-28 13:35:57.007000,1.34352,1.34342,1500000,2700000
2020-02-28 13:35:57.108000,1.34351,1.34342,1000000,1100000
2020-02-28 13:35:58.109000,1.34351,1.34342,1000000,2000000
2020-02-28 13:35:58.160000,1.34352,1.34345,1500000,1000000
2020-02-28 13:35:58.261000,1.34355,1.34347,1000000,1000000
2020-02-28 13:35:58.312000,1.34353,1.34345,1500000,1000000
2020-02-28 13:35:58.414000,1.34353,1.34344,1000000,1100000
2020-02-28 13:35:58.660000,1.34353,1.34343,1000000,1500000
2020-02-28 13:35:59.847000,1.34351,1.34343,1000000,1250000
2020-02-28 13:36:00.697000,1.34351,1.34342,1000000,2250000
2020-02-28 13:36:01.805000,1.34353,1.34344,1000000,1000000
2020-02-28 13:36:01.906000,1.3435,1.34342,1000000,1570000
2020-02-28 13:36:02.380000,1.34351,1.34342,1000000,1500000
2020-02-28 13:36:02.482000,1.34351,1.34344,1000000,1000000
2020-02-28 13:36:03.614000,1.34351,1.34342,1000000,1500000
2020-02-28 13:36:06.213000,1.3435,1.34342,1000000,1000000
2020-02-28 13:36:06.390000,1.34348,1.3434,1500000,1500000
2020-02-28 13:36:07.329000,1.34349,1.3434,1000000,1500000
2020-02-28 13:36:11.170000,1.3435,1.3434,1500000,1500000
2020-02-28 13:36:13.114000,1.3435,1.34341,1000000,2000000
2020-02-28 13:36:13.217000,1.34352,1.34345,1000000,1500000
2020-02-28 13:36:13.327000,1.34352,1.34346,1000000,1000000
2020-02-28 13:36:13.429000,1.34352,1.34345,1000000,1000000
2020-02-28 13:36:13.648000,1.34352,1.34343,1000000,1100000
2020-02-28 13:36:14.552000,1.34352,1.34342,1000000,2320000
2020-02-28 13:36:14.754000,1.34352,1.34343,1500000,1000000
2020-02-28 13:36:14.875000,1.34352,1.34342,1500000,1950000
2020-02-28 13:36:15.871000,1.34346,1.34342,1000000,1000000
2020-02-28 13:36:15.922000,1.34343,1.34337,1000000,2720000
2020-02-28 13:36:15.973000,1.34348,1.34338,2100000,1500000
2020-02-28 13:36:16.024000,1.34347,1.3434,2350000,1000000
2020-02-28 13:36:16.074000,1.34347,1.34337,1870000,1500000
2020-02-28 13:36:16.227000,1.34346,1.34338,1000000,1000000
2020-02-28 13:36:16.302000,1.34348,1.34339,1200000,1500000
2020-02-28 13:36:16.404000,1.34348,1.3434,1000000,1000000
2020-02-28 13:36:17.135000,1.34349,1.3434,1000000,1570000
2020-02-28 13:36:19.890000,1.34349,1.34342,1000000,1000000
2020-02-28 13:36:19.942000,1.34352,1.34344,1500000,1000000
2020-02-28 13:36:19.993000,1.3435,1.34342,1000000,1500000
2020-02-28 13:36:20.782000,1.3435,1.3434,1500000,2250000
2020-02-28 13:36:26.005000,1.3435,1.34341,1000000,1000000
2020-02-28 13:36:26.611000,1.34352,1.34344,1500000,1000000
2020-02-28 13:36:26.865000,1.34354,1.34345,1000000,1000000
2020-02-28 13:36:26.915000,1.34354,1.34347,1500000,1000000
2020-02-28 13:36:26.966000,1.34354,1.34345,1000000,1000000
2020-02-28 13:36:27.017000,1.34356,1.34348,1220000,1120000
2020-02-28 13:36:27.119000,1.34356,1.34348,1500000,1000000
2020-02-28 13:36:27.220000,1.34354,1.34346,2620000,1000000
2020-02-28 13:36:27.271000,1.34353,1.34343,1000000,1500000
2020-02-28 13:36:27.377000,1.34353,1.34342,1000000,2250000
2020-02-28 13:36:27.785000,1.34351,1.34342,1000000,2250000
2020-02-28 13:36:33.678000,1.34352,1.34342,1000000,1000000
2020-02-28 13:36:33.941000,1.34352,1.34343,1000000,1000000
2020-02-28 13:36:34.043000,1.34352,1.34344,1000000,1000000
2020-02-28 13:36:34.301000,1.34357,1.34347,1500000,1000000
2020-02-28 13:36:34.554000,1.34354,1.34345,1500000,1100000
2020-02-28 13:36:34.705000,1.34355,1.34346,1000000,1870000
2020-02-28 13:36:35.048000,1.34355,1.34347,1000000,1000000
2020-02-28 13:36:35.674000,1.34355,1.34348,1000000,1000000
2020-02-28 13:36:35.724000,1.34358,1.34348,2250000,1500000
2020-02-28 13:36:36.449000,1.34358,1.3435,1000000,1500000
2020-02-28 13:36:36.555000,1.34359,1.3435,1500000,1000000
2020-02-28 13:36:36.657000,1.34361,1.34354,1200000,1000000
2020-02-28 13:36:36.758000,1.34368,1.34359,1990000,2620000
2020-02-28 13:36:36.859000,1.3437,1.34361,1570000,1000000
2020-02-28 13:36:37.062000,1.34371,1.34361,1200000,1000000
2020-02-28 13:36:37.164000,1.34371,1.34362,1000000,1870000
2020-02-28 13:36:37.215000,1.34376,1.34368,1850000,1620000
2020-02-28 13:36:37.265000,1.34378,1.3437,1390000,1000000
2020-02-28 13:36:37.415000,1.3438,1.34371,1670000,1000000
2020-02-28 13:36:37.810000,1.34381,1.34371,3470000,1000000
2020-02-28 13:36:38.063000,1.34381,1.34371,2700000,1000000
2020-02-28 13:36:38.215000,1.34381,1.34372,2250000,1000000
2020-02-28 13:36:38.681000,1.34381,1.34371,1500000,1500000
2020-02-28 13:36:38.732000,1.34381,1.34374,1000000,1000000
2020-02-28 13:36:38.783000,1.34386,1.34378,1310000,2250000
2020-02-28 13:36:38.833000,1.34388,1.3438,1110000,1500000
2020-02-28 13:36:38.884000,1.3439,1.3438,2250000,1500000
2020-02-28 13:36:39.036000,1.3439,1.3438,1510000,1000000
2020-02-28 13:36:39.137000,1.34389,1.34379,1350000,1000000
2020-02-28 13:36:39.188000,1.3439,1.3438,1500000,1000000
2020-02-28 13:36:39.371000,1.34389,1.3438,1000000,1000000
2020-02-28 13:36:39.574000,1.3439,1.34382,1000000,1000000
2020-02-28 13:36:39.993000,1.34384,1.34379,1000000,1000000
2020-02-28 13:36:40.044000,1.34382,1.34376,1000000,1000000
2020-02-28 13:36:40.095000,1.34384,1.34377,1000000,1500000
2020-02-28 13:36:40.146000,1.34385,1.34375,1570000,1500000
2020-02-28 13:36:40.247000,1.34385,1.34376,1570000,1000000
2020-02-28 13:36:40.451000,1.34383,1.34374,3370000,1000000
2020-02-28 13:36:40.502000,1.34383,1.34372,5260000,1500000
2020-02-28 13:36:40.856000,1.34383,1.34377,1000000,1000000
2020-02-28 13:36:40.908000,1.34386,1.34377,2250000,1000000
2020-02-28 13:36:41.038000,1.34388,1.34378,1950000,2250000
2020-02-28 13:36:41.443000,1.34388,1.3438,1000000,1000000
2020-02-28 13:36:41.544000,1.34388,1.34378,1000000,1500000
2020-02-28 13:36:42.612000,1.34385,1.34377,1000000,1000000
2020-02-28 13:36:42.938000,1.34385,1.34376,1500000,1000000
2020-02-28 13:36:43.374000,1.34385,1.34375,2620000,2250000
2020-02-28 13:36:43.519000,1.34385,1.34377,1500000,1000000
2020-02-28 13:36:43.623000,1.34389,1.3438,1500000,1500000
2020-02-28 13:36:43.776000,1.34388,1.3438,1000000,1500000
2020-02-28 13:36:43.878000,1.34388,1.34379,1500000,1000000
2020-02-28 13:36:44.507000,1.34389,1.34379,1950000,1000000
2020-02-28 13:36:45.134000,1.34389,1.3438,1310000,1500000
2020-02-28 13:36:45.185000,1.34389,1.34382,1310000,1000000
2020-02-28 13:36:45.392000,1.34389,1.3438,1870000,1500000
2020-02-28 13:36:46.121000,1.34389,1.34378,2510000,1500000
2020-02-28 13:36:46.607000,1.34389,1.34378,3310000,1500000
2020-02-28 13:36:47.686000,1.34389,1.34379,2750000,1000000
2020-02-28 13:36:47.800000,1.3439,1.34381,1100000,1500000
2020-02-28 13:36:48.422000,1.3439,1.34381,2150000,1000000
2020-02-28 13:36:48.524000,1.3439,1.3438,1700000,1000000
2020-02-28 13:36:48.843000,1.3439,1.34379,1950000,1500000
2020-02-28 13:36:48.944000,1.34388,1.34378,1500000,1000000
2020-02-28 13:36:49.570000,1.34388,1.3438,1000000,1000000
2020-02-28 13:36:50.207000,1.34388,1.34379,1000000,1000000
2020-02-28 13:36:50.363000,1.34389,1.34381,1000000,1000000
2020-02-28 13:36:50.464000,1.3439,1.34382,1000000,1000000
2020-02-28 13:36:51.023000,1.3439,1.34382,1220000,1000000
2020-02-28 13:36:51.124000,1.34389,1.3438,1100000,1500000
2020-02-28 13:36:52.051000,1.34384,1.34374,1500000,2190000
2020-02-28 13:36:52.166000,1.34384,1.34374,1500000,1000000
2020-02-28 13:36:52.267000,1.34383,1.34374,1000000,1500000
2020-02-28 13:36:52.443000,1.34382,1.34374,1000000,1000000
2020-02-28 13:36:52.582000,1.34381,1.34373,1120000,1000000
2020-02-28 13:36:52.634000,1.3438,1.3437,1000000,1000000
2020-02-28 13:36:52.685000,1.34381,1.34372,1200000,1000000
2020-02-28 13:36:53.153000,1.34381,1.3437,2720000,1870000
2020-02-28 13:36:53.284000,1.34381,1.34372,2250000,1000000
2020-02-28 13:36:53.561000,1.34381,1.34373,2250000,1000000
2020-02-28 13:36:54.077000,1.3438,1.34371,1500000,1000000
2020-02-28 13:36:54.331000,1.3438,1.3437,1570000,1500000
2020-02-28 13:36:54.748000,1.34379,1.3437,1000000,1500000
2020-02-28 13:36:55.351000,1.3438,1.34371,1570000,1000000
2020-02-28 13:36:55.554000,1.3438,1.3437,1500000,1000000
2020-02-28 13:36:56.505000,1.3438,1.34369,2700000,1500000
2020-02-28 13:36:56.659000,1.3438,1.3437,1000000,1000000
2020-02-28 13:36:57.484000,1.3438,1.34369,3290000,1500000
2020-02-28 13:36:57.746000,1.34379,1.34368,1100000,1500000
2020-02-28 13:36:58.053000,1.34378,1.34368,1000000,1500000
2020-02-28 13:36:58.104000,1.34374,1.34364,1500000,4010000
2020-02-28 13:36:58.206000,1.3437,1.34361,1000000,1500000
2020-02-28 13:36:58.451000,1.34371,1.34361,2320000,1000000
2020-02-28 13:36:58.826000,1.34371,1.34362,1000000,1000000
2020-02-28 13:36:58.928000,1.34372,1.34362,1000000,1000000
2020-02-28 13:36:59.316000,1.3437,1.3436,1000000,1500000
2020-02-28 13:36:59.417000,1.3437,1.34359,1950000,2250000
2020-02-28 13:36:59.658000,1.34371,1.3436,2060000,1000000
2020-02-28 13:37:00.339000,1.3437,1.34359,1000000,2250000
2020-02-28 13:37:00.441000,1.34368,1.34358,1200000,1500000
2020-02-28 13:37:00.643000,1.34368,1.34361,1000000,1000000
2020-02-28 13:37:00.694000,1.3437,1.34361,1570000,1000000
2020-02-28 13:37:00.818000,1.34371,1.34361,1950000,1000000
2020-02-28 13:37:01.331000,1.34371,1.3436,1500000,1000000
2020-02-28 13:37:01.761000,1.34371,1.34361,2510000,1000000
2020-02-28 13:37:02.001000,1.3437,1.3436,2250000,1000000
2020-02-28 13:37:02.359000,1.34369,1.3436,1000000,1000000
2020-02-28 13:37:04.454000,1.3437,1.34361,1000000,1000000
2020-02-28 13:37:05.061000,1.34373,1.34365,1220000,1500000
2020-02-28 13:37:05.163000,1.3438,1.34371,1120000,2700000
2020-02-28 13:37:05.264000,1.3438,1.34372,1000000,1000000
2020-02-28 13:37:05.455000,1.3438,1.3437,1500000,1000000
2020-02-28 13:37:05.556000,1.3438,1.34369,1200000,1870000
2020-02-28 13:37:06.127000,1.34381,1.3437,2250000,1500000
2020-02-28 13:37:10.921000,1.3438,1.34369,2070000,1500000
2020-02-28 13:37:11.023000,1.34378,1.34369,1000000,1500000
2020-02-28 13:37:11.954000,1.34373,1.34363,1000000,4160000
2020-02-28 13:37:12.098000,1.34371,1.34363,1100000,1750000
2020-02-28 13:37:12.149000,1.34371,1.34361,1100000,1500000
2020-02-28 13:37:13.093000,1.34372,1.34363,1000000,1000000
2020-02-28 13:37:13.205000,1.34374,1.34365,2140000,1000000
2020-02-28 13:37:13.637000,1.34374,1.34364,3070000,1000000
2020-02-28 13:37:13.739000,1.34373,1.34363,1000000,1000000
2020-02-28 13:37:13.840000,1.34374,1.34363,4270000,1000000
2020-02-28 13:37:14.232000,1.34375,1.34367,1350000,1000000
2020-02-28 13:37:14.333000,1.34378,1.34369,3370000,1000000
2020-02-28 13:37:16.894000,1.34378,1.34369,1500000,1000000
2020-02-28 13:37:16.945000,1.34379,1.34372,1000000,1000000
2020-02-28 13:37:17.046000,1.3438,1.34372,1000000,1000000
2020-02-28 13:37:20.230000,1.3438,1.3437,2700000,1500000
2020-02-28 13:37:20.584000,1.3438,1.3437,2820000,1000000
2020-02-28 13:37:21.397000,1.34377,1.34369,1000000,1000000
2020-02-28 13:37:22.791000,1.34377,1.34368,1100000,1000000
2020-02-28 13:37:22.947000,1.34377,1.34369,1570000,1000000
2020-02-28 13:37:23.049000,1.34373,1.34367,1000000,1000000
2020-02-28 13:37:23.100000,1.34372,1.34361,1500000,2890000
2020-02-28 13:37:23.303000,1.34374,1.34366,1220000,1000000
2020-02-28 13:37:23.354000,1.34378,1.34368,1950000,1500000
2020-02-28 13:37:23.455000,1.34379,1.34369,1000000,1500000
2020-02-28 13:37:24.725000,1.34379,1.3437,1000000,1000000
2020-02-28 13:37:24.827000,1.3438,1.3437,1100000,1500000
2020-02-28 13:37:24.878000,1.34382,1.34378,1310000,1000000
2020-02-28 13:37:24.929000,1.34384,1.34379,1310000,1000000
2020-02-28 13:37:25.030000,1.34388,1.34379,1500000,1500000
2020-02-28 13:37:25.182000,1.34387,1.34379,1000000,1000000
2020-02-28 13:37:25.315000,1.34388,1.34379,3370000,1000000
2020-02-28 13:37:25.630000,1.34387,1.34379,1000000,1000000
2020-02-28 13:37:25.732000,1.34388,1.34379,2250000,1000000
2020-02-28 13:37:25.833000,1.34387,1.34379,1000000,1000000
2020-02-28 13:37:25.985000,1.34388,1.34379,2620000,1000000
2020-02-28 13:37:26.527000,1.34387,1.34379,1000000,1000000
2020-02-28 13:37:26.678000,1.34388,1.34379,2620000,1000000
2020-02-28 13:37:27.054000,1.34387,1.34379,1000000,1000000
2020-02-28 13:37:27.156000,1.34388,1.34379,2620000,1000000
2020-02-28 13:37:27.207000,1.34383,1.34377,1000000,1000000
2020-02-28 13:37:27.257000,1.34385,1.34378,1000000,1000000
2020-02-28 13:37:27.372000,1.34385,1.34376,2250000,1120000
2020-02-28 13:37:27.474000,1.34384,1.34373,1200000,1000000
2020-02-28 13:37:27.753000,1.34385,1.34374,4650000,1000000
2020-02-28 13:37:27.856000,1.34385,1.34375,2770000,1000000
2020-02-28 13:37:28.006000,1.34384,1.34374,1000000,1000000
2020-02-28 13:37:28.171000,1.34386,1.34378,1000000,1000000
2020-02-28 13:37:28.273000,1.34386,1.34377,1000000,1500000
2020-02-28 13:37:29.653000,1.34388,1.34377,2620000,2250000
2020-02-28 13:37:31.746000,1.34388,1.34378,1500000,1000000
2020-02-28 13:37:33.326000,1.34388,1.3438,1000000,1000000
2020-02-28 13:37:33.527000,1.34388,1.3438,1600000,1000000
2020-02-28 13:37:34.272000,1.34388,1.34378,2350000,1000000
2020-02-28 13:37:34.688000,1.34388,1.34378,2250000,1000000
2020-02-28 13:37:34.790000,1.34388,1.34379,1000000,1000000
2020-02-28 13:37:39.126000,1.34389,1.34379,1500000,1000000
2020-02-28 13:37:39.703000,1.34389,1.34381,1500000,1500000
2020-02-28 13:37:40.501000,1.34387,1.34378,1000000,1500000
2020-02-28 13:37:41,1.34392,1.34385,1790000,1000000
2020-02-28 13:37:41.051000,1.34393,1.34383,1310000,2250000
2020-02-28 13:37:41.254000,1.34393,1.34383,2750000,1000000
2020-02-28 13:37:41.375000,1.34389,1.34381,1000000,1500000
2020-02-28 13:37:41.693000,1.34389,1.3438,1000000,1000000
2020-02-28 13:37:41.794000,1.34389,1.34378,1950000,1500000
2020-02-28 13:37:42.823000,1.34389,1.3438,1500000,1000000
2020-02-28 13:37:45.443000,1.3439,1.34379,3070000,1500000
2020-02-28 13:37:50.861000,1.34384,1.34376,2250000,1570000
2020-02-28 13:37:50.963000,1.34381,1.34371,2320000,1500000
2020-02-28 13:37:51.065000,1.34379,1.3437,1000000,1500000
