time,ask,bid,ask_volume,bid_volume
2019-08-20 12:25:00.097000,1.33184,1.33174,2250000,1000000
2019-08-20 12:25:00.148000,1.33183,1.33171,1500000,1000000
2019-08-20 12:25:00.249000,1.33181,1.3317,1570000,1500000
2019-08-20 12:25:02.473000,1.33183,1.3317,1570000,1500000
2019-08-20 12:25:02.607000,1.33183,1.3317,1570000,2750000
2019-08-20 12:25:04.808000,1.33183,1.33172,1500000,1000000
2019-08-20 12:25:06.377000,1.33182,1.3317,1000000,1000000
2019-08-20 12:25:07.098000,1.33181,1.3317,1000000,1000000
2019-08-20 12:25:08.886000,1.33181,1.3317,1220000,1000000
2019-08-20 12:25:09.246000,1.33181,1.3317,1000000,1000000
2019-08-20 12:25:09.347000,1.33182,1.3317,1200000,1000000
2019-08-20 12:25:10.830000,1.33182,1.3317,1600000,1000000
2019-08-20 12:25:26.312000,1.33182,1.33171,1500000,1000000
2019-08-20 12:25:27.267000,1.33183,1.33171,1100000,1500000
2019-08-20 12:25:33.018000,1.33183,1.33171,1100000,1970000
2019-08-20 12:25:38.009000,1.33184,1.33171,1970000,1500000
2019-08-20 12:25:38.110000,1.33174,1.33165,1000000,1570000
2019-08-20 12:25:38.212000,1.33171,1.33163,1000000,1000000
2019-08-20 12:25:38.263000,1.33171,1.33161,1000000,1000000
2019-08-20 12:25:38.465000,1.33172,1.33161,1100000,1200000
2019-08-20 12:25:38.595000,1.33172,1.33161,1000000,1600000
2019-08-20 12:25:42.014000,1.3317,1.33158,1870000,1600000
2019-08-20 12:25:42.116000,1.33162,1.33153,1000000,1000000
2019-08-20 12:25:42.223000,1.33163,1.33153,1000000,1220000
2019-08-20 12:25:42.324000,1.33163,1.33153,1000000,1000000
2019-08-20 12:25:42.576000,1.33165,1.33154,1120000,1100000
2019-08-20 12:25:43.101000,1.33164,1.33154,1000000,1000000
2019-08-20 12:25:44.962000,1.33164,1.33155,1000000,1000000
2019-08-20 12:25:50.755000,1.33165,1.33155,1000000,1000000
2019-08-20 12:25:52.462000,1.33166,1.33154,1950000,1000000
2019-08-20 12:25:54.023000,1.33156,1.33149,1000000,1000000
2019-08-20 12:25:54.124000,1.33156,1.33147,1570000,1000000
2019-08-20 12:25:54.225000,1.33157,1.33147,3820000,1500000
2019-08-20 12:25:54.326000,1.33156,1.33147,1100000,1000000
2019-08-20 12:25:54.377000,1.33159,1.33147,1220000,1000000
2019-08-20 12:25:54.597000,1.33158,1.33146,1570000,1000000
2019-08-20 12:25:54.669000,1.33156,1.33146,1100000,1000000
2019-08-20 12:25:55.413000,1.33156,1.33146,1220000,1000000
2019-08-20 12:25:55.534000,1.33156,1.33146,1000000,1000000
2019-08-20 12:25:56.635000,1.33155,1.33146,1000000,1000000
2019-08-20 12:25:59.813000,1.3316,1.33151,1600000,1000000
2019-08-20 12:25:59.863000,1.33157,1.33147,1000000,2100000
2019-08-20 12:25:59.914000,1.33162,1.33151,1600000,1000000
2019-08-20 12:25:59.965000,1.33154,1.33146,1500000,1600000
2019-08-20 12:26:00.016000,1.33156,1.33145,1600000,1000000
2019-08-20 12:26:00.117000,1.33155,1.33144,1200000,1570000
2019-08-20 12:26:00.218000,1.33155,1.33144,1600000,1500000
2019-08-20 12:26:00.319000,1.33157,1.33145,1600000,1100000
2019-08-20 12:26:00.445000,1.33157,1.33145,1600000,1220000
2019-08-20 12:26:00.546000,1.33157,1.33145,1600000,1000000
2019-08-20 12:26:00.917000,1.3316,1.33151,1000000,1000000
2019-08-20 12:26:01.018000,1.33162,1.33151,1000000,1500000
2019-08-20 12:26:01.119000,1.33162,1.33152,1100000,1000000
2019-08-20 12:26:01.320000,1.33162,1.33151,1200000,1570000
2019-08-20 12:26:01.586000,1.33165,1.33153,3220000,1000000
2019-08-20 12:26:01.689000,1.33165,1.33154,2350000,1000000
2019-08-20 12:26:01.790000,1.33165,1.33154,1200000,2320000
2019-08-20 12:26:02.468000,1.33165,1.33155,1120000,1000000
2019-08-20 12:26:03.655000,1.33165,1.33154,1000000,1500000
2019-08-20 12:26:06.502000,1.33165,1.33155,1000000,1620000
2019-08-20 12:26:10.982000,1.33165,1.33155,1000000,1500000
2019-08-20 12:26:14.044000,1.33167,1.33155,1720000,1570000
2019-08-20 12:26:14.146000,1.33166,1.33155,1100000,1000000
2019-08-20 12:26:15.728000,1.33166,1.33155,1870000,1000000
2019-08-20 12:26:16.447000,1.33166,1.33155,1220000,1000000
2019-08-20 12:26:31.462000,1.33166,1.33154,1600000,1500000
2019-08-20 12:26:32.985000,1.33166,1.33154,1200000,1500000
2019-08-20 12:26:39.463000,1.33166,1.33155,1100000,1000000
2019-08-20 12:26:55.066000,1.33166,1.33155,1220000,1000000
2019-08-20 12:26:55.217000,1.33166,1.33155,1100000,1000000
2019-08-20 12:26:56.553000,1.33166,1.33155,1220000,3000000
2019-08-20 12:26:56.987000,1.33166,1.33155,1100000,3000000
2019-08-20 12:27:01.225000,1.33166,1.33155,1100000,3120000
2019-08-20 12:27:02.382000,1.33166,1.33155,1100000,3000000
2019-08-20 12:27:03.561000,1.33166,1.33156,1100000,1000000
2019-08-20 12:27:05.871000,1.33166,1.33155,1220000,1000000
2019-08-20 12:27:08.581000,1.33166,1.33155,1220000,1620000
2019-08-20 12:27:11.050000,1.33166,1.33155,1220000,1120000
2019-08-20 12:27:13.439000,1.33166,1.33155,1220000,4620000
2019-08-20 12:27:14.734000,1.33165,1.33155,1100000,1870000
2019-08-20 12:27:16.234000,1.33165,1.33156,1000000,1000000
2019-08-20 12:27:18.563000,1.33165,1.33153,1870000,1100000
2019-08-20 12:27:18.664000,1.33164,1.33153,1000000,1500000
2019-08-20 12:27:18.765000,1.33164,1.33153,1000000,2370000
2019-08-20 12:27:19.854000,1.33164,1.33153,1000000,1870000
2019-08-20 12:27:21.340000,1.33164,1.33152,2450000,1500000
2019-08-20 12:27:21.391000,1.33164,1.33157,2700000,3750000
2019-08-20 12:27:21.442000,1.33162,1.33153,1000000,1000000
2019-08-20 12:27:21.492000,1.33163,1.33154,1100000,3870000
2019-08-20 12:27:21.795000,1.33164,1.33154,1000000,3870000
2019-08-20 12:27:22.874000,1.33166,1.33156,2350000,1000000
2019-08-20 12:27:23.177000,1.33166,1.33156,1570000,1000000
2019-08-20 12:27:33.265000,1.33166,1.33154,1100000,1500000
2019-08-20 12:27:35.841000,1.33171,1.33159,3600000,1870000
2019-08-20 12:27:35.943000,1.3317,1.33159,1000000,2250000
2019-08-20 12:27:36.047000,1.33173,1.33161,2470000,1000000
2019-08-20 12:27:36.150000,1.33174,1.33164,1600000,1000000
2019-08-20 12:27:36.251000,1.33174,1.33164,1000000,1000000
2019-08-20 12:27:36.655000,1.33175,1.33164,1000000,1500000
2019-08-20 12:27:36.865000,1.33176,1.33164,1570000,1620000
2019-08-20 12:27:37.466000,1.33176,1.33164,1970000,1700000
2019-08-20 12:27:37.981000,1.33176,1.33166,1970000,1000000
2019-08-20 12:27:38.679000,1.33176,1.33166,1000000,1000000
2019-08-20 12:27:38.830000,1.33177,1.33166,1100000,1000000
2019-08-20 12:27:38.982000,1.33177,1.33166,1600000,1000000
2019-08-20 12:27:39.207000,1.33177,1.33166,1100000,1100000
2019-08-20 12:27:39.982000,1.33177,1.33167,1000000,1000000
2019-08-20 12:27:40.286000,1.33178,1.33168,1000000,1000000
2019-08-20 12:27:40.577000,1.33178,1.33169,1000000,1000000
2019-08-20 12:27:40.628000,1.33181,1.33172,1220000,1120000
2019-08-20 12:27:40.729000,1.33182,1.33174,1970000,1000000
2019-08-20 12:27:40.780000,1.33182,1.33172,1500000,1120000
2019-08-20 12:27:40.881000,1.33182,1.33173,1100000,1000000
2019-08-20 12:27:40.982000,1.33184,1.33174,2470000,1000000
2019-08-20 12:27:41.033000,1.33184,1.33174,1950000,1000000
2019-08-20 12:27:41.336000,1.33188,1.33177,1600000,1500000
2019-08-20 12:27:41.437000,1.3319,1.3318,2470000,2370000
2019-08-20 12:27:41.561000,1.3319,1.33181,1100000,1000000
2019-08-20 12:27:42.800000,1.33191,1.33182,1100000,1000000
2019-08-20 12:27:43.050000,1.33191,1.33182,1600000,1000000
2019-08-20 12:27:43.155000,1.33189,1.33182,1220000,2250000
2019-08-20 12:27:43.206000,1.33189,1.3318,1220000,1000000
2019-08-20 12:27:43.358000,1.33189,1.3318,1100000,1000000
2019-08-20 12:27:43.459000,1.33189,1.33181,1100000,3750000
2019-08-20 12:27:49.582000,1.33189,1.33182,1000000,2250000
2019-08-20 12:27:50.642000,1.33189,1.33181,1000000,3750000
2019-08-20 12:27:50.939000,1.3319,1.33181,1000000,3750000
2019-08-20 12:27:51.295000,1.33191,1.33181,1000000,1120000
2019-08-20 12:27:59.902000,1.33191,1.33183,1500000,1000000
2019-08-20 12:28:00.039000,1.33191,1.33181,1500000,1870000
2019-08-20 12:28:00.366000,1.3319,1.3318,1120000,1500000
2019-08-20 12:28:00.417000,1.3319,1.33178,1000000,2320000
2019-08-20 12:28:00.518000,1.33189,1.33179,1000000,1000000
2019-08-20 12:28:00.620000,1.3319,1.33179,1000000,1500000
2019-08-20 12:28:00.721000,1.33191,1.3318,1100000,1000000
2019-08-20 12:28:00.822000,1.33191,1.33179,1100000,2250000
2019-08-20 12:28:00.973000,1.33191,1.3318,1100000,1000000
2019-08-20 12:28:01.086000,1.33191,1.33179,1100000,2250000
2019-08-20 12:28:01.148000,1.33191,1.33181,1100000,2250000
2019-08-20 12:28:01.566000,1.33191,1.33181,1600000,2250000
2019-08-20 12:28:01.679000,1.33191,1.33181,1100000,2250000
2019-08-20 12:28:02.338000,1.33191,1.33182,1100000,1000000
2019-08-20 12:28:03.505000,1.33191,1.33181,1100000,2250000
2019-08-20 12:28:08.086000,1.33191,1.33182,1100000,2250000
2019-08-20 12:28:08.612000,1.33191,1.33181,1100000,1000000
2019-08-20 12:28:12.634000,1.33191,1.3318,1200000,1500000
2019-08-20 12:28:15.276000,1.33191,1.33181,1570000,1000000
2019-08-20 12:28:18.542000,1.3319,1.33181,1000000,1000000
2019-08-20 12:28:18.691000,1.3319,1.33182,1000000,1000000
2019-08-20 12:28:20.203000,1.3319,1.33181,1000000,1000000
2019-08-20 12:28:21.034000,1.3319,1.3318,1000000,1500000
2019-08-20 12:28:23.687000,1.33191,1.33181,1000000,1000000
2019-08-20 12:28:37.195000,1.33191,1.33181,1000000,2750000
2019-08-20 12:28:37.297000,1.33192,1.33181,1000000,2000000
2019-08-20 12:28:37.489000,1.33198,1.33187,1600000,1500000
2019-08-20 12:28:37.540000,1.332,1.3319,1200000,1000000
2019-08-20 12:28:37.591000,1.332,1.33188,1500000,1000000
2019-08-20 12:28:37.743000,1.332,1.33187,1500000,2620000
2019-08-20 12:28:38.146000,1.332,1.3319,1500000,1000000
2019-08-20 12:28:38.388000,1.332,1.3319,1000000,1000000
2019-08-20 12:28:38.713000,1.33202,1.3319,1950000,1000000
2019-08-20 12:28:47.203000,1.332,1.3319,1000000,1000000
2019-08-20 12:28:47.304000,1.332,1.33189,1000000,1000000
2019-08-20 12:28:48.936000,1.33201,1.33189,1950000,1000000
2019-08-20 12:28:53.132000,1.33198,1.33188,1500000,1000000
2019-08-20 12:28:53.334000,1.33198,1.33187,1500000,1000000
2019-08-20 12:28:53.536000,1.33198,1.33188,1560000,1000000
2019-08-20 12:28:54.210000,1.33198,1.33185,2680000,2250000
2019-08-20 12:28:54.311000,1.33197,1.33185,1120000,2250000
2019-08-20 12:28:54.463000,1.33192,1.33182,1000000,2250000
2019-08-20 12:28:54.565000,1.33193,1.33182,1000000,1870000
2019-08-20 12:28:54.716000,1.33193,1.33182,1120000,2000000
2019-08-20 12:28:55.268000,1.33193,1.33182,1120000,1870000
2019-08-20 12:28:59.975000,1.33193,1.33183,1000000,1000000
2019-08-20 12:29:00.083000,1.33194,1.33183,1120000,1000000
2019-08-20 12:29:00.184000,1.33195,1.33183,1000000,1000000
2019-08-20 12:29:01.494000,1.33196,1.33185,1570000,1000000
2019-08-20 12:29:01.847000,1.33197,1.33187,1000000,1000000
2019-08-20 12:29:01.975000,1.33198,1.33187,1000000,1500000
2019-08-20 12:29:02.186000,1.332,1.33188,1500000,1000000
2019-08-20 12:29:02.690000,1.33201,1.33189,1500000,1000000
2019-08-20 12:29:04.613000,1.33199,1.33187,1000000,2250000
2019-08-20 12:29:04.714000,1.33198,1.33188,1000000,1000000
2019-08-20 12:29:04.815000,1.33199,1.33187,1500000,1000000
2019-08-20 12:29:06.289000,1.33199,1.33189,1000000,1000000
2019-08-20 12:29:06.441000,1.33199,1.33188,1000000,1000000
2019-08-20 12:29:06.599000,1.33198,1.33187,1000000,2250000
2019-08-20 12:29:07.407000,1.33199,1.33187,1570000,1500000
2019-08-20 12:29:07.876000,1.33198,1.33188,1000000,1000000
2019-08-20 12:29:08.084000,1.33199,1.33187,1570000,1000000
2019-08-20 12:29:08.447000,1.33198,1.33187,1000000,1500000
2019-08-20 12:29:08.676000,1.33199,1.33187,1570000,1000000
2019-08-20 12:29:11.681000,1.332,1.33187,2250000,1000000
2019-08-20 12:29:12.236000,1.33199,1.33187,1000000,1000000
2019-08-20 12:29:15.413000,1.33199,1.33186,1500000,1500000
2019-08-20 12:29:18.829000,1.33199,1.33187,1000000,1000000
2019-08-20 12:29:20.445000,1.332,1.33187,1000000,1000000
2019-08-20 12:29:22.963000,1.33198,1.33188,1000000,1000000
2019-08-20 12:29:30.962000,1.33198,1.33187,1000000,1000000
2019-08-20 12:29:32.429000,1.33196,1.33183,1000000,1220000
2019-08-20 12:29:32.480000,1.33194,1.33181,1620000,1000000
2019-08-20 12:29:32.582000,1.33192,1.33181,1000000,1000000
2019-08-20 12:29:38.963000,1.33193,1.33182,1000000,1000000
2019-08-20 12:29:40.487000,1.33193,1.33182,1220000,1000000
2019-08-20 12:29:40.589000,1.33191,1.33181,1000000,1000000
2019-08-20 12:29:44.022000,1.33193,1.33181,1000000,1000000
2019-08-20 12:29:44.385000,1.33192,1.3318,1000000,1000000
2019-08-20 12:29:44.786000,1.33192,1.3318,1500000,1000000
2019-08-20 12:29:45.054000,1.33192,1.3318,1000000,1000000
2019-08-20 12:29:46.464000,1.33195,1.33178,1220000,1100000
2019-08-20 12:29:47.107000,1.33194,1.3318,1100000,1000000
2019-08-20 12:29:47.482000,1.33195,1.33179,1220000,1500000
2019-08-20 12:29:48.077000,1.33195,1.33179,1000000,1500000
2019-08-20 12:29:48.557000,1.33194,1.3318,1000000,1500000
2019-08-20 12:29:48.659000,1.332,1.33183,1000000,1000000
2019-08-20 12:29:48.760000,1.33203,1.33183,1100000,1000000
2019-08-20 12:29:48.861000,1.33203,1.33183,1570000,1100000
2019-08-20 12:29:48.912000,1.33201,1.33182,1000000,1600000
2019-08-20 12:29:49.013000,1.33202,1.33182,1600000,1000000
2019-08-20 12:29:49.114000,1.33203,1.33181,1720000,1570000
2019-08-20 12:29:49.504000,1.33201,1.33181,1100000,2850000
2019-08-20 12:29:50.064000,1.33202,1.33182,1600000,1500000
2019-08-20 12:29:50.165000,1.33203,1.33181,1600000,2700000
2019-08-20 12:29:50.266000,1.33198,1.3318,1100000,1200000
2019-08-20 12:29:50.367000,1.33197,1.33176,1600000,2700000
2019-08-20 12:29:50.485000,1.33195,1.33176,1000000,1950000
2019-08-20 12:29:50.535000,1.33198,1.33179,2100000,1000000
2019-08-20 12:29:50.687000,1.33197,1.33179,1220000,1000000
2019-08-20 12:29:51.090000,1.33197,1.33179,1200000,1000000
2019-08-20 12:29:51.191000,1.33196,1.33176,1100000,2700000
2019-08-20 12:29:51.293000,1.33195,1.33176,1000000,1950000
2019-08-20 12:29:51.394000,1.33194,1.33177,1000000,1870000
2019-08-20 12:29:51.495000,1.33195,1.33176,1100000,1870000
2019-08-20 12:29:51.623000,1.33194,1.33177,1000000,1870000
2019-08-20 12:29:51.725000,1.33195,1.33176,1100000,1870000
2019-08-20 12:29:53.065000,1.33196,1.33182,1000000,1000000
2019-08-20 12:29:53.177000,1.33201,1.33185,1600000,1000000
2019-08-20 12:29:53.228000,1.33201,1.33183,1600000,1000000
2019-08-20 12:29:53.329000,1.33203,1.33184,1600000,1000000
2019-08-20 12:29:53.431000,1.33204,1.33185,1600000,1000000
2019-08-20 12:29:53.532000,1.33204,1.33185,1220000,1500000
2019-08-20 12:29:53.739000,1.33199,1.33184,1000000,1000000
2019-08-20 12:29:53.840000,1.33196,1.33184,1000000,1000000
2019-08-20 12:29:53.891000,1.332,1.33185,1000000,1000000
2019-08-20 12:29:53.992000,1.33201,1.33182,1570000,1870000
2019-08-20 12:29:54.093000,1.33201,1.33183,1200000,1200000
2019-08-20 12:29:54.194000,1.33201,1.33183,1970000,1120000
2019-08-20 12:29:54.323000,1.33201,1.33183,1500000,1120000
2019-08-20 12:29:54.424000,1.33201,1.33182,1000000,1950000
2019-08-20 12:29:54.546000,1.33201,1.33183,1100000,1570000
2019-08-20 12:29:54.732000,1.33201,1.33184,1000000,1000000
2019-08-20 12:29:54.838000,1.33201,1.33183,1000000,1000000
2019-08-20 12:29:55.029000,1.33201,1.33184,1000000,1000000
2019-08-20 12:29:55.130000,1.33203,1.33183,1220000,1500000
2019-08-20 12:29:55.231000,1.33202,1.33182,1950000,3220000
2019-08-20 12:29:55.282000,1.33202,1.33182,1950000,1950000
2019-08-20 12:29:55.383000,1.33201,1.33182,1000000,1570000
2019-08-20 12:29:55.484000,1.33202,1.33182,2100000,1570000
2019-08-20 12:29:55.542000,1.33202,1.33182,1950000,1200000
2019-08-20 12:29:56.054000,1.332,1.33183,1000000,1120000
2019-08-20 12:29:56.155000,1.33202,1.33183,2100000,1870000
2019-08-20 12:29:56.256000,1.33202,1.33183,1600000,1000000
2019-08-20 12:29:56.393000,1.33202,1.33183,1100000,1000000
2019-08-20 12:29:56.494000,1.33204,1.33184,1600000,1000000
2019-08-20 12:29:56.595000,1.33203,1.33185,1100000,1500000
2019-08-20 12:29:58.731000,1.33198,1.33183,1000000,1500000
2019-08-20 12:29:58.782000,1.33202,1.33183,2100000,1000000
2019-08-20 12:29:58.938000,1.33202,1.33182,1570000,1570000
2019-08-20 12:29:59.039000,1.33202,1.33182,2100000,1600000
2019-08-20 12:29:59.195000,1.33202,1.33184,2100000,1000000
2019-08-20 12:29:59.296000,1.33202,1.33183,1100000,1500000
2019-08-20 12:29:59.347000,1.33204,1.33185,1200000,1000000
2019-08-20 12:29:59.467000,1.33203,1.33186,1000000,1500000
2019-08-20 12:29:59.595000,1.33204,1.33185,1220000,1500000
2019-08-20 12:29:59.702000,1.33203,1.33186,1200000,1500000
2019-08-20 12:29:59.912000,1.33204,1.33185,1600000,1570000
2019-08-20 12:30:00.078000,1.332,1.33184,1000000,1000000
2019-08-20 12:30:00.230000,1.33201,1.33183,1600000,1000000
2019-08-20 12:30:00.332000,1.33201,1.33184,1950000,1000000
2019-08-20 12:30:00.484000,1.33201,1.33182,1500000,1120000
2019-08-20 12:30:00.585000,1.33201,1.33182,1200000,1500000
2019-08-20 12:30:00.728000,1.33187,1.33176,1000000,1500000
2019-08-20 12:30:00.779000,1.33183,1.33171,1000000,3750000
2019-08-20 12:30:00.880000,1.33183,1.33168,1000000,1500000
2019-08-20 12:30:00.981000,1.33185,1.33168,1200000,1000000
2019-08-20 12:30:01.082000,1.33184,1.33168,1000000,1500000
2019-08-20 12:30:01.183000,1.33186,1.33168,1220000,1500000
2019-08-20 12:30:01.284000,1.33186,1.33169,1600000,1000000
2019-08-20 12:30:01.385000,1.33184,1.33168,1000000,2250000
2019-08-20 12:30:01.486000,1.33186,1.33168,1100000,1000000
2019-08-20 12:30:01.670000,1.33187,1.33169,1220000,1000000
2019-08-20 12:30:01.721000,1.33189,1.33171,2100000,1000000
2019-08-20 12:30:01.772000,1.33189,1.33169,1200000,1100000
2019-08-20 12:30:02.028000,1.33189,1.3317,1570000,1000000
2019-08-20 12:30:02.196000,1.3319,1.33169,1720000,1570000
2019-08-20 12:30:02.398000,1.33189,1.3317,1100000,1000000
2019-08-20 12:30:02.500000,1.3319,1.33169,1720000,2850000
2019-08-20 12:30:02.748000,1.3319,1.33169,4720000,1220000
2019-08-20 12:30:03.064000,1.33188,1.33169,1100000,3970000
2019-08-20 12:30:04.385000,1.3319,1.33169,1720000,1220000
2019-08-20 12:30:04.537000,1.33189,1.33168,2850000,1600000
2019-08-20 12:30:04.588000,1.33185,1.33167,1220000,1220000
2019-08-20 12:30:04.689000,1.33187,1.33167,2850000,1100000
2019-08-20 12:30:05.069000,1.33185,1.33168,1600000,1000000
2019-08-20 12:30:05.171000,1.33188,1.3317,1500000,1000000
2019-08-20 12:30:05.221000,1.33187,1.33167,1100000,3970000
2019-08-20 12:30:05.272000,1.33188,1.33168,1500000,1000000
2019-08-20 12:30:05.343000,1.33187,1.33168,1100000,1220000
2019-08-20 12:30:05.445000,1.33177,1.33164,1500000,1000000
2019-08-20 12:30:05.546000,1.33172,1.33159,1000000,1100000
2019-08-20 12:30:05.597000,1.33168,1.33159,1100000,1000000
2019-08-20 12:30:05.647000,1.33167,1.33153,1000000,1000000
2019-08-20 12:30:05.770000,1.33167,1.33151,1100000,1100000
2019-08-20 12:30:05.820000,1.33171,1.33154,1100000,1100000
2019-08-20 12:30:05.871000,1.33171,1.33154,1100000,1700000
2019-08-20 12:30:06.022000,1.33173,1.33162,1100000,1000000
2019-08-20 12:30:06.124000,1.33175,1.3316,2070000,1000000
2019-08-20 12:30:06.225000,1.33174,1.33159,2070000,2750000
2019-08-20 12:30:06.678000,1.33174,1.33161,2070000,1000000
2019-08-20 12:30:06.829000,1.33175,1.3316,2070000,1120000
2019-08-20 12:30:07.375000,1.33174,1.33161,2000000,1500000
2019-08-20 12:30:07.536000,1.33175,1.3316,2070000,2250000
2019-08-20 12:30:07.659000,1.33174,1.33161,2000000,1500000
2019-08-20 12:30:07.788000,1.3317,1.33158,1000000,4320000
2019-08-20 12:30:07.916000,1.33169,1.3316,1000000,1120000
2019-08-20 12:30:08.017000,1.3317,1.33159,1000000,1500000
2019-08-20 12:30:08.746000,1.33169,1.3316,1000000,1120000
2019-08-20 12:30:09.298000,1.33174,1.3316,2320000,1870000
2019-08-20 12:30:09.349000,1.33171,1.33159,1000000,2000000
2019-08-20 12:30:09.452000,1.33169,1.3316,1000000,1120000
2019-08-20 12:30:09.639000,1.3317,1.33159,1000000,1500000
2019-08-20 12:30:09.975000,1.33175,1.33161,1100000,1870000
2019-08-20 12:30:10.026000,1.33176,1.33161,1200000,1870000
2019-08-20 12:30:10.077000,1.33177,1.33165,1600000,3000000
2019-08-20 12:30:10.128000,1.33176,1.33163,1600000,1000000
2019-08-20 12:30:10.229000,1.33173,1.33159,1200000,2320000
2019-08-20 12:30:11.465000,1.33174,1.33159,2470000,1600000
2019-08-20 12:30:12.214000,1.33175,1.33161,1000000,1500000
2019-08-20 12:30:12.265000,1.33177,1.33165,1720000,1000000
2019-08-20 12:30:12.366000,1.33178,1.33162,1100000,1220000
2019-08-20 12:30:12.467000,1.33176,1.33162,1100000,1100000
2019-08-20 12:30:12.670000,1.33177,1.33163,1720000,1120000
2019-08-20 12:30:12.721000,1.33179,1.33164,1100000,1500000
2019-08-20 12:30:12.837000,1.3318,1.33164,1600000,1700000
2019-08-20 12:30:12.938000,1.3318,1.33165,1600000,1000000
2019-08-20 12:30:13.040000,1.3318,1.33164,1600000,1950000
2019-08-20 12:30:13.188000,1.3318,1.33165,3200000,1000000
2019-08-20 12:30:13.289000,1.3318,1.33164,2450000,2700000
2019-08-20 12:30:13.626000,1.33181,1.33164,3600000,2450000
2019-08-20 12:30:14.057000,1.3318,1.33166,3120000,1000000
2019-08-20 12:30:14.165000,1.3318,1.33165,1720000,1200000
2019-08-20 12:30:17.087000,1.3318,1.33164,3600000,1500000
2019-08-20 12:30:18.004000,1.33178,1.33165,1120000,1000000
2019-08-20 12:30:20.316000,1.33177,1.33164,1120000,2760000
2019-08-20 12:30:20.418000,1.33177,1.33164,1500000,1000000
2019-08-20 12:30:23.188000,1.33177,1.33164,1120000,1500000
2019-08-20 12:30:23.289000,1.33178,1.33165,1620000,1500000
2019-08-20 12:30:23.391000,1.33177,1.33164,1600000,1000000
2019-08-20 12:30:24.086000,1.33179,1.3317,1600000,1000000
2019-08-20 12:30:24.188000,1.33181,1.3317,1000000,1000000
2019-08-20 12:30:24.339000,1.3318,1.33169,1000000,1000000
2019-08-20 12:30:25.267000,1.33179,1.33168,1000000,1000000
2019-08-20 12:30:25.595000,1.33179,1.33166,1100000,1000000
2019-08-20 12:30:27.305000,1.3318,1.33167,1870000,1120000
2019-08-20 12:30:27.659000,1.33179,1.33168,1100000,1000000
2019-08-20 12:30:30.277000,1.33178,1.33166,1000000,1000000
2019-08-20 12:30:30.958000,1.33179,1.33167,1100000,1000000
2019-08-20 12:30:31.195000,1.33178,1.33166,1000000,1000000
2019-08-20 12:30:31.296000,1.33177,1.33165,1000000,1000000
2019-08-20 12:30:33.017000,1.33175,1.33162,1500000,3370000
2019-08-20 12:30:33.118000,1.33174,1.33161,1000000,1870000
2019-08-20 12:30:33.454000,1.33174,1.33161,1600000,1000000
2019-08-20 12:30:35.213000,1.3317,1.3316,1000000,1500000
2019-08-20 12:30:35.314000,1.33172,1.33161,1100000,1000000
2019-08-20 12:30:36.014000,1.33173,1.33162,1100000,1000000
2019-08-20 12:30:40.762000,1.33173,1.33162,1500000,1000000
2019-08-20 12:30:41.335000,1.33171,1.33159,1120000,1000000
2019-08-20 12:30:41.385000,1.33167,1.33158,1000000,1000000
2019-08-20 12:30:41.436000,1.33166,1.33156,1000000,1000000
2019-08-20 12:30:43.026000,1.33167,1.33157,1200000,1000000
2019-08-20 12:30:43.347000,1.33167,1.33155,1600000,1000000
2019-08-20 12:30:44.358000,1.33164,1.33154,1000000,1000000
2019-08-20 12:30:48.981000,1.33164,1.33152,1000000,1500000
2019-08-20 12:30:49.352000,1.33164,1.33153,1000000,1000000
2019-08-20 12:30:49.453000,1.33164,1.33152,1120000,1000000
2019-08-20 12:30:51.133000,1.33164,1.33152,1500000,1000000
2019-08-20 12:30:51.234000,1.33161,1.3315,1000000,1000000
2019-08-20 12:30:51.371000,1.33157,1.33145,1500000,2920000
2019-08-20 12:30:51.422000,1.33157,1.33145,1120000,1100000
2019-08-20 12:30:53.343000,1.33155,1.33145,1000000,1000000
2019-08-20 12:30:57,1.33156,1.33143,1120000,1000000
2019-08-20 12:30:58.439000,1.33159,1.3315,3470000,1000000
2019-08-20 12:30:58.546000,1.3316,1.3315,1000000,1000000
2019-08-20 12:30:58.647000,1.33158,1.3315,1000000,1000000
2019-08-20 12:30:58.698000,1.33158,1.33145,1600000,1500000
2019-08-20 12:30:58.799000,1.33157,1.33145,1600000,1000000
2019-08-20 12:30:58.900000,1.33157,1.33145,1120000,1000000
2019-08-20 12:30:59.002000,1.33157,1.33145,1600000,1000000
2019-08-20 12:30:59.389000,1.33156,1.33143,1100000,1000000
2019-08-20 12:31:00.089000,1.33157,1.33144,1120000,1120000
2019-08-20 12:31:00.350000,1.33156,1.33143,1000000,1000000
2019-08-20 12:31:01.218000,1.33154,1.33144,1000000,1000000
2019-08-20 12:31:01.826000,1.33152,1.33143,1000000,1000000
2019-08-20 12:31:01.927000,1.33154,1.33143,1120000,1000000
2019-08-20 12:31:02.029000,1.33154,1.33144,1000000,1000000
2019-08-20 12:31:22.225000,1.33153,1.33144,1000000,1000000
2019-08-20 12:31:28.057000,1.33158,1.33146,1100000,1500000
2019-08-20 12:31:28.159000,1.33157,1.33145,1000000,1120000
2019-08-20 12:31:28.422000,1.33155,1.33145,1000000,1000000
2019-08-20 12:31:28.574000,1.33155,1.33144,1000000,1000000
2019-08-20 12:31:28.675000,1.33154,1.33144,1000000,1000000
2019-08-20 12:31:29.496000,1.33155,1.33144,1620000,1500000
2019-08-20 12:31:32.095000,1.33155,1.33144,1000000,1000000
2019-08-20 12:31:33.278000,1.33155,1.33145,1120000,1000000
2019-08-20 12:31:33.379000,1.33157,1.33146,1000000,1120000
2019-08-20 12:31:33.481000,1.33157,1.33145,2070000,1620000
2019-08-20 12:31:33.973000,1.33156,1.33145,1500000,1000000
2019-08-20 12:31:35.495000,1.33154,1.33145,1000000,1000000
2019-08-20 12:31:50.198000,1.3316,1.33151,2250000,1500000
2019-08-20 12:31:50.300000,1.33159,1.33149,1000000,1100000
2019-08-20 12:31:50.410000,1.3316,1.33148,1100000,1500000
2019-08-20 12:31:50.511000,1.33161,1.33148,3220000,1500000
2019-08-20 12:31:50.561000,1.33161,1.33151,3220000,1000000
2019-08-20 12:31:50.662000,1.33163,1.33152,2100000,1000000
2019-08-20 12:31:50.713000,1.33164,1.33152,1970000,1000000
2019-08-20 12:31:50.814000,1.33165,1.33153,1200000,1000000
2019-08-20 12:31:50.915000,1.33165,1.33153,1600000,1000000
2019-08-20 12:31:51.052000,1.33165,1.33153,1200000,1000000
2019-08-20 12:31:51.153000,1.33165,1.33153,1600000,1000000
2019-08-20 12:31:51.255000,1.33165,1.33153,1200000,1000000
2019-08-20 12:31:51.375000,1.33165,1.33153,1600000,1000000
2019-08-20 12:31:51.476000,1.33165,1.33154,1100000,1120000
2019-08-20 12:31:54.130000,1.33165,1.33154,1220000,1000000
2019-08-20 12:32:09.562000,1.33162,1.33151,1500000,1220000
2019-08-20 12:32:09.664000,1.33155,1.33148,1000000,1000000
2019-08-20 12:32:09.766000,1.33151,1.33144,1000000,1000000
2019-08-20 12:32:09.867000,1.33154,1.33144,1100000,1000000
2019-08-20 12:32:09.968000,1.33154,1.33146,1000000,1000000
2019-08-20 12:32:11.053000,1.33155,1.33146,1000000,1000000
2019-08-20 12:32:15.003000,1.33155,1.33144,1000000,1000000
2019-08-20 12:32:18.420000,1.33156,1.33145,1000000,1500000
2019-08-20 12:32:18.470000,1.33159,1.33149,2850000,1500000
2019-08-20 12:32:18.521000,1.33162,1.33151,1100000,1000000
2019-08-20 12:32:18.572000,1.33158,1.33149,1000000,1100000
2019-08-20 12:32:18.685000,1.33157,1.33144,2000000,1970000
2019-08-20 12:32:18.786000,1.33158,1.33146,3100000,1000000
2019-08-20 12:32:18.887000,1.33156,1.33145,1100000,1000000
2019-08-20 12:32:19.782000,1.33157,1.33145,2850000,1100000
2019-08-20 12:32:19.883000,1.33159,1.33148,1200000,1000000
2019-08-20 12:32:20.034000,1.3316,1.33148,1950000,1000000
2019-08-20 12:32:20.135000,1.3316,1.33149,1100000,1100000
2019-08-20 12:32:22.565000,1.3316,1.3315,1100000,1000000
2019-08-20 12:32:23.213000,1.3316,1.33149,1200000,1000000
2019-08-20 12:32:23.314000,1.33157,1.33145,1100000,1000000
2019-08-20 12:32:23.415000,1.33157,1.33147,1000000,1000000
2019-08-20 12:32:26.322000,1.33159,1.33147,1970000,1100000
2019-08-20 12:32:27.085000,1.33156,1.33145,1000000,1570000
2019-08-20 12:32:27.200000,1.33155,1.33145,1000000,1570000
2019-08-20 12:32:27.351000,1.33155,1.33144,1600000,1100000
2019-08-20 12:32:27.453000,1.33148,1.33137,1500000,1970000
2019-08-20 12:32:27.554000,1.33146,1.33137,1000000,1970000
2019-08-20 12:32:27.604000,1.33146,1.33136,1100000,1000000
2019-08-20 12:32:30.420000,1.33147,1.33136,1120000,1000000
2019-08-20 12:32:33.087000,1.33147,1.33136,1970000,1000000
2019-08-20 12:32:35.205000,1.33145,1.33134,3000000,1220000
2019-08-20 12:32:35.273000,1.33143,1.33133,1500000,1100000
2019-08-20 12:32:35.324000,1.3314,1.33127,1870000,2100000
2019-08-20 12:32:35.596000,1.3314,1.33127,1950000,1100000
2019-08-20 12:32:35.700000,1.3314,1.33127,1870000,1220000
2019-08-20 12:32:35.802000,1.3314,1.33127,2070000,1100000
2019-08-20 12:32:36.356000,1.3314,1.33127,2070000,2100000
2019-08-20 12:32:36.457000,1.3314,1.33129,1000000,1100000
2019-08-20 12:32:36.558000,1.33142,1.33132,1100000,1000000
2019-08-20 12:32:36.660000,1.33143,1.33132,1870000,1000000
2019-08-20 12:32:37.758000,1.33143,1.33132,1870000,1970000
2019-08-20 12:32:37.859000,1.33147,1.33135,2470000,1500000
2019-08-20 12:32:37.960000,1.33147,1.33136,1120000,1000000
2019-08-20 12:32:38.061000,1.33147,1.33136,1120000,1220000
2019-08-20 12:32:38.162000,1.33147,1.33136,1120000,1000000
2019-08-20 12:32:39.186000,1.33149,1.33136,1950000,1100000
2019-08-20 12:32:39.287000,1.33149,1.33136,2070000,1100000
2019-08-20 12:32:41.846000,1.33149,1.33136,1570000,1100000
2019-08-20 12:32:43.256000,1.33149,1.33136,1500000,1600000
2019-08-20 12:32:43.408000,1.33153,1.33143,2470000,1000000
2019-08-20 12:32:43.459000,1.33153,1.33143,1870000,1100000
2019-08-20 12:32:43.510000,1.33155,1.33143,1000000,1100000
2019-08-20 12:32:43.607000,1.3315,1.33143,1000000,1000000
2019-08-20 12:32:43.658000,1.33149,1.33138,1000000,1720000
2019-08-20 12:32:43.760000,1.33148,1.33137,1000000,1220000
2019-08-20 12:32:43.861000,1.33148,1.33137,1000000,1000000
2019-08-20 12:32:44.087000,1.33147,1.33137,1000000,1000000
2019-08-20 12:32:44.289000,1.33148,1.33137,1000000,1000000
2019-08-20 12:32:47.190000,1.33148,1.33138,1000000,1000000
2019-08-20 12:32:55.710000,1.33148,1.33137,1000000,1500000
2019-08-20 12:33:03.542000,1.33151,1.3314,1600000,1000000
2019-08-20 12:33:03.645000,1.33155,1.33144,3220000,1000000
2019-08-20 12:33:03.852000,1.33157,1.33145,1720000,1000000
2019-08-20 12:33:05.243000,1.33156,1.33144,1100000,3820000
2019-08-20 12:33:05.603000,1.33157,1.33145,1100000,3870000
2019-08-20 12:33:05.654000,1.33158,1.33147,1600000,3750000
2019-08-20 12:33:05.755000,1.33158,1.33146,1200000,5250000
2019-08-20 12:33:06.273000,1.33158,1.33147,1200000,1000000
2019-08-20 12:33:06.324000,1.33158,1.33147,1720000,1000000
2019-08-20 12:33:06.425000,1.33158,1.33146,1720000,4500000
2019-08-20 12:33:07.207000,1.33158,1.33146,2470000,4570000
2019-08-20 12:33:07.309000,1.33157,1.33146,1100000,4500000
2019-08-20 12:33:10.587000,1.33156,1.33147,1600000,2250000
2019-08-20 12:33:10.790000,1.33156,1.33146,1600000,1500000
2019-08-20 12:33:12.663000,1.33156,1.33145,1600000,1000000
2019-08-20 12:33:12.907000,1.33153,1.33144,1120000,1000000
2019-08-20 12:33:12.957000,1.33153,1.33141,1500000,1970000
2019-08-20 12:33:13.059000,1.33152,1.3314,1120000,1100000
2019-08-20 12:33:13.161000,1.33153,1.33142,1500000,1000000
2019-08-20 12:33:15.605000,1.33154,1.33142,1200000,1000000
2019-08-20 12:33:16.227000,1.33154,1.33142,1120000,1220000
2019-08-20 12:33:16.378000,1.33154,1.33142,1120000,1200000
2019-08-20 12:33:16.949000,1.33154,1.33142,1600000,1200000
2019-08-20 12:33:17.050000,1.33153,1.33143,1100000,1000000
2019-08-20 12:33:18.015000,1.33155,1.33145,1500000,1500000
2019-08-20 12:33:18.066000,1.33157,1.33145,1100000,3120000
2019-08-20 12:33:18.167000,1.33159,1.33147,1600000,1120000
2019-08-20 12:33:18.218000,1.3316,1.33151,1570000,1000000
2019-08-20 12:33:18.319000,1.33164,1.33154,1000000,1000000
2019-08-20 12:33:20.597000,1.33166,1.33154,1200000,1000000
2019-08-20 12:33:20.699000,1.33166,1.33155,1000000,1000000
2019-08-20 12:33:21.153000,1.33166,1.33155,1000000,1220000
2019-08-20 12:33:21.254000,1.33166,1.33155,1000000,1000000
2019-08-20 12:33:24.983000,1.33166,1.33154,1000000,1570000
2019-08-20 12:33:25.299000,1.33164,1.33154,1000000,1500000
2019-08-20 12:33:27.505000,1.33164,1.33152,1000000,1570000
2019-08-20 12:33:27.609000,1.33163,1.33151,1100000,1500000
2019-08-20 12:33:27.861000,1.33162,1.3315,1000000,1100000
2019-08-20 12:33:28.676000,1.33163,1.3315,1200000,1570000
2019-08-20 12:33:28.727000,1.33166,1.33155,3970000,1000000
2019-08-20 12:33:28.828000,1.33166,1.33155,1970000,1000000
2019-08-20 12:33:28.929000,1.33166,1.33155,1500000,1000000
2019-08-20 12:33:31.798000,1.33169,1.33157,2100000,1120000
2019-08-20 12:33:31.956000,1.3317,1.33159,1000000,1000000
2019-08-20 12:33:32.057000,1.3317,1.33158,1220000,1100000
2019-08-20 12:33:32.158000,1.3317,1.33157,1220000,1500000
2019-08-20 12:33:32.259000,1.3317,1.33157,1200000,1570000
2019-08-20 12:33:32.310000,1.3317,1.33157,2470000,1570000
2019-08-20 12:33:32.925000,1.33169,1.33158,1100000,1000000
2019-08-20 12:33:37.242000,1.3317,1.3316,1700000,1000000
2019-08-20 12:33:37.365000,1.33171,1.3316,1220000,1000000
2019-08-20 12:33:39.415000,1.33171,1.3316,1000000,1000000
2019-08-20 12:33:39.825000,1.33172,1.33162,1000000,1000000
2019-08-20 12:33:40.168000,1.33172,1.33159,2320000,2850000
2019-08-20 12:33:40.269000,1.33172,1.33159,1220000,1970000
2019-08-20 12:33:40.379000,1.33172,1.33159,1220000,1500000
2019-08-20 12:33:40.505000,1.33171,1.33159,1100000,1500000
2019-08-20 12:33:40.609000,1.33172,1.33159,1220000,1500000
2019-08-20 12:33:40.761000,1.33171,1.33159,1100000,1570000
2019-08-20 12:33:41.285000,1.33172,1.33159,1700000,1570000
2019-08-20 12:33:41.484000,1.33172,1.33159,1570000,1570000
2019-08-20 12:33:42.573000,1.33172,1.33159,1100000,2450000
2019-08-20 12:33:43.590000,1.33172,1.3316,1100000,1000000
2019-08-20 12:33:50.597000,1.33172,1.33161,1220000,1000000
2019-08-20 12:33:51.537000,1.33171,1.3316,1200000,1100000
2019-08-20 12:33:51.639000,1.33166,1.33156,1000000,1600000
2019-08-20 12:33:51.689000,1.33166,1.33155,1000000,1000000
2019-08-20 12:33:51.992000,1.33166,1.33154,2450000,1000000
2019-08-20 12:33:52.194000,1.33165,1.33154,1000000,1000000
2019-08-20 12:33:52.411000,1.33165,1.33153,1000000,1100000
2019-08-20 12:33:52.588000,1.33163,1.33151,1500000,1970000
2019-08-20 12:33:52.739000,1.33163,1.33151,1500000,1950000
2019-08-20 12:33:53.017000,1.33163,1.33152,1000000,1100000
2019-08-20 12:33:53.118000,1.33164,1.33152,1000000,1570000
2019-08-20 12:33:54.108000,1.33164,1.33154,1000000,1100000
2019-08-20 12:33:56.668000,1.33166,1.33153,2720000,1220000
2019-08-20 12:33:59.441000,1.33165,1.33153,1100000,1220000
2019-08-20 12:34:00.451000,1.33165,1.33153,1100000,1500000
2019-08-20 12:34:00.603000,1.33165,1.33153,1100000,1970000
2019-08-20 12:34:01.439000,1.33166,1.33153,2350000,1970000
2019-08-20 12:34:04.583000,1.33165,1.33153,1100000,1000000
2019-08-20 12:34:07.999000,1.33162,1.33152,1000000,1100000
2019-08-20 12:34:08.166000,1.33162,1.33152,1000000,1220000
2019-08-20 12:34:08.810000,1.33162,1.33152,1000000,1100000
2019-08-20 12:34:09.160000,1.33163,1.33152,1000000,1100000
2019-08-20 12:34:09.999000,1.33165,1.33154,1100000,1000000
2019-08-20 12:34:11.963000,1.33165,1.33155,1500000,1000000
2019-08-20 12:34:12.764000,1.33168,1.33159,1220000,1000000
2019-08-20 12:34:12.865000,1.33173,1.33161,3220000,1000000
2019-08-20 12:34:12.966000,1.33173,1.33163,1950000,1000000
2019-08-20 12:34:13.236000,1.33175,1.33163,1570000,1220000
2019-08-20 12:34:13.438000,1.33177,1.33164,2070000,1100000
2019-08-20 12:34:13.539000,1.33177,1.33165,1570000,1000000
2019-08-20 12:34:13.641000,1.33177,1.33165,2350000,1000000
2019-08-20 12:34:13.903000,1.33177,1.33165,2470000,1000000
2019-08-20 12:34:14.105000,1.33177,1.33165,3100000,1100000
2019-08-20 12:34:14.206000,1.33176,1.33163,1970000,1970000
2019-08-20 12:34:14.357000,1.33174,1.33164,1000000,1100000
2019-08-20 12:34:15.028000,1.33174,1.33162,1100000,1220000
2019-08-20 12:34:15.272000,1.33174,1.33162,1000000,1100000
2019-08-20 12:34:16.288000,1.33174,1.33163,1000000,1000000
2019-08-20 12:34:17.855000,1.33173,1.33162,1000000,1570000
2019-08-20 12:34:18.007000,1.33172,1.33161,1000000,1570000
2019-08-20 12:34:18.108000,1.33172,1.33163,1000000,1000000
2019-08-20 12:34:19.454000,1.33174,1.33163,1220000,1000000
2019-08-20 12:34:19.555000,1.33174,1.33163,1000000,1000000
2019-08-20 12:34:19.656000,1.33176,1.33164,2350000,1100000
2019-08-20 12:34:19.758000,1.33175,1.33164,1000000,1970000
2019-08-20 12:34:20.162000,1.33175,1.33164,1500000,1000000
2019-08-20 12:34:24.516000,1.33174,1.33162,1500000,1970000
2019-08-20 12:34:24.618000,1.33173,1.33162,1500000,1000000
2019-08-20 12:34:24.791000,1.33173,1.3316,1970000,1000000
2019-08-20 12:34:24.907000,1.33173,1.3316,1570000,1100000
2019-08-20 12:34:25.008000,1.3317,1.3316,1000000,1000000
2019-08-20 12:34:25.110000,1.3317,1.33159,1000000,1100000
2019-08-20 12:34:25.362000,1.33171,1.33158,1100000,1950000
2019-08-20 12:34:26.655000,1.3317,1.33159,1000000,1000000
2019-08-20 12:34:26.756000,1.33171,1.33159,1000000,1570000
2019-08-20 12:34:33.594000,1.3317,1.33158,1000000,1100000
2019-08-20 12:34:34.964000,1.33169,1.33159,1000000,1000000
2019-08-20 12:34:36.580000,1.3317,1.3316,1000000,1000000
2019-08-20 12:34:38.079000,1.33172,1.33161,1220000,1000000
2019-08-20 12:34:38.181000,1.33174,1.33161,2100000,1950000
2019-08-20 12:34:38.283000,1.33174,1.33162,2850000,1000000
2019-08-20 12:34:38.334000,1.33174,1.33162,2320000,1000000
2019-08-20 12:34:38.435000,1.33174,1.33162,1600000,1000000
2019-08-20 12:34:41.811000,1.33174,1.33162,1100000,1000000
2019-08-20 12:34:42.912000,1.33174,1.33162,1600000,1000000
2019-08-20 12:34:43.383000,1.33174,1.33162,1220000,1100000
2019-08-20 12:34:44.836000,1.33174,1.33163,1220000,1000000
2019-08-20 12:34:44.937000,1.33177,1.33166,1600000,1000000
2019-08-20 12:34:45.038000,1.33183,1.3317,2100000,1500000
2019-08-20 12:34:45.139000,1.33183,1.3317,1570000,1600000
2019-08-20 12:34:46.886000,1.33183,1.33172,1120000,1000000
2019-08-20 12:34:47.106000,1.33183,1.33171,1120000,1100000
2019-08-20 12:34:47.437000,1.33183,1.33172,1120000,1000000
2019-08-20 12:34:47.694000,1.33183,1.3317,1120000,3850000
2019-08-20 12:34:48.966000,1.33183,1.3317,1100000,2700000
2019-08-20 12:34:49.067000,1.33183,1.3317,1100000,3220000
2019-08-20 12:34:49.215000,1.33183,1.3317,1100000,2700000
2019-08-20 12:34:49.316000,1.33183,1.3317,1100000,3220000
2019-08-20 12:34:50.007000,1.33183,1.3317,1100000,2700000
2019-08-20 12:34:50.109000,1.33183,1.3317,1000000,3100000
2019-08-20 12:34:50.210000,1.33183,1.3317,1100000,2700000
2019-08-20 12:34:50.964000,1.33183,1.33171,1100000,1000000
2019-08-20 12:34:51.170000,1.33181,1.33171,1000000,1000000
2019-08-20 12:34:51.221000,1.3318,1.33169,1000000,1950000
2019-08-20 12:34:51.323000,1.33181,1.33168,2070000,1200000
2019-08-20 12:34:51.576000,1.3318,1.33168,1100000,1200000
2019-08-20 12:35:00.249000,1.33176,1.33164,1500000,2100000
2019-08-20 12:35:00.350000,1.33172,1.33162,1000000,1100000
2019-08-20 12:35:00.501000,1.33171,1.33161,1000000,1120000
2019-08-20 12:35:00.754000,1.33172,1.33161,1120000,1000000
2019-08-20 12:35:01.085000,1.33172,1.33161,1970000,1000000
2019-08-20 12:35:01.186000,1.33172,1.33161,1000000,1000000
2019-08-20 12:35:01.591000,1.33171,1.3316,2000000,1500000
2019-08-20 12:35:01.693000,1.33171,1.3316,1500000,1500000
2019-08-20 12:35:02.846000,1.33173,1.33161,1600000,1000000
2019-08-20 12:35:04.417000,1.33173,1.33161,1120000,1100000
2019-08-20 12:35:05.804000,1.33173,1.33161,1600000,1100000
2019-08-20 12:35:09.785000,1.33173,1.33161,1720000,1000000
2019-08-20 12:35:14.110000,1.33173,1.3316,3600000,1000000
2019-08-20 12:35:14.259000,1.33171,1.33159,1120000,1570000
2019-08-20 12:35:14.361000,1.33173,1.3316,2070000,1100000
2019-08-20 12:35:14.462000,1.33173,1.33161,1200000,2720000
2019-08-20 12:35:15.434000,1.33173,1.33161,1100000,1100000
2019-08-20 12:35:15.586000,1.33174,1.33161,2000000,1220000
2019-08-20 12:35:16.371000,1.33174,1.33165,1500000,1000000
2019-08-20 12:35:16.475000,1.33174,1.33169,1000000,1000000
2019-08-20 12:35:16.576000,1.33174,1.33168,1000000,1100000
2019-08-20 12:35:16.678000,1.33174,1.33164,1000000,1100000
2019-08-20 12:35:16.779000,1.33175,1.33163,1000000,1100000
2019-08-20 12:35:16.981000,1.33175,1.33163,1600000,1100000
2019-08-20 12:35:17.973000,1.33175,1.33163,1120000,1100000
2019-08-20 12:35:20.367000,1.33176,1.33165,1100000,1000000
2019-08-20 12:35:20.469000,1.33181,1.33169,2100000,1500000
2019-08-20 12:35:20.519000,1.33181,1.33169,1570000,1500000
2019-08-20 12:35:20.570000,1.33181,1.33171,1570000,1000000
2019-08-20 12:35:21.286000,1.33181,1.33171,2070000,1000000
2019-08-20 12:35:21.785000,1.33181,1.33171,1500000,1000000
2019-08-20 12:35:22.103000,1.33183,1.33171,1720000,1100000
2019-08-20 12:35:23.306000,1.33183,1.33171,1600000,1220000
2019-08-20 12:35:25.264000,1.33185,1.33173,1200000,1000000
2019-08-20 12:35:25.415000,1.33184,1.33172,2250000,1220000
2019-08-20 12:35:25.466000,1.33182,1.33172,1000000,1000000
2019-08-20 12:35:29.963000,1.33182,1.33171,1100000,1100000
2019-08-20 12:35:33.823000,1.33181,1.3317,1000000,1220000
2019-08-20 12:35:39.673000,1.33181,1.3317,1000000,1000000
2019-08-20 12:35:40.630000,1.3318,1.33168,1200000,1970000
2019-08-20 12:35:40.732000,1.33179,1.33167,1120000,2100000
2019-08-20 12:35:40.833000,1.33179,1.33167,1600000,1100000
2019-08-20 12:35:42.300000,1.33177,1.33165,1870000,1600000
2019-08-20 12:35:42.351000,1.33175,1.33164,1870000,1600000
2019-08-20 12:35:42.402000,1.33174,1.33162,2070000,1000000
2019-08-20 12:35:42.452000,1.3317,1.33159,1000000,3600000
2019-08-20 12:35:42.503000,1.3317,1.33159,1000000,1100000
2019-08-20 12:35:48.032000,1.33173,1.33162,1950000,1000000
2019-08-20 12:35:48.390000,1.33171,1.33161,1000000,1000000
2019-08-20 12:35:48.540000,1.33169,1.33159,1120000,1000000
2019-08-20 12:35:48.641000,1.33168,1.33156,1870000,2100000
2019-08-20 12:35:48.742000,1.33166,1.33155,1000000,1220000
2019-08-20 12:35:48.843000,1.33165,1.33154,1100000,1570000
2019-08-20 12:35:48.944000,1.33165,1.33154,1000000,1970000
2019-08-20 12:35:49.489000,1.33165,1.33154,1000000,1500000
2019-08-20 12:36:02.799000,1.33165,1.33154,1500000,1970000
2019-08-20 12:36:03.968000,1.33165,1.33154,1500000,1500000
2019-08-20 12:36:08.996000,1.33165,1.33155,1500000,1000000
2019-08-20 12:36:13.536000,1.33169,1.3316,1100000,1000000
2019-08-20 12:36:13.637000,1.33174,1.33162,1200000,1000000
2019-08-20 12:36:13.738000,1.33174,1.33162,1100000,1970000
2019-08-20 12:36:16.962000,1.33175,1.33163,1870000,1100000
2019-08-20 12:36:17.140000,1.33175,1.33163,1950000,1220000
2019-08-20 12:36:18.192000,1.33177,1.33167,1950000,1000000
2019-08-20 12:36:18.343000,1.33179,1.33168,1000000,1100000
2019-08-20 12:36:18.444000,1.33179,1.33168,1500000,1000000
2019-08-20 12:36:18.546000,1.33178,1.33166,1000000,1220000
2019-08-20 12:36:18.647000,1.33178,1.33167,1000000,1600000
2019-08-20 12:36:18.999000,1.33178,1.33166,1000000,1220000
2019-08-20 12:36:24.123000,1.33178,1.33167,1120000,1600000
2019-08-20 12:36:25.414000,1.33179,1.33166,2000000,1220000
2019-08-20 12:36:26.286000,1.33179,1.33166,2750000,1200000
2019-08-20 12:36:26.565000,1.33179,1.33166,2000000,1220000
2019-08-20 12:36:26.684000,1.33179,1.33166,2750000,1200000
2019-08-20 12:36:29.066000,1.33179,1.33166,2750000,2100000
2019-08-20 12:36:29.118000,1.33179,1.33167,1000000,1220000
2019-08-20 12:36:29.169000,1.33181,1.33169,1120000,1000000
2019-08-20 12:36:29.220000,1.33182,1.33169,3500000,1500000
2019-08-20 12:36:29.321000,1.3318,1.33168,1120000,1220000
2019-08-20 12:36:29.372000,1.3318,1.33167,2000000,1200000
2019-08-20 12:36:29.708000,1.3318,1.33167,2750000,2100000
2019-08-20 12:36:29.813000,1.3318,1.33168,1870000,2100000
2019-08-20 12:36:29.914000,1.3318,1.33169,2000000,1200000
2019-08-20 12:36:30.015000,1.3318,1.33169,1000000,1220000
2019-08-20 12:36:30.117000,1.33181,1.3317,1120000,1000000
2019-08-20 12:36:30.168000,1.33179,1.33166,1870000,1970000
2019-08-20 12:36:30.220000,1.33177,1.33165,1120000,1600000
2019-08-20 12:36:30.271000,1.33176,1.33164,1500000,1000000
2019-08-20 12:36:30.372000,1.33174,1.33162,1000000,1950000
2019-08-20 12:36:30.474000,1.33174,1.33162,1000000,1970000
2019-08-20 12:36:30.690000,1.33175,1.33163,1870000,2100000
2019-08-20 12:36:30.943000,1.33172,1.33162,1500000,1200000
2019-08-20 12:36:31.094000,1.33172,1.33161,1500000,1950000
2019-08-20 12:36:32.505000,1.33172,1.33161,1500000,1970000
2019-08-20 12:36:32.606000,1.33172,1.33161,2000000,1500000
2019-08-20 12:36:35.361000,1.33172,1.33161,2000000,1220000
2019-08-20 12:36:35.462000,1.33173,1.33161,1500000,2100000
2019-08-20 12:36:35.563000,1.33173,1.33162,1500000,1600000
2019-08-20 12:36:35.665000,1.33174,1.33162,1000000,1220000
2019-08-20 12:36:35.767000,1.33174,1.33163,1000000,1600000
2019-08-20 12:36:36.995000,1.33174,1.33162,1000000,1200000
2019-08-20 12:36:37.046000,1.33172,1.33162,1000000,1200000
2019-08-20 12:36:39.393000,1.33173,1.33162,1000000,1000000
2019-08-20 12:36:39.596000,1.33173,1.33162,1000000,1220000
2019-08-20 12:36:41.984000,1.33173,1.33162,1000000,1570000
2019-08-20 12:36:42.486000,1.33173,1.33163,1000000,1200000
2019-08-20 12:36:42.537000,1.33175,1.33164,1000000,1000000
2019-08-20 12:36:44.179000,1.33177,1.33166,1000000,1000000
2019-08-20 12:36:44.281000,1.33178,1.33166,2620000,1100000
2019-08-20 12:36:44.383000,1.33178,1.33166,1870000,2100000
2019-08-20 12:36:44.534000,1.33178,1.33166,1870000,1100000
2019-08-20 12:36:45.950000,1.33177,1.33165,1000000,1950000
2019-08-20 12:36:46.119000,1.33177,1.33165,1000000,1970000
2019-08-20 12:36:47.445000,1.33176,1.33163,1000000,2850000
2019-08-20 12:36:47.546000,1.33173,1.33163,1000000,1600000
2019-08-20 12:36:47.647000,1.33173,1.33161,1000000,1200000
2019-08-20 12:36:49.233000,1.33172,1.33161,1000000,1200000
2019-08-20 12:36:49.956000,1.33171,1.3316,1000000,2850000
2019-08-20 12:36:50.243000,1.33171,1.3316,1000000,1950000
2019-08-20 12:36:57.834000,1.33171,1.33163,1000000,1000000
2019-08-20 12:36:57.935000,1.33172,1.33163,1100000,1000000
2019-08-20 12:36:58.585000,1.33174,1.33164,1100000,1000000
2019-08-20 12:37:01.406000,1.33174,1.33163,1950000,1000000
2019-08-20 12:37:01.456000,1.33174,1.33163,2470000,1000000
2019-08-20 12:37:01.558000,1.33173,1.3316,1200000,2850000
2019-08-20 12:37:01.659000,1.33173,1.3316,1600000,1970000
2019-08-20 12:37:04.826000,1.33173,1.3316,1200000,2850000
2019-08-20 12:37:06.046000,1.33173,1.3316,1600000,1970000
2019-08-20 12:37:06.147000,1.33173,1.3316,1100000,2850000
2019-08-20 12:37:06.879000,1.33173,1.3316,1220000,1970000
2019-08-20 12:37:07.858000,1.33173,1.3316,1000000,1970000
2019-08-20 12:37:10.114000,1.33173,1.33163,1000000,1000000
2019-08-20 12:37:10.317000,1.33177,1.33165,3100000,1000000
2019-08-20 12:37:10.806000,1.33176,1.33164,1100000,1500000
2019-08-20 12:37:10.958000,1.33174,1.33164,1000000,1500000
2019-08-20 12:37:11.060000,1.33174,1.33162,1100000,1970000
2019-08-20 12:37:11.814000,1.33173,1.33161,1000000,1100000
2019-08-20 12:37:12.426000,1.33173,1.33161,1100000,1220000
2019-08-20 12:37:12.772000,1.33173,1.33161,1100000,1000000
2019-08-20 12:37:12.933000,1.33173,1.33161,1100000,1220000
2019-08-20 12:37:13.747000,1.33174,1.33162,1100000,1220000
2019-08-20 12:37:13.848000,1.33174,1.33163,1000000,1970000
2019-08-20 12:37:13.949000,1.33174,1.33163,1000000,2250000
2019-08-20 12:37:14.630000,1.33176,1.33164,1200000,1000000
2019-08-20 12:37:15.142000,1.33176,1.33166,1000000,1000000
2019-08-20 12:37:17.835000,1.33174,1.33164,1000000,1100000
2019-08-20 12:37:19.076000,1.33174,1.33163,1000000,1000000
2019-08-20 12:37:19.158000,1.33173,1.33161,1500000,1100000
2019-08-20 12:37:19.361000,1.33172,1.33161,1000000,1000000
2019-08-20 12:37:19.462000,1.33172,1.33161,2350000,1000000
2019-08-20 12:37:26.965000,1.33172,1.33159,2350000,1970000
2019-08-20 12:37:29.082000,1.33173,1.3316,1100000,1570000
2019-08-20 12:37:29.133000,1.33174,1.33162,2720000,1100000
2019-08-20 12:37:29.234000,1.33174,1.33162,2250000,1100000
2019-08-20 12:37:31.116000,1.33169,1.3316,1000000,1220000
2019-08-20 12:37:31.217000,1.33169,1.33159,1000000,1000000
2019-08-20 12:37:31.318000,1.33168,1.33158,1000000,1100000
2019-08-20 12:37:37.107000,1.33168,1.33156,1000000,1220000
2019-08-20 12:37:37.209000,1.33168,1.33156,1220000,1000000
2019-08-20 12:37:37.361000,1.33167,1.33155,1100000,1000000
2019-08-20 12:37:38.965000,1.33167,1.33155,1100000,1220000
2019-08-20 12:37:39.073000,1.33166,1.33155,1000000,1000000
2019-08-20 12:37:41.489000,1.33166,1.33155,1970000,1500000
2019-08-20 12:37:42.375000,1.33166,1.33155,1570000,1570000
2019-08-20 12:37:42.477000,1.33164,1.33155,1000000,1570000
2019-08-20 12:37:43.908000,1.33164,1.33157,1000000,1000000
2019-08-20 12:37:45.882000,1.33167,1.33159,1120000,1000000
2019-08-20 12:37:45.933000,1.33168,1.33163,1100000,1000000
2019-08-20 12:37:45.983000,1.33171,1.33163,1000000,1000000
2019-08-20 12:37:46.035000,1.33173,1.33165,1220000,1000000
2019-08-20 12:37:46.136000,1.33173,1.33165,1000000,1000000
2019-08-20 12:37:48.152000,1.33173,1.33163,1000000,1100000
2019-08-20 12:37:48.202000,1.33176,1.33166,1100000,1870000
2019-08-20 12:37:48.304000,1.33178,1.33166,3100000,2620000
2019-08-20 12:37:49.036000,1.33176,1.33166,1000000,1500000
2019-08-20 12:37:49.138000,1.33173,1.33163,1000000,2320000
2019-08-20 12:37:52.761000,1.33172,1.33163,1000000,1000000
2019-08-20 12:37:52.862000,1.3317,1.3316,1000000,1000000
2019-08-20 12:37:53.091000,1.3317,1.3316,1000000,1970000
2019-08-20 12:37:53.142000,1.33172,1.3316,1100000,1970000
2019-08-20 12:37:53.906000,1.33172,1.33162,1500000,1000000
2019-08-20 12:37:55.388000,1.33171,1.33161,1000000,1500000
2019-08-20 12:38:01.362000,1.33171,1.33161,1120000,1970000
2019-08-20 12:38:02.830000,1.33171,1.33161,1120000,1500000
2019-08-20 12:38:25.542000,1.33171,1.33162,1000000,1000000
2019-08-20 12:38:25.649000,1.33173,1.33163,1500000,1000000
2019-08-20 12:38:28.965000,1.33172,1.33162,1000000,1220000
2019-08-20 12:38:33.692000,1.33174,1.33164,1000000,1000000
2019-08-20 12:38:33.945000,1.33177,1.33167,1970000,1000000
2019-08-20 12:38:33.996000,1.3318,1.3317,1100000,1120000
2019-08-20 12:38:37.034000,1.33179,1.33169,1000000,1100000
2019-08-20 12:38:37.236000,1.33179,1.33167,1570000,1220000
2019-08-20 12:38:37.714000,1.33179,1.33168,1500000,1600000
2019-08-20 12:38:37.823000,1.33179,1.33168,1500000,1000000
2019-08-20 12:38:38.639000,1.33179,1.33168,1970000,1000000
2019-08-20 12:38:38.741000,1.33179,1.33168,1500000,1000000
2019-08-20 12:38:46.425000,1.33174,1.33165,1000000,1600000
2019-08-20 12:38:46.526000,1.33176,1.33166,1000000,1500000
2019-08-20 12:38:48.396000,1.33174,1.33164,1000000,2020000
2019-08-20 12:38:50.420000,1.33174,1.33164,1000000,2070000
2019-08-20 12:38:50.521000,1.33177,1.33168,1100000,1000000
2019-08-20 12:38:50.622000,1.33181,1.33169,1570000,1000000
2019-08-20 12:38:50.724000,1.33181,1.3317,1500000,1000000
2019-08-20 12:38:52.913000,1.33179,1.33168,1500000,1970000
2019-08-20 12:38:53.015000,1.33178,1.33168,1000000,1100000
2019-08-20 12:38:54.690000,1.33178,1.33167,1000000,1500000
2019-08-20 12:38:58.854000,1.33177,1.33166,1500000,1000000
2019-08-20 12:38:58.956000,1.33177,1.33166,1970000,1000000
2019-08-20 12:38:59.295000,1.33177,1.33165,1970000,1570000
2019-08-20 12:39:00.069000,1.33175,1.33165,1000000,1100000
2019-08-20 12:39:00.674000,1.33173,1.33163,1500000,1200000
2019-08-20 12:39:09.449000,1.33173,1.33162,1000000,1000000
2019-08-20 12:39:09.550000,1.33172,1.3316,1000000,1570000
2019-08-20 12:39:09.651000,1.33169,1.33158,1000000,1970000
2019-08-20 12:39:09.753000,1.33169,1.33158,1000000,1570000
2019-08-20 12:39:09.854000,1.3317,1.33158,1000000,2320000
2019-08-20 12:39:13.741000,1.3317,1.33159,1000000,1000000
2019-08-20 12:39:13.849000,1.3317,1.33159,1000000,1600000
2019-08-20 12:39:16.002000,1.33171,1.33159,1100000,2350000
2019-08-20 12:39:16.989000,1.33171,1.33161,1100000,1000000
2019-08-20 12:39:17.466000,1.33172,1.33162,1570000,1000000
2019-08-20 12:39:17.567000,1.33169,1.33159,1000000,3600000
2019-08-20 12:39:17.654000,1.33169,1.33159,1000000,2250000
2019-08-20 12:39:22.151000,1.33171,1.33159,1100000,1500000
2019-08-20 12:39:32.485000,1.3317,1.33158,1600000,2320000
2019-08-20 12:39:33.114000,1.3317,1.33159,1100000,1100000
2019-08-20 12:39:39.217000,1.3317,1.3316,1000000,1000000
2019-08-20 12:39:39.465000,1.33171,1.3316,1200000,1000000
2019-08-20 12:39:40.156000,1.33171,1.3316,1000000,1220000
2019-08-20 12:39:40.881000,1.33171,1.3316,1000000,1000000
2019-08-20 12:39:43.047000,1.33171,1.3316,1000000,1220000
2019-08-20 12:39:47.008000,1.33172,1.33161,1100000,1100000
2019-08-20 12:39:47.138000,1.33171,1.33159,2000000,1100000
2019-08-20 12:39:47.239000,1.33168,1.33158,1000000,1970000
2019-08-20 12:39:52.362000,1.3317,1.33158,2000000,1970000
2019-08-20 12:39:52.463000,1.33171,1.33161,1500000,1100000
2019-08-20 12:39:52.564000,1.33171,1.33161,1500000,1220000
2019-08-20 12:39:55.303000,1.3317,1.3316,1120000,1220000
2019-08-20 12:39:55.405000,1.3317,1.33159,1120000,1100000
2019-08-20 12:39:55.507000,1.3317,1.33159,1120000,2100000
2019-08-20 12:39:55.609000,1.3317,1.33159,1120000,1220000
2019-08-20 12:39:56.954000,1.33168,1.33157,1000000,1600000
2019-08-20 12:39:57.055000,1.33167,1.33155,2000000,3600000
2019-08-20 12:39:57.156000,1.33167,1.33156,1500000,1600000
2019-08-20 12:39:57.563000,1.33167,1.33155,1870000,2720000
2019-08-20 12:40:05.712000,1.33165,1.33155,1000000,1100000
2019-08-20 12:40:07.946000,1.33166,1.33154,1000000,1570000
2019-08-20 12:40:08.048000,1.33166,1.33154,1000000,1970000
2019-08-20 12:40:13.229000,1.33166,1.33154,1000000,2850000
2019-08-20 12:40:13.726000,1.33166,1.33154,1000000,1970000
2019-08-20 12:40:14.467000,1.33166,1.33155,1000000,1600000
2019-08-20 12:40:14.889000,1.33167,1.33156,1000000,1220000
2019-08-20 12:40:14.990000,1.33171,1.33163,1000000,1000000
2019-08-20 12:40:15.041000,1.33176,1.33165,1970000,1000000
2019-08-20 12:40:15.142000,1.33176,1.33166,1000000,1000000
2019-08-20 12:40:15.243000,1.33175,1.33164,1000000,2100000
2019-08-20 12:40:15.344000,1.33175,1.33164,1000000,1220000
2019-08-20 12:40:15.445000,1.33173,1.33164,1000000,1100000
2019-08-20 12:40:16.902000,1.33173,1.33161,1000000,3600000
2019-08-20 12:40:17.003000,1.33174,1.33162,1000000,1220000
2019-08-20 12:40:19.826000,1.33174,1.33164,1000000,1000000
2019-08-20 12:40:34.529000,1.33174,1.33165,1000000,1100000
2019-08-20 12:40:34.671000,1.33178,1.33172,1000000,1000000
2019-08-20 12:40:34.722000,1.33185,1.33173,1570000,1220000
2019-08-20 12:40:34.823000,1.33185,1.33175,1000000,1000000
2019-08-20 12:40:35.025000,1.33184,1.33175,1000000,1000000
2019-08-20 12:40:35.584000,1.33183,1.33172,1000000,1600000
2019-08-20 12:40:35.736000,1.33183,1.33171,1000000,2720000
2019-08-20 12:40:35.884000,1.33183,1.33171,1000000,2850000
2019-08-20 12:40:35.993000,1.33183,1.33171,1000000,1970000
2019-08-20 12:40:36.530000,1.33183,1.33173,1000000,1000000
2019-08-20 12:40:36.631000,1.33185,1.33176,1000000,1870000
2019-08-20 12:40:36.681000,1.33188,1.33177,1500000,1220000
2019-08-20 12:40:36.783000,1.33186,1.33176,1000000,2470000
2019-08-20 12:40:36.886000,1.33185,1.33174,1000000,1220000
2019-08-20 12:40:36.987000,1.33183,1.33174,1000000,1000000
2019-08-20 12:40:37.239000,1.33183,1.33173,1000000,1100000
2019-08-20 12:40:40.795000,1.33185,1.33174,1000000,1000000
2019-08-20 12:40:40.896000,1.33189,1.33178,1500000,1220000
2019-08-20 12:40:41.026000,1.33191,1.3318,1000000,1000000
2019-08-20 12:40:41.076000,1.33191,1.3318,1000000,2100000
2019-08-20 12:40:41.177000,1.33191,1.3318,1000000,1100000
2019-08-20 12:40:41.278000,1.33191,1.3318,1000000,1220000
2019-08-20 12:40:41.688000,1.33191,1.33179,1000000,1570000
2019-08-20 12:40:41.964000,1.3319,1.33179,1000000,1100000
2019-08-20 12:40:42.965000,1.3319,1.33179,1000000,2850000
2019-08-20 12:40:43.066000,1.3319,1.33179,1000000,1220000
2019-08-20 12:40:48.012000,1.33192,1.33183,1000000,1000000
2019-08-20 12:40:48.114000,1.33193,1.33184,1000000,2850000
2019-08-20 12:40:48.316000,1.33197,1.33189,1000000,1000000
2019-08-20 12:40:48.417000,1.332,1.3319,1870000,1000000
2019-08-20 12:40:48.518000,1.33199,1.33189,1000000,1100000
2019-08-20 12:40:48.872000,1.33199,1.3319,1500000,1000000
2019-08-20 12:40:48.973000,1.33199,1.33189,1000000,1000000
2019-08-20 12:40:49.918000,1.332,1.33189,1500000,1000000
2019-08-20 12:40:50.019000,1.33199,1.33189,1000000,1100000
2019-08-20 12:40:50.121000,1.332,1.33189,1500000,1000000
2019-08-20 12:40:50.222000,1.33201,1.33192,1500000,1000000
2019-08-20 12:40:50.374000,1.332,1.33192,1000000,1100000
2019-08-20 12:40:50.475000,1.33201,1.33192,1000000,1100000
2019-08-20 12:40:50.576000,1.332,1.33191,1000000,1100000
2019-08-20 12:40:50.813000,1.33201,1.33191,1500000,1100000
2019-08-20 12:40:51.065000,1.332,1.33191,1000000,1100000
2019-08-20 12:40:51.166000,1.33201,1.33191,1500000,1100000
2019-08-20 12:40:51.419000,1.332,1.33191,1000000,1100000
2019-08-20 12:40:51.521000,1.33201,1.33191,1500000,1100000
2019-08-20 12:40:53.012000,1.332,1.33191,1500000,1100000
2019-08-20 12:40:53.952000,1.33199,1.3319,1000000,1220000
2019-08-20 12:40:54.053000,1.33198,1.3319,1000000,1000000
2019-08-20 12:40:54.638000,1.33198,1.3319,1000000,1220000
2019-08-20 12:40:54.789000,1.332,1.3319,1000000,1220000
2019-08-20 12:40:54.997000,1.332,1.3319,1000000,1000000
2019-08-20 12:40:56.796000,1.332,1.3319,1000000,1220000
2019-08-20 12:40:57.080000,1.332,1.3319,1000000,1100000
2019-08-20 12:40:57.533000,1.332,1.3319,1000000,1220000
2019-08-20 12:40:57.635000,1.332,1.3319,1000000,1000000
2019-08-20 12:40:57.736000,1.332,1.33191,1000000,1000000
2019-08-20 12:41:00.452000,1.33201,1.33191,1100000,1000000
2019-08-20 12:41:01.875000,1.33202,1.33191,1200000,1100000
2019-08-20 12:41:01.976000,1.33203,1.33192,1500000,1500000
2019-08-20 12:41:02.721000,1.33202,1.33191,1000000,1970000
2019-08-20 12:41:02.822000,1.33202,1.33191,1000000,1500000
2019-08-20 12:41:08.754000,1.33203,1.33195,1500000,1000000
2019-08-20 12:41:08.855000,1.33208,1.33198,1600000,1000000
2019-08-20 12:41:08.999000,1.33208,1.33198,1950000,1000000
2019-08-20 12:41:10.966000,1.33207,1.33196,1000000,1500000
2019-08-20 12:41:11.886000,1.33202,1.33194,1000000,1100000
2019-08-20 12:41:12.017000,1.33201,1.33193,1000000,1500000
2019-08-20 12:41:12.889000,1.33201,1.33191,1000000,1100000
2019-08-20 12:41:13.040000,1.332,1.33189,1000000,1970000
2019-08-20 12:41:15.723000,1.332,1.33189,1120000,1500000
2019-08-20 12:41:16.009000,1.332,1.33189,1000000,1970000
2019-08-20 12:41:17.365000,1.332,1.33189,1100000,1100000
2019-08-20 12:41:18.836000,1.33201,1.3319,1600000,1000000
2019-08-20 12:41:27.639000,1.33201,1.3319,1000000,1500000
2019-08-20 12:41:28.465000,1.33202,1.3319,1950000,1500000
2019-08-20 12:41:30.095000,1.33202,1.3319,2350000,1570000
2019-08-20 12:41:32.852000,1.33202,1.3319,3970000,1500000
2019-08-20 12:41:34.949000,1.332,1.33189,1200000,1570000
2019-08-20 12:41:35.100000,1.332,1.33191,1000000,1000000
2019-08-20 12:41:35.831000,1.332,1.3319,1000000,1000000
2019-08-20 12:41:36.467000,1.33201,1.3319,1000000,1500000
2019-08-20 12:41:36.863000,1.33201,1.3319,1000000,1970000
2019-08-20 12:41:37.025000,1.33201,1.3319,1100000,1570000
2019-08-20 12:41:39.299000,1.33201,1.3319,1000000,1970000
2019-08-20 12:41:42.183000,1.33201,1.3319,1000000,1500000
2019-08-20 12:41:42.285000,1.33202,1.33192,1000000,1600000
2019-08-20 12:41:42.386000,1.33203,1.33192,1000000,1000000
2019-08-20 12:41:42.488000,1.33203,1.33192,1000000,1220000
2019-08-20 12:41:42.966000,1.33203,1.33192,1000000,1000000
2019-08-20 12:41:44.012000,1.33201,1.33192,1000000,1000000
2019-08-20 12:41:44.265000,1.33204,1.33193,1100000,1000000
2019-08-20 12:41:45.481000,1.33207,1.33196,1720000,1000000
2019-08-20 12:41:45.582000,1.33207,1.33196,1220000,1000000
2019-08-20 12:41:47.090000,1.33207,1.33196,1600000,1000000
2019-08-20 12:41:47.202000,1.33207,1.33196,1100000,1000000
2019-08-20 12:41:47.253000,1.33207,1.33198,1100000,1000000
2019-08-20 12:41:48.097000,1.3321,1.33198,2100000,1500000
2019-08-20 12:41:48.198000,1.33212,1.33201,1570000,1000000
2019-08-20 12:41:48.300000,1.33211,1.332,1700000,1000000
2019-08-20 12:41:49.877000,1.33211,1.33201,1000000,1000000
2019-08-20 12:41:49.978000,1.33212,1.33201,1950000,1500000
2019-08-20 12:41:50.079000,1.3321,1.33201,1000000,1000000
2019-08-20 12:41:51.984000,1.33212,1.33202,2700000,1000000
2019-08-20 12:41:52.085000,1.33214,1.33203,1220000,1000000
2019-08-20 12:41:52.186000,1.33214,1.33203,1100000,1100000
2019-08-20 12:41:52.338000,1.33214,1.33202,1220000,1100000
2019-08-20 12:41:52.601000,1.33212,1.33201,1000000,2720000
2019-08-20 12:41:52.652000,1.33211,1.332,1870000,1570000
2019-08-20 12:41:52.754000,1.3321,1.332,1000000,1000000
2019-08-20 12:41:53.516000,1.3321,1.33201,1000000,1000000
2019-08-20 12:41:53.617000,1.33213,1.33202,1570000,1570000
2019-08-20 12:41:55.265000,1.33211,1.33202,1000000,1000000
2019-08-20 12:41:55.367000,1.33211,1.332,1000000,1600000
2019-08-20 12:41:55.468000,1.33211,1.33204,1000000,1000000
2019-08-20 12:41:55.569000,1.33211,1.33201,1500000,1600000
2019-08-20 12:41:55.670000,1.3321,1.33198,1000000,3970000
2019-08-20 12:41:55.771000,1.33209,1.33198,1000000,1600000
2019-08-20 12:41:56.218000,1.3321,1.33198,1570000,1600000
2019-08-20 12:41:56.421000,1.33209,1.33199,1000000,1100000
2019-08-20 12:41:56.696000,1.33209,1.33199,1000000,1220000
2019-08-20 12:41:57.499000,1.33209,1.33199,1000000,1100000
2019-08-20 12:41:58.563000,1.33209,1.33199,1000000,1220000
2019-08-20 12:41:59.887000,1.33211,1.33201,1000000,1000000
2019-08-20 12:41:59.988000,1.33212,1.332,1000000,2470000
2019-08-20 12:42:01.892000,1.33212,1.33203,1000000,1000000
2019-08-20 12:42:01.993000,1.33216,1.33204,1000000,5100000
2019-08-20 12:42:02.095000,1.33215,1.33205,1500000,1000000
2019-08-20 12:42:02.232000,1.33215,1.33204,1500000,1100000
2019-08-20 12:42:02.359000,1.33215,1.33205,1500000,1000000
2019-08-20 12:42:02.460000,1.33215,1.33204,1500000,1100000
2019-08-20 12:42:02.853000,1.33215,1.33204,1500000,1220000
2019-08-20 12:42:03.159000,1.33216,1.33204,1500000,2350000
2019-08-20 12:42:06.155000,1.33215,1.33205,1500000,1000000
2019-08-20 12:42:06.262000,1.33215,1.33204,1500000,1100000
2019-08-20 12:42:06.459000,1.33215,1.33204,1500000,1220000
2019-08-20 12:42:06.568000,1.33215,1.33205,1000000,1720000
2019-08-20 12:42:06.672000,1.33216,1.33207,1000000,1100000
2019-08-20 12:42:06.774000,1.33214,1.33203,1000000,1100000
2019-08-20 12:42:06.875000,1.33215,1.33207,1220000,1000000
2019-08-20 12:42:06.976000,1.33216,1.33207,1000000,1000000
2019-08-20 12:42:07.279000,1.33218,1.33207,1000000,1000000
2019-08-20 12:42:08.472000,1.33219,1.33207,1950000,1000000
2019-08-20 12:42:09.041000,1.33219,1.33208,1120000,1000000
2019-08-20 12:42:09.142000,1.33218,1.33208,1870000,1000000
2019-08-20 12:42:10.255000,1.33218,1.33208,3870000,1000000
2019-08-20 12:42:10.639000,1.33215,1.33208,1000000,1000000
2019-08-20 12:42:11.786000,1.33217,1.33208,1000000,1000000
2019-08-20 12:42:11.922000,1.33215,1.33208,1000000,1000000
2019-08-20 12:42:13.037000,1.33216,1.33208,1000000,1000000
2019-08-20 12:42:16.965000,1.33216,1.33208,1000000,1000000
2019-08-20 12:42:18.092000,1.33216,1.33208,1000000,1000000
2019-08-20 12:42:19.737000,1.33218,1.33208,2250000,1000000
2019-08-20 12:42:19.938000,1.33218,1.33208,1000000,1220000
2019-08-20 12:42:20.039000,1.3322,1.33206,1200000,3100000
2019-08-20 12:42:20.140000,1.3322,1.33206,1120000,3970000
2019-08-20 12:42:20.241000,1.33221,1.33207,1570000,1100000
2019-08-20 12:42:20.573000,1.3322,1.33207,1000000,3850000
2019-08-20 12:42:20.674000,1.33221,1.33207,1570000,1100000
2019-08-20 12:42:20.824000,1.3322,1.33207,1000000,4600000
2019-08-20 12:42:22.367000,1.33219,1.33207,1000000,2350000
2019-08-20 12:42:30.608000,1.3322,1.33207,1000000,1720000
2019-08-20 12:42:34.805000,1.3322,1.33209,1120000,1000000
2019-08-20 12:42:35.172000,1.3322,1.33207,1120000,3220000
2019-08-20 12:42:35.323000,1.3322,1.33208,1000000,1720000
2019-08-20 12:42:35.459000,1.3322,1.33208,1100000,1100000
2019-08-20 12:42:40.049000,1.3322,1.33207,1000000,2720000
2019-08-20 12:42:40.150000,1.33221,1.3321,1100000,1000000
2019-08-20 12:42:42.528000,1.33223,1.33209,2350000,1100000
2019-08-20 12:42:42.629000,1.33221,1.33209,1000000,1970000
2019-08-20 12:42:42.730000,1.33221,1.33209,1000000,1570000
2019-08-20 12:42:42.882000,1.33221,1.33209,1600000,1570000
2019-08-20 12:42:44.188000,1.33219,1.33209,1000000,1100000
2019-08-20 12:42:46.504000,1.3322,1.33209,1000000,1570000
2019-08-20 12:42:47.175000,1.33219,1.33209,2250000,1100000
2019-08-20 12:42:47.227000,1.33218,1.33207,1000000,1100000
2019-08-20 12:42:47.328000,1.33217,1.33207,1000000,1100000
2019-08-20 12:42:47.716000,1.3322,1.33208,2720000,1100000
2019-08-20 12:42:47.817000,1.3322,1.33209,2720000,1000000
2019-08-20 12:42:47.918000,1.3322,1.33208,2720000,1100000
2019-08-20 12:42:48.170000,1.33219,1.33208,1100000,1000000
2019-08-20 12:42:48.271000,1.33219,1.33208,1100000,1100000
2019-08-20 12:42:48.373000,1.3322,1.33208,1000000,1100000
2019-08-20 12:42:48.688000,1.3322,1.33209,1000000,1200000
2019-08-20 12:42:49.198000,1.3322,1.33209,1970000,1000000
2019-08-20 12:42:49.299000,1.3322,1.33209,1950000,1000000
2019-08-20 12:42:49.401000,1.33219,1.33209,1000000,1000000
2019-08-20 12:42:50.647000,1.3322,1.33209,1570000,1000000
2019-08-20 12:42:51.007000,1.33221,1.33209,1200000,1500000
2019-08-20 12:42:52.637000,1.3322,1.33208,1100000,1000000
2019-08-20 12:42:54.469000,1.33221,1.33208,1950000,1570000
2019-08-20 12:42:56.138000,1.33221,1.33208,4350000,1570000
2019-08-20 12:42:56.240000,1.33218,1.33208,1870000,1100000
2019-08-20 12:42:56.341000,1.33217,1.33208,1000000,1000000
2019-08-20 12:42:56.442000,1.33218,1.33208,1120000,1500000
2019-08-20 12:42:56.695000,1.33217,1.33208,1000000,1000000
2019-08-20 12:42:56.938000,1.33219,1.33208,2700000,1000000
2019-08-20 12:42:57.039000,1.33218,1.33206,1200000,1000000
2019-08-20 12:42:57.913000,1.33219,1.33207,1570000,1000000
2019-08-20 12:43:02.053000,1.3322,1.33207,1200000,1570000
2019-08-20 12:43:02.186000,1.3322,1.33207,2350000,1500000
2019-08-20 12:43:02.606000,1.33218,1.33207,1200000,1000000
2019-08-20 12:43:02.707000,1.33219,1.33208,1000000,1500000
2019-08-20 12:43:02.809000,1.33219,1.33208,1000000,1970000
2019-08-20 12:43:08.888000,1.33221,1.33208,1970000,1970000
2019-08-20 12:43:09.966000,1.33219,1.33209,1000000,1100000
2019-08-20 12:43:13.557000,1.33219,1.3321,1000000,1000000
2019-08-20 12:43:18.011000,1.33221,1.3321,1970000,1000000
2019-08-20 12:43:19.955000,1.33221,1.3321,1120000,1000000
2019-08-20 12:43:25.497000,1.3322,1.3321,1000000,1000000
2019-08-20 12:43:48.756000,1.33218,1.33207,1500000,1570000
2019-08-20 12:43:48.908000,1.33217,1.33207,1000000,1100000
2019-08-20 12:43:51.139000,1.33218,1.33207,1000000,1000000
2019-08-20 12:43:51.582000,1.33217,1.33206,1000000,1000000
2019-08-20 12:43:54.315000,1.33218,1.33208,1970000,1000000
2019-08-20 12:43:54.417000,1.33218,1.33208,1000000,1500000
2019-08-20 12:43:56.966000,1.33219,1.33208,1500000,1500000
2019-08-20 12:44:04.479000,1.3322,1.33208,1500000,2320000
2019-08-20 12:44:04.580000,1.3322,1.33208,1970000,1570000
2019-08-20 12:44:16.015000,1.3322,1.33208,1870000,1570000
2019-08-20 12:44:16.871000,1.3322,1.3321,1000000,1000000
2019-08-20 12:44:16.972000,1.33225,1.33216,1500000,1000000
2019-08-20 12:44:17.102000,1.33226,1.33216,1000000,1000000
2019-08-20 12:44:19.965000,1.33227,1.33216,1000000,1000000
2019-08-20 12:44:20.959000,1.33227,1.33216,1720000,1000000
2019-08-20 12:44:21.060000,1.33227,1.33216,1220000,1000000
2019-08-20 12:44:22.667000,1.33227,1.33216,1000000,1000000
2019-08-20 12:44:30.046000,1.33227,1.33216,1000000,1220000
2019-08-20 12:44:31.100000,1.33228,1.33217,1500000,1000000
2019-08-20 12:44:31.336000,1.33228,1.33217,1970000,1000000
2019-08-20 12:44:31.438000,1.33228,1.33217,1500000,1000000
2019-08-20 12:44:36.324000,1.33228,1.33218,1000000,1500000
2019-08-20 12:44:36.426000,1.33233,1.33223,1000000,1000000
2019-08-20 12:44:36.527000,1.33234,1.33223,1000000,1220000
2019-08-20 12:44:36.628000,1.33234,1.33223,1200000,1100000
2019-08-20 12:44:37.025000,1.33234,1.33224,1500000,1000000
2019-08-20 12:44:37.227000,1.33235,1.33224,1000000,2250000
2019-08-20 12:44:37.328000,1.33237,1.33227,1970000,1000000
2019-08-20 12:44:37.429000,1.33237,1.33227,1570000,1000000
2019-08-20 12:44:37.561000,1.33237,1.33227,2350000,1000000
2019-08-20 12:44:37.898000,1.33237,1.33226,1570000,3000000
2019-08-20 12:44:38,1.33239,1.33227,2100000,1000000
2019-08-20 12:44:38.202000,1.33239,1.33227,2070000,1000000
2019-08-20 12:44:38.303000,1.33238,1.33228,1220000,1000000
2019-08-20 12:44:38.546000,1.33238,1.33227,1100000,1000000
2019-08-20 12:44:38.890000,1.33237,1.33227,1700000,3000000
2019-08-20 12:44:38.991000,1.33235,1.33227,1000000,2250000
2019-08-20 12:44:40.028000,1.33235,1.33226,1000000,1000000
2019-08-20 12:44:41.064000,1.33235,1.33224,1000000,2320000
2019-08-20 12:44:41.505000,1.33235,1.33224,1500000,2250000
2019-08-20 12:44:41.649000,1.33235,1.33225,1500000,1000000
2019-08-20 12:44:41.875000,1.33235,1.33224,1500000,2250000
2019-08-20 12:44:42.127000,1.33235,1.33224,1000000,2320000
2019-08-20 12:44:42.460000,1.33235,1.33225,1000000,1000000
2019-08-20 12:44:42.848000,1.33235,1.33224,1000000,2320000
2019-08-20 12:44:43.466000,1.33236,1.33224,1500000,2320000
2019-08-20 12:44:43.766000,1.33236,1.33225,1500000,1000000
2019-08-20 12:44:43.886000,1.33236,1.33224,1500000,2320000
2019-08-20 12:44:44.099000,1.33236,1.33225,1200000,1000000
2019-08-20 12:44:44.290000,1.33236,1.33224,1200000,2250000
2019-08-20 12:44:44.392000,1.33236,1.33225,1200000,1000000
2019-08-20 12:44:44.495000,1.33236,1.33224,1200000,2250000
2019-08-20 12:44:44.813000,1.33236,1.33225,1200000,1000000
2019-08-20 12:44:44.955000,1.33236,1.33224,1200000,2250000
2019-08-20 12:44:45.383000,1.33236,1.33225,1200000,1000000
2019-08-20 12:44:45.632000,1.33236,1.33224,1100000,2250000
2019-08-20 12:44:45.995000,1.33236,1.33225,1100000,1000000
2019-08-20 12:44:46.375000,1.33236,1.33224,1100000,2250000
2019-08-20 12:44:46.746000,1.33236,1.33224,1220000,1500000
2019-08-20 12:44:46.797000,1.33236,1.33226,1220000,1000000
2019-08-20 12:44:46.898000,1.33236,1.33226,1100000,1000000
2019-08-20 12:44:47.138000,1.33236,1.33224,1200000,1000000
2019-08-20 12:44:47.340000,1.33236,1.33223,1970000,1000000
2019-08-20 12:44:47.442000,1.33236,1.33223,1570000,1100000
2019-08-20 12:44:49.191000,1.33236,1.33224,2250000,1100000
2019-08-20 12:44:49.241000,1.33238,1.33226,3220000,1000000
2019-08-20 12:44:50.896000,1.33238,1.33226,1570000,1000000
2019-08-20 12:44:51.005000,1.33238,1.33226,1970000,1000000
2019-08-20 12:44:51.106000,1.33238,1.33226,1500000,1570000
2019-08-20 12:44:51.208000,1.33238,1.33226,1970000,1100000
2019-08-20 12:44:51.360000,1.33238,1.33226,1500000,1100000
2019-08-20 12:44:51.464000,1.33238,1.33226,1970000,1000000
2019-08-20 12:44:53.833000,1.33238,1.33226,1500000,1570000
2019-08-20 12:44:54.258000,1.33238,1.33226,2070000,1500000
2019-08-20 12:44:55.906000,1.33238,1.33226,1570000,3470000
2019-08-20 12:44:56.116000,1.33238,1.33226,1970000,3070000
2019-08-20 12:44:56.217000,1.33238,1.33226,1500000,3070000
2019-08-20 12:44:56.521000,1.33238,1.33226,1970000,3820000
2019-08-20 12:44:56.672000,1.33238,1.33226,1500000,3070000
2019-08-20 12:44:56.828000,1.33238,1.33226,1970000,3070000
2019-08-20 12:44:57.101000,1.33238,1.33226,1570000,3470000
2019-08-20 12:44:57.552000,1.33238,1.33226,1570000,3750000
2019-08-20 12:44:58.725000,1.33238,1.33226,1570000,3470000
2019-08-20 12:44:58.835000,1.33238,1.33226,1570000,3000000
2019-08-20 12:44:58.936000,1.33238,1.33226,1570000,4220000
2019-08-20 12:44:59.311000,1.33238,1.33226,1570000,3000000
2019-08-20 12:45:02.075000,1.33238,1.33227,1500000,1000000
