time,ask,bid,ask_volume,bid_volume
2023-07-14 12:25:01.428000,1.31213,1.312,1320000,1200000
2023-07-14 12:25:08.759000,1.31212,1.312,1200000,1200000
2023-07-14 12:25:09.240000,1.31212,1.31201,1800000,1200000
2023-07-14 12:25:10.116000,1.3121,1.31198,1200000,1200000
2023-07-14 12:25:14.078000,1.31212,1.31199,1200000,1200000
2023-07-14 12:25:14.434000,1.31212,1.312,1800000,1200000
2023-07-14 12:25:15.359000,1.31212,1.31201,1800000,1200000
2023-07-14 12:25:16.619000,1.3121,1.312,1200000,1200000
2023-07-14 12:25:17.077000,1.31212,1.31201,1800000,1200000
2023-07-14 12:25:17.694000,1.31211,1.31201,1200000,1200000
2023-07-14 12:25:18.470000,1.31212,1.31198,1800000,1200000
2023-07-14 12:25:19.829000,1.31212,1.312,1200000,1200000
2023-07-14 12:25:21.756000,1.3121,1.31197,1200000,1200000
2023-07-14 12:25:21.858000,1.31208,1.31197,1720000,1200000
2023-07-14 12:25:21.910000,1.31207,1.31194,1800000,1200000
2023-07-14 12:25:23.597000,1.31207,1.31197,1200000,1200000
2023-07-14 12:25:23.700000,1.3121,1.31197,1200000,1200000
2023-07-14 12:25:23.852000,1.31211,1.31199,1800000,1200000
2023-07-14 12:25:27.116000,1.3121,1.31197,1200000,1200000
2023-07-14 12:25:27.269000,1.31209,1.31196,1200000,1200000
2023-07-14 12:25:31.044000,1.31207,1.31195,1200000,1200000
2023-07-14 12:25:38.219000,1.31206,1.31194,1800000,1200000
2023-07-14 12:25:38.321000,1.312,1.3119,1800000,1200000
2023-07-14 12:25:38.445000,1.31198,1.31187,1200000,1200000
2023-07-14 12:25:39.598000,1.31197,1.31186,1200000,1200000
2023-07-14 12:25:40.562000,1.31197,1.31185,1200000,1890000
2023-07-14 12:25:43.847000,1.31198,1.31183,1200000,1890000
2023-07-14 12:25:43.899000,1.31196,1.31183,1200000,1620000
2023-07-14 12:25:44.001000,1.31196,1.31183,1200000,1320000
2023-07-14 12:25:44.623000,1.31194,1.31184,1200000,1200000
2023-07-14 12:25:44.725000,1.31194,1.31181,1200000,1620000
2023-07-14 12:25:45.435000,1.31194,1.31183,1200000,1320000
2023-07-14 12:25:47.957000,1.31195,1.31181,1200000,1890000
2023-07-14 12:25:48.153000,1.31194,1.31181,1200000,1320000
2023-07-14 12:25:50.462000,1.31189,1.31179,1200000,1200000
2023-07-14 12:25:50.513000,1.31187,1.31174,1200000,1620000
2023-07-14 12:25:50.616000,1.31187,1.31173,1200000,1120000
2023-07-14 12:25:51.097000,1.31187,1.31176,1200000,1320000
2023-07-14 12:25:51.199000,1.31187,1.31177,1200000,1120000
2023-07-14 12:25:51.301000,1.31189,1.31177,1200000,1320000
2023-07-14 12:25:53.262000,1.3119,1.31177,1200000,1890000
2023-07-14 12:25:54.017000,1.31189,1.31177,1200000,1800000
2023-07-14 12:25:56.900000,1.31188,1.31177,1200000,1200000
2023-07-14 12:25:57.102000,1.31189,1.31178,1200000,1200000
2023-07-14 12:25:57.325000,1.31189,1.31176,1200000,1200000
2023-07-14 12:25:58.494000,1.31187,1.31176,1200000,1200000
2023-07-14 12:25:58.597000,1.31187,1.31174,1200000,1200000
2023-07-14 12:25:58.819000,1.31185,1.31174,1200000,1320000
2023-07-14 12:25:59.724000,1.31187,1.31174,1200000,1200000
2023-07-14 12:26:00.008000,1.31188,1.31175,1200000,1200000
2023-07-14 12:26:02.095000,1.31189,1.31177,1800000,1200000
2023-07-14 12:26:03.712000,1.31187,1.31176,1200000,1200000
2023-07-14 12:26:07.601000,1.31186,1.31174,1200000,1200000
2023-07-14 12:26:07.956000,1.31186,1.31172,1200000,1200000
2023-07-14 12:26:08.210000,1.31183,1.3117,1200000,1200000
2023-07-14 12:26:08.363000,1.31181,1.31168,1200000,1800000
2023-07-14 12:26:09.609000,1.3118,1.31167,1200000,1320000
2023-07-14 12:26:09.711000,1.3118,1.31166,1200000,1320000
2023-07-14 12:26:10.800000,1.31179,1.31166,1200000,1320000
2023-07-14 12:26:13.987000,1.31178,1.31166,1200000,1890000
2023-07-14 12:26:14.437000,1.31177,1.31166,1200000,1200000
2023-07-14 12:26:14.871000,1.31178,1.31166,1200000,1200000
2023-07-14 12:26:15.277000,1.31178,1.31166,1200000,1620000
2023-07-14 12:26:15.676000,1.31178,1.31167,1200000,1120000
2023-07-14 12:26:15.836000,1.31178,1.31167,1200000,1320000
2023-07-14 12:26:16.158000,1.31178,1.31167,1200000,1620000
2023-07-14 12:26:25.037000,1.31179,1.31166,1200000,1320000
2023-07-14 12:26:25.341000,1.31178,1.31168,1200000,1200000
2023-07-14 12:26:26.272000,1.31179,1.31166,1200000,1200000
2023-07-14 12:26:26.374000,1.31177,1.31166,1200000,1320000
2023-07-14 12:26:26.527000,1.31178,1.31165,1200000,1120000
2023-07-14 12:26:27.095000,1.31178,1.31165,1200000,1320000
2023-07-14 12:26:27.196000,1.31178,1.31165,1200000,1120000
2023-07-14 12:26:30.215000,1.31178,1.31164,1200000,1200000
2023-07-14 12:26:30.266000,1.31173,1.31161,1200000,1120000
2023-07-14 12:26:30.317000,1.31171,1.3116,1200000,1620000
2023-07-14 12:26:30.470000,1.31171,1.31159,1200000,1120000
2023-07-14 12:26:30.724000,1.3117,1.31158,1200000,1120000
2023-07-14 12:26:30.826000,1.31169,1.31157,1200000,1620000
2023-07-14 12:26:31.080000,1.3117,1.31156,1200000,1620000
2023-07-14 12:26:31.204000,1.31168,1.31157,1200000,1620000
2023-07-14 12:26:31.306000,1.3117,1.31156,1200000,1620000
2023-07-14 12:26:34.478000,1.3117,1.31157,1200000,1620000
2023-07-14 12:26:34.630000,1.3117,1.31157,1200000,1620000
2023-07-14 12:26:43.821000,1.3117,1.31158,1200000,1120000
2023-07-14 12:26:44.195000,1.3117,1.31158,1200000,1320000
2023-07-14 12:26:44.934000,1.31171,1.31158,1200000,1890000
2023-07-14 12:26:47.282000,1.31171,1.3116,1200000,1200000
2023-07-14 12:26:51.022000,1.31169,1.31159,1200000,1800000
2023-07-14 12:26:51.606000,1.31169,1.31156,1200000,5490000
2023-07-14 12:26:51.657000,1.31166,1.31157,1200000,1320000
2023-07-14 12:26:51.708000,1.31169,1.31156,1200000,1320000
2023-07-14 12:26:52.115000,1.3117,1.31159,1200000,1200000
2023-07-14 12:26:57.074000,1.3117,1.31157,1200000,1320000
2023-07-14 12:26:59.697000,1.31171,1.31158,1200000,1320000
2023-07-14 12:27:00.158000,1.31174,1.31165,1200000,1200000
2023-07-14 12:27:00.210000,1.31176,1.31165,1200000,1200000
2023-07-14 12:27:00.312000,1.31179,1.31166,1800000,1200000
2023-07-14 12:27:01.686000,1.3118,1.31168,1200000,1200000
2023-07-14 12:27:01.789000,1.31182,1.3117,1200000,1200000
2023-07-14 12:27:01.993000,1.3118,1.31168,1200000,1200000
2023-07-14 12:27:10.409000,1.31179,1.31166,1200000,1200000
2023-07-14 12:27:10.990000,1.31179,1.31165,1200000,1800000
2023-07-14 12:27:11.751000,1.31178,1.31167,1200000,1200000
2023-07-14 12:27:11.953000,1.3118,1.31166,1200000,1800000
2023-07-14 12:27:16.145000,1.31179,1.3117,1200000,1200000
2023-07-14 12:27:20.179000,1.31183,1.31173,1120000,1200000
2023-07-14 12:27:20.230000,1.31187,1.31175,1200000,1200000
2023-07-14 12:27:27.951000,1.31188,1.31176,1200000,1200000
2023-07-14 12:27:30.844000,1.31187,1.31176,1200000,1200000
2023-07-14 12:27:33.114000,1.31188,1.31176,1200000,1200000
2023-07-14 12:27:42.564000,1.31186,1.31174,1200000,1800000
2023-07-14 12:27:43.309000,1.31187,1.31174,1200000,1200000
2023-07-14 12:27:43.411000,1.31186,1.31174,1200000,1800000
2023-07-14 12:27:44.759000,1.31186,1.31175,1200000,1200000
2023-07-14 12:27:45.574000,1.31186,1.31174,1200000,1800000
2023-07-14 12:27:49.397000,1.31187,1.31174,1200000,1200000
2023-07-14 12:27:51.682000,1.31188,1.31175,1200000,1200000
2023-07-14 12:27:54.477000,1.31189,1.31176,1200000,1200000
2023-07-14 12:27:59.336000,1.31184,1.31173,1200000,1800000
2023-07-14 12:27:59.439000,1.31183,1.3117,1200000,1200000
2023-07-14 12:27:59.795000,1.31181,1.31169,1200000,1200000
2023-07-14 12:28:00.274000,1.31182,1.31169,1200000,1200000
2023-07-14 12:28:05.177000,1.31182,1.3117,1200000,1200000
2023-07-14 12:28:07.913000,1.31182,1.31171,1200000,1890000
2023-07-14 12:28:07.964000,1.31185,1.31172,1200000,1200000
2023-07-14 12:28:08.502000,1.31187,1.31173,1200000,1200000
2023-07-14 12:28:09.010000,1.31188,1.31174,1200000,1200000
2023-07-14 12:28:11.783000,1.31188,1.31177,1200000,1200000
2023-07-14 12:28:11.936000,1.31188,1.31178,1200000,1200000
2023-07-14 12:28:13.475000,1.31192,1.31183,1200000,1320000
2023-07-14 12:28:13.526000,1.31196,1.31186,1200000,1200000
2023-07-14 12:28:15.436000,1.31197,1.31183,1200000,1800000
2023-07-14 12:28:18.823000,1.31197,1.31185,1200000,1200000
2023-07-14 12:28:21.958000,1.31197,1.31184,1200000,1200000
2023-07-14 12:28:23.715000,1.31197,1.31183,1200000,1200000
2023-07-14 12:28:26.054000,1.31196,1.31183,1200000,1200000
2023-07-14 12:28:26.519000,1.31197,1.31183,1200000,1200000
2023-07-14 12:28:27.316000,1.31196,1.31183,1200000,1200000
2023-07-14 12:28:29.690000,1.31197,1.31183,1200000,1320000
2023-07-14 12:28:29.792000,1.31197,1.31184,1200000,1200000
2023-07-14 12:28:30.261000,1.31196,1.31184,1200000,1200000
2023-07-14 12:28:31.532000,1.31195,1.31183,1200000,1200000
2023-07-14 12:28:31.652000,1.31195,1.31182,1200000,1200000
2023-07-14 12:28:33.675000,1.31193,1.3118,1200000,1200000
2023-07-14 12:28:33.777000,1.3119,1.31178,1200000,1200000
2023-07-14 12:28:33.879000,1.31189,1.31176,1200000,1200000
2023-07-14 12:28:35.059000,1.31187,1.31174,1200000,1200000
2023-07-14 12:28:35.817000,1.31186,1.31172,1200000,1200000
2023-07-14 12:28:36.914000,1.31186,1.31174,1200000,1200000
2023-07-14 12:28:40.149000,1.31186,1.31173,1200000,1200000
2023-07-14 12:28:40.989000,1.31186,1.31174,1200000,1200000
2023-07-14 12:28:41.410000,1.31188,1.31179,1200000,1200000
2023-07-14 12:28:41.723000,1.31194,1.31183,1200000,1200000
2023-07-14 12:28:41.825000,1.31197,1.31184,1200000,1200000
2023-07-14 12:28:45.440000,1.31192,1.31181,1200000,1200000
2023-07-14 12:28:45.542000,1.31191,1.3118,1200000,1200000
2023-07-14 12:28:54.456000,1.31191,1.31181,1200000,1200000
2023-07-14 12:28:54.507000,1.31195,1.31182,1200000,1200000
2023-07-14 12:28:54.609000,1.31196,1.31183,1200000,1200000
2023-07-14 12:28:56.839000,1.31191,1.31182,1200000,1200000
2023-07-14 12:28:56.941000,1.31192,1.3118,1200000,1200000
2023-07-14 12:28:57.043000,1.31193,1.31181,1200000,1200000
2023-07-14 12:28:57.145000,1.31194,1.31182,1200000,1200000
2023-07-14 12:28:58.225000,1.31195,1.31183,1200000,1200000
2023-07-14 12:28:58.854000,1.31197,1.31184,1200000,1200000
2023-07-14 12:28:59.312000,1.31198,1.31185,1200000,1200000
2023-07-14 12:29:00.733000,1.31198,1.31186,1200000,1200000
2023-07-14 12:29:02.063000,1.31199,1.31187,1200000,1200000
2023-07-14 12:29:07.813000,1.31201,1.31186,1440000,1200000
2023-07-14 12:29:08.119000,1.312,1.31187,1200000,3490000
2023-07-14 12:29:08.170000,1.31206,1.31191,2100000,1320000
2023-07-14 12:29:08.272000,1.31206,1.31191,1200000,1120000
2023-07-14 12:29:08.323000,1.31208,1.31193,1890000,1200000
2023-07-14 12:29:11.043000,1.31208,1.31193,1200000,3870000
2023-07-14 12:29:11.144000,1.31208,1.31193,1200000,4590000
2023-07-14 12:29:12.233000,1.31209,1.31194,1200000,1320000
2023-07-14 12:29:12.335000,1.31209,1.31196,1350000,1320000
2023-07-14 12:29:12.437000,1.31212,1.31197,1800000,1200000
2023-07-14 12:29:12.539000,1.31213,1.31198,1200000,1200000
2023-07-14 12:29:13.072000,1.31213,1.312,1320000,1200000
2023-07-14 12:29:14.089000,1.31214,1.31201,1320000,1200000
2023-07-14 12:29:14.192000,1.31216,1.31201,1200000,1320000
2023-07-14 12:29:14.344000,1.31215,1.31202,1200000,2370000
2023-07-14 12:29:14.446000,1.31218,1.31202,1240000,1200000
2023-07-14 12:29:15.105000,1.31218,1.31202,1240000,1200000
2023-07-14 12:29:15.383000,1.31217,1.31203,1240000,1200000
2023-07-14 12:29:19.026000,1.31218,1.31202,1440000,1320000
2023-07-14 12:29:19.719000,1.31217,1.31203,1240000,1320000
2023-07-14 12:29:19.984000,1.31218,1.31202,1440000,1320000
2023-07-14 12:29:20.519000,1.31219,1.31203,1200000,1120000
2023-07-14 12:29:20.621000,1.31219,1.31205,1200000,1320000
2023-07-14 12:29:20.987000,1.31218,1.31204,1320000,1200000
2023-07-14 12:29:21.090000,1.31218,1.31202,1320000,4590000
2023-07-14 12:29:21.192000,1.31217,1.31203,1240000,1200000
2023-07-14 12:29:21.294000,1.31218,1.31202,1320000,1320000
2023-07-14 12:29:22.133000,1.31218,1.31202,1320000,1120000
2023-07-14 12:29:22.235000,1.31217,1.31203,1440000,1320000
2023-07-14 12:29:27.486000,1.31217,1.31202,1240000,1120000
2023-07-14 12:29:27.877000,1.31218,1.31201,1440000,1120000
2023-07-14 12:29:29.249000,1.31217,1.31205,1200000,1120000
2023-07-14 12:29:29.300000,1.31221,1.31205,1890000,1890000
2023-07-14 12:29:29.453000,1.31221,1.31204,2950000,1120000
2023-07-14 12:29:29.555000,1.3122,1.31204,2950000,2740000
2023-07-14 12:29:30.420000,1.31218,1.31203,1600000,3120000
2023-07-14 12:29:30.472000,1.31221,1.31203,2370000,1240000
2023-07-14 12:29:30.573000,1.31221,1.31203,2370000,1240000
2023-07-14 12:29:31.907000,1.31221,1.31202,2370000,2120000
2023-07-14 12:29:36.914000,1.31221,1.31203,1620000,2370000
2023-07-14 12:29:37.596000,1.31221,1.31203,2200000,1620000
2023-07-14 12:29:38.441000,1.31219,1.31202,2870000,1800000
2023-07-14 12:29:38.544000,1.31218,1.312,1620000,1320000
2023-07-14 12:29:38.918000,1.31219,1.31199,2870000,2140000
2023-07-14 12:29:39.020000,1.31218,1.31201,1120000,1620000
2023-07-14 12:29:39.122000,1.31219,1.31201,1620000,2370000
2023-07-14 12:29:40.044000,1.31219,1.31201,1720000,2370000
2023-07-14 12:29:40.146000,1.31219,1.312,1620000,1240000
2023-07-14 12:29:42.995000,1.31219,1.31201,1700000,1120000
2023-07-14 12:29:43.097000,1.31219,1.312,1620000,2740000
2023-07-14 12:29:43.507000,1.31218,1.31201,1620000,1240000
2023-07-14 12:29:43.610000,1.31219,1.31199,1120000,1990000
2023-07-14 12:29:43.712000,1.31219,1.312,1620000,1240000
2023-07-14 12:29:44.273000,1.31219,1.312,1620000,1240000
2023-07-14 12:29:45.092000,1.31218,1.31198,1240000,2370000
2023-07-14 12:29:45.143000,1.31217,1.31196,1120000,3120000
2023-07-14 12:29:45.245000,1.31216,1.31195,1120000,1990000
2023-07-14 12:29:45.397000,1.31217,1.31196,2740000,2370000
2023-07-14 12:29:48.822000,1.31217,1.31196,1120000,1990000
2023-07-14 12:29:48.924000,1.31217,1.31195,1120000,2370000
2023-07-14 12:29:49.026000,1.31217,1.31195,1120000,2370000
2023-07-14 12:29:50.436000,1.31218,1.31195,2740000,1990000
2023-07-14 12:29:51.441000,1.31218,1.31195,2370000,3120000
2023-07-14 12:29:52.280000,1.31216,1.31195,1320000,3120000
2023-07-14 12:29:52.566000,1.31215,1.31196,1120000,3120000
2023-07-14 12:29:55.152000,1.31218,1.31196,1240000,3490000
2023-07-14 12:29:55.275000,1.31218,1.31196,1240000,3490000
2023-07-14 12:29:56.138000,1.31217,1.31197,1350000,1200000
2023-07-14 12:29:56.565000,1.31216,1.31198,1200000,1200000
2023-07-14 12:29:59.605000,1.31217,1.31198,1200000,1200000
2023-07-14 12:30:00.201000,1.31211,1.31196,1200000,2250000
2023-07-14 12:30:00.303000,1.31211,1.31195,2470000,1200000
2023-07-14 12:30:00.456000,1.31211,1.31195,1800000,1200000
2023-07-14 12:30:00.506000,1.31211,1.31197,1800000,1200000
2023-07-14 12:30:00.608000,1.31211,1.31196,2100000,1200000
2023-07-14 12:30:00.978000,1.31212,1.31195,1800000,1200000
2023-07-14 12:30:01.130000,1.31212,1.31195,2100000,1200000
2023-07-14 12:30:01.597000,1.31215,1.31199,1800000,1200000
2023-07-14 12:30:01.650000,1.31212,1.31199,1200000,1200000
2023-07-14 12:30:01.701000,1.31217,1.31197,1200000,1200000
2023-07-14 12:30:03.044000,1.31216,1.31197,1600000,1200000
2023-07-14 12:30:03.791000,1.31214,1.31197,1200000,1200000
2023-07-14 12:30:03.893000,1.3121,1.31195,1200000,1200000
2023-07-14 12:30:04.787000,1.31217,1.31201,3600000,2250000
2023-07-14 12:30:04.940000,1.31218,1.31201,1350000,1720000
2023-07-14 12:30:05.550000,1.31212,1.31199,1100000,1800000
2023-07-14 12:30:05.601000,1.31212,1.31197,2100000,1200000
2023-07-14 12:30:05.717000,1.3121,1.31195,1800000,1200000
2023-07-14 12:30:06.153000,1.31211,1.31195,1200000,2250000
2023-07-14 12:30:06.255000,1.3121,1.31198,1350000,1200000
2023-07-14 12:30:06.356000,1.31211,1.31197,1720000,1200000
2023-07-14 12:30:06.457000,1.31211,1.31196,1720000,1200000
2023-07-14 12:30:06.559000,1.31211,1.31197,2850000,1200000
2023-07-14 12:30:07.868000,1.3121,1.31197,1200000,1200000
2023-07-14 12:30:08.145000,1.3121,1.31196,1800000,1200000
2023-07-14 12:30:11.125000,1.3121,1.31194,2970000,1200000
2023-07-14 12:30:12.731000,1.31209,1.31195,2790000,1200000
2023-07-14 12:30:12.934000,1.3121,1.31194,2550000,1200000
2023-07-14 12:30:14.800000,1.31209,1.31193,2340000,1200000
2023-07-14 12:30:14.952000,1.31208,1.31194,2470000,1200000
2023-07-14 12:30:16.120000,1.31209,1.31193,1200000,2100000
2023-07-14 12:30:19.143000,1.31208,1.31194,1320000,3150000
2023-07-14 12:30:19.686000,1.31209,1.31193,1120000,3150000
2023-07-14 12:30:20.178000,1.31206,1.31192,2550000,1800000
2023-07-14 12:30:20.280000,1.31207,1.31195,1320000,1200000
2023-07-14 12:30:20.534000,1.3121,1.31193,2490000,1200000
2023-07-14 12:30:21.180000,1.31204,1.3119,1320000,2700000
2023-07-14 12:30:21.232000,1.31202,1.31188,2550000,6390000
2023-07-14 12:30:21.283000,1.31198,1.31187,1350000,1200000
2023-07-14 12:30:21.334000,1.31195,1.31183,1200000,2700000
2023-07-14 12:30:21.436000,1.31195,1.31182,1200000,1200000
2023-07-14 12:30:21.728000,1.31195,1.31179,3300000,1800000
2023-07-14 12:30:21.830000,1.31192,1.3118,1200000,1200000
2023-07-14 12:30:22.151000,1.3119,1.31179,1200000,1200000
2023-07-14 12:30:22.202000,1.3119,1.31177,1200000,1200000
2023-07-14 12:30:23.077000,1.31191,1.31179,1200000,1200000
2023-07-14 12:30:23.179000,1.31192,1.31179,1200000,1200000
2023-07-14 12:30:23.314000,1.31192,1.3118,1200000,1200000
2023-07-14 12:30:23.466000,1.31195,1.31181,1200000,1200000
2023-07-14 12:30:25.243000,1.31193,1.3118,1200000,1200000
2023-07-14 12:30:25.445000,1.31195,1.3118,1200000,1200000
2023-07-14 12:30:26.074000,1.31196,1.31181,1800000,1200000
2023-07-14 12:30:26.380000,1.31198,1.31183,1200000,1200000
2023-07-14 12:30:26.482000,1.31198,1.31186,1200000,1200000
2023-07-14 12:30:27.275000,1.31199,1.31184,1800000,1200000
2023-07-14 12:30:28.219000,1.31198,1.31183,1800000,1200000
2023-07-14 12:30:29.148000,1.31198,1.31183,2470000,1200000
2023-07-14 12:30:30.090000,1.31195,1.31182,1200000,1200000
2023-07-14 12:30:30.141000,1.31195,1.3118,1100000,1320000
2023-07-14 12:30:30.433000,1.31194,1.31179,1350000,1320000
2023-07-14 12:30:30.484000,1.31193,1.3118,1600000,1200000
2023-07-14 12:30:31.050000,1.31193,1.31181,1600000,1200000
2023-07-14 12:30:31.203000,1.31193,1.31181,1350000,1200000
2023-07-14 12:30:32.408000,1.31191,1.3118,1200000,1200000
2023-07-14 12:30:33.182000,1.3119,1.31179,1200000,1200000
2023-07-14 12:30:33.335000,1.31189,1.31178,1200000,1800000
2023-07-14 12:30:33.968000,1.3119,1.31178,1200000,1200000
2023-07-14 12:30:35.680000,1.31187,1.31177,1200000,1800000
2023-07-14 12:30:35.782000,1.31188,1.31177,1200000,1200000
2023-07-14 12:30:35.884000,1.31186,1.31176,2170000,1200000
2023-07-14 12:30:35.935000,1.31184,1.31171,1200000,1800000
2023-07-14 12:30:36.341000,1.31181,1.31169,1200000,1200000
2023-07-14 12:30:36.443000,1.31181,1.31168,1200000,1320000
2023-07-14 12:30:36.545000,1.3118,1.3117,1200000,1200000
2023-07-14 12:30:36.647000,1.3118,1.31169,1200000,1320000
2023-07-14 12:30:36.749000,1.31179,1.31168,1200000,1200000
2023-07-14 12:30:36.851000,1.31182,1.31169,1200000,1200000
2023-07-14 12:30:36.953000,1.3118,1.3117,1200000,1200000
2023-07-14 12:30:37.367000,1.31179,1.3117,1200000,1200000
2023-07-14 12:30:37.503000,1.31179,1.31169,1200000,1200000
2023-07-14 12:30:39.253000,1.3118,1.31167,1200000,1320000
2023-07-14 12:30:39.390000,1.3118,1.31168,1200000,1200000
2023-07-14 12:30:39.543000,1.31181,1.31168,1200000,1320000
2023-07-14 12:30:40.307000,1.31183,1.3117,1200000,1120000
2023-07-14 12:30:40.358000,1.31186,1.31173,1200000,1200000
2023-07-14 12:30:40.662000,1.31186,1.31174,1200000,1200000
2023-07-14 12:30:40.767000,1.31187,1.31174,1200000,1200000
2023-07-14 12:30:41.122000,1.31186,1.31174,1200000,1200000
2023-07-14 12:30:41.224000,1.31185,1.31173,1200000,1200000
2023-07-14 12:30:41.358000,1.31183,1.31171,1200000,1200000
2023-07-14 12:30:41.461000,1.31182,1.31171,1200000,1200000
2023-07-14 12:30:41.767000,1.31183,1.31169,1200000,1890000
2023-07-14 12:30:42.482000,1.31182,1.31171,1200000,1200000
2023-07-14 12:30:43.328000,1.31183,1.31172,1200000,1320000
2023-07-14 12:30:43.431000,1.31186,1.31172,1200000,1120000
2023-07-14 12:30:43.532000,1.31187,1.31173,1200000,1320000
2023-07-14 12:30:43.659000,1.31184,1.31173,1200000,1200000
2023-07-14 12:30:43.813000,1.31185,1.31173,1200000,1200000
2023-07-14 12:30:44.835000,1.31184,1.31175,1200000,1200000
2023-07-14 12:30:45.758000,1.31186,1.31174,1200000,1200000
2023-07-14 12:30:45.910000,1.31186,1.31173,1200000,1320000
2023-07-14 12:30:46.744000,1.31187,1.31175,1200000,1200000
2023-07-14 12:30:47.081000,1.31187,1.31173,1200000,1800000
2023-07-14 12:30:47.557000,1.31186,1.31177,1200000,1200000
2023-07-14 12:30:47.659000,1.31187,1.31177,1200000,1200000
2023-07-14 12:30:47.812000,1.31189,1.31176,1200000,1200000
2023-07-14 12:30:47.957000,1.31189,1.31177,1200000,1200000
2023-07-14 12:30:48.531000,1.31192,1.3118,1200000,1320000
2023-07-14 12:30:48.633000,1.31195,1.31184,1200000,1200000
2023-07-14 12:30:48.735000,1.31196,1.31184,1200000,1200000
2023-07-14 12:30:48.938000,1.31197,1.31184,1200000,1200000
2023-07-14 12:30:49.040000,1.31195,1.31184,1200000,1800000
2023-07-14 12:30:50.253000,1.31196,1.31184,1200000,1200000
2023-07-14 12:30:50.507000,1.31196,1.31183,1200000,1800000
2023-07-14 12:30:50.710000,1.31194,1.31184,1120000,1200000
2023-07-14 12:30:50.812000,1.31194,1.31182,1120000,1200000
2023-07-14 12:30:50.863000,1.31192,1.3118,1320000,1200000
2023-07-14 12:30:51.016000,1.31194,1.31181,1320000,1200000
2023-07-14 12:30:52.148000,1.31191,1.31181,1200000,1800000
2023-07-14 12:30:52.487000,1.31193,1.31181,1200000,1200000
2023-07-14 12:30:52.589000,1.31194,1.31184,2250000,1200000
2023-07-14 12:30:54.298000,1.31197,1.31184,1200000,1200000
2023-07-14 12:30:54.400000,1.31197,1.31186,1200000,1200000
2023-07-14 12:30:54.819000,1.31201,1.31188,2250000,1800000
2023-07-14 12:30:54.921000,1.31202,1.31191,1200000,1200000
2023-07-14 12:30:56.327000,1.31201,1.31189,1320000,1200000
2023-07-14 12:30:56.457000,1.31199,1.31189,1200000,1200000
2023-07-14 12:30:58.207000,1.31201,1.31189,1200000,1200000
2023-07-14 12:30:59.614000,1.312,1.31188,1200000,1200000
2023-07-14 12:31:00.260000,1.31201,1.3119,1200000,1200000
2023-07-14 12:31:00.311000,1.312,1.31188,1200000,1200000
2023-07-14 12:31:00.464000,1.31198,1.31187,1200000,1200000
2023-07-14 12:31:00.868000,1.31197,1.31186,1800000,1200000
2023-07-14 12:31:00.970000,1.31197,1.31184,1200000,1200000
2023-07-14 12:31:01.173000,1.31197,1.31183,1200000,1200000
2023-07-14 12:31:01.379000,1.31197,1.31184,1200000,1200000
2023-07-14 12:31:02.746000,1.31191,1.3118,1200000,1200000
2023-07-14 12:31:02.797000,1.31188,1.31178,1200000,1200000
2023-07-14 12:31:02.849000,1.31188,1.31176,1200000,1800000
2023-07-14 12:31:03.924000,1.31188,1.31175,2250000,1200000
2023-07-14 12:31:04.026000,1.31187,1.31174,1200000,1200000
2023-07-14 12:31:05.705000,1.31186,1.31173,1200000,1200000
2023-07-14 12:31:06.064000,1.31185,1.31172,1200000,1200000
2023-07-14 12:31:07.141000,1.31185,1.31173,1200000,1200000
2023-07-14 12:31:07.193000,1.31187,1.31174,1200000,1200000
2023-07-14 12:31:07.715000,1.31188,1.31175,1200000,1200000
2023-07-14 12:31:07.932000,1.31187,1.31174,1200000,1200000
2023-07-14 12:31:08.034000,1.31181,1.31171,1200000,1200000
2023-07-14 12:31:09.670000,1.31185,1.31172,1200000,1200000
2023-07-14 12:31:10.052000,1.31184,1.31171,1200000,1200000
2023-07-14 12:31:10.855000,1.31185,1.31172,1200000,1200000
2023-07-14 12:31:10.957000,1.31182,1.31171,1200000,1200000
2023-07-14 12:31:11.110000,1.31181,1.31171,1200000,1200000
2023-07-14 12:31:11.828000,1.31183,1.31171,1200000,1200000
2023-07-14 12:31:11.930000,1.31184,1.31172,1200000,1200000
2023-07-14 12:31:13.471000,1.31186,1.31173,1200000,1200000
2023-07-14 12:31:13.573000,1.31187,1.31175,1200000,1200000
2023-07-14 12:31:14.263000,1.31188,1.31177,1200000,1200000
2023-07-14 12:31:14.365000,1.31189,1.31179,1200000,1200000
2023-07-14 12:31:16.303000,1.31189,1.31178,1200000,1200000
2023-07-14 12:31:19.922000,1.3119,1.31179,1200000,1200000
2023-07-14 12:31:22.266000,1.31191,1.31179,1200000,1200000
2023-07-14 12:31:22.317000,1.31193,1.31182,1200000,1200000
2023-07-14 12:31:23.222000,1.31195,1.31183,1200000,1200000
2023-07-14 12:31:23.527000,1.31197,1.31184,1200000,1200000
2023-07-14 12:31:23.629000,1.31197,1.31185,1200000,1200000
2023-07-14 12:31:24.084000,1.31197,1.31184,1320000,1200000
2023-07-14 12:31:24.135000,1.31191,1.31183,1200000,1200000
2023-07-14 12:31:24.238000,1.31191,1.31182,1200000,1200000
2023-07-14 12:31:24.289000,1.31194,1.31181,1200000,1200000
2023-07-14 12:31:24.629000,1.31195,1.31182,1350000,1200000
2023-07-14 12:31:25.462000,1.31193,1.31182,1200000,1200000
2023-07-14 12:31:25.993000,1.3119,1.3118,1200000,1200000
2023-07-14 12:31:28.397000,1.31192,1.3118,1200000,1200000
2023-07-14 12:31:28.549000,1.31191,1.31179,1200000,1200000
2023-07-14 12:31:30.045000,1.31191,1.31179,1720000,1200000
2023-07-14 12:31:30.488000,1.31191,1.31179,1350000,1200000
2023-07-14 12:31:32.306000,1.31193,1.3118,1440000,1200000
2023-07-14 12:31:32.408000,1.3119,1.3118,1200000,1200000
2023-07-14 12:31:38.933000,1.31191,1.31179,1600000,1200000
2023-07-14 12:31:39.085000,1.31189,1.31177,1200000,1200000
2023-07-14 12:31:41.551000,1.31189,1.31178,1350000,1200000
2023-07-14 12:31:41.653000,1.31189,1.31177,1350000,1200000
2023-07-14 12:31:41.705000,1.31189,1.31177,1720000,1200000
2023-07-14 12:31:41.807000,1.31184,1.31175,1700000,1200000
2023-07-14 12:31:41.909000,1.31184,1.31175,1350000,1200000
2023-07-14 12:31:42.640000,1.31186,1.31175,1200000,1200000
2023-07-14 12:31:43.109000,1.31187,1.31178,1200000,1200000
2023-07-14 12:31:43.363000,1.31188,1.31179,1200000,1200000
2023-07-14 12:31:43.718000,1.31187,1.31178,1200000,1200000
2023-07-14 12:31:44.327000,1.31187,1.31176,1200000,1200000
2023-07-14 12:31:45.623000,1.31186,1.31175,1200000,1200000
2023-07-14 12:31:46.243000,1.31186,1.31176,1200000,1200000
2023-07-14 12:31:46.345000,1.31187,1.31176,1200000,1200000
2023-07-14 12:31:46.650000,1.31188,1.31178,1200000,1200000
2023-07-14 12:31:47.026000,1.31189,1.31178,1200000,1200000
2023-07-14 12:31:53.204000,1.3119,1.31179,1200000,1200000
2023-07-14 12:31:53.983000,1.31193,1.3118,1200000,1800000
2023-07-14 12:31:54.204000,1.31195,1.31182,1200000,1200000
2023-07-14 12:31:54.458000,1.31195,1.31185,1200000,1200000
2023-07-14 12:31:55.311000,1.31197,1.31185,1320000,1200000
2023-07-14 12:31:55.413000,1.31194,1.31183,1440000,1200000
2023-07-14 12:31:56.190000,1.31194,1.31183,1700000,1200000
2023-07-14 12:32:00.159000,1.31194,1.31183,1440000,1200000
2023-07-14 12:32:00.312000,1.31195,1.31185,1320000,1200000
2023-07-14 12:32:00.617000,1.31195,1.31184,1890000,1200000
2023-07-14 12:32:00.820000,1.31194,1.31183,1200000,1200000
2023-07-14 12:32:00.973000,1.31195,1.31183,1800000,1200000
2023-07-14 12:32:02.032000,1.31192,1.31183,1720000,1200000
2023-07-14 12:32:03.021000,1.31191,1.31183,1200000,1200000
2023-07-14 12:32:03.264000,1.31193,1.31182,1200000,1200000
2023-07-14 12:32:03.366000,1.31195,1.31183,1200000,1200000
2023-07-14 12:32:03.469000,1.31193,1.31184,1200000,1200000
2023-07-14 12:32:04.645000,1.31195,1.31183,1200000,1200000
2023-07-14 12:32:04.848000,1.31196,1.31186,1200000,1200000
2023-07-14 12:32:04.951000,1.31197,1.31186,1200000,1800000
2023-07-14 12:32:05.255000,1.31198,1.31187,1200000,1200000
2023-07-14 12:32:06.143000,1.31199,1.31186,1120000,1200000
2023-07-14 12:32:06.296000,1.31199,1.31186,1320000,1200000
2023-07-14 12:32:06.398000,1.31199,1.31186,1120000,1200000
2023-07-14 12:32:06.602000,1.31198,1.31187,1320000,1200000
2023-07-14 12:32:06.937000,1.31196,1.31186,1200000,1200000
2023-07-14 12:32:07.838000,1.31195,1.31184,1200000,1200000
2023-07-14 12:32:07.990000,1.31195,1.31185,1200000,1200000
2023-07-14 12:32:08.143000,1.31196,1.31183,1200000,2250000
2023-07-14 12:32:08.455000,1.31195,1.31185,1200000,1200000
2023-07-14 12:32:09.353000,1.31196,1.31183,1200000,1800000
2023-07-14 12:32:10.365000,1.31196,1.31184,1200000,1200000
2023-07-14 12:32:10.955000,1.31195,1.31184,1200000,2250000
2023-07-14 12:32:11.210000,1.31196,1.31184,1200000,1200000
2023-07-14 12:32:12.013000,1.31196,1.31183,1200000,2250000
2023-07-14 12:32:12.620000,1.31195,1.31183,1200000,1200000
2023-07-14 12:32:12.722000,1.31192,1.3118,1200000,1200000
2023-07-14 12:32:13.725000,1.31191,1.3118,1200000,1200000
2023-07-14 12:32:13.922000,1.3119,1.31177,1200000,1890000
2023-07-14 12:32:16.007000,1.31189,1.31177,1200000,1800000
2023-07-14 12:32:19.245000,1.31189,1.31178,1200000,1200000
2023-07-14 12:32:19.397000,1.31189,1.31177,1200000,1890000
2023-07-14 12:32:23.370000,1.31189,1.31178,1200000,1200000
2023-07-14 12:32:24.019000,1.31193,1.31181,1200000,1890000
2023-07-14 12:32:24.122000,1.31193,1.31184,1200000,1200000
2023-07-14 12:32:24.223000,1.31196,1.31183,1200000,1800000
2023-07-14 12:32:25.147000,1.31195,1.31182,1200000,1890000
2023-07-14 12:32:25.249000,1.31193,1.31183,1200000,2250000
2023-07-14 12:32:25.300000,1.31192,1.31181,1200000,1200000
2023-07-14 12:32:25.441000,1.31194,1.31181,1200000,1350000
2023-07-14 12:32:26.179000,1.31192,1.31181,1200000,1200000
2023-07-14 12:32:31.656000,1.31194,1.31182,1200000,1320000
2023-07-14 12:32:31.759000,1.31195,1.31184,1200000,1200000
2023-07-14 12:32:31.860000,1.31195,1.31183,1200000,1200000
2023-07-14 12:32:32.203000,1.31196,1.31183,1200000,1800000
2023-07-14 12:32:32.443000,1.31195,1.31185,1200000,1200000
2023-07-14 12:32:32.968000,1.31197,1.31185,1200000,1200000
2023-07-14 12:32:35.205000,1.31198,1.31185,1200000,1890000
2023-07-14 12:32:35.307000,1.31198,1.31186,1200000,1200000
2023-07-14 12:32:38.637000,1.31198,1.31189,1200000,1200000
2023-07-14 12:32:38.688000,1.31201,1.31189,1200000,1200000
2023-07-14 12:32:38.739000,1.31204,1.31192,1200000,1200000
2023-07-14 12:32:38.841000,1.31206,1.31195,1200000,1200000
2023-07-14 12:32:38.943000,1.31206,1.31194,1200000,1200000
2023-07-14 12:32:39.653000,1.31207,1.31195,1200000,1200000
2023-07-14 12:33:05.698000,1.31205,1.31194,1200000,1200000
2023-07-14 12:33:08.603000,1.31202,1.31191,1200000,1200000
2023-07-14 12:33:08.705000,1.31201,1.3119,1200000,1200000
2023-07-14 12:33:09.288000,1.31201,1.31192,1200000,1800000
2023-07-14 12:33:09.809000,1.31204,1.31192,1200000,1200000
2023-07-14 12:33:11.759000,1.31203,1.31193,1200000,2170000
2023-07-14 12:33:11.861000,1.31207,1.31196,1200000,1200000
2023-07-14 12:33:20.811000,1.31208,1.31197,1200000,1200000
2023-07-14 12:33:20.964000,1.31211,1.31199,2100000,1320000
2023-07-14 12:33:21.066000,1.31213,1.31201,1200000,1200000
2023-07-14 12:33:23.427000,1.31214,1.31203,1800000,1200000
2023-07-14 12:33:32.388000,1.31214,1.31204,1200000,1320000
2023-07-14 12:33:32.439000,1.31216,1.31204,1200000,1200000
2023-07-14 12:33:32.541000,1.31215,1.31203,1200000,1350000
2023-07-14 12:33:34.482000,1.31214,1.31203,1200000,1200000
2023-07-14 12:33:35.306000,1.31213,1.31202,1200000,1200000
2023-07-14 12:33:36.319000,1.31213,1.31201,2200000,1200000
2023-07-14 12:33:36.422000,1.31202,1.31192,1350000,1200000
2023-07-14 12:33:36.473000,1.31201,1.3119,1200000,1200000
2023-07-14 12:33:36.575000,1.31203,1.31191,1350000,1200000
2023-07-14 12:33:39.132000,1.31202,1.3119,1320000,1200000
2023-07-14 12:33:39.874000,1.31199,1.3119,1200000,1200000
2023-07-14 12:33:43.473000,1.31202,1.31189,1200000,1200000
2023-07-14 12:33:43.524000,1.31203,1.31191,1200000,1200000
2023-07-14 12:33:49.125000,1.31202,1.3119,1200000,1200000
2023-07-14 12:33:49.278000,1.31201,1.31189,1200000,1200000
2023-07-14 12:33:51.879000,1.31203,1.31192,1200000,1200000
2023-07-14 12:33:53.600000,1.31202,1.31191,1200000,1200000
2023-07-14 12:33:53.702000,1.31204,1.3119,1200000,1200000
2023-07-14 12:33:54.007000,1.31201,1.31191,2700000,1200000
2023-07-14 12:33:54.109000,1.31199,1.31189,1200000,1200000
2023-07-14 12:33:55.054000,1.31197,1.31188,1200000,1200000
2023-07-14 12:33:58.288000,1.31201,1.31189,1200000,1200000
2023-07-14 12:33:58.492000,1.31199,1.31189,1200000,1200000
2023-07-14 12:33:58.841000,1.31201,1.3119,1200000,1800000
2023-07-14 12:33:58.943000,1.31201,1.31191,1200000,1200000
2023-07-14 12:33:59.206000,1.31204,1.31191,1600000,1200000
2023-07-14 12:33:59.309000,1.31205,1.31194,1200000,1800000
2023-07-14 12:33:59.360000,1.31207,1.31195,1200000,1200000
2023-07-14 12:34:00.109000,1.31207,1.31197,1200000,1200000
2023-07-14 12:34:01.047000,1.31207,1.31195,1200000,1200000
2023-07-14 12:34:01.201000,1.31204,1.31194,1200000,1200000
2023-07-14 12:34:02.931000,1.31203,1.31192,1200000,1200000
2023-07-14 12:34:03.038000,1.31202,1.31191,1200000,1800000
2023-07-14 12:34:03.441000,1.31204,1.31192,1200000,1200000
2023-07-14 12:34:03.666000,1.31205,1.31193,1200000,1200000
2023-07-14 12:34:04.585000,1.31204,1.31193,1200000,1200000
2023-07-14 12:34:04.944000,1.31205,1.31193,1200000,1200000
2023-07-14 12:34:05.097000,1.31207,1.31195,1120000,1200000
2023-07-14 12:34:05.198000,1.31206,1.31196,1200000,1200000
2023-07-14 12:34:06.283000,1.31206,1.31196,1120000,1200000
2023-07-14 12:34:06.477000,1.31207,1.31195,1200000,1200000
2023-07-14 12:34:06.707000,1.31207,1.31195,1120000,1200000
2023-07-14 12:34:06.882000,1.31206,1.31196,1200000,1200000
2023-07-14 12:34:07.309000,1.31207,1.31193,1890000,1200000
2023-07-14 12:34:08.198000,1.31207,1.31193,1620000,1200000
2023-07-14 12:34:08.300000,1.31207,1.31193,1800000,1200000
2023-07-14 12:34:08.402000,1.31207,1.31195,1200000,1200000
2023-07-14 12:34:13.534000,1.31208,1.31196,1200000,1200000
2023-07-14 12:34:14.580000,1.31208,1.31197,1200000,1200000
2023-07-14 12:34:15.116000,1.31209,1.31197,1200000,1200000
2023-07-14 12:34:15.344000,1.31208,1.31199,1200000,1200000
2023-07-14 12:34:15.776000,1.3121,1.31202,1200000,1200000
2023-07-14 12:34:15.878000,1.31214,1.31205,1200000,1200000
2023-07-14 12:34:15.930000,1.31217,1.31205,1200000,1200000
2023-07-14 12:34:16.991000,1.31217,1.31206,1200000,1200000
2023-07-14 12:34:17.253000,1.31217,1.31207,1200000,1200000
2023-07-14 12:34:19.232000,1.31217,1.31206,1200000,1200000
2023-07-14 12:34:19.335000,1.31216,1.31206,1200000,1200000
2023-07-14 12:34:19.880000,1.31217,1.31206,1200000,1200000
2023-07-14 12:34:21.058000,1.31218,1.31206,1200000,1200000
2023-07-14 12:34:22.634000,1.31219,1.31206,3150000,1200000
2023-07-14 12:34:22.736000,1.31222,1.3121,1800000,1890000
2023-07-14 12:34:22.788000,1.31226,1.31212,1200000,1200000
2023-07-14 12:34:22.921000,1.31225,1.31213,1200000,1200000
2023-07-14 12:34:23.026000,1.31225,1.31215,1200000,1200000
2023-07-14 12:34:23.128000,1.31227,1.31214,1800000,1200000
2023-07-14 12:34:24.654000,1.31227,1.31215,1800000,1200000
2023-07-14 12:34:25.809000,1.31229,1.31218,3150000,1620000
2023-07-14 12:34:25.911000,1.31235,1.31222,1200000,1200000
2023-07-14 12:34:26.013000,1.31235,1.31223,1200000,1200000
2023-07-14 12:34:26.165000,1.31235,1.31224,1200000,1200000
2023-07-14 12:34:26.571000,1.31236,1.31225,1350000,1200000
2023-07-14 12:34:27.253000,1.31236,1.3123,1200000,1200000
2023-07-14 12:34:27.304000,1.31242,1.31229,1600000,1200000
2023-07-14 12:34:27.356000,1.31242,1.31229,1200000,1200000
2023-07-14 12:34:27.407000,1.31242,1.31231,1200000,1200000
2023-07-14 12:34:28.632000,1.31238,1.3123,1800000,1200000
2023-07-14 12:34:28.885000,1.3124,1.31229,1200000,1200000
2023-07-14 12:34:29.089000,1.3124,1.31228,1350000,1200000
2023-07-14 12:34:30.805000,1.31236,1.31225,1200000,1200000
2023-07-14 12:34:30.907000,1.31235,1.31225,3150000,1200000
2023-07-14 12:34:32.160000,1.31236,1.31225,1200000,1200000
2023-07-14 12:34:32.918000,1.31238,1.31224,1350000,1200000
2023-07-14 12:34:33.021000,1.31236,1.31224,1200000,1200000
2023-07-14 12:34:34.661000,1.31236,1.31225,1350000,1200000
2023-07-14 12:34:34.763000,1.31234,1.31224,1200000,1200000
2023-07-14 12:34:36.453000,1.31235,1.31224,1200000,1200000
2023-07-14 12:34:37.676000,1.31236,1.31224,2250000,1200000
2023-07-14 12:34:37.778000,1.31237,1.31227,1200000,1200000
2023-07-14 12:34:37.880000,1.31237,1.31225,1200000,1200000
2023-07-14 12:34:38.083000,1.3124,1.31226,1200000,1620000
2023-07-14 12:34:38.186000,1.31243,1.31229,2250000,1200000
2023-07-14 12:34:38.744000,1.31243,1.3123,1200000,1200000
2023-07-14 12:34:39.837000,1.31239,1.31228,1800000,1200000
2023-07-14 12:34:39.940000,1.3124,1.31228,1200000,1200000
2023-07-14 12:34:40.196000,1.31239,1.31228,1200000,1200000
2023-07-14 12:34:40.608000,1.3124,1.31228,1200000,1200000
2023-07-14 12:34:40.712000,1.3124,1.31229,1200000,1200000
2023-07-14 12:34:40.814000,1.31242,1.31229,1800000,1200000
2023-07-14 12:34:40.916000,1.31241,1.31231,1200000,1200000
2023-07-14 12:34:40.968000,1.31239,1.31229,1200000,1200000
2023-07-14 12:34:41.170000,1.31239,1.31228,1200000,1200000
2023-07-14 12:34:43.119000,1.31241,1.31231,1200000,1200000
2023-07-14 12:34:44.160000,1.31243,1.31231,1200000,1200000
2023-07-14 12:34:44.334000,1.31242,1.31231,1200000,1200000
2023-07-14 12:34:44.435000,1.31241,1.31231,1200000,1200000
2023-07-14 12:34:44.537000,1.3124,1.31231,1200000,1200000
2023-07-14 12:34:44.639000,1.31241,1.31231,1200000,1200000
2023-07-14 12:34:44.754000,1.31243,1.3123,1200000,1200000
2023-07-14 12:34:45.193000,1.31242,1.3123,1200000,1200000
2023-07-14 12:34:45.882000,1.31241,1.3123,1120000,1200000
2023-07-14 12:34:45.984000,1.31241,1.3123,1200000,1200000
2023-07-14 12:34:47.017000,1.31241,1.3123,1120000,1200000
2023-07-14 12:34:47.119000,1.31241,1.3123,1320000,1200000
2023-07-14 12:34:47.271000,1.31242,1.31229,1120000,1200000
2023-07-14 12:34:47.373000,1.31242,1.31229,1200000,1200000
2023-07-14 12:34:49.235000,1.31243,1.31229,1800000,1200000
2023-07-14 12:34:49.337000,1.31242,1.31231,1200000,1200000
2023-07-14 12:34:49.561000,1.31242,1.31232,1200000,1200000
2023-07-14 12:34:50.369000,1.31243,1.31232,2700000,1200000
2023-07-14 12:34:50.870000,1.31244,1.31232,1890000,1200000
2023-07-14 12:34:51.345000,1.31244,1.31233,3150000,1200000
2023-07-14 12:34:51.919000,1.31244,1.31232,1800000,1200000
2023-07-14 12:34:52.911000,1.31244,1.31231,1800000,1200000
2023-07-14 12:34:53.013000,1.31244,1.3123,2790000,1200000
2023-07-14 12:34:53.115000,1.31244,1.3123,2370000,1200000
2023-07-14 12:34:53.217000,1.31244,1.3123,2790000,1200000
2023-07-14 12:34:53.522000,1.31243,1.3123,1200000,1200000
2023-07-14 12:34:55.030000,1.31244,1.3123,3150000,1200000
2023-07-14 12:34:56.540000,1.31244,1.31233,1350000,1200000
2023-07-14 12:34:57.048000,1.31242,1.31232,1200000,1200000
2023-07-14 12:34:58.845000,1.31242,1.31231,1200000,1200000
2023-07-14 12:34:58.947000,1.31245,1.31235,1800000,1200000
2023-07-14 12:34:59.100000,1.31246,1.31235,1200000,1800000
2023-07-14 12:35:00.111000,1.31248,1.31235,1320000,1200000
2023-07-14 12:35:00.264000,1.31245,1.31232,1200000,1200000
2023-07-14 12:35:00.365000,1.31244,1.31232,1350000,1200000
2023-07-14 12:35:02.101000,1.31242,1.31232,1100000,1200000
2023-07-14 12:35:02.188000,1.31241,1.3123,1350000,1200000
2023-07-14 12:35:03.331000,1.3124,1.31231,1600000,1200000
2023-07-14 12:35:03.433000,1.31239,1.3123,1350000,1200000
2023-07-14 12:35:04.326000,1.31234,1.31224,1200000,1800000
2023-07-14 12:35:04.428000,1.31233,1.31222,1350000,1200000
2023-07-14 12:35:05.175000,1.31234,1.31223,1200000,1200000
2023-07-14 12:35:05.954000,1.31235,1.31224,1200000,1200000
2023-07-14 12:35:06.243000,1.31235,1.31226,1200000,1200000
2023-07-14 12:35:07.360000,1.3124,1.31229,1200000,1200000
2023-07-14 12:35:07.462000,1.3124,1.31231,1200000,1200000
2023-07-14 12:35:07.818000,1.31242,1.31231,1200000,1200000
2023-07-14 12:35:07.870000,1.31244,1.31232,1200000,1200000
2023-07-14 12:35:10.486000,1.31247,1.31236,2700000,1200000
2023-07-14 12:35:11.062000,1.31246,1.31234,1200000,1200000
2023-07-14 12:35:11.115000,1.31243,1.31234,1200000,1200000
2023-07-14 12:35:11.370000,1.31243,1.31232,1200000,1200000
2023-07-14 12:35:11.573000,1.31243,1.31231,1200000,1200000
2023-07-14 12:35:13.851000,1.31242,1.3123,1320000,1200000
2023-07-14 12:35:14.004000,1.31239,1.31229,1200000,1200000
2023-07-14 12:35:14.055000,1.31237,1.31225,1200000,1200000
2023-07-14 12:35:14.156000,1.31236,1.31224,1200000,1200000
2023-07-14 12:35:14.498000,1.31234,1.31222,1200000,1200000
2023-07-14 12:35:14.802000,1.31233,1.31225,1200000,1200000
2023-07-14 12:35:14.853000,1.31236,1.31224,1200000,1800000
2023-07-14 12:35:16.148000,1.31234,1.31222,1200000,1200000
2023-07-14 12:35:18.982000,1.31233,1.31221,1200000,1200000
2023-07-14 12:35:19.085000,1.3123,1.3122,1320000,1200000
2023-07-14 12:35:19.187000,1.31229,1.31217,1200000,1200000
2023-07-14 12:35:19.509000,1.3123,1.31218,1200000,1800000
2023-07-14 12:35:19.614000,1.3123,1.31221,1200000,1200000
2023-07-14 12:35:19.817000,1.3123,1.31219,1200000,1200000
2023-07-14 12:35:19.970000,1.31231,1.31219,1200000,1200000
2023-07-14 12:35:20.073000,1.31232,1.31221,1200000,1200000
2023-07-14 12:35:21.101000,1.31232,1.31223,1200000,1200000
2023-07-14 12:35:24.462000,1.31233,1.31224,1200000,1200000
2023-07-14 12:35:24.564000,1.31234,1.31225,1200000,1200000
2023-07-14 12:35:24.967000,1.31236,1.31225,1200000,1200000
2023-07-14 12:35:27.219000,1.3124,1.31229,1200000,1200000
2023-07-14 12:35:27.321000,1.31241,1.3123,1200000,1200000
2023-07-14 12:35:27.778000,1.31242,1.31231,1200000,1200000
2023-07-14 12:35:29.089000,1.31243,1.31232,1200000,1200000
2023-07-14 12:35:30.016000,1.31241,1.31232,1200000,1200000
2023-07-14 12:35:31.258000,1.31242,1.31231,1120000,1200000
2023-07-14 12:35:31.360000,1.31241,1.3123,1200000,1200000
2023-07-14 12:35:32.729000,1.31241,1.31232,1200000,1200000
2023-07-14 12:35:34.416000,1.31244,1.31233,1200000,1200000
2023-07-14 12:35:34.771000,1.31245,1.31234,1200000,1200000
2023-07-14 12:35:34.873000,1.31248,1.31237,1200000,1200000
2023-07-14 12:35:35.902000,1.31249,1.31238,1200000,1200000
2023-07-14 12:35:36.189000,1.31251,1.31239,1620000,1200000
2023-07-14 12:35:36.404000,1.31253,1.3124,1890000,1200000
2023-07-14 12:35:36.740000,1.31252,1.31241,1120000,1200000
2023-07-14 12:35:37.053000,1.31253,1.31241,1620000,1200000
2023-07-14 12:35:37.543000,1.31252,1.31242,1120000,1200000
2023-07-14 12:35:37.749000,1.31253,1.31241,1120000,1200000
2023-07-14 12:35:38.101000,1.31253,1.31241,1120000,1200000
2023-07-14 12:35:38.203000,1.31249,1.3124,1200000,1200000
2023-07-14 12:35:43.993000,1.31249,1.31238,1200000,1200000
2023-07-14 12:35:45.254000,1.3125,1.31239,1200000,1200000
2023-07-14 12:35:46.579000,1.31249,1.31238,1200000,1200000
2023-07-14 12:35:51.152000,1.31249,1.31238,1200000,1600000
2023-07-14 12:35:51.758000,1.31253,1.31239,1620000,1350000
2023-07-14 12:35:51.962000,1.31253,1.31239,1120000,1350000
2023-07-14 12:35:52.064000,1.31252,1.3124,1620000,1200000
2023-07-14 12:35:52.115000,1.31252,1.3124,4620000,1200000
2023-07-14 12:35:52.846000,1.31253,1.31239,5370000,1200000
2023-07-14 12:35:52.897000,1.31253,1.31239,5370000,1200000
2023-07-14 12:35:52.999000,1.31253,1.31239,6120000,1350000
2023-07-14 12:35:53.455000,1.31253,1.31239,3120000,1350000
2023-07-14 12:35:53.785000,1.31252,1.3124,5370000,1200000
2023-07-14 12:35:53.925000,1.31253,1.31239,5370000,1200000
2023-07-14 12:35:55.443000,1.31252,1.3124,3120000,1200000
2023-07-14 12:35:55.758000,1.31253,1.31239,2370000,1200000
2023-07-14 12:35:55.910000,1.31252,1.3124,2370000,1200000
2023-07-14 12:35:56.012000,1.31252,1.31241,1620000,1200000
2023-07-14 12:35:56.902000,1.31253,1.3124,1800000,1200000
2023-07-14 12:35:59.005000,1.31253,1.3124,1620000,1200000
2023-07-14 12:35:59.107000,1.31253,1.3124,1800000,1200000
2023-07-14 12:35:59.844000,1.31254,1.3124,1890000,1200000
2023-07-14 12:35:59.946000,1.31253,1.3124,1200000,1200000
2023-07-14 12:36:00.539000,1.31254,1.3124,1800000,1200000
2023-07-14 12:36:00.641000,1.31254,1.3124,1350000,1720000
2023-07-14 12:36:00.945000,1.31254,1.3124,1240000,1720000
2023-07-14 12:36:01.047000,1.31254,1.3124,1990000,1200000
2023-07-14 12:36:01.487000,1.31253,1.3124,1620000,1200000
2023-07-14 12:36:01.589000,1.31253,1.3124,1890000,1200000
2023-07-14 12:36:02.110000,1.31253,1.3124,1620000,1200000
2023-07-14 12:36:02.212000,1.31253,1.3124,1800000,1200000
2023-07-14 12:36:05.951000,1.31253,1.31241,1320000,1200000
2023-07-14 12:36:06.103000,1.31256,1.31244,1720000,1200000
2023-07-14 12:36:06.205000,1.31257,1.31244,1600000,1200000
2023-07-14 12:36:07.149000,1.31254,1.31245,1350000,1200000
2023-07-14 12:36:07.200000,1.31255,1.31241,1440000,1200000
2023-07-14 12:36:07.606000,1.31254,1.3124,1800000,1200000
2023-07-14 12:36:07.809000,1.31252,1.3124,1200000,1200000
2023-07-14 12:36:07.911000,1.3125,1.31241,1100000,1200000
2023-07-14 12:36:08.383000,1.31251,1.31238,1720000,1200000
2023-07-14 12:36:08.922000,1.31251,1.31239,1800000,1200000
2023-07-14 12:36:09.876000,1.31251,1.3124,1440000,1200000
2023-07-14 12:36:12.722000,1.31252,1.3124,2340000,1200000
2023-07-14 12:36:12.824000,1.31253,1.3124,1990000,1200000
2023-07-14 12:36:13.028000,1.31252,1.31241,2340000,1200000
2023-07-14 12:36:14.092000,1.31252,1.31241,1990000,1200000
2023-07-14 12:36:15.420000,1.31252,1.31241,1440000,1200000
2023-07-14 12:36:15.624000,1.31256,1.31245,1350000,1800000
2023-07-14 12:36:15.726000,1.31258,1.31246,1700000,1200000
2023-07-14 12:36:15.879000,1.31258,1.31246,1600000,1200000
2023-07-14 12:36:16.082000,1.31259,1.31246,1700000,1200000
2023-07-14 12:36:16.674000,1.31258,1.31246,1600000,1200000
2023-07-14 12:36:16.776000,1.31255,1.31246,2340000,1200000
2023-07-14 12:36:16.879000,1.31255,1.31242,1100000,1200000
2023-07-14 12:36:17.567000,1.31254,1.31242,1100000,1200000
2023-07-14 12:36:17.854000,1.31252,1.31241,1100000,1200000
2023-07-14 12:36:18.234000,1.31251,1.31241,1800000,1200000
2023-07-14 12:36:18.799000,1.31252,1.3124,1200000,1200000
2023-07-14 12:36:19.767000,1.31252,1.3124,1100000,1200000
2023-07-14 12:36:20.057000,1.31249,1.31237,1200000,1200000
2023-07-14 12:36:20.648000,1.31248,1.31237,1100000,1200000
2023-07-14 12:36:21.260000,1.31247,1.31239,1100000,1200000
2023-07-14 12:36:21.582000,1.31248,1.31237,1100000,1200000
2023-07-14 12:36:22.647000,1.31247,1.31238,1200000,1200000
2023-07-14 12:36:23.403000,1.31248,1.31238,1200000,1200000
2023-07-14 12:36:23.633000,1.31248,1.31238,1100000,1200000
2023-07-14 12:36:24.397000,1.31247,1.31238,1100000,1200000
2023-07-14 12:36:24.670000,1.31246,1.31235,1320000,1200000
2023-07-14 12:36:24.721000,1.31245,1.31233,1320000,1200000
2023-07-14 12:36:25.377000,1.31243,1.31233,1200000,1200000
2023-07-14 12:36:25.479000,1.31248,1.31237,1320000,1200000
2023-07-14 12:36:25.737000,1.31248,1.31236,1200000,1200000
2023-07-14 12:36:27.629000,1.31248,1.31236,1720000,1200000
2023-07-14 12:36:30.158000,1.31249,1.31236,1120000,1200000
2023-07-14 12:36:30.260000,1.31249,1.31236,1200000,1200000
2023-07-14 12:36:31.109000,1.31252,1.31239,1200000,1200000
2023-07-14 12:36:31.211000,1.31253,1.3124,1800000,1200000
2023-07-14 12:36:31.313000,1.31254,1.31242,1120000,1200000
2023-07-14 12:36:31.414000,1.31254,1.31242,2340000,1200000
2023-07-14 12:36:31.516000,1.31253,1.31242,1200000,1200000
2023-07-14 12:36:33.152000,1.31253,1.31242,1620000,1200000
2023-07-14 12:36:33.273000,1.31251,1.31241,1320000,1200000
2023-07-14 12:36:33.388000,1.31252,1.3124,1240000,1200000
2023-07-14 12:36:33.608000,1.31252,1.31239,1240000,1200000
2023-07-14 12:36:33.710000,1.31251,1.31239,1120000,1200000
2023-07-14 12:36:33.812000,1.31249,1.31238,1200000,1200000
2023-07-14 12:36:33.864000,1.31249,1.31236,1200000,1200000
2023-07-14 12:36:34.067000,1.3125,1.31238,1350000,1200000
2023-07-14 12:36:34.170000,1.31251,1.31238,2250000,1200000
2023-07-14 12:36:34.423000,1.31251,1.31239,1200000,1200000
2023-07-14 12:36:34.677000,1.31252,1.31242,1800000,1200000
2023-07-14 12:36:34.830000,1.31252,1.31242,1620000,1200000
2023-07-14 12:36:37.386000,1.31253,1.31241,1890000,1200000
2023-07-14 12:36:38.828000,1.31253,1.31242,1440000,1200000
2023-07-14 12:36:40.748000,1.31253,1.31243,1200000,1200000
2023-07-14 12:36:41.002000,1.31255,1.31245,1350000,1200000
2023-07-14 12:36:41.104000,1.31257,1.31245,1600000,1200000
2023-07-14 12:36:41.562000,1.31253,1.31242,1350000,1200000
2023-07-14 12:36:41.614000,1.31252,1.31242,3220000,1200000
2023-07-14 12:36:41.817000,1.3125,1.31241,1350000,1200000
2023-07-14 12:36:41.919000,1.3125,1.31239,1200000,1200000
2023-07-14 12:36:45.889000,1.31248,1.31239,1200000,1200000
2023-07-14 12:36:46.042000,1.31247,1.31238,1350000,1200000
2023-07-14 12:36:46.144000,1.31244,1.31233,1200000,1200000
2023-07-14 12:36:46.246000,1.31245,1.31234,1200000,1200000
2023-07-14 12:36:46.398000,1.31245,1.31235,1200000,1100000
2023-07-14 12:36:46.500000,1.31245,1.31236,1200000,1720000
2023-07-14 12:36:46.853000,1.31246,1.31235,1200000,1350000
2023-07-14 12:36:46.955000,1.31248,1.31237,1200000,3220000
2023-07-14 12:36:47.006000,1.3125,1.31239,1200000,1200000
2023-07-14 12:36:47.108000,1.31252,1.31241,1200000,1200000
2023-07-14 12:36:48.587000,1.3125,1.31241,1200000,1200000
2023-07-14 12:36:49.468000,1.3125,1.31239,1200000,1200000
2023-07-14 12:36:50.097000,1.3125,1.31239,1200000,1600000
2023-07-14 12:36:50.300000,1.31252,1.31241,1200000,1200000
2023-07-14 12:36:50.453000,1.31252,1.31243,1200000,1200000
2023-07-14 12:36:52.518000,1.31252,1.31241,1200000,1200000
2023-07-14 12:36:56.064000,1.3125,1.31241,1200000,1350000
2023-07-14 12:37:02.240000,1.3125,1.31238,1200000,2250000
2023-07-14 12:37:05.670000,1.31245,1.31236,1200000,1200000
2023-07-14 12:37:05.721000,1.31244,1.31233,1720000,1200000
2023-07-14 12:37:05.847000,1.3124,1.31229,1350000,1200000
2023-07-14 12:37:05.949000,1.3124,1.31228,1350000,1200000
2023-07-14 12:37:06.279000,1.31238,1.31228,1200000,1200000
2023-07-14 12:37:10.633000,1.31241,1.31229,1200000,1200000
2023-07-14 12:37:11.477000,1.31238,1.31229,1200000,1200000
2023-07-14 12:37:11.823000,1.31239,1.31227,1200000,1800000
2023-07-14 12:37:12.856000,1.31244,1.31232,1200000,1200000
2023-07-14 12:37:12.958000,1.31244,1.31234,1200000,1890000
2023-07-14 12:37:13.059000,1.31247,1.31235,1200000,1200000
2023-07-14 12:37:13.212000,1.31249,1.31237,1200000,1200000
2023-07-14 12:37:13.908000,1.3125,1.31238,1200000,1800000
2023-07-14 12:37:15.888000,1.31249,1.31237,1200000,1200000
2023-07-14 12:37:15.990000,1.31247,1.31237,1200000,1200000
2023-07-14 12:37:22.057000,1.31246,1.31235,1320000,1200000
2023-07-14 12:37:22.159000,1.31241,1.31231,1200000,1200000
2023-07-14 12:37:22.415000,1.31239,1.31229,1200000,1200000
2023-07-14 12:37:25.609000,1.31238,1.31226,1200000,1200000
2023-07-14 12:37:29.137000,1.31237,1.31228,1200000,1200000
2023-07-14 12:37:29.188000,1.3124,1.31228,1200000,1200000
2023-07-14 12:37:29.291000,1.3124,1.31231,1200000,1200000
2023-07-14 12:37:34.773000,1.31243,1.31233,1200000,3150000
2023-07-14 12:37:34.825000,1.31246,1.31234,1200000,1200000
2023-07-14 12:37:37.241000,1.31244,1.31232,1320000,1200000
2023-07-14 12:37:37.342000,1.31243,1.31231,1200000,1200000
2023-07-14 12:37:38.915000,1.31244,1.31232,1200000,1200000
2023-07-14 12:37:39.436000,1.31243,1.31233,1120000,1200000
2023-07-14 12:37:39.784000,1.31243,1.31231,1320000,1200000
2023-07-14 12:37:48.096000,1.31245,1.31234,1200000,1200000
2023-07-14 12:37:48.198000,1.31245,1.31236,1200000,1200000
2023-07-14 12:37:48.778000,1.31246,1.31234,1200000,1200000
2023-07-14 12:37:51.484000,1.31246,1.31235,1200000,1200000
2023-07-14 12:37:51.988000,1.31247,1.31237,1200000,1200000
2023-07-14 12:37:52.090000,1.31247,1.31236,1200000,1200000
2023-07-14 12:37:53.106000,1.31248,1.31236,1200000,1200000
2023-07-14 12:37:53.644000,1.31249,1.31238,1200000,1200000
2023-07-14 12:37:54.610000,1.31251,1.31239,1200000,1200000
2023-07-14 12:37:55.853000,1.31249,1.31238,1200000,1200000
2023-07-14 12:37:56.108000,1.31247,1.31236,1200000,1200000
2023-07-14 12:37:56.211000,1.31246,1.31235,1200000,1200000
2023-07-14 12:37:56.262000,1.31245,1.31233,1200000,1200000
2023-07-14 12:37:56.516000,1.31244,1.31232,1200000,1200000
2023-07-14 12:37:56.783000,1.31243,1.31231,1200000,1200000
2023-07-14 12:37:56.885000,1.31241,1.31231,1350000,1200000
2023-07-14 12:37:57.088000,1.3124,1.31228,1200000,1200000
2023-07-14 12:37:59.413000,1.31241,1.31229,1200000,1800000
2023-07-14 12:38:00.502000,1.31239,1.31229,1200000,1200000
2023-07-14 12:38:03.731000,1.31241,1.31229,1200000,1200000
2023-07-14 12:38:11.357000,1.31239,1.31229,1200000,1200000
2023-07-14 12:38:12.678000,1.31238,1.31226,1200000,1200000
2023-07-14 12:38:14.476000,1.31239,1.31229,1320000,1200000
2023-07-14 12:38:32.040000,1.31241,1.31231,1200000,1200000
2023-07-14 12:38:34.634000,1.31242,1.31231,1200000,1200000
2023-07-14 12:38:35.340000,1.31241,1.31233,1200000,1200000
2023-07-14 12:38:35.442000,1.31244,1.31233,1200000,1200000
2023-07-14 12:38:35.494000,1.31247,1.31236,1200000,1200000
2023-07-14 12:38:35.816000,1.31249,1.31238,1200000,1200000
2023-07-14 12:38:35.968000,1.3125,1.31238,1200000,1200000
2023-07-14 12:38:36.648000,1.31249,1.31239,1120000,1350000
2023-07-14 12:38:36.800000,1.3125,1.31238,1320000,1350000
2023-07-14 12:38:38.654000,1.31249,1.3124,1200000,1200000
2023-07-14 12:38:38.756000,1.3125,1.31241,1200000,1200000
2023-07-14 12:38:46.607000,1.3125,1.31239,1200000,1200000
2023-07-14 12:38:51.030000,1.31248,1.31239,1120000,1200000
2023-07-14 12:38:51.084000,1.31244,1.31233,1200000,1200000
2023-07-14 12:38:51.714000,1.31245,1.31234,1200000,1200000
2023-07-14 12:38:51.765000,1.31246,1.31237,1200000,1200000
2023-07-14 12:38:53.879000,1.31249,1.31237,1320000,1200000
2023-07-14 12:38:54.437000,1.31245,1.31234,1320000,1200000
2023-07-14 12:38:54.896000,1.31243,1.31234,1200000,1200000
2023-07-14 12:39:10.219000,1.31244,1.31233,1120000,1200000
2023-07-14 12:39:10.577000,1.31243,1.31234,1320000,1200000
2023-07-14 12:39:10.716000,1.31243,1.31234,1120000,1200000
2023-07-14 12:39:10.846000,1.31244,1.31233,1320000,1200000
2023-07-14 12:39:11.805000,1.31243,1.31234,1120000,1200000
2023-07-14 12:39:11.949000,1.31244,1.31233,1320000,1200000
2023-07-14 12:39:14.182000,1.31244,1.31233,1120000,1200000
2023-07-14 12:39:14.716000,1.31244,1.31233,1320000,1200000
2023-07-14 12:39:15.410000,1.31243,1.31234,1120000,1200000
2023-07-14 12:39:15.579000,1.31244,1.31233,1320000,1200000
2023-07-14 12:39:15.862000,1.31243,1.31234,1120000,1200000
2023-07-14 12:39:15.964000,1.31244,1.31233,1120000,1200000
2023-07-14 12:39:16.066000,1.31233,1.31225,1200000,1800000
2023-07-14 12:39:16.118000,1.31232,1.31221,1200000,1200000
2023-07-14 12:39:16.231000,1.31229,1.31218,1200000,1200000
2023-07-14 12:39:16.834000,1.31228,1.31217,1200000,1200000
2023-07-14 12:39:16.937000,1.3123,1.31219,1200000,1200000
2023-07-14 12:39:17.038000,1.31231,1.3122,1200000,1200000
2023-07-14 12:39:17.659000,1.31231,1.31222,1200000,1200000
2023-07-14 12:39:17.987000,1.31233,1.31223,1320000,1200000
2023-07-14 12:39:19.210000,1.31233,1.31224,1120000,1200000
2023-07-14 12:39:20.316000,1.31234,1.31223,1120000,1200000
2023-07-14 12:39:20.423000,1.31234,1.31223,1120000,1200000
2023-07-14 12:39:21.048000,1.31234,1.31223,1120000,1200000
2023-07-14 12:39:21.150000,1.31234,1.31224,1120000,1200000
2023-07-14 12:39:21.253000,1.31236,1.31228,1200000,1200000
2023-07-14 12:39:21.355000,1.31241,1.31231,1120000,1200000
2023-07-14 12:39:21.469000,1.31242,1.31232,1120000,1200000
2023-07-14 12:39:21.571000,1.31242,1.31232,1120000,1200000
2023-07-14 12:39:22.294000,1.31244,1.31232,1320000,1200000
2023-07-14 12:39:22.599000,1.31243,1.31233,1120000,1200000
2023-07-14 12:39:22.751000,1.31243,1.31233,1320000,1200000
2023-07-14 12:39:24.213000,1.31244,1.31232,1120000,1200000
2023-07-14 12:39:24.837000,1.31243,1.3123,1120000,1200000
2023-07-14 12:39:25.368000,1.31242,1.31231,1120000,1200000
2023-07-14 12:39:25.520000,1.31243,1.3123,1320000,1200000
2023-07-14 12:39:26.267000,1.31244,1.3123,1120000,1200000
2023-07-14 12:39:26.485000,1.31238,1.31229,1200000,1200000
2023-07-14 12:39:26.536000,1.31243,1.31228,1120000,1200000
2023-07-14 12:39:26.985000,1.31244,1.3123,1620000,1200000
2023-07-14 12:39:27.461000,1.31243,1.31231,1620000,1200000
2023-07-14 12:39:27.791000,1.31243,1.31231,1620000,1200000
2023-07-14 12:39:28.503000,1.31244,1.3123,1320000,1200000
2023-07-14 12:39:28.605000,1.31245,1.31231,1990000,1200000
2023-07-14 12:39:28.757000,1.31245,1.31234,1320000,1200000
2023-07-14 12:39:28.859000,1.31248,1.31235,1120000,1200000
2023-07-14 12:39:28.961000,1.31245,1.31233,2870000,1200000
2023-07-14 12:39:31.999000,1.31244,1.31231,1320000,1200000
2023-07-14 12:39:32.611000,1.31243,1.31232,1800000,1200000
2023-07-14 12:39:32.783000,1.31245,1.31233,2340000,1200000
2023-07-14 12:39:33.146000,1.31244,1.31234,1240000,1200000
2023-07-14 12:39:33.248000,1.31245,1.31233,2200000,1200000
2023-07-14 12:39:34.197000,1.31244,1.31233,2950000,1200000
2023-07-14 12:39:34.919000,1.31245,1.31232,2790000,1200000
2023-07-14 12:39:35.021000,1.31245,1.31233,1200000,1200000
2023-07-14 12:39:35.174000,1.31246,1.31233,1320000,1200000
2023-07-14 12:39:36.377000,1.31248,1.31235,1120000,1720000
2023-07-14 12:39:36.480000,1.3125,1.31239,1620000,1200000
2023-07-14 12:39:37.239000,1.3125,1.31239,1120000,1200000
2023-07-14 12:39:37.493000,1.31251,1.31237,1120000,1200000
2023-07-14 12:39:37.660000,1.31251,1.31238,3870000,1200000
2023-07-14 12:39:37.762000,1.31256,1.31245,1700000,1200000
2023-07-14 12:39:37.864000,1.31258,1.31247,1620000,1200000
2023-07-14 12:39:37.966000,1.31259,1.31247,1720000,1200000
2023-07-14 12:39:38.068000,1.3126,1.31247,1720000,1200000
2023-07-14 12:39:38.423000,1.3126,1.31246,1620000,1200000
2023-07-14 12:39:39.858000,1.31261,1.31247,2120000,1200000
2023-07-14 12:39:40.303000,1.3126,1.31248,1720000,1200000
2023-07-14 12:39:40.405000,1.31261,1.31248,1120000,1200000
2023-07-14 12:39:42.686000,1.31258,1.31249,1200000,1200000
2023-07-14 12:39:43.177000,1.31258,1.31249,1120000,1200000
2023-07-14 12:39:43.279000,1.31258,1.31249,1320000,1200000
2023-07-14 12:39:43.482000,1.31259,1.31248,1120000,1200000
2023-07-14 12:39:43.584000,1.31258,1.31249,1320000,1200000
2023-07-14 12:39:44.374000,1.31258,1.31248,1120000,1200000
2023-07-14 12:39:45.243000,1.31259,1.31247,1320000,1200000
2023-07-14 12:39:45.527000,1.31258,1.31247,1320000,1200000
2023-07-14 12:39:48.551000,1.31258,1.31248,1320000,1200000
2023-07-14 12:39:48.653000,1.31258,1.31247,1200000,1200000
2023-07-14 12:39:48.755000,1.31258,1.31248,1200000,1200000
2023-07-14 12:39:50.364000,1.31259,1.31248,1320000,1200000
2023-07-14 12:39:51.227000,1.3126,1.31249,1320000,1200000
2023-07-14 12:39:52.330000,1.3126,1.31249,1120000,1200000
2023-07-14 12:39:52.902000,1.3126,1.31249,1320000,1200000
2023-07-14 12:39:53.718000,1.31259,1.3125,1120000,1200000
2023-07-14 12:39:54.114000,1.3126,1.31249,1320000,1200000
2023-07-14 12:39:59.607000,1.31263,1.31253,1200000,1200000
2023-07-14 12:39:59.659000,1.31266,1.31254,1200000,1350000
2023-07-14 12:39:59.711000,1.31267,1.31256,1200000,1200000
2023-07-14 12:39:59.813000,1.31269,1.31257,1320000,1200000
2023-07-14 12:40:00.219000,1.3127,1.31258,1800000,1200000
2023-07-14 12:40:01.009000,1.31268,1.31258,1320000,1200000
2023-07-14 12:40:01.061000,1.31268,1.31256,1320000,1200000
2023-07-14 12:40:03.654000,1.31268,1.31256,1120000,1200000
2023-07-14 12:40:03.933000,1.31267,1.31256,1120000,1200000
2023-07-14 12:40:04.178000,1.31267,1.31256,1320000,1200000
2023-07-14 12:40:04.666000,1.31268,1.31255,1120000,1200000
2023-07-14 12:40:05.308000,1.31268,1.31255,1320000,1200000
2023-07-14 12:40:05.460000,1.31268,1.31255,1120000,1200000
2023-07-14 12:40:05.562000,1.31268,1.31255,1320000,1200000
2023-07-14 12:40:06.060000,1.31268,1.31255,1120000,1200000
2023-07-14 12:40:06.366000,1.31267,1.31255,1120000,1200000
2023-07-14 12:40:06.417000,1.31265,1.31252,2370000,1200000
2023-07-14 12:40:08.451000,1.31263,1.31252,2220000,1200000
2023-07-14 12:40:08.553000,1.31263,1.31251,2490000,1200000
2023-07-14 12:40:08.604000,1.3126,1.31249,1320000,1200000
2023-07-14 12:40:08.706000,1.3126,1.31247,1120000,1200000
2023-07-14 12:40:09.332000,1.31256,1.31246,1120000,1200000
2023-07-14 12:40:09.434000,1.31254,1.31242,1120000,1200000
2023-07-14 12:40:09.688000,1.31253,1.3124,1120000,1200000
2023-07-14 12:40:11.017000,1.31253,1.31241,1320000,1200000
2023-07-14 12:40:11.768000,1.31256,1.31243,1120000,1200000
2023-07-14 12:40:12.276000,1.31255,1.31243,1120000,1200000
2023-07-14 12:40:12.492000,1.31255,1.31243,1120000,1200000
2023-07-14 12:40:12.594000,1.31253,1.31243,1120000,1200000
2023-07-14 12:40:12.746000,1.31253,1.31242,1120000,1200000
2023-07-14 12:40:12.999000,1.31253,1.31242,1120000,1200000
2023-07-14 12:40:13.519000,1.31256,1.31245,1320000,1200000
2023-07-14 12:40:13.621000,1.31258,1.31245,1320000,1200000
2023-07-14 12:40:13.723000,1.31257,1.31246,1120000,1200000
2023-07-14 12:40:13.775000,1.3126,1.31246,1120000,1200000
2023-07-14 12:40:13.877000,1.3126,1.31247,1320000,1200000
2023-07-14 12:40:13.978000,1.31259,1.3125,1320000,1200000
2023-07-14 12:40:14.687000,1.31261,1.31249,1320000,1200000
2023-07-14 12:40:14.917000,1.3126,1.3125,1120000,1200000
2023-07-14 12:40:15.117000,1.3126,1.3125,1320000,1200000
2023-07-14 12:40:15.219000,1.31261,1.31249,1120000,1200000
2023-07-14 12:40:16.194000,1.31261,1.31249,1120000,1200000
2023-07-14 12:40:16.296000,1.31261,1.31249,1120000,1200000
2023-07-14 12:40:16.397000,1.31261,1.31249,1120000,1200000
2023-07-14 12:40:17.100000,1.31261,1.31249,1120000,1200000
2023-07-14 12:40:17.420000,1.31261,1.31249,1120000,1200000
2023-07-14 12:40:17.471000,1.31255,1.31245,1320000,1200000
2023-07-14 12:40:17.573000,1.31256,1.31243,1320000,1200000
2023-07-14 12:40:18.795000,1.31256,1.31244,1320000,1200000
2023-07-14 12:40:20.980000,1.31255,1.31243,1120000,1200000
2023-07-14 12:40:21.082000,1.31255,1.31242,1120000,1200000
2023-07-14 12:40:21.234000,1.31253,1.31242,1120000,1200000
2023-07-14 12:40:22.169000,1.31253,1.31241,1620000,1200000
2023-07-14 12:40:24.987000,1.31253,1.31241,1620000,1200000
2023-07-14 12:40:25.327000,1.31252,1.3124,1120000,1200000
2023-07-14 12:40:25.542000,1.31251,1.31239,1200000,1200000
2023-07-14 12:40:25.902000,1.3125,1.3124,1120000,1200000
2023-07-14 12:40:26.138000,1.31251,1.31239,1320000,1200000
2023-07-14 12:40:26.538000,1.31251,1.31239,1120000,1200000
2023-07-14 12:40:27.003000,1.3125,1.31239,1120000,1200000
2023-07-14 12:40:28.527000,1.3125,1.31236,1120000,1200000
2023-07-14 12:40:28.578000,1.31251,1.3124,1620000,1200000
2023-07-14 12:40:28.680000,1.31253,1.3124,1620000,1200000
2023-07-14 12:40:33.835000,1.31253,1.31241,1620000,1200000
2023-07-14 12:40:33.937000,1.31256,1.31245,1200000,1200000
2023-07-14 12:40:34.039000,1.3126,1.31246,1320000,1200000
2023-07-14 12:40:34.141000,1.31259,1.31247,1120000,1200000
2023-07-14 12:40:34.243000,1.3126,1.31246,1320000,1200000
2023-07-14 12:40:34.345000,1.31259,1.31248,1320000,1200000
2023-07-14 12:40:34.599000,1.3126,1.31248,1890000,1200000
2023-07-14 12:40:34.701000,1.31261,1.31249,1320000,1200000
2023-07-14 12:40:35.668000,1.31262,1.3125,1350000,1200000
2023-07-14 12:40:36.296000,1.31259,1.3125,1200000,1200000
2023-07-14 12:40:36.347000,1.31259,1.31247,1320000,1200000
2023-07-14 12:40:36.499000,1.31259,1.31246,1320000,1200000
2023-07-14 12:40:38.078000,1.31257,1.31245,1200000,1200000
2023-07-14 12:40:38.231000,1.31255,1.31244,1200000,1200000
2023-07-14 12:40:39.222000,1.31253,1.31244,1200000,1200000
2023-07-14 12:40:39.565000,1.31252,1.31242,1200000,1200000
2023-07-14 12:40:40.847000,1.31252,1.3124,1200000,1200000
2023-07-14 12:40:41.974000,1.3125,1.31239,1200000,1200000
2023-07-14 12:40:42.025000,1.31248,1.31238,1200000,1200000
2023-07-14 12:40:42.380000,1.3125,1.31239,1200000,1200000
2023-07-14 12:40:42.583000,1.31251,1.3124,1200000,1200000
2023-07-14 12:40:47.608000,1.3125,1.31239,1200000,1200000
2023-07-14 12:40:48.935000,1.31245,1.31234,1200000,1200000
2023-07-14 12:40:49.150000,1.31246,1.31237,1200000,1800000
2023-07-14 12:40:49.256000,1.31249,1.31238,1200000,1200000
2023-07-14 12:40:49.814000,1.3125,1.31239,1200000,1200000
2023-07-14 12:40:56.381000,1.31252,1.3124,1320000,1200000
2023-07-14 12:40:57.665000,1.3125,1.31238,1200000,1200000
2023-07-14 12:41:00.074000,1.31251,1.31239,1200000,1200000
2023-07-14 12:41:01.442000,1.31251,1.31238,1200000,1200000
2023-07-14 12:41:02.056000,1.3125,1.31238,1200000,1200000
2023-07-14 12:41:07.246000,1.31255,1.31245,2250000,1200000
2023-07-14 12:41:07.350000,1.31258,1.31246,1200000,1200000
2023-07-14 12:41:08.838000,1.31259,1.31247,1200000,1800000
2023-07-14 12:41:09.363000,1.31257,1.31246,1200000,1200000
2023-07-14 12:41:09.566000,1.31257,1.31245,1200000,1200000
2023-07-14 12:41:09.668000,1.31255,1.31245,1200000,1200000
2023-07-14 12:41:09.769000,1.31255,1.31243,1200000,1200000
2023-07-14 12:41:12.133000,1.31255,1.31242,1200000,1200000
2023-07-14 12:41:13.685000,1.31256,1.31244,1440000,1200000
2023-07-14 12:41:13.786000,1.31255,1.31243,1200000,1200000
2023-07-14 12:41:14.751000,1.31255,1.31242,1200000,1200000
2023-07-14 12:41:16.551000,1.31255,1.31243,1200000,1200000
2023-07-14 12:41:18.481000,1.31254,1.31244,1600000,1200000
2023-07-14 12:41:18.886000,1.31253,1.31243,1200000,1200000
2023-07-14 12:41:21.548000,1.31251,1.3124,1200000,1200000
2023-07-14 12:41:21.651000,1.31251,1.31238,2250000,1200000
2023-07-14 12:41:22.489000,1.31251,1.31238,1600000,1200000
2023-07-14 12:41:22.743000,1.31251,1.31238,1200000,1800000
2023-07-14 12:41:25.063000,1.31254,1.31241,1200000,1200000
2023-07-14 12:41:25.165000,1.31254,1.31242,1200000,1200000
2023-07-14 12:41:25.606000,1.31254,1.31243,1200000,1200000
2023-07-14 12:41:28.036000,1.31253,1.31241,1200000,1200000
2023-07-14 12:41:28.138000,1.31252,1.3124,1200000,1200000
2023-07-14 12:41:28.341000,1.31255,1.31243,1200000,1200000
2023-07-14 12:41:28.866000,1.31256,1.31244,1200000,1200000
2023-07-14 12:41:29.966000,1.31254,1.31242,1200000,1200000
2023-07-14 12:41:30.068000,1.31252,1.31242,1200000,1200000
2023-07-14 12:41:30.271000,1.31253,1.31243,1200000,1200000
2023-07-14 12:41:38.957000,1.31255,1.31242,1200000,1200000
2023-07-14 12:41:41.651000,1.31256,1.31244,1200000,1200000
2023-07-14 12:41:41.854000,1.31257,1.31245,1200000,1200000
2023-07-14 12:41:41.955000,1.31258,1.31246,1200000,1200000
2023-07-14 12:41:42.811000,1.31255,1.31246,1200000,1200000
2023-07-14 12:41:43.127000,1.31255,1.31243,1200000,1200000
2023-07-14 12:41:43.804000,1.31253,1.31243,1200000,1200000
2023-07-14 12:41:43.856000,1.31253,1.31241,1700000,1200000
2023-07-14 12:41:46.094000,1.31251,1.31239,1200000,1200000
2023-07-14 12:41:48.442000,1.31251,1.31239,1600000,1200000
2023-07-14 12:41:48.936000,1.3125,1.31238,1700000,1200000
2023-07-14 12:41:48.987000,1.31244,1.31233,1200000,2250000
2023-07-14 12:41:49.038000,1.31245,1.31235,1200000,1200000
2023-07-14 12:41:50.569000,1.31247,1.31235,1200000,1200000
2023-07-14 12:41:52.666000,1.31245,1.31234,1200000,1200000
2023-07-14 12:41:54.105000,1.31243,1.31233,1200000,1200000
2023-07-14 12:41:54.207000,1.31243,1.31232,1350000,1200000
2023-07-14 12:41:54.481000,1.3124,1.31229,1200000,1200000
2023-07-14 12:41:54.533000,1.31239,1.31227,1200000,1200000
2023-07-14 12:41:54.685000,1.3124,1.31228,1200000,1200000
2023-07-14 12:41:54.966000,1.31241,1.31228,2250000,1200000
2023-07-14 12:41:56.499000,1.31241,1.31228,2100000,1200000
2023-07-14 12:41:57.019000,1.31241,1.31228,1200000,1200000
2023-07-14 12:41:57.070000,1.31239,1.31227,1200000,1200000
2023-07-14 12:41:59.154000,1.3124,1.31229,1200000,1200000
2023-07-14 12:41:59.205000,1.31242,1.3123,1200000,1200000
2023-07-14 12:42:01.336000,1.31239,1.31228,1200000,1200000
2023-07-14 12:42:09.672000,1.31241,1.3123,1350000,1200000
2023-07-14 12:42:10.513000,1.31241,1.31232,1200000,1200000
2023-07-14 12:42:14.672000,1.31241,1.3123,1200000,1200000
2023-07-14 12:42:21,1.31243,1.31232,1200000,1200000
2023-07-14 12:42:21.304000,1.31247,1.31236,1200000,1200000
2023-07-14 12:42:21.406000,1.31248,1.31237,1200000,1200000
2023-07-14 12:42:21.667000,1.31248,1.31239,1200000,1200000
2023-07-14 12:42:23.044000,1.3125,1.31239,1200000,1200000
2023-07-14 12:42:24.143000,1.31249,1.31238,1200000,1200000
2023-07-14 12:42:32.500000,1.31245,1.31234,1200000,1200000
2023-07-14 12:42:32.705000,1.31247,1.31236,1200000,1200000
2023-07-14 12:42:36.129000,1.31244,1.31235,1200000,1200000
2023-07-14 12:42:36.231000,1.31246,1.31234,1200000,1200000
2023-07-14 12:42:36.490000,1.31247,1.31236,1200000,1200000
2023-07-14 12:42:40.357000,1.31245,1.31236,1200000,1200000
2023-07-14 12:42:40.459000,1.31243,1.31234,1200000,1200000
2023-07-14 12:42:40.717000,1.31244,1.31233,1720000,1200000
2023-07-14 12:42:40.819000,1.31244,1.31234,1100000,1200000
2023-07-14 12:42:40.989000,1.31245,1.31234,1200000,1200000
2023-07-14 12:42:41.040000,1.31247,1.31236,1200000,1200000
2023-07-14 12:42:41.294000,1.31248,1.31237,1800000,1200000
2023-07-14 12:42:41.817000,1.31249,1.31238,1800000,1200000
2023-07-14 12:42:48.468000,1.31251,1.3124,1200000,1200000
2023-07-14 12:42:48.927000,1.31252,1.31241,1200000,1200000
2023-07-14 12:42:50.347000,1.31254,1.31243,1200000,1200000
2023-07-14 12:42:50.449000,1.31256,1.31245,1200000,1200000
2023-07-14 12:42:51.021000,1.31257,1.31247,1200000,1200000
2023-07-14 12:42:51.337000,1.31258,1.31247,1890000,1200000
2023-07-14 12:42:52.199000,1.31258,1.31249,1200000,1200000
2023-07-14 12:42:52.301000,1.3126,1.31249,1200000,1200000
2023-07-14 12:42:56.547000,1.31261,1.3125,1200000,1600000
2023-07-14 12:42:56.598000,1.31266,1.31254,1350000,1200000
2023-07-14 12:42:56.649000,1.31266,1.31257,1200000,1200000
2023-07-14 12:42:58.462000,1.31268,1.31257,1200000,1200000
2023-07-14 12:43:01.193000,1.3127,1.31261,1200000,1200000
2023-07-14 12:43:01.295000,1.31272,1.31261,2250000,1200000
2023-07-14 12:43:01.397000,1.31271,1.3126,1200000,1200000
2023-07-14 12:43:01.499000,1.3127,1.31259,1200000,1200000
2023-07-14 12:43:07.105000,1.31268,1.31257,1200000,1200000
2023-07-14 12:43:08.166000,1.31265,1.31257,1350000,1200000
2023-07-14 12:43:08.218000,1.31262,1.31251,1350000,1200000
2023-07-14 12:43:08.522000,1.31263,1.31254,1200000,1200000
2023-07-14 12:43:08.877000,1.31264,1.31253,1720000,1200000
2023-07-14 12:43:09.888000,1.31262,1.31251,1350000,1200000
2023-07-14 12:43:10.794000,1.31262,1.31251,1720000,1200000
2023-07-14 12:43:10.998000,1.31261,1.3125,1350000,1200000
2023-07-14 12:43:11.813000,1.31262,1.31251,1720000,1200000
2023-07-14 12:43:12.557000,1.31262,1.31251,1800000,1200000
2023-07-14 12:43:13.422000,1.3126,1.31252,1100000,1200000
2023-07-14 12:43:14.396000,1.3126,1.31249,1350000,1200000
2023-07-14 12:43:18.457000,1.31259,1.31249,1100000,1200000
2023-07-14 12:43:18.559000,1.31258,1.31249,2470000,1200000
2023-07-14 12:43:18.661000,1.31258,1.31247,1350000,1200000
2023-07-14 12:43:19.322000,1.31253,1.31242,1350000,1200000
2023-07-14 12:43:19.424000,1.31252,1.31241,1200000,1200000
2023-07-14 12:43:19.911000,1.31252,1.31241,1720000,1200000
2023-07-14 12:43:20.571000,1.31252,1.31241,1350000,1200000
2023-07-14 12:43:20.773000,1.31253,1.31242,1600000,1200000
2023-07-14 12:43:21.027000,1.31252,1.31241,1350000,1200000
2023-07-14 12:43:21.376000,1.31252,1.31241,1720000,1200000
2023-07-14 12:43:24.193000,1.31252,1.31241,1350000,1200000
2023-07-14 12:43:28.867000,1.31252,1.31241,1600000,1200000
2023-07-14 12:43:29.898000,1.31251,1.31242,1200000,1200000
2023-07-14 12:43:31.420000,1.31253,1.31241,1350000,1200000
2023-07-14 12:43:32.504000,1.31253,1.31244,1350000,1200000
2023-07-14 12:43:32.606000,1.31255,1.31244,1720000,1200000
2023-07-14 12:43:32.712000,1.31255,1.31244,1200000,1200000
2023-07-14 12:43:33.816000,1.31256,1.31245,1200000,1200000
2023-07-14 12:43:33.969000,1.31257,1.31248,1800000,1200000
2023-07-14 12:43:34.121000,1.31257,1.31249,1200000,1200000
2023-07-14 12:43:34.223000,1.31259,1.31248,1200000,1200000
2023-07-14 12:43:35.394000,1.31262,1.31253,2100000,1200000
2023-07-14 12:43:35.446000,1.31263,1.31254,1200000,1200000
2023-07-14 12:43:36.238000,1.31262,1.31251,1200000,1200000
2023-07-14 12:43:36.340000,1.31261,1.3125,1200000,1200000
2023-07-14 12:43:40.489000,1.3126,1.31249,1200000,1200000
2023-07-14 12:43:42.650000,1.3126,1.31251,1200000,1200000
2023-07-14 12:43:43.542000,1.31263,1.31252,1200000,1200000
2023-07-14 12:43:43.839000,1.31262,1.31251,1200000,1200000
2023-07-14 12:43:43.941000,1.3126,1.31251,1200000,1200000
2023-07-14 12:43:44.093000,1.3126,1.31249,1200000,1200000
2023-07-14 12:43:46.192000,1.31258,1.31248,1200000,1200000
2023-07-14 12:43:46.243000,1.31258,1.31246,1800000,1200000
2023-07-14 12:43:46.784000,1.31257,1.31246,1100000,1200000
2023-07-14 12:43:47.797000,1.31257,1.31246,1350000,1200000
2023-07-14 12:43:48.657000,1.31258,1.31247,1200000,1200000
2023-07-14 12:43:48.759000,1.31259,1.3125,1200000,1200000
2023-07-14 12:43:49.570000,1.3126,1.31249,1800000,1200000
2023-07-14 12:43:49.875000,1.31257,1.31248,1200000,1200000
2023-07-14 12:43:49.977000,1.31254,1.31243,1200000,1200000
2023-07-14 12:43:51.455000,1.31253,1.31242,1200000,1200000
2023-07-14 12:43:51.709000,1.31252,1.31241,1200000,1200000
2023-07-14 12:43:52.267000,1.31252,1.31241,1720000,1200000
2023-07-14 12:43:52.505000,1.31251,1.31242,1200000,1200000
2023-07-14 12:43:52.844000,1.31253,1.31242,1200000,1200000
2023-07-14 12:43:54.730000,1.31252,1.31242,1200000,1200000
2023-07-14 12:43:55.710000,1.31256,1.31245,1800000,1200000
2023-07-14 12:43:55.762000,1.31258,1.31247,1600000,1200000
2023-07-14 12:43:55.863000,1.31258,1.31247,1200000,1200000
2023-07-14 12:43:57.082000,1.31259,1.31248,1200000,1200000
2023-07-14 12:44:00.830000,1.31258,1.31247,1200000,1200000
2023-07-14 12:44:03.836000,1.31259,1.3125,1200000,1200000
2023-07-14 12:44:08.855000,1.31258,1.31247,1200000,1200000
2023-07-14 12:44:11.800000,1.3126,1.31249,1200000,1200000
2023-07-14 12:44:15.691000,1.31263,1.31252,1200000,1200000
2023-07-14 12:44:17.051000,1.31265,1.31254,1200000,1200000
2023-07-14 12:44:17.102000,1.31267,1.31257,1200000,1200000
2023-07-14 12:44:20.823000,1.31267,1.31256,1200000,1200000
2023-07-14 12:44:31.420000,1.31267,1.31257,1200000,1200000
2023-07-14 12:44:41.576000,1.31266,1.31254,1200000,1200000
2023-07-14 12:44:42.579000,1.31263,1.31253,1440000,1200000
2023-07-14 12:44:42.681000,1.31262,1.3125,1200000,1200000
2023-07-14 12:44:42.783000,1.31261,1.31249,1600000,1200000
2023-07-14 12:44:43.329000,1.31259,1.31249,1350000,1200000
2023-07-14 12:44:58.648000,1.31255,1.31243,1840000,3600000
2023-07-14 12:44:58.699000,1.31253,1.31241,1320000,1200000
2023-07-14 12:44:58.801000,1.31252,1.3124,1700000,1200000
2023-07-14 12:45:02.842000,1.3125,1.31238,1350000,1200000
