time,ask,bid,ask_volume,bid_volume
2018-11-23 13:25:00.159000,1.32358,1.32348,1500000,1000000
2018-11-23 13:25:00.313000,1.32365,1.32355,1200000,1000000
2018-11-23 13:25:00.805000,1.32367,1.32355,1100000,1000000
2018-11-23 13:25:01.357000,1.32369,1.32358,1200000,1000000
2018-11-23 13:25:01.663000,1.32367,1.32355,1500000,1500000
2018-11-23 13:25:01.889000,1.32365,1.32355,1000000,1000000
2018-11-23 13:25:01.941000,1.32367,1.32355,2620000,1000000
2018-11-23 13:25:03.139000,1.32366,1.32355,1000000,1500000
2018-11-23 13:25:04.749000,1.32366,1.32356,1000000,1000000
2018-11-23 13:25:04.851000,1.32368,1.32358,1000000,1120000
2018-11-23 13:25:05.286000,1.32367,1.32356,1000000,1000000
2018-11-23 13:25:06.068000,1.32368,1.32358,1570000,1000000
2018-11-23 13:25:06.661000,1.32367,1.32357,1000000,1000000
2018-11-23 13:25:06.713000,1.32367,1.32355,1000000,1120000
2018-11-23 13:25:07.133000,1.32369,1.32357,2700000,2620000
2018-11-23 13:25:07.651000,1.32368,1.32357,1000000,1000000
2018-11-23 13:25:09.061000,1.32367,1.32355,1000000,3370000
2018-11-23 13:25:10.634000,1.32369,1.32359,1000000,1120000
2018-11-23 13:25:10.738000,1.32372,1.32361,1200000,1500000
2018-11-23 13:25:11.322000,1.32371,1.32359,1500000,2620000
2018-11-23 13:25:11.425000,1.32367,1.32356,1500000,1000000
2018-11-23 13:25:14,1.32368,1.32357,1100000,1000000
2018-11-23 13:25:14.565000,1.32367,1.32357,1000000,1000000
2018-11-23 13:25:15.203000,1.32368,1.32357,1000000,1000000
2018-11-23 13:25:16.029000,1.32367,1.32357,1000000,1000000
2018-11-23 13:25:16.574000,1.32366,1.32357,1000000,1000000
2018-11-23 13:25:17.674000,1.32369,1.3236,1450000,1000000
2018-11-23 13:25:17.727000,1.32371,1.3236,1100000,1000000
2018-11-23 13:25:17.986000,1.32372,1.32362,1000000,1500000
2018-11-23 13:25:18.902000,1.32372,1.32363,1500000,1000000
2018-11-23 13:25:19.006000,1.32372,1.32361,1500000,1120000
2018-11-23 13:25:20.088000,1.32372,1.32363,1000000,2620000
2018-11-23 13:25:20.140000,1.32374,1.32363,1200000,1000000
2018-11-23 13:25:20.236000,1.32376,1.32364,2700000,1000000
2018-11-23 13:25:20.646000,1.32374,1.32364,1000000,1000000
2018-11-23 13:25:21.094000,1.32374,1.32366,1000000,1000000
2018-11-23 13:25:21.199000,1.32376,1.32366,1000000,1000000
2018-11-23 13:25:23.881000,1.32377,1.32367,1000000,1000000
2018-11-23 13:25:24.047000,1.3238,1.32369,1200000,1000000
2018-11-23 13:25:24.100000,1.32381,1.32369,1500000,1000000
2018-11-23 13:25:24.154000,1.32378,1.32369,1000000,1000000
2018-11-23 13:25:24.668000,1.3238,1.32368,1000000,1170000
2018-11-23 13:25:24.720000,1.3238,1.3237,1000000,1000000
2018-11-23 13:25:25.234000,1.32381,1.3237,1000000,1000000
2018-11-23 13:25:30.992000,1.3238,1.3237,2250000,1000000
2018-11-23 13:25:31.336000,1.32376,1.32367,1500000,1000000
2018-11-23 13:25:32.268000,1.32377,1.32367,1000000,1500000
2018-11-23 13:25:32.579000,1.32379,1.32369,1500000,1000000
2018-11-23 13:25:33.393000,1.3238,1.3237,1500000,1000000
2018-11-23 13:25:33.993000,1.32381,1.3237,1500000,1000000
2018-11-23 13:25:34.442000,1.32379,1.32367,3750000,1000000
2018-11-23 13:25:34.546000,1.32376,1.32366,1500000,1000000
2018-11-23 13:25:34.958000,1.32374,1.32366,1000000,1000000
2018-11-23 13:25:35.422000,1.32376,1.32366,1100000,1000000
2018-11-23 13:25:35.942000,1.32377,1.32367,2700000,1000000
2018-11-23 13:25:37.129000,1.3238,1.32369,1950000,1000000
2018-11-23 13:25:37.181000,1.3238,1.32369,1000000,1000000
2018-11-23 13:25:37.438000,1.32379,1.32367,1500000,1000000
2018-11-23 13:25:37.854000,1.32379,1.32369,1000000,1000000
2018-11-23 13:25:38.394000,1.32378,1.32369,3750000,1000000
2018-11-23 13:25:39.242000,1.32379,1.32369,1000000,1000000
2018-11-23 13:25:39.769000,1.32379,1.3237,1000000,1000000
2018-11-23 13:25:40.106000,1.32381,1.3237,1000000,1000000
2018-11-23 13:25:40.628000,1.32382,1.3237,2320000,1000000
2018-11-23 13:25:41.525000,1.3238,1.3237,1000000,1000000
2018-11-23 13:25:41.630000,1.32379,1.32367,1120000,1500000
2018-11-23 13:25:43.672000,1.32377,1.32365,1000000,1500000
2018-11-23 13:25:44.006000,1.32373,1.32363,2620000,1000000
2018-11-23 13:25:44.525000,1.32374,1.32364,1000000,1000000
2018-11-23 13:25:45.061000,1.32375,1.32364,1870000,1000000
2018-11-23 13:25:45.370000,1.32373,1.32364,1000000,1000000
2018-11-23 13:25:45.886000,1.32374,1.32364,1000000,1000000
2018-11-23 13:25:46.392000,1.32375,1.32364,1000000,1000000
2018-11-23 13:25:47.056000,1.32375,1.32366,1000000,1000000
2018-11-23 13:25:47.108000,1.3238,1.3237,1000000,1500000
2018-11-23 13:25:47.211000,1.32383,1.32371,1000000,1120000
2018-11-23 13:25:47.745000,1.32381,1.32371,1000000,1000000
2018-11-23 13:25:48.260000,1.32382,1.32371,1000000,1500000
2018-11-23 13:25:50.625000,1.32383,1.32371,1120000,2250000
2018-11-23 13:25:50.955000,1.32381,1.32371,1000000,1500000
2018-11-23 13:25:51.457000,1.32382,1.32371,1000000,1500000
2018-11-23 13:25:51.973000,1.32381,1.32371,1000000,2250000
2018-11-23 13:25:53.411000,1.32382,1.32371,1000000,1000000
2018-11-23 13:25:54.695000,1.32383,1.32371,5620000,1500000
2018-11-23 13:25:56.336000,1.32382,1.32371,1000000,1500000
2018-11-23 13:25:57.869000,1.32383,1.32371,2250000,1500000
2018-11-23 13:26:05.861000,1.32382,1.32371,1000000,2250000
2018-11-23 13:26:08.491000,1.32383,1.32371,1500000,3000000
2018-11-23 13:26:14.890000,1.32383,1.32373,1500000,1500000
2018-11-23 13:26:15.100000,1.32388,1.32376,3000000,2250000
2018-11-23 13:26:15.153000,1.32385,1.32375,1500000,1000000
2018-11-23 13:26:15.310000,1.32385,1.32373,3000000,1500000
2018-11-23 13:26:15.826000,1.32386,1.32376,1950000,1000000
2018-11-23 13:26:16.357000,1.32386,1.32377,1000000,1000000
2018-11-23 13:26:20.464000,1.32388,1.32377,1950000,1000000
2018-11-23 13:26:21.486000,1.32386,1.32376,1000000,1500000
2018-11-23 13:26:21.538000,1.32385,1.32373,1000000,1950000
2018-11-23 13:26:22.081000,1.32384,1.32373,1000000,1000000
2018-11-23 13:26:22.604000,1.32383,1.32373,1000000,1000000
2018-11-23 13:26:24.129000,1.32383,1.32374,1000000,1000000
2018-11-23 13:26:24.705000,1.32385,1.32374,1000000,1000000
2018-11-23 13:26:25.626000,1.32385,1.32373,1500000,1500000
2018-11-23 13:26:27.414000,1.32385,1.32373,1000000,1500000
2018-11-23 13:26:27.998000,1.32384,1.32373,1000000,1500000
2018-11-23 13:26:28.540000,1.32385,1.32373,1000000,2500000
2018-11-23 13:26:30.078000,1.32387,1.32375,2700000,2250000
2018-11-23 13:26:30.409000,1.32385,1.32375,1000000,1000000
2018-11-23 13:26:34.089000,1.32384,1.32375,1000000,1000000
2018-11-23 13:26:35.392000,1.32385,1.32375,1000000,1000000
2018-11-23 13:26:35.634000,1.32388,1.32377,1000000,1000000
2018-11-23 13:26:36.155000,1.32389,1.32377,2320000,1000000
2018-11-23 13:26:36.664000,1.32389,1.32378,1570000,1000000
2018-11-23 13:26:37.030000,1.32391,1.32381,2700000,1000000
2018-11-23 13:26:37.241000,1.32393,1.32381,1570000,1870000
2018-11-23 13:26:37.750000,1.32393,1.32382,1000000,1000000
2018-11-23 13:26:38.282000,1.32393,1.32381,1000000,1500000
2018-11-23 13:26:41.153000,1.32393,1.32383,1000000,1000000
2018-11-23 13:26:42.868000,1.32393,1.32381,1100000,2250000
2018-11-23 13:26:43.912000,1.32393,1.32383,1000000,1000000
2018-11-23 13:26:44.445000,1.32394,1.32383,1100000,1000000
2018-11-23 13:26:45.092000,1.32394,1.32382,1100000,1500000
2018-11-23 13:26:46.592000,1.32392,1.32381,1500000,1500000
2018-11-23 13:26:47.140000,1.32392,1.32382,1500000,1000000
2018-11-23 13:26:49.839000,1.32392,1.32381,1500000,1500000
2018-11-23 13:26:52.734000,1.32391,1.32381,1000000,1000000
2018-11-23 13:26:54.059000,1.32392,1.32381,2250000,1000000
2018-11-23 13:26:54.527000,1.32394,1.32382,1500000,1000000
2018-11-23 13:26:55.045000,1.32393,1.32382,1000000,1120000
2018-11-23 13:26:55.962000,1.32391,1.32382,1000000,1000000
2018-11-23 13:26:56.497000,1.32389,1.32379,1500000,1000000
2018-11-23 13:26:56.551000,1.32387,1.32378,1000000,1950000
2018-11-23 13:26:56.604000,1.32386,1.32376,1000000,1500000
2018-11-23 13:26:57.141000,1.32385,1.32375,1000000,1000000
2018-11-23 13:26:57.936000,1.32386,1.32375,1200000,1500000
2018-11-23 13:27:00.938000,1.32386,1.32374,2250000,1500000
2018-11-23 13:27:01.496000,1.32385,1.32374,1000000,1500000
2018-11-23 13:27:02.293000,1.32386,1.32376,1000000,1000000
2018-11-23 13:27:02.398000,1.32389,1.32377,1950000,1000000
2018-11-23 13:27:02.450000,1.32387,1.32376,1000000,2250000
2018-11-23 13:27:02.832000,1.32385,1.32376,1000000,1000000
2018-11-23 13:27:03.379000,1.32386,1.32376,1000000,1000000
2018-11-23 13:27:03.798000,1.32384,1.32376,1000000,1000000
2018-11-23 13:27:04.084000,1.32384,1.32374,1000000,1000000
2018-11-23 13:27:04.662000,1.32384,1.32373,1500000,1500000
2018-11-23 13:27:05.182000,1.32384,1.32372,1000000,1500000
2018-11-23 13:27:07.286000,1.32384,1.32373,1500000,1000000
2018-11-23 13:27:07.922000,1.32384,1.32372,1000000,1870000
2018-11-23 13:27:08.158000,1.32387,1.32377,1000000,1000000
2018-11-23 13:27:08.702000,1.32386,1.32376,1000000,1000000
2018-11-23 13:27:09.249000,1.32385,1.32375,1000000,1000000
2018-11-23 13:27:10.386000,1.32385,1.32376,1000000,1000000
2018-11-23 13:27:10.525000,1.32388,1.32377,1000000,1000000
2018-11-23 13:27:11.118000,1.32387,1.32376,1000000,1000000
2018-11-23 13:27:12.061000,1.32387,1.32375,1000000,1500000
2018-11-23 13:27:13.270000,1.32388,1.32377,1000000,1000000
2018-11-23 13:27:13.479000,1.3239,1.32378,2250000,1500000
2018-11-23 13:27:13.582000,1.32392,1.3238,1500000,1000000
2018-11-23 13:27:14.095000,1.32392,1.32381,1000000,1000000
2018-11-23 13:27:14.686000,1.32392,1.3238,1000000,1000000
2018-11-23 13:27:19.685000,1.32392,1.32382,1000000,1000000
2018-11-23 13:27:24.207000,1.32391,1.32381,1000000,1000000
2018-11-23 13:27:32.220000,1.32393,1.32381,2250000,1000000
2018-11-23 13:27:33.676000,1.32393,1.32383,1000000,1000000
2018-11-23 13:27:33.990000,1.32396,1.32384,1000000,2250000
2018-11-23 13:27:34.184000,1.32391,1.32381,1500000,1000000
2018-11-23 13:27:37.137000,1.32393,1.32382,1000000,1000000
2018-11-23 13:27:37.658000,1.32394,1.32382,1500000,1500000
2018-11-23 13:27:38.770000,1.32395,1.32383,1000000,1000000
2018-11-23 13:27:41.533000,1.32395,1.32384,1000000,1000000
2018-11-23 13:27:42.079000,1.32396,1.32384,3070000,1000000
2018-11-23 13:27:43.189000,1.32395,1.32383,1000000,1500000
2018-11-23 13:27:43.710000,1.32394,1.32383,1500000,1000000
2018-11-23 13:27:45.760000,1.32392,1.32383,1000000,1000000
2018-11-23 13:27:46.552000,1.32392,1.32382,1000000,2250000
2018-11-23 13:27:49.030000,1.32394,1.32382,2250000,1500000
2018-11-23 13:27:49.133000,1.32394,1.32384,1500000,1000000
2018-11-23 13:27:49.274000,1.32396,1.32384,2250000,1500000
2018-11-23 13:27:49.326000,1.32395,1.32386,1000000,1000000
2018-11-23 13:27:49.378000,1.32395,1.32384,1000000,1500000
2018-11-23 13:27:49.998000,1.32394,1.32384,2250000,1500000
2018-11-23 13:27:50.680000,1.32392,1.32382,1000000,1000000
2018-11-23 13:27:52.362000,1.32392,1.32383,1500000,1000000
2018-11-23 13:27:52.900000,1.32393,1.32382,1500000,1000000
2018-11-23 13:27:53.647000,1.32393,1.32381,3370000,1500000
2018-11-23 13:27:56.120000,1.32392,1.32381,1000000,1000000
2018-11-23 13:27:57.052000,1.32393,1.32381,1500000,1000000
2018-11-23 13:27:59.096000,1.32392,1.32381,1000000,1000000
2018-11-23 13:28:01.119000,1.32393,1.32381,2320000,1000000
2018-11-23 13:28:01.463000,1.32394,1.32382,1000000,3000000
2018-11-23 13:28:02.348000,1.32397,1.32385,1200000,3000000
2018-11-23 13:28:02.452000,1.32401,1.32387,2100000,2250000
2018-11-23 13:28:02.608000,1.32398,1.32386,1500000,2250000
2018-11-23 13:28:02.662000,1.32396,1.32386,1000000,1000000
2018-11-23 13:28:03.192000,1.32396,1.32385,1100000,1000000
2018-11-23 13:28:04.158000,1.32396,1.32385,1500000,1000000
2018-11-23 13:28:04.553000,1.32398,1.32386,1570000,1000000
2018-11-23 13:28:04.708000,1.32399,1.32388,1450000,1000000
2018-11-23 13:28:05.237000,1.324,1.3239,1200000,1000000
2018-11-23 13:28:05.532000,1.324,1.32388,1200000,1000000
2018-11-23 13:28:07.352000,1.324,1.32389,1200000,1000000
2018-11-23 13:28:07.946000,1.324,1.32389,1570000,1000000
2018-11-23 13:28:08.459000,1.324,1.32389,1570000,1000000
2018-11-23 13:28:09.265000,1.324,1.32389,1570000,1000000
2018-11-23 13:28:10.719000,1.32399,1.3239,1500000,1000000
2018-11-23 13:28:11.234000,1.32399,1.32389,1000000,1500000
2018-11-23 13:28:14.797000,1.32401,1.32389,1950000,1000000
2018-11-23 13:28:15.358000,1.32401,1.32389,2700000,1000000
2018-11-23 13:28:15.882000,1.32401,1.32389,1500000,1500000
2018-11-23 13:28:16.637000,1.32395,1.32388,1000000,1000000
2018-11-23 13:28:16.690000,1.32397,1.32388,1870000,1000000
2018-11-23 13:28:16.742000,1.32395,1.32388,3000000,1000000
2018-11-23 13:28:16.846000,1.32393,1.32382,1000000,1000000
2018-11-23 13:28:18.024000,1.32394,1.32382,2250000,1250000
2018-11-23 13:28:18.805000,1.32394,1.32382,1950000,1000000
2018-11-23 13:28:20.120000,1.32394,1.32382,2700000,1000000
2018-11-23 13:28:20.665000,1.32394,1.32382,2700000,1000000
2018-11-23 13:28:21.195000,1.32393,1.32383,1100000,1000000
2018-11-23 13:28:22.002000,1.32391,1.3238,1500000,1000000
2018-11-23 13:28:22.054000,1.32388,1.32378,1000000,1000000
2018-11-23 13:28:22.593000,1.32387,1.32377,1000000,1000000
2018-11-23 13:28:23.159000,1.32387,1.32376,1120000,1000000
2018-11-23 13:28:24.421000,1.32386,1.32376,2250000,1500000
2018-11-23 13:28:24.577000,1.3238,1.32369,1000000,1870000
2018-11-23 13:28:24.836000,1.32379,1.32367,1000000,1000000
2018-11-23 13:28:25.469000,1.32378,1.32367,1000000,1000000
2018-11-23 13:28:25.990000,1.32378,1.32368,1950000,1000000
2018-11-23 13:28:27.737000,1.32376,1.32368,3370000,1000000
2018-11-23 13:28:27.789000,1.32373,1.32363,2250000,1500000
2018-11-23 13:28:27.841000,1.3237,1.32361,1000000,2250000
2018-11-23 13:28:27.893000,1.3237,1.32358,1000000,1000000
2018-11-23 13:28:29.041000,1.3237,1.32359,1500000,1000000
2018-11-23 13:28:29.248000,1.32369,1.32357,1000000,1500000
2018-11-23 13:28:31.087000,1.32367,1.32355,1500000,1000000
2018-11-23 13:28:31.608000,1.32368,1.32356,1000000,1000000
2018-11-23 13:28:32.435000,1.32367,1.32355,1000000,1000000
2018-11-23 13:28:33.869000,1.32373,1.32363,1500000,1000000
2018-11-23 13:28:34.028000,1.32375,1.32364,2170000,1000000
2018-11-23 13:28:34.081000,1.32375,1.32366,1000000,1000000
2018-11-23 13:28:34.583000,1.32376,1.32366,1000000,1000000
2018-11-23 13:28:34.843000,1.32382,1.32371,1000000,1000000
2018-11-23 13:28:35.523000,1.32383,1.32372,1000000,1000000
2018-11-23 13:28:36.956000,1.32383,1.32373,1000000,1000000
2018-11-23 13:28:38.174000,1.32385,1.32373,3370000,1500000
2018-11-23 13:28:46.297000,1.32385,1.32374,1500000,1000000
2018-11-23 13:28:46.777000,1.32385,1.32377,1000000,1000000
2018-11-23 13:28:46.829000,1.32385,1.32375,1000000,1200000
2018-11-23 13:28:46.998000,1.32387,1.32375,1500000,1000000
2018-11-23 13:28:47.951000,1.32384,1.32375,1000000,1000000
2018-11-23 13:28:48.003000,1.32383,1.32372,1000000,1100000
2018-11-23 13:28:48.107000,1.32381,1.32371,1000000,1000000
2018-11-23 13:28:48.212000,1.3238,1.32369,1000000,1000000
2018-11-23 13:28:48.316000,1.32378,1.32366,1000000,1200000
2018-11-23 13:28:48.865000,1.32377,1.32367,1000000,1000000
2018-11-23 13:28:49.827000,1.32379,1.32367,1200000,1500000
2018-11-23 13:28:51.396000,1.32378,1.32367,1000000,1000000
2018-11-23 13:28:51.898000,1.32379,1.32367,1000000,1000000
2018-11-23 13:28:54.714000,1.32379,1.32368,1000000,1000000
2018-11-23 13:28:59.941000,1.32379,1.32369,1000000,1000000
2018-11-23 13:28:59.993000,1.32381,1.32369,1500000,1000000
2018-11-23 13:29:00.301000,1.32381,1.32371,1500000,1000000
2018-11-23 13:29:00.611000,1.32379,1.32369,1000000,1000000
2018-11-23 13:29:02.070000,1.32378,1.32369,3750000,1000000
2018-11-23 13:29:02.122000,1.32377,1.32365,1000000,2250000
2018-11-23 13:29:02.432000,1.32379,1.32368,1000000,1000000
2018-11-23 13:29:02.886000,1.32381,1.32369,1000000,1000000
2018-11-23 13:29:03.926000,1.32381,1.3237,1000000,1000000
2018-11-23 13:29:04.120000,1.32381,1.32372,1000000,1000000
2018-11-23 13:29:04.659000,1.32382,1.32372,1500000,1000000
2018-11-23 13:29:06.420000,1.3238,1.3237,1500000,1000000
2018-11-23 13:29:06.524000,1.3238,1.32368,1500000,1500000
2018-11-23 13:29:07.090000,1.32379,1.32368,1000000,1000000
2018-11-23 13:29:07.681000,1.3238,1.32368,1870000,1000000
2018-11-23 13:29:07.733000,1.32377,1.32367,1000000,1000000
2018-11-23 13:29:08.179000,1.32376,1.32364,1000000,1000000
2018-11-23 13:29:08.334000,1.3238,1.32368,1870000,1000000
2018-11-23 13:29:09.259000,1.32378,1.32368,1000000,1000000
2018-11-23 13:29:09.414000,1.3238,1.32368,1000000,1000000
2018-11-23 13:29:09.699000,1.32378,1.32368,1000000,1000000
2018-11-23 13:29:12.439000,1.3238,1.3237,1000000,1500000
2018-11-23 13:29:13.650000,1.3238,1.32368,1500000,1500000
2018-11-23 13:29:14.799000,1.32377,1.32367,1310000,1000000
2018-11-23 13:29:14.958000,1.32371,1.32359,1000000,1500000
2018-11-23 13:29:15.062000,1.3237,1.32357,1000000,1500000
2018-11-23 13:29:15.166000,1.32368,1.32357,1000000,2250000
2018-11-23 13:29:15.918000,1.32372,1.3236,1000000,1500000
2018-11-23 13:29:16.182000,1.32374,1.32362,2250000,1500000
2018-11-23 13:29:16.237000,1.32376,1.32364,1120000,1000000
2018-11-23 13:29:16.368000,1.32374,1.32363,1000000,1500000
2018-11-23 13:29:16.731000,1.32376,1.32364,1120000,1000000
2018-11-23 13:29:17.245000,1.32379,1.32372,1500000,1500000
2018-11-23 13:29:17.298000,1.32382,1.32372,1000000,1000000
2018-11-23 13:29:17.403000,1.32384,1.32374,1000000,1000000
2018-11-23 13:29:18.062000,1.32384,1.32372,1000000,1500000
2018-11-23 13:29:19.605000,1.32383,1.32371,1000000,1000000
2018-11-23 13:29:20.304000,1.32384,1.32372,2250000,1000000
2018-11-23 13:29:20.408000,1.32385,1.32374,1000000,1000000
2018-11-23 13:29:20.844000,1.32388,1.32376,1500000,1000000
2018-11-23 13:29:22.101000,1.32384,1.32375,1370000,1000000
2018-11-23 13:29:22.153000,1.32367,1.32359,1000000,1000000
2018-11-23 13:29:22.273000,1.32367,1.32354,1000000,1000000
2018-11-23 13:29:22.326000,1.32367,1.32362,1000000,1000000
2018-11-23 13:29:22.433000,1.32367,1.32354,1000000,1500000
2018-11-23 13:29:22.950000,1.32367,1.32355,2250000,1000000
2018-11-23 13:29:23.538000,1.32367,1.32355,1500000,1000000
2018-11-23 13:29:25.516000,1.32367,1.32356,1500000,1000000
2018-11-23 13:29:26.026000,1.32367,1.32355,1500000,1500000
2018-11-23 13:29:26.169000,1.32367,1.32357,1000000,1000000
2018-11-23 13:29:26.707000,1.32367,1.32356,1000000,1000000
2018-11-23 13:29:27.026000,1.32368,1.32358,1000000,1000000
2018-11-23 13:29:27.540000,1.32368,1.32357,1000000,1000000
2018-11-23 13:29:30.071000,1.32371,1.32365,1000000,1000000
2018-11-23 13:29:30.124000,1.3237,1.32358,1000000,1000000
2018-11-23 13:29:30.214000,1.32373,1.32365,1000000,1000000
2018-11-23 13:29:30.266000,1.32376,1.32365,2250000,1000000
2018-11-23 13:29:30.369000,1.32374,1.32361,1000000,1000000
2018-11-23 13:29:31.150000,1.32374,1.3236,1000000,1000000
2018-11-23 13:29:31.305000,1.32376,1.3236,2250000,1000000
2018-11-23 13:29:32.171000,1.32375,1.3236,1500000,1000000
2018-11-23 13:29:32.792000,1.32376,1.3236,2250000,1000000
2018-11-23 13:29:34.378000,1.32375,1.3236,1000000,2250000
2018-11-23 13:29:35.382000,1.32369,1.32355,1000000,1000000
2018-11-23 13:29:35.898000,1.32369,1.32356,1000000,1000000
2018-11-23 13:29:36.054000,1.32372,1.32356,1500000,2250000
2018-11-23 13:29:36.434000,1.32366,1.32349,1000000,3370000
2018-11-23 13:29:36.590000,1.32361,1.32343,1500000,1100000
2018-11-23 13:29:36.643000,1.32359,1.32343,1000000,1000000
2018-11-23 13:29:36.695000,1.32361,1.32343,1500000,1000000
2018-11-23 13:29:36.747000,1.32359,1.32342,1000000,1000000
2018-11-23 13:29:37.058000,1.32361,1.32343,1500000,1000000
2018-11-23 13:29:37.494000,1.32361,1.32341,1000000,1000000
2018-11-23 13:29:37.750000,1.32359,1.32342,1000000,1000000
2018-11-23 13:29:37.892000,1.32361,1.32341,1500000,1000000
2018-11-23 13:29:38.048000,1.32359,1.32341,1000000,1500000
2018-11-23 13:29:38.210000,1.32363,1.32344,1130000,1000000
2018-11-23 13:29:38.263000,1.32366,1.32349,1450000,1000000
2018-11-23 13:29:38.830000,1.32365,1.3235,1000000,1000000
2018-11-23 13:29:39.377000,1.32366,1.32349,1000000,1500000
2018-11-23 13:29:40.040000,1.32365,1.3235,1000000,1000000
2018-11-23 13:29:40.368000,1.32363,1.32349,1000000,1120000
2018-11-23 13:29:40.420000,1.32366,1.32349,1500000,1120000
2018-11-23 13:29:40.988000,1.32365,1.3235,1500000,1120000
2018-11-23 13:29:41.496000,1.32366,1.32349,1000000,1800000
2018-11-23 13:29:42.133000,1.32365,1.3235,1000000,1050000
2018-11-23 13:29:42.287000,1.32367,1.32349,1250000,1690000
2018-11-23 13:29:42.690000,1.32364,1.32349,1000000,1050000
2018-11-23 13:29:43.002000,1.32363,1.32344,1250000,1000000
2018-11-23 13:29:43.158000,1.3236,1.32342,1000000,1200000
2018-11-23 13:29:43.211000,1.3236,1.32341,1000000,1950000
2018-11-23 13:29:43.786000,1.32359,1.32342,1000000,1500000
2018-11-23 13:29:44.165000,1.3236,1.32344,1000000,1000000
2018-11-23 13:29:44.948000,1.3236,1.32342,1000000,1500000
2018-11-23 13:29:45.256000,1.32358,1.3234,1000000,2250000
2018-11-23 13:29:45.577000,1.32347,1.32341,1000000,1000000
2018-11-23 13:29:45.633000,1.32346,1.32331,1000000,1000000
2018-11-23 13:29:45.685000,1.32337,1.3233,1000000,1000000
2018-11-23 13:29:45.737000,1.32338,1.32323,1000000,1000000
2018-11-23 13:29:45.789000,1.3233,1.32323,1000000,1000000
2018-11-23 13:29:45.840000,1.32332,1.32315,1000000,1000000
2018-11-23 13:29:45.892000,1.32332,1.32312,1000000,1870000
2018-11-23 13:29:46.111000,1.3233,1.32312,1000000,1000000
2018-11-23 13:29:46.318000,1.32273,1.32252,370000,1000000
2018-11-23 13:29:46.370000,1.32269,1.32254,1000000,1000000
2018-11-23 13:29:46.552000,1.32294,1.32266,1870000,1000000
2018-11-23 13:29:46.605000,1.32294,1.3227,1000000,1500000
2018-11-23 13:29:46.658000,1.32297,1.32275,2250000,1000000
2018-11-23 13:29:46.711000,1.32297,1.3227,2250000,1000000
2018-11-23 13:29:46.764000,1.32285,1.32271,1000000,1000000
2018-11-23 13:29:46.816000,1.32285,1.32269,1120000,1000000
2018-11-23 13:29:46.869000,1.32287,1.32269,1000000,1000000
2018-11-23 13:29:46.922000,1.32291,1.32268,1000000,1000000
2018-11-23 13:29:46.974000,1.32288,1.32266,1000000,1500000
2018-11-23 13:29:47.319000,1.32275,1.32258,1000000,1000000
2018-11-23 13:29:47.630000,1.32223,1.32218,1000000,1000000
2018-11-23 13:29:47.762000,1.32215,1.32206,1000000,1000000
2018-11-23 13:29:47.915000,1.32215,1.32202,1000000,1000000
2018-11-23 13:29:48.144000,1.32214,1.32196,1250000,1000000
2018-11-23 13:29:48.257000,1.32196,1.32184,1000000,1000000
2018-11-23 13:29:48.360000,1.32216,1.3219,1000000,1830000
2018-11-23 13:29:48.411000,1.32215,1.32181,1000000,1710000
2018-11-23 13:29:48.463000,1.32267,1.32253,1000000,750000
2018-11-23 13:29:48.515000,1.32262,1.3224,1370000,3750000
2018-11-23 13:29:48.567000,1.32272,1.32257,1370000,1000000
2018-11-23 13:29:48.620000,1.32264,1.32244,1000000,1470000
2018-11-23 13:29:48.718000,1.32259,1.32245,1000000,1100000
2018-11-23 13:29:48.771000,1.32269,1.32235,1000000,1000000
2018-11-23 13:29:48.823000,1.32269,1.32235,1000000,1370000
2018-11-23 13:29:48.979000,1.32268,1.3221,1000000,1000000
2018-11-23 13:29:49.132000,1.3227,1.3221,1000000,1370000
2018-11-23 13:29:49.441000,1.32274,1.32258,1000000,560000
2018-11-23 13:29:49.492000,1.32277,1.32259,1000000,560000
2018-11-23 13:29:50.020000,1.32277,1.32259,1000000,560000
2018-11-23 13:29:50.072000,1.3228,1.32245,1000000,1870000
2018-11-23 13:29:50.184000,1.32274,1.32244,1000000,1500000
2018-11-23 13:29:50.288000,1.32265,1.3223,1000000,1000000
2018-11-23 13:29:50.340000,1.32256,1.32228,1000000,1370000
2018-11-23 13:29:50.392000,1.32251,1.3222,1000000,1000000
2018-11-23 13:29:50.443000,1.32259,1.32223,1000000,1000000
2018-11-23 13:29:50.495000,1.32269,1.3223,1500000,1000000
2018-11-23 13:29:50.547000,1.32261,1.32229,1000000,1000000
2018-11-23 13:29:50.848000,1.32224,1.32205,1000000,750000
2018-11-23 13:29:50.951000,1.32224,1.32195,1000000,1000000
2018-11-23 13:29:51.003000,1.32224,1.3219,1000000,1000000
2018-11-23 13:29:51.055000,1.32222,1.3219,1000000,1000000
2018-11-23 13:29:51.364000,1.32219,1.32191,1000000,2250000
2018-11-23 13:29:51.417000,1.32225,1.32194,1000000,2060000
2018-11-23 13:29:51.549000,1.32218,1.32192,1000000,1000000
2018-11-23 13:29:51.860000,1.32192,1.32181,1000000,1560000
2018-11-23 13:29:51.912000,1.32186,1.32163,1000000,750000
2018-11-23 13:29:51.964000,1.32181,1.32154,1000000,750000
2018-11-23 13:29:52.016000,1.32175,1.3215,1000000,750000
2018-11-23 13:29:52.457000,1.32177,1.32137,1250000,1000000
2018-11-23 13:29:52.560000,1.32178,1.32141,1000000,1560000
2018-11-23 13:29:52.612000,1.32187,1.32142,1130000,2060000
2018-11-23 13:29:52.716000,1.32188,1.32142,1130000,2060000
2018-11-23 13:29:53.123000,1.32191,1.32148,1500000,1000000
2018-11-23 13:29:53.616000,1.32189,1.32163,1250000,1500000
2018-11-23 13:29:53.719000,1.32192,1.32143,1560000,1560000
2018-11-23 13:29:53.872000,1.32192,1.32134,1000000,1000000
2018-11-23 13:29:54.501000,1.32192,1.32143,1000000,1000000
2018-11-23 13:29:55.048000,1.32193,1.32143,1000000,1000000
2018-11-23 13:29:55.597000,1.32192,1.32142,1000000,1000000
2018-11-23 13:29:55.965000,1.32181,1.32133,1560000,1690000
2018-11-23 13:29:56.271000,1.3218,1.32139,1500000,1000000
2018-11-23 13:29:56.619000,1.32158,1.32118,1000000,1500000
2018-11-23 13:29:56.671000,1.32152,1.32117,1000000,1000000
2018-11-23 13:29:56.723000,1.32155,1.32118,1000000,1500000
2018-11-23 13:29:56.827000,1.32149,1.32118,1000000,1500000
2018-11-23 13:29:56.878000,1.32155,1.32118,1120000,1500000
2018-11-23 13:29:56.930000,1.32168,1.32118,1000000,1000000
2018-11-23 13:29:56.982000,1.32168,1.32129,2250000,1000000
2018-11-23 13:29:57.283000,1.32169,1.32133,1190000,1000000
2018-11-23 13:29:57.591000,1.32176,1.32143,1000000,1000000
2018-11-23 13:29:57.847000,1.32177,1.32124,1000000,1000000
2018-11-23 13:29:57.898000,1.32177,1.32144,1000000,750000
2018-11-23 13:29:58.385000,1.32181,1.32159,1350000,1000000
2018-11-23 13:29:58.538000,1.32203,1.32162,1000000,1000000
2018-11-23 13:29:58.590000,1.32203,1.32167,1000000,1500000
2018-11-23 13:29:58.913000,1.32203,1.32175,1000000,1870000
2018-11-23 13:29:59.050000,1.32217,1.32181,1000000,2620000
2018-11-23 13:29:59.102000,1.32217,1.32171,1000000,1000000
2018-11-23 13:29:59.357000,1.32198,1.32167,1000000,1000000
2018-11-23 13:29:59.410000,1.32209,1.32159,1000000,2620000
2018-11-23 13:29:59.512000,1.3222,1.3216,1690000,1370000
2018-11-23 13:29:59.716000,1.32219,1.32159,1000000,2250000
2018-11-23 13:29:59.824000,1.32219,1.32159,1000000,2580000
2018-11-23 13:30:00.157000,1.32201,1.32171,1500000,1870000
2018-11-23 13:30:00.260000,1.32219,1.32172,1370000,1000000
2018-11-23 13:30:00.491000,1.32205,1.32171,1000000,1870000
2018-11-23 13:30:00.543000,1.32203,1.32167,1000000,1000000
2018-11-23 13:30:00.595000,1.32203,1.32152,1000000,1000000
2018-11-23 13:30:00.750000,1.32182,1.32162,750000,1000000
2018-11-23 13:30:00.854000,1.32034,1.32003,1000000,2250000
2018-11-23 13:30:00.906000,1.31982,1.31929,750000,370000
2018-11-23 13:30:00.995000,1.31982,1.319,750000,1370000
2018-11-23 13:30:01.047000,1.31985,1.31952,2000000,1500000
2018-11-23 13:30:01.151000,1.31935,1.31903,1000000,1000000
2018-11-23 13:30:01.203000,1.31948,1.31927,1500000,750000
2018-11-23 13:30:01.365000,1.31938,1.31908,1000000,1000000
2018-11-23 13:30:01.423000,1.31976,1.31936,1000000,160000
2018-11-23 13:30:01.475000,1.31929,1.31907,750000,1120000
2018-11-23 13:30:01.630000,1.31929,1.31899,1000000,1000000
2018-11-23 13:30:01.788000,1.31917,1.31894,1000000,1000000
2018-11-23 13:30:01.840000,1.31967,1.319,1000000,1000000
2018-11-23 13:30:01.893000,1.31948,1.31899,750000,1000000
2018-11-23 13:30:02.076000,1.31948,1.31894,750000,1000000
2018-11-23 13:30:02.209000,1.31948,1.31901,750000,1000000
2018-11-23 13:30:02.260000,1.31963,1.31905,1000000,1000000
2018-11-23 13:30:02.311000,1.31963,1.3194,1000000,750000
2018-11-23 13:30:02.362000,1.31988,1.31916,1860000,1000000
2018-11-23 13:30:02.414000,1.31986,1.31916,1360000,1000000
2018-11-23 13:30:02.721000,1.31991,1.31945,1000000,1120000
2018-11-23 13:30:02.773000,1.31993,1.31944,1000000,1500000
2018-11-23 13:30:02.825000,1.31983,1.31934,1000000,1000000
2018-11-23 13:30:03.161000,1.31962,1.31936,1500000,1040000
2018-11-23 13:30:03.265000,1.31937,1.31892,1000000,1370000
2018-11-23 13:30:03.364000,1.31936,1.3189,1370000,1000000
2018-11-23 13:30:03.416000,1.3189,1.31882,1000000,1000000
2018-11-23 13:30:03.469000,1.31891,1.31875,1000000,1000000
2018-11-23 13:30:03.520000,1.3191,1.31895,1800000,750000
2018-11-23 13:30:03.572000,1.31893,1.31871,1500000,1000000
2018-11-23 13:30:03.624000,1.31928,1.31913,1000000,1500000
2018-11-23 13:30:03.676000,1.31937,1.31914,1000000,1000000
2018-11-23 13:30:03.810000,1.31935,1.31913,1050000,750000
2018-11-23 13:30:03.862000,1.31919,1.31881,1000000,1000000
2018-11-23 13:30:03.914000,1.31938,1.3189,1000000,1000000
2018-11-23 13:30:03.968000,1.319,1.31886,1000000,1500000
2018-11-23 13:30:04.072000,1.31902,1.31872,1370000,1000000
2018-11-23 13:30:04.125000,1.31901,1.31865,1370000,1260000
2018-11-23 13:30:04.384000,1.3191,1.31886,1000000,750000
2018-11-23 13:30:04.561000,1.31903,1.31872,1000000,1000000
2018-11-23 13:30:04.612000,1.31903,1.31883,1870000,1000000
2018-11-23 13:30:04.663000,1.31941,1.31903,1000000,1000000
2018-11-23 13:30:04.715000,1.31941,1.31911,1000000,1140000
2018-11-23 13:30:04.871000,1.31955,1.31913,1190000,1000000
2018-11-23 13:30:04.922000,1.31955,1.31918,1000000,1000000
2018-11-23 13:30:05.247000,1.31993,1.31968,1000000,1000000
2018-11-23 13:30:05.349000,1.32005,1.31953,1370000,2250000
2018-11-23 13:30:05.400000,1.32004,1.31947,1370000,1870000
2018-11-23 13:30:05.452000,1.32005,1.31964,1500000,1000000
2018-11-23 13:30:05.767000,1.31973,1.31946,1500000,1870000
2018-11-23 13:30:05.821000,1.31973,1.31945,1000000,1000000
2018-11-23 13:30:05.873000,1.31981,1.31945,1870000,1000000
2018-11-23 13:30:05.975000,1.3198,1.31947,1560000,1000000
2018-11-23 13:30:06.027000,1.3198,1.31947,1870000,1190000
2018-11-23 13:30:06.079000,1.31981,1.31949,1000000,1690000
2018-11-23 13:30:06.131000,1.31982,1.31953,1000000,2250000
2018-11-23 13:30:06.323000,1.32002,1.31966,1000000,1370000
2018-11-23 13:30:06.379000,1.31995,1.31954,1000000,1000000
2018-11-23 13:30:06.430000,1.31981,1.3195,1190000,1750000
2018-11-23 13:30:06.481000,1.31982,1.31953,1500000,1000000
2018-11-23 13:30:06.532000,1.31982,1.31957,1500000,1120000
2018-11-23 13:30:06.583000,1.32003,1.31955,1250000,1000000
2018-11-23 13:30:06.634000,1.32002,1.31957,1690000,1500000
2018-11-23 13:30:06.685000,1.32002,1.31954,1500000,1000000
2018-11-23 13:30:06.737000,1.32002,1.31962,1500000,1370000
2018-11-23 13:30:07.046000,1.32002,1.31974,1620000,1190000
2018-11-23 13:30:07.148000,1.32015,1.31981,1500000,1000000
2018-11-23 13:30:07.199000,1.32015,1.31985,1500000,1120000
2018-11-23 13:30:07.251000,1.32032,1.31985,1870000,1500000
2018-11-23 13:30:07.353000,1.32032,1.31985,1000000,1120000
2018-11-23 13:30:07.405000,1.32035,1.32002,1000000,1800000
2018-11-23 13:30:07.577000,1.32059,1.32024,1870000,1000000
2018-11-23 13:30:07.628000,1.3206,1.32044,2250000,1000000
2018-11-23 13:30:07.679000,1.32084,1.3205,1000000,1370000
2018-11-23 13:30:07.730000,1.32093,1.32073,1000000,1010000
2018-11-23 13:30:07.782000,1.32105,1.32093,750000,1120000
2018-11-23 13:30:07.833000,1.32104,1.32081,750000,1000000
2018-11-23 13:30:07.884000,1.32116,1.32099,1000000,1870000
2018-11-23 13:30:08.039000,1.32144,1.32108,1000000,1000000
2018-11-23 13:30:08.091000,1.32138,1.32105,1000000,1000000
2018-11-23 13:30:08.296000,1.32153,1.3211,1000000,1370000
2018-11-23 13:30:08.347000,1.32156,1.3211,1000000,1370000
2018-11-23 13:30:08.545000,1.32161,1.32112,3940000,1370000
2018-11-23 13:30:08.597000,1.32155,1.32141,1000000,1870000
2018-11-23 13:30:08.651000,1.32155,1.32126,1000000,1000000
2018-11-23 13:30:08.703000,1.32156,1.32131,1500000,1500000
2018-11-23 13:30:08.806000,1.32138,1.32105,1000000,1000000
2018-11-23 13:30:08.858000,1.32126,1.32104,1000000,1000000
2018-11-23 13:30:08.962000,1.32131,1.32098,1500000,1560000
2018-11-23 13:30:09.061000,1.32136,1.32108,1000000,1370000
2018-11-23 13:30:09.268000,1.32135,1.32088,1000000,2060000
2018-11-23 13:30:09.320000,1.32142,1.32107,1370000,1560000
2018-11-23 13:30:09.372000,1.32151,1.32113,1500000,2060000
2018-11-23 13:30:09.474000,1.3215,1.3211,1000000,2060000
2018-11-23 13:30:09.576000,1.32152,1.32113,1000000,1560000
2018-11-23 13:30:09.897000,1.32102,1.32067,1000000,1870000
2018-11-23 13:30:10.208000,1.32112,1.32093,1000000,2810000
2018-11-23 13:30:10.260000,1.32109,1.32081,1000000,1000000
2018-11-23 13:30:10.343000,1.32112,1.32103,1500000,1000000
2018-11-23 13:30:10.447000,1.32114,1.32098,1120000,1000000
2018-11-23 13:30:10.498000,1.32114,1.32074,1120000,1620000
2018-11-23 13:30:10.550000,1.32098,1.3206,1000000,2060000
2018-11-23 13:30:10.656000,1.32103,1.32062,1000000,1370000
2018-11-23 13:30:10.707000,1.32103,1.32062,1000000,1000000
2018-11-23 13:30:10.759000,1.32096,1.32059,1750000,1250000
2018-11-23 13:30:10.912000,1.32081,1.32052,1000000,1120000
2018-11-23 13:30:11.043000,1.32084,1.32055,1000000,1000000
2018-11-23 13:30:11.095000,1.32086,1.32046,1000000,1000000
2018-11-23 13:30:11.200000,1.32078,1.32061,1370000,1000000
2018-11-23 13:30:11.252000,1.32081,1.32047,1870000,1000000
2018-11-23 13:30:11.304000,1.32096,1.32076,1000000,1000000
2018-11-23 13:30:11.409000,1.32086,1.32051,1000000,1370000
2018-11-23 13:30:11.512000,1.32086,1.32049,1000000,1120000
2018-11-23 13:30:11.564000,1.32082,1.32045,2250000,1500000
2018-11-23 13:30:11.889000,1.32105,1.32066,1500000,1500000
2018-11-23 13:30:11.993000,1.32099,1.32059,1000000,1750000
2018-11-23 13:30:12.097000,1.32105,1.32066,1370000,1190000
2018-11-23 13:30:12.150000,1.32097,1.32065,1000000,1000000
2018-11-23 13:30:12.201000,1.32104,1.32065,2250000,1190000
2018-11-23 13:30:12.254000,1.32102,1.32086,1000000,1000000
2018-11-23 13:30:12.481000,1.32116,1.32097,1500000,1000000
2018-11-23 13:30:12.534000,1.32129,1.32116,1000000,1000000
2018-11-23 13:30:12.640000,1.32135,1.3212,1000000,750000
2018-11-23 13:30:12.744000,1.32133,1.32121,1000000,1000000
2018-11-23 13:30:12.899000,1.32142,1.32124,1000000,1000000
2018-11-23 13:30:13.055000,1.3213,1.3211,1000000,1000000
2018-11-23 13:30:13.220000,1.32132,1.32128,1000000,1000000
2018-11-23 13:30:13.273000,1.32145,1.32138,1000000,1000000
2018-11-23 13:30:13.324000,1.32153,1.32137,1370000,1000000
2018-11-23 13:30:13.377000,1.32143,1.32133,1000000,1000000
2018-11-23 13:30:13.430000,1.32141,1.32119,1000000,1750000
2018-11-23 13:30:13.535000,1.32146,1.32117,1000000,1750000
2018-11-23 13:30:13.638000,1.32148,1.32117,1000000,2250000
2018-11-23 13:30:13.741000,1.32142,1.32119,1000000,1750000
2018-11-23 13:30:13.793000,1.32142,1.32114,1000000,1500000
2018-11-23 13:30:13.896000,1.32145,1.32116,1000000,2620000
2018-11-23 13:30:14.120000,1.32148,1.32118,1000000,1500000
2018-11-23 13:30:14.173000,1.32151,1.32125,1000000,1750000
2018-11-23 13:30:14.589000,1.32148,1.32122,1000000,1750000
2018-11-23 13:30:14.959000,1.32145,1.32118,1000000,2250000
2018-11-23 13:30:15.011000,1.32148,1.32127,1000000,1370000
2018-11-23 13:30:15.063000,1.3215,1.32126,1000000,1690000
2018-11-23 13:30:15.115000,1.3215,1.32131,1000000,1000000
2018-11-23 13:30:15.168000,1.32155,1.32131,1000000,1750000
2018-11-23 13:30:15.476000,1.32154,1.3213,1470000,1950000
2018-11-23 13:30:15.579000,1.32154,1.3213,1950000,1470000
2018-11-23 13:30:15.830000,1.32154,1.3213,3070000,1470000
2018-11-23 13:30:16.036000,1.32131,1.32109,1000000,1000000
2018-11-23 13:30:16.089000,1.32129,1.32106,1000000,1250000
2018-11-23 13:30:16.142000,1.32126,1.32103,1000000,1120000
2018-11-23 13:30:16.456000,1.3211,1.32081,2620000,1120000
2018-11-23 13:30:16.588000,1.3211,1.32086,1000000,1000000
2018-11-23 13:30:16.743000,1.32116,1.32091,1000000,1250000
2018-11-23 13:30:16.796000,1.32112,1.32087,1500000,1500000
2018-11-23 13:30:17.056000,1.32109,1.32083,1500000,1500000
2018-11-23 13:30:17.201000,1.32103,1.3208,1370000,1000000
2018-11-23 13:30:17.872000,1.32103,1.32078,1000000,1120000
2018-11-23 13:30:17.925000,1.32103,1.32082,1370000,1620000
2018-11-23 13:30:18.083000,1.32101,1.32079,1120000,1000000
2018-11-23 13:30:18.341000,1.32103,1.32077,1870000,1500000
2018-11-23 13:30:18.495000,1.32098,1.32076,1000000,2060000
2018-11-23 13:30:18.810000,1.32088,1.3207,1000000,1370000
2018-11-23 13:30:19.121000,1.3209,1.32075,1000000,1000000
2018-11-23 13:30:19.438000,1.32084,1.32069,1000000,1000000
2018-11-23 13:30:19.491000,1.3208,1.32063,1000000,1000000
2018-11-23 13:30:19.544000,1.32079,1.32065,1000000,1000000
2018-11-23 13:30:19.649000,1.32086,1.32065,1370000,1750000
2018-11-23 13:30:20.065000,1.32087,1.3207,1370000,1000000
2018-11-23 13:30:20.305000,1.32106,1.32082,8620000,1000000
2018-11-23 13:30:20.564000,1.32099,1.32078,1000000,1000000
2018-11-23 13:30:20.720000,1.32103,1.32077,1370000,1500000
2018-11-23 13:30:20.893000,1.32096,1.32077,1000000,1370000
2018-11-23 13:30:21.102000,1.32093,1.32071,1110000,1000000
2018-11-23 13:30:21.154000,1.32092,1.32071,1370000,1500000
2018-11-23 13:30:21.206000,1.32097,1.32075,1580000,1000000
2018-11-23 13:30:21.786000,1.32096,1.32075,1000000,1120000
2018-11-23 13:30:22.321000,1.32095,1.32076,1000000,1500000
2018-11-23 13:30:22.373000,1.32095,1.32074,1450000,1070000
2018-11-23 13:30:22.427000,1.32088,1.32074,1120000,1070000
2018-11-23 13:30:22.538000,1.32086,1.32073,1000000,1120000
2018-11-23 13:30:22.591000,1.32088,1.32073,1000000,1000000
2018-11-23 13:30:22.801000,1.32088,1.32075,1000000,1000000
2018-11-23 13:30:23.009000,1.32091,1.32074,1000000,1000000
2018-11-23 13:30:23.268000,1.32093,1.32076,1000000,1500000
2018-11-23 13:30:23.576000,1.32096,1.32076,1000000,1000000
2018-11-23 13:30:23.680000,1.321,1.3208,1500000,1500000
2018-11-23 13:30:23.992000,1.32094,1.32078,1000000,1000000
2018-11-23 13:30:24.252000,1.32095,1.32076,1000000,1000000
2018-11-23 13:30:24.461000,1.32094,1.32074,1000000,1000000
2018-11-23 13:30:24.515000,1.32087,1.32069,1870000,1500000
2018-11-23 13:30:24.827000,1.32086,1.32072,1000000,1000000
2018-11-23 13:30:24.880000,1.3209,1.32072,1000000,1500000
2018-11-23 13:30:24.986000,1.32091,1.32074,1000000,1000000
2018-11-23 13:30:25.221000,1.32101,1.3208,1500000,1500000
2018-11-23 13:30:25.326000,1.32099,1.32082,1000000,1000000
2018-11-23 13:30:25.640000,1.32097,1.32077,1000000,1120000
2018-11-23 13:30:25.898000,1.32098,1.32079,1000000,1250000
2018-11-23 13:30:26.416000,1.32096,1.32077,1000000,1500000
2018-11-23 13:30:26.676000,1.32093,1.32071,1000000,1870000
2018-11-23 13:30:26.830000,1.32095,1.32071,1500000,1500000
2018-11-23 13:30:26.955000,1.32092,1.32071,1000000,1500000
2018-11-23 13:30:27.266000,1.32098,1.32084,1000000,1000000
2018-11-23 13:30:27.817000,1.32099,1.32083,1000000,1000000
2018-11-23 13:30:28.165000,1.32092,1.32075,1000000,1000000
2018-11-23 13:30:28.218000,1.32085,1.32068,1000000,1000000
2018-11-23 13:30:28.376000,1.32095,1.32074,1000000,1000000
2018-11-23 13:30:28.429000,1.32093,1.32075,1000000,1000000
2018-11-23 13:30:28.768000,1.32101,1.32085,1870000,1000000
2018-11-23 13:30:28.821000,1.32095,1.3208,1500000,1000000
2018-11-23 13:30:28.874000,1.321,1.32079,1870000,1500000
2018-11-23 13:30:28.927000,1.32097,1.32079,1000000,1500000
2018-11-23 13:30:28.980000,1.32099,1.32078,1500000,1000000
2018-11-23 13:30:29.136000,1.32101,1.32082,1070000,1100000
2018-11-23 13:30:29.239000,1.321,1.32082,1120000,1000000
2018-11-23 13:30:29.343000,1.32096,1.32079,1000000,1000000
2018-11-23 13:30:29.551000,1.321,1.32082,3000000,1000000
2018-11-23 13:30:29.603000,1.32099,1.3208,1200000,1070000
2018-11-23 13:30:29.655000,1.321,1.32082,1000000,1000000
2018-11-23 13:30:29.707000,1.32098,1.32081,1000000,1070000
2018-11-23 13:30:29.863000,1.32092,1.32075,1000000,1000000
2018-11-23 13:30:29.915000,1.32088,1.32071,1100000,1070000
2018-11-23 13:30:30.164000,1.32092,1.32075,1000000,1000000
2018-11-23 13:30:30.216000,1.321,1.32083,1500000,1000000
2018-11-23 13:30:30.575000,1.321,1.32083,1200000,1000000
2018-11-23 13:30:30.730000,1.32102,1.32083,1950000,1950000
2018-11-23 13:30:30.782000,1.32101,1.32083,1370000,1500000
2018-11-23 13:30:31.119000,1.32101,1.3209,1070000,1000000
2018-11-23 13:30:31.646000,1.321,1.32089,1200000,1000000
2018-11-23 13:30:31.968000,1.32103,1.32091,1450000,1000000
2018-11-23 13:30:32.020000,1.321,1.32089,1000000,1000000
2018-11-23 13:30:32.383000,1.32104,1.32092,3070000,1000000
2018-11-23 13:30:32.489000,1.32121,1.32106,1570000,1000000
2018-11-23 13:30:32.542000,1.32127,1.32106,1260000,1570000
2018-11-23 13:30:32.595000,1.3213,1.32118,1450000,1000000
2018-11-23 13:30:32.745000,1.32133,1.32125,1500000,1000000
2018-11-23 13:30:32.797000,1.3214,1.32132,1000000,1000000
2018-11-23 13:30:32.866000,1.32147,1.32138,1500000,1000000
2018-11-23 13:30:32.920000,1.3215,1.32137,1200000,1500000
2018-11-23 13:30:33.077000,1.32143,1.32137,1000000,1000000
2018-11-23 13:30:33.131000,1.32141,1.32124,1870000,1500000
2018-11-23 13:30:33.323000,1.32142,1.32123,1000000,1000000
2018-11-23 13:30:33.376000,1.32142,1.32124,1000000,1450000
2018-11-23 13:30:33.428000,1.32142,1.32123,1000000,1000000
2018-11-23 13:30:33.532000,1.3214,1.32123,1370000,1000000
2018-11-23 13:30:33.842000,1.32139,1.32122,1000000,1950000
2018-11-23 13:30:33.997000,1.32139,1.32122,1000000,1000000
2018-11-23 13:30:34.191000,1.32137,1.3212,1000000,1000000
2018-11-23 13:30:34.294000,1.32144,1.32124,2250000,1000000
2018-11-23 13:30:34.347000,1.32143,1.32125,1000000,1450000
2018-11-23 13:30:34.400000,1.32141,1.32124,1000000,1000000
2018-11-23 13:30:34.452000,1.32141,1.32124,1000000,1950000
2018-11-23 13:30:34.503000,1.32144,1.32125,1200000,1450000
2018-11-23 13:30:34.556000,1.32148,1.3213,1000000,1000000
2018-11-23 13:30:34.660000,1.3215,1.32132,1000000,1000000
2018-11-23 13:30:34.979000,1.32127,1.32112,1870000,1000000
2018-11-23 13:30:35.343000,1.32129,1.32114,1870000,1000000
2018-11-23 13:30:35.695000,1.32128,1.32111,1500000,2620000
2018-11-23 13:30:36.244000,1.32129,1.32113,2320000,1570000
2018-11-23 13:30:36.400000,1.32132,1.32117,1000000,1000000
2018-11-23 13:30:36.454000,1.32136,1.32119,1120000,1000000
2018-11-23 13:30:36.648000,1.32139,1.32124,1000000,1500000
2018-11-23 13:30:36.963000,1.32152,1.3214,1470000,1000000
2018-11-23 13:30:37.171000,1.32153,1.3214,1000000,1000000
2018-11-23 13:30:37.291000,1.32155,1.32143,1000000,1000000
2018-11-23 13:30:37.710000,1.32166,1.32148,2320000,1000000
2018-11-23 13:30:37.763000,1.32171,1.32159,1000000,1000000
2018-11-23 13:30:37.869000,1.32172,1.32162,1120000,1000000
2018-11-23 13:30:38.205000,1.32173,1.32169,1870000,1000000
2018-11-23 13:30:38.258000,1.32181,1.32169,1000000,1000000
2018-11-23 13:30:38.956000,1.32182,1.3217,1850000,1000000
2018-11-23 13:30:39.113000,1.32182,1.3217,1500000,1000000
2018-11-23 13:30:39.268000,1.32181,1.32168,1000000,1000000
2018-11-23 13:30:39.320000,1.32179,1.32164,1450000,1000000
2018-11-23 13:30:39.426000,1.32178,1.32162,1000000,1000000
2018-11-23 13:30:39.479000,1.32178,1.32162,1570000,1000000
2018-11-23 13:30:39.825000,1.3217,1.32155,1200000,1200000
2018-11-23 13:30:39.878000,1.3217,1.32154,1200000,4460000
2018-11-23 13:30:40.085000,1.32175,1.32161,1570000,1000000
2018-11-23 13:30:40.398000,1.32176,1.32166,1000000,1000000
2018-11-23 13:30:40.488000,1.32175,1.32162,1000000,1200000
2018-11-23 13:30:40.541000,1.3218,1.32161,1450000,3070000
2018-11-23 13:30:40.698000,1.32182,1.32162,3070000,1200000
2018-11-23 13:30:40.957000,1.32182,1.32164,3070000,1000000
2018-11-23 13:30:41.359000,1.32182,1.32167,1950000,1000000
2018-11-23 13:30:41.568000,1.32201,1.3218,1000000,1500000
2018-11-23 13:30:41.672000,1.32199,1.32183,1000000,1000000
2018-11-23 13:30:41.879000,1.32202,1.32185,2250000,1000000
2018-11-23 13:30:41.931000,1.32202,1.32185,4200000,1000000
2018-11-23 13:30:41.983000,1.322,1.32185,1000000,1000000
2018-11-23 13:30:42.358000,1.32198,1.32181,1000000,1000000
2018-11-23 13:30:42.771000,1.32199,1.32181,1950000,1000000
2018-11-23 13:30:43.087000,1.32194,1.32181,1070000,1000000
2018-11-23 13:30:43.397000,1.322,1.32182,1450000,1000000
2018-11-23 13:30:43.450000,1.32203,1.32186,1120000,1500000
2018-11-23 13:30:43.503000,1.32203,1.32188,1120000,1000000
2018-11-23 13:30:43.556000,1.32207,1.32188,1500000,1500000
2018-11-23 13:30:43.661000,1.32209,1.32189,3000000,1500000
2018-11-23 13:30:43.713000,1.32209,1.32192,2250000,1000000
2018-11-23 13:30:44.027000,1.322,1.32187,1000000,1000000
2018-11-23 13:30:44.243000,1.32202,1.32187,1500000,1000000
2018-11-23 13:30:44.450000,1.32201,1.32187,1450000,1000000
2018-11-23 13:30:44.893000,1.32181,1.32168,1000000,1910000
2018-11-23 13:30:44.945000,1.32176,1.32161,1500000,1500000
2018-11-23 13:30:44.997000,1.32161,1.32155,1000000,1840000
2018-11-23 13:30:45.050000,1.32156,1.32148,1370000,1500000
2018-11-23 13:30:45.102000,1.32164,1.32158,1000000,1000000
2018-11-23 13:30:45.153000,1.32177,1.32157,1000000,1500000
2018-11-23 13:30:45.206000,1.3218,1.32169,1000000,1000000
2018-11-23 13:30:45.259000,1.3219,1.3217,2440000,1000000
2018-11-23 13:30:45.312000,1.32187,1.32173,1000000,1000000
2018-11-23 13:30:45.452000,1.32196,1.3218,1000000,1000000
2018-11-23 13:30:45.506000,1.32196,1.32178,1500000,1000000
2018-11-23 13:30:45.717000,1.32195,1.32175,1500000,1000000
2018-11-23 13:30:45.872000,1.32194,1.32172,1000000,1000000
2018-11-23 13:30:45.975000,1.32194,1.32174,1500000,1000000
2018-11-23 13:30:46.353000,1.32194,1.32179,1000000,2250000
2018-11-23 13:30:46.510000,1.32228,1.32209,1000000,1000000
2018-11-23 13:30:46.564000,1.32234,1.32215,2620000,1120000
2018-11-23 13:30:46.903000,1.3224,1.32224,1000000,1200000
2018-11-23 13:30:47.219000,1.32245,1.3223,1160000,1000000
2018-11-23 13:30:47.357000,1.32247,1.32233,1100000,1000000
2018-11-23 13:30:47.566000,1.32248,1.32231,1910000,1200000
2018-11-23 13:30:47.669000,1.32246,1.32229,1160000,1950000
2018-11-23 13:30:47.878000,1.32248,1.32233,1450000,1000000
2018-11-23 13:30:48.007000,1.32247,1.32229,1160000,1950000
2018-11-23 13:30:48.320000,1.32246,1.32226,1950000,2700000
2018-11-23 13:30:48.766000,1.32246,1.32227,1000000,1500000
2018-11-23 13:30:48.820000,1.32247,1.3223,1200000,1950000
2018-11-23 13:30:49.541000,1.32245,1.3223,1000000,1100000
2018-11-23 13:30:49.850000,1.32223,1.32212,1000000,1120000
2018-11-23 13:30:49.903000,1.3222,1.32204,1000000,1370000
2018-11-23 13:30:50.007000,1.3222,1.32203,1000000,1000000
2018-11-23 13:30:50.214000,1.3222,1.32205,1000000,1000000
2018-11-23 13:30:50.319000,1.32223,1.32205,1000000,1000000
2018-11-23 13:30:50.424000,1.32226,1.32209,1000000,1000000
2018-11-23 13:30:50.788000,1.32227,1.32209,1450000,1950000
2018-11-23 13:30:50.944000,1.32228,1.32209,1000000,1500000
2018-11-23 13:30:50.996000,1.32221,1.32208,1000000,1000000
2018-11-23 13:30:51.048000,1.32218,1.32203,1000000,1000000
2018-11-23 13:30:51.100000,1.32216,1.32198,1120000,1450000
2018-11-23 13:30:51.204000,1.32215,1.32196,1100000,3820000
2018-11-23 13:30:51.422000,1.32215,1.32209,1000000,1000000
2018-11-23 13:30:51.475000,1.32223,1.32207,1000000,1870000
2018-11-23 13:30:51.529000,1.3222,1.32204,1100000,1200000
2018-11-23 13:30:51.582000,1.32219,1.32201,1000000,1870000
2018-11-23 13:30:51.635000,1.32221,1.32205,1450000,1100000
2018-11-23 13:30:51.689000,1.3222,1.32203,1000000,1000000
2018-11-23 13:30:51.742000,1.32218,1.322,1000000,2250000
2018-11-23 13:30:51.795000,1.32218,1.32205,1450000,1000000
2018-11-23 13:30:51.848000,1.32216,1.322,1000000,2700000
2018-11-23 13:30:51.900000,1.32217,1.322,1200000,3070000
2018-11-23 13:30:52.055000,1.32219,1.32207,1000000,1000000
2018-11-23 13:30:52.108000,1.32222,1.32204,1500000,1500000
2018-11-23 13:30:52.267000,1.32217,1.32201,1470000,1200000
2018-11-23 13:30:52.421000,1.32215,1.32199,1000000,1000000
2018-11-23 13:30:52.473000,1.32217,1.32201,1200000,1450000
2018-11-23 13:30:52.577000,1.32218,1.322,2250000,1000000
2018-11-23 13:30:52.681000,1.32218,1.32203,2250000,1820000
2018-11-23 13:30:52.733000,1.32218,1.32202,1500000,1950000
2018-11-23 13:30:53.063000,1.3222,1.32202,1200000,2320000
2018-11-23 13:30:53.388000,1.32221,1.32209,1000000,1370000
2018-11-23 13:30:53.597000,1.32244,1.3223,1570000,1500000
2018-11-23 13:30:53.649000,1.3225,1.32235,1950000,1000000
2018-11-23 13:30:53.755000,1.32248,1.32235,1070000,1000000
2018-11-23 13:30:54.131000,1.3225,1.32236,1450000,1000000
2018-11-23 13:30:54.287000,1.3225,1.32233,1950000,1000000
2018-11-23 13:30:54.786000,1.3225,1.32234,2320000,1000000
2018-11-23 13:30:55.306000,1.3225,1.32234,2320000,1500000
2018-11-23 13:30:55.568000,1.32237,1.32228,1500000,1000000
2018-11-23 13:30:55.621000,1.32236,1.32221,1000000,1000000
2018-11-23 13:30:55.760000,1.32231,1.32211,1000000,1500000
2018-11-23 13:30:55.812000,1.3223,1.32209,1450000,1070000
2018-11-23 13:30:55.864000,1.32228,1.3221,1000000,1000000
2018-11-23 13:30:56.404000,1.32227,1.32211,1000000,1000000
2018-11-23 13:30:56.508000,1.32225,1.32208,1000000,1070000
2018-11-23 13:30:56.560000,1.32225,1.32208,1000000,1000000
2018-11-23 13:30:56.612000,1.32225,1.32205,1200000,1450000
2018-11-23 13:30:57.026000,1.32226,1.3221,1000000,1000000
2018-11-23 13:30:57.333000,1.32227,1.32213,1500000,1000000
2018-11-23 13:30:57.437000,1.32227,1.32211,1500000,1000000
2018-11-23 13:30:57.489000,1.32227,1.32211,1570000,1000000
2018-11-23 13:30:57.878000,1.32224,1.32208,1100000,1100000
2018-11-23 13:30:58.135000,1.32222,1.32205,1200000,1200000
2018-11-23 13:30:58.478000,1.32222,1.32208,1200000,1100000
2018-11-23 13:30:58.947000,1.32221,1.32205,1100000,1950000
2018-11-23 13:30:59.483000,1.32221,1.32206,1000000,1450000
2018-11-23 13:30:59.960000,1.32224,1.32207,1100000,1450000
2018-11-23 13:31:00.063000,1.32223,1.32207,1200000,1450000
2018-11-23 13:31:00.406000,1.32227,1.32215,1000000,1500000
2018-11-23 13:31:00.565000,1.3225,1.32236,1000000,1000000
2018-11-23 13:31:00.621000,1.32253,1.32239,1000000,1000000
2018-11-23 13:31:00.780000,1.32264,1.32248,1000000,1000000
2018-11-23 13:31:00.884000,1.32264,1.3225,1000000,1000000
2018-11-23 13:31:01.006000,1.32264,1.32246,1870000,1000000
2018-11-23 13:31:01.062000,1.32264,1.32249,1950000,1370000
2018-11-23 13:31:01.114000,1.32264,1.32253,1500000,1000000
2018-11-23 13:31:01.271000,1.32266,1.3225,1000000,1000000
2018-11-23 13:31:01.430000,1.32264,1.3225,2000000,1000000
2018-11-23 13:31:01.573000,1.32259,1.32243,1120000,1000000
2018-11-23 13:31:01.830000,1.32262,1.32243,1000000,1000000
2018-11-23 13:31:01.882000,1.32265,1.32244,1500000,1500000
2018-11-23 13:31:02.087000,1.32264,1.32244,1450000,1950000
2018-11-23 13:31:02.270000,1.32264,1.32247,1000000,1500000
2018-11-23 13:31:02.425000,1.32262,1.32247,1120000,1200000
2018-11-23 13:31:02.477000,1.32265,1.32247,1500000,1000000
2018-11-23 13:31:02.735000,1.32268,1.32249,1500000,1000000
2018-11-23 13:31:02.789000,1.32269,1.32251,1000000,1500000
2018-11-23 13:31:03.136000,1.32274,1.32264,1300000,1000000
2018-11-23 13:31:03.198000,1.32285,1.32269,1000000,1000000
2018-11-23 13:31:03.250000,1.32284,1.3227,1200000,1000000
2018-11-23 13:31:03.302000,1.32286,1.3227,1000000,1500000
2018-11-23 13:31:03.614000,1.32286,1.32268,1000000,1000000
2018-11-23 13:31:03.668000,1.32289,1.32269,1000000,1000000
2018-11-23 13:31:03.720000,1.3229,1.32271,1000000,1000000
2018-11-23 13:31:04.027000,1.32297,1.3228,1000000,1000000
2018-11-23 13:31:04.130000,1.323,1.3228,1500000,1500000
2018-11-23 13:31:04.182000,1.32301,1.32285,1570000,1000000
2018-11-23 13:31:04.235000,1.32301,1.32288,1000000,1000000
2018-11-23 13:31:04.340000,1.32301,1.3229,1000000,1000000
2018-11-23 13:31:04.393000,1.32304,1.3229,1000000,1000000
2018-11-23 13:31:04.446000,1.32306,1.3229,1000000,1000000
2018-11-23 13:31:04.844000,1.32302,1.32287,2250000,1000000
2018-11-23 13:31:04.946000,1.323,1.32283,1000000,1000000
2018-11-23 13:31:05.049000,1.32297,1.32282,1000000,1000000
2018-11-23 13:31:05.100000,1.32297,1.32279,1000000,1500000
2018-11-23 13:31:05.152000,1.32297,1.32279,1570000,1100000
2018-11-23 13:31:05.254000,1.32297,1.32279,1950000,1100000
2018-11-23 13:31:05.414000,1.32285,1.32271,1000000,1000000
2018-11-23 13:31:05.519000,1.32286,1.32266,1000000,1500000
2018-11-23 13:31:06.080000,1.32285,1.32266,1000000,1000000
2018-11-23 13:31:06.132000,1.32285,1.32265,1070000,4570000
2018-11-23 13:31:06.730000,1.32275,1.32264,1000000,1570000
2018-11-23 13:31:06.782000,1.32269,1.32256,1000000,1000000
2018-11-23 13:31:06.855000,1.32269,1.32258,1000000,1000000
2018-11-23 13:31:06.915000,1.32274,1.3226,1000000,1070000
2018-11-23 13:31:06.969000,1.32277,1.32261,1000000,1570000
2018-11-23 13:31:07.023000,1.32276,1.32261,1000000,3750000
2018-11-23 13:31:07.076000,1.32282,1.32262,1370000,1000000
2018-11-23 13:31:07.439000,1.32282,1.32262,1570000,1070000
2018-11-23 13:31:07.756000,1.32275,1.32261,1000000,1500000
2018-11-23 13:31:07.912000,1.32274,1.32256,1000000,1000000
2018-11-23 13:31:08.328000,1.32266,1.32257,1000000,1000000
2018-11-23 13:31:08.380000,1.32262,1.32251,1870000,1000000
2018-11-23 13:31:08.432000,1.32252,1.32245,1000000,1500000
2018-11-23 13:31:08.541000,1.32251,1.32239,1000000,1200000
2018-11-23 13:31:08.648000,1.32251,1.32237,1000000,2250000
2018-11-23 13:31:08.701000,1.32254,1.32238,1500000,1000000
2018-11-23 13:31:08.754000,1.32252,1.32235,1120000,1000000
2018-11-23 13:31:08.807000,1.32252,1.32239,1000000,1000000
2018-11-23 13:31:08.918000,1.32259,1.32244,1450000,1500000
2018-11-23 13:31:08.970000,1.32261,1.32246,1500000,1000000
2018-11-23 13:31:09.126000,1.32261,1.32248,1450000,1000000
2018-11-23 13:31:09.282000,1.32266,1.32249,1950000,1000000
2018-11-23 13:31:09.335000,1.32268,1.32252,1000000,1000000
2018-11-23 13:31:09.443000,1.32271,1.32252,1000000,1000000
2018-11-23 13:31:09.494000,1.32267,1.32252,1000000,1000000
2018-11-23 13:31:09.546000,1.32271,1.32252,1000000,1000000
2018-11-23 13:31:09.857000,1.32265,1.3225,1500000,1820000
2018-11-23 13:31:09.909000,1.32265,1.32249,1500000,1450000
2018-11-23 13:31:09.961000,1.32263,1.32248,1000000,1100000
2018-11-23 13:31:10.066000,1.32265,1.3225,1000000,1000000
2018-11-23 13:31:10.550000,1.32265,1.32254,1000000,1000000
2018-11-23 13:31:10.757000,1.32268,1.32254,1200000,1000000
2018-11-23 13:31:10.809000,1.32269,1.32256,1450000,1000000
2018-11-23 13:31:10.861000,1.32271,1.32256,1450000,1100000
2018-11-23 13:31:10.966000,1.32262,1.32252,1000000,2320000
2018-11-23 13:31:11.178000,1.3224,1.32228,1000000,1070000
2018-11-23 13:31:11.312000,1.32235,1.32224,1100000,1500000
2018-11-23 13:31:11.367000,1.32222,1.3221,1500000,1000000
2018-11-23 13:31:11.419000,1.32218,1.32209,1000000,1000000
2018-11-23 13:31:11.471000,1.3222,1.32202,1000000,3370000
2018-11-23 13:31:12.032000,1.3222,1.32202,1000000,2620000
2018-11-23 13:31:12.241000,1.3222,1.32202,1200000,3070000
2018-11-23 13:31:12.398000,1.3222,1.32203,1000000,1000000
2018-11-23 13:31:12.450000,1.32218,1.32202,1000000,1450000
2018-11-23 13:31:12.502000,1.32218,1.32201,1200000,1950000
2018-11-23 13:31:12.608000,1.32218,1.32203,1000000,1500000
2018-11-23 13:31:12.854000,1.32236,1.3222,1000000,1500000
2018-11-23 13:31:12.907000,1.32238,1.32221,1000000,1000000
2018-11-23 13:31:13.325000,1.32243,1.32226,1500000,1000000
2018-11-23 13:31:13.377000,1.32245,1.32226,1000000,1000000
2018-11-23 13:31:13.546000,1.32244,1.32228,1000000,1500000
2018-11-23 13:31:14.062000,1.32245,1.32226,1000000,3000000
2018-11-23 13:31:14.571000,1.32245,1.32226,1450000,3450000
2018-11-23 13:31:14.882000,1.32238,1.32224,1500000,2320000
2018-11-23 13:31:14.934000,1.32232,1.3222,1000000,3450000
2018-11-23 13:31:15.116000,1.32231,1.32217,1000000,1100000
2018-11-23 13:31:15.480000,1.32229,1.32216,1000000,1200000
2018-11-23 13:31:15.907000,1.32229,1.32214,1000000,1570000
2018-11-23 13:31:16.096000,1.32225,1.32212,1000000,1200000
2018-11-23 13:31:16.155000,1.32219,1.32203,1000000,3070000
2018-11-23 13:31:16.468000,1.32219,1.32205,1000000,1200000
2018-11-23 13:31:16.625000,1.32218,1.32202,1570000,1100000
2018-11-23 13:31:17.211000,1.32215,1.32198,1000000,3450000
2018-11-23 13:31:17.264000,1.32212,1.32198,1000000,1500000
2018-11-23 13:31:17.578000,1.32208,1.32198,1000000,1000000
2018-11-23 13:31:17.908000,1.32203,1.32196,1000000,1670000
2018-11-23 13:31:18.012000,1.32196,1.32187,1000000,1450000
2018-11-23 13:31:18.064000,1.32196,1.32187,1000000,1570000
2018-11-23 13:31:18.426000,1.32195,1.32185,1000000,1100000
2018-11-23 13:31:18.883000,1.32196,1.32187,1000000,1000000
2018-11-23 13:31:19.402000,1.32197,1.32187,1000000,1200000
2018-11-23 13:31:19.757000,1.32195,1.32187,1000000,1100000
2018-11-23 13:31:19.809000,1.32195,1.32183,2320000,1000000
2018-11-23 13:31:19.861000,1.32186,1.32182,1000000,1000000
2018-11-23 13:31:19.913000,1.32181,1.32169,1000000,2700000
2018-11-23 13:31:19.965000,1.32179,1.32169,1000000,1950000
2018-11-23 13:31:20.017000,1.32179,1.32166,1000000,4200000
2018-11-23 13:31:20.533000,1.3218,1.32169,1000000,1200000
2018-11-23 13:31:21.172000,1.3218,1.3217,1000000,1000000
2018-11-23 13:31:21.431000,1.32178,1.32168,1000000,1950000
2018-11-23 13:31:21.945000,1.32178,1.32166,1000000,1950000
2018-11-23 13:31:22.490000,1.32177,1.32166,1000000,1950000
2018-11-23 13:31:22.699000,1.32172,1.32156,1000000,1610000
2018-11-23 13:31:22.751000,1.32164,1.32156,1000000,1450000
2018-11-23 13:31:22.804000,1.32164,1.32153,1000000,1570000
2018-11-23 13:31:22.856000,1.32161,1.32153,1000000,1570000
2018-11-23 13:31:22.985000,1.32157,1.32147,1000000,1450000
2018-11-23 13:31:23.502000,1.32157,1.32147,1000000,1100000
2018-11-23 13:31:23.658000,1.32158,1.32149,1000000,1120000
2018-11-23 13:31:23.762000,1.3216,1.32149,1000000,1200000
2018-11-23 13:31:23.916000,1.3216,1.3215,1000000,1070000
2018-11-23 13:31:24.261000,1.32163,1.32153,1000000,1000000
2018-11-23 13:31:24.574000,1.32169,1.32152,1000000,1200000
2018-11-23 13:31:24.784000,1.32178,1.32162,2320000,1500000
2018-11-23 13:31:24.837000,1.32178,1.32164,1200000,1100000
2018-11-23 13:31:24.993000,1.32181,1.32164,1570000,1070000
2018-11-23 13:31:25.400000,1.32181,1.32164,1570000,1100000
2018-11-23 13:31:26.003000,1.3218,1.32164,1100000,1070000
2018-11-23 13:31:26.056000,1.32176,1.32168,1000000,1500000
2018-11-23 13:31:26.108000,1.32182,1.32164,1000000,2320000
2018-11-23 13:31:26.162000,1.32182,1.32169,1000000,1000000
2018-11-23 13:31:26.318000,1.32187,1.32172,1200000,1500000
2018-11-23 13:31:26.422000,1.3219,1.32172,2700000,2320000
2018-11-23 13:31:26.596000,1.32191,1.32174,1950000,1100000
2018-11-23 13:31:26.648000,1.32194,1.32182,1450000,1000000
2018-11-23 13:31:26.753000,1.32199,1.32186,1950000,1500000
2018-11-23 13:31:26.806000,1.32201,1.32186,1450000,1500000
2018-11-23 13:31:26.911000,1.32201,1.32186,1950000,1500000
2018-11-23 13:31:27.416000,1.322,1.32183,1000000,1070000
2018-11-23 13:31:27.522000,1.32199,1.32183,1200000,1000000
2018-11-23 13:31:28.031000,1.322,1.32183,1820000,1100000
2018-11-23 13:31:28.359000,1.32197,1.32179,1450000,1200000
2018-11-23 13:31:28.411000,1.32193,1.32177,1000000,2700000
2018-11-23 13:31:28.464000,1.32192,1.32175,1000000,1950000
2018-11-23 13:31:28.517000,1.32192,1.32175,1200000,1100000
2018-11-23 13:31:28.878000,1.32192,1.32173,1570000,1200000
2018-11-23 13:31:29.191000,1.32192,1.32176,1070000,1000000
2018-11-23 13:31:29.733000,1.32192,1.32177,1100000,1000000
2018-11-23 13:31:30.359000,1.32184,1.32175,1000000,1950000
2018-11-23 13:31:30.411000,1.32181,1.32171,1000000,1200000
2018-11-23 13:31:30.515000,1.32179,1.3217,1000000,1000000
2018-11-23 13:31:30.769000,1.32172,1.32162,1000000,1000000
2018-11-23 13:31:31.283000,1.32172,1.32163,1000000,1000000
2018-11-23 13:31:31.591000,1.32168,1.3216,1000000,1000000
2018-11-23 13:31:32.112000,1.32169,1.3216,1000000,1000000
2018-11-23 13:31:32.560000,1.32169,1.32162,1000000,1000000
2018-11-23 13:31:32.874000,1.32176,1.32171,1000000,1000000
2018-11-23 13:31:33.082000,1.32176,1.32169,1000000,1000000
2018-11-23 13:31:34.885000,1.32178,1.32169,1000000,1000000
2018-11-23 13:31:35.474000,1.32178,1.32168,1000000,1000000
2018-11-23 13:31:36.474000,1.32177,1.32167,1000000,1000000
2018-11-23 13:31:36.578000,1.32175,1.32167,1000000,1000000
2018-11-23 13:31:36.630000,1.32175,1.32165,1000000,1000000
2018-11-23 13:31:36.819000,1.32171,1.32161,1000000,1200000
2018-11-23 13:31:36.924000,1.32171,1.3216,1000000,1000000
2018-11-23 13:31:37.594000,1.32172,1.32159,1000000,1500000
2018-11-23 13:31:37.646000,1.32175,1.32164,1450000,1500000
2018-11-23 13:31:37.802000,1.3218,1.32167,1000000,1000000
2018-11-23 13:31:38.707000,1.32181,1.32167,1200000,1000000
2018-11-23 13:31:39.236000,1.32181,1.32165,1000000,2320000
2018-11-23 13:31:39.713000,1.32183,1.32169,2250000,1000000
2018-11-23 13:31:40.232000,1.32183,1.3217,1000000,1000000
2018-11-23 13:31:40.490000,1.32187,1.32177,1950000,1500000
2018-11-23 13:31:40.543000,1.3219,1.32177,1200000,1500000
2018-11-23 13:31:40.720000,1.32189,1.32175,1570000,1000000
2018-11-23 13:31:41.245000,1.32189,1.32174,3070000,1500000
2018-11-23 13:31:41.755000,1.32189,1.32174,2320000,1570000
2018-11-23 13:31:42.064000,1.3219,1.32179,1950000,1000000
2018-11-23 13:31:42.393000,1.3219,1.32177,1200000,1500000
2018-11-23 13:31:43.434000,1.3219,1.32179,1000000,1000000
2018-11-23 13:31:43.956000,1.32191,1.32178,1000000,1000000
2018-11-23 13:31:44.494000,1.3219,1.32177,1950000,1000000
2018-11-23 13:31:45.548000,1.32197,1.32191,1500000,1000000
2018-11-23 13:31:45.601000,1.32203,1.32193,1500000,1000000
2018-11-23 13:31:45.653000,1.32208,1.32197,1000000,1000000
2018-11-23 13:31:45.705000,1.32212,1.32198,1450000,1000000
2018-11-23 13:31:45.757000,1.32215,1.32203,1450000,1500000
2018-11-23 13:31:45.809000,1.32218,1.32205,1500000,1000000
2018-11-23 13:31:46.312000,1.32219,1.32204,1950000,1200000
2018-11-23 13:31:46.981000,1.32219,1.32204,1500000,1950000
2018-11-23 13:31:47.137000,1.32219,1.32204,1500000,1570000
2018-11-23 13:31:47.685000,1.32219,1.32208,3070000,1000000
2018-11-23 13:31:48.202000,1.32216,1.32208,1000000,1000000
2018-11-23 13:31:48.307000,1.32216,1.32206,1500000,1000000
2018-11-23 13:31:48.577000,1.32213,1.32202,1000000,1000000
2018-11-23 13:31:48.680000,1.32213,1.32199,1000000,1000000
2018-11-23 13:31:49.187000,1.32213,1.322,1000000,1000000
2018-11-23 13:31:49.343000,1.32215,1.32201,1950000,1000000
2018-11-23 13:31:49.462000,1.32213,1.32203,1000000,1000000
2018-11-23 13:31:49.787000,1.32216,1.32204,2250000,1000000
2018-11-23 13:31:49.840000,1.32216,1.32206,1000000,1000000
2018-11-23 13:31:49.896000,1.32218,1.32206,1500000,1000000
2018-11-23 13:31:50.312000,1.32217,1.32204,1000000,1100000
2018-11-23 13:31:50.886000,1.3221,1.32204,1000000,1000000
2018-11-23 13:31:50.939000,1.32205,1.32196,1000000,1000000
2018-11-23 13:31:51.042000,1.32204,1.32192,1500000,1000000
2018-11-23 13:31:52.268000,1.32196,1.32189,1000000,1000000
2018-11-23 13:31:52.321000,1.32194,1.32185,1000000,1500000
2018-11-23 13:31:52.427000,1.32194,1.32181,1000000,1000000
2018-11-23 13:31:53.009000,1.32194,1.32182,1200000,1000000
2018-11-23 13:31:53.527000,1.32195,1.32182,2320000,1000000
2018-11-23 13:31:53.948000,1.32197,1.32184,2700000,1000000
2018-11-23 13:31:54.098000,1.32199,1.32186,1000000,1000000
2018-11-23 13:31:54.617000,1.32205,1.32191,3000000,1000000
2018-11-23 13:31:54.786000,1.32204,1.32194,1000000,1000000
2018-11-23 13:31:54.838000,1.32209,1.32195,1000000,1000000
2018-11-23 13:31:54.890000,1.3221,1.32197,1950000,1000000
2018-11-23 13:31:55.200000,1.3222,1.32207,1100000,1000000
2018-11-23 13:31:55.720000,1.32221,1.32207,1100000,1200000
2018-11-23 13:31:56.030000,1.32223,1.3221,2440000,1000000
2018-11-23 13:31:56.641000,1.32222,1.32208,1500000,1200000
2018-11-23 13:31:56.796000,1.32221,1.32206,2250000,3450000
2018-11-23 13:31:56.899000,1.32221,1.32206,2250000,3450000
2018-11-23 13:31:57.418000,1.32221,1.32209,2250000,1000000
2018-11-23 13:31:58.205000,1.32221,1.3221,1500000,1000000
2018-11-23 13:31:59.218000,1.32221,1.32211,1500000,1000000
2018-11-23 13:32:00.148000,1.32221,1.32216,1000000,1000000
2018-11-23 13:32:00.200000,1.32223,1.32216,1000000,1000000
2018-11-23 13:32:00.252000,1.32223,1.32219,1000000,1000000
2018-11-23 13:32:00.445000,1.32231,1.32219,1570000,1000000
2018-11-23 13:32:00.497000,1.32232,1.32224,1200000,1000000
2018-11-23 13:32:00.551000,1.32235,1.32226,2440000,1000000
2018-11-23 13:32:00.654000,1.32236,1.32232,1000000,1000000
2018-11-23 13:32:00.707000,1.32245,1.32235,2320000,1000000
2018-11-23 13:32:00.759000,1.32248,1.32238,2700000,1000000
2018-11-23 13:32:00.812000,1.32248,1.32237,1000000,1000000
2018-11-23 13:32:00.864000,1.32247,1.32235,1000000,1000000
2018-11-23 13:32:00.917000,1.32245,1.32235,1000000,1000000
2018-11-23 13:32:01.073000,1.32247,1.32233,1950000,1000000
2018-11-23 13:32:01.152000,1.32247,1.32233,1950000,1370000
2018-11-23 13:32:01.256000,1.32253,1.32242,1000000,1500000
2018-11-23 13:32:01.362000,1.32255,1.32243,1200000,1000000
2018-11-23 13:32:01.568000,1.32252,1.32239,1870000,1950000
2018-11-23 13:32:01.670000,1.3225,1.32239,1000000,1000000
2018-11-23 13:32:02.200000,1.32251,1.32239,1000000,1000000
2018-11-23 13:32:02.513000,1.32252,1.32242,1000000,1000000
2018-11-23 13:32:02.617000,1.32254,1.32242,1950000,1000000
2018-11-23 13:32:03.130000,1.32255,1.32247,1070000,1000000
2018-11-23 13:32:03.183000,1.32257,1.32248,1130000,1500000
2018-11-23 13:32:03.235000,1.32257,1.3225,1130000,1000000
2018-11-23 13:32:03.494000,1.32263,1.3225,1370000,2250000
2018-11-23 13:32:03.678000,1.32258,1.32246,1120000,1000000
2018-11-23 13:32:04.091000,1.32255,1.32244,1000000,1100000
2018-11-23 13:32:04.197000,1.32257,1.32245,1120000,1000000
2018-11-23 13:32:04.720000,1.32258,1.32245,1200000,1000000
2018-11-23 13:32:05.246000,1.32258,1.32249,1000000,1000000
2018-11-23 13:32:05.567000,1.3226,1.32249,1500000,1000000
2018-11-23 13:32:06.285000,1.3226,1.3225,1000000,1000000
2018-11-23 13:32:06.440000,1.32263,1.32253,2320000,1000000
2018-11-23 13:32:06.902000,1.32265,1.32254,2320000,1000000
2018-11-23 13:32:07.134000,1.32263,1.32251,1000000,1000000
2018-11-23 13:32:07.187000,1.32262,1.32249,1500000,1000000
2018-11-23 13:32:07.764000,1.32261,1.3225,1000000,1000000
2018-11-23 13:32:08.037000,1.32261,1.32247,1500000,1100000
2018-11-23 13:32:08.092000,1.32259,1.32246,1000000,1200000
2018-11-23 13:32:08.412000,1.32257,1.32246,1000000,1000000
2018-11-23 13:32:08.760000,1.3226,1.3225,1000000,1000000
2018-11-23 13:32:09.277000,1.32262,1.32252,1000000,1000000
2018-11-23 13:32:09.330000,1.32265,1.32252,1000000,2250000
2018-11-23 13:32:09.384000,1.32268,1.32254,1000000,1500000
2018-11-23 13:32:09.590000,1.3227,1.32254,1500000,1950000
2018-11-23 13:32:09.810000,1.32275,1.32259,1820000,1500000
2018-11-23 13:32:09.862000,1.32275,1.3226,1950000,1000000
2018-11-23 13:32:09.916000,1.32275,1.32264,1200000,1000000
2018-11-23 13:32:09.968000,1.32279,1.32264,1100000,1500000
2018-11-23 13:32:10.020000,1.3228,1.32265,1500000,1950000
2018-11-23 13:32:10.332000,1.32283,1.32269,1000000,1100000
2018-11-23 13:32:10.843000,1.32282,1.32268,1000000,1500000
2018-11-23 13:32:11.159000,1.32289,1.32276,1570000,1000000
2018-11-23 13:32:11.629000,1.32289,1.32278,1500000,1000000
2018-11-23 13:32:11.973000,1.32291,1.32281,1500000,1000000
2018-11-23 13:32:12.386000,1.32291,1.32279,1500000,1000000
2018-11-23 13:32:14.162000,1.32289,1.32277,1000000,1950000
2018-11-23 13:32:14.424000,1.32291,1.32277,1000000,1950000
2018-11-23 13:32:14.529000,1.32295,1.32279,1000000,1580000
2018-11-23 13:32:14.944000,1.32292,1.3228,1000000,1570000
2018-11-23 13:32:15.235000,1.32302,1.32286,1450000,3750000
2018-11-23 13:32:15.287000,1.32304,1.32291,1450000,1000000
2018-11-23 13:32:15.340000,1.32304,1.32293,1200000,1000000
2018-11-23 13:32:15.444000,1.32311,1.32299,1450000,1000000
2018-11-23 13:32:15.496000,1.32311,1.32299,1100000,1000000
2018-11-23 13:32:15.651000,1.32312,1.32301,1000000,1000000
2018-11-23 13:32:15.825000,1.32314,1.32299,1100000,1000000
2018-11-23 13:32:16.339000,1.32314,1.32298,1570000,1100000
2018-11-23 13:32:16.883000,1.32307,1.32293,1000000,1100000
2018-11-23 13:32:17.193000,1.32305,1.3229,1100000,1070000
2018-11-23 13:32:17.720000,1.32305,1.3229,1000000,1570000
2018-11-23 13:32:18.041000,1.32302,1.32287,1000000,1100000
2018-11-23 13:32:18.460000,1.32298,1.32284,1000000,1200000
2018-11-23 13:32:18.983000,1.32297,1.32284,1000000,1000000
2018-11-23 13:32:20.840000,1.32298,1.32285,1200000,1000000
2018-11-23 13:32:22.361000,1.32298,1.32286,1200000,1000000
2018-11-23 13:32:22.691000,1.323,1.32288,1000000,1500000
2018-11-23 13:32:22.846000,1.32302,1.32288,1000000,1500000
2018-11-23 13:32:23.175000,1.323,1.32288,1000000,1000000
2018-11-23 13:32:23.332000,1.32296,1.32283,1000000,1000000
2018-11-23 13:32:23.383000,1.32296,1.32281,1000000,1000000
2018-11-23 13:32:23.487000,1.32295,1.3228,1950000,1000000
2018-11-23 13:32:23.818000,1.32292,1.32279,1000000,1000000
2018-11-23 13:32:24.719000,1.32291,1.32279,1000000,1000000
2018-11-23 13:32:26.368000,1.32293,1.3228,1450000,1000000
2018-11-23 13:32:26.693000,1.32293,1.32282,1000000,1000000
2018-11-23 13:32:27.240000,1.32294,1.32281,1200000,1000000
2018-11-23 13:32:28.047000,1.32295,1.32281,1950000,1000000
2018-11-23 13:32:28.560000,1.32294,1.32283,1000000,1000000
2018-11-23 13:32:28.886000,1.32296,1.32286,1000000,1000000
2018-11-23 13:32:30.201000,1.32298,1.32286,1450000,1000000
2018-11-23 13:32:30.306000,1.32301,1.32288,1000000,1000000
2018-11-23 13:32:30.855000,1.32302,1.32289,1500000,1000000
2018-11-23 13:32:31.639000,1.32302,1.32289,1450000,1000000
2018-11-23 13:32:32.156000,1.32302,1.32289,1000000,1500000
2018-11-23 13:32:32.711000,1.32302,1.32288,1000000,1000000
2018-11-23 13:32:33.023000,1.32301,1.3229,1000000,1000000
2018-11-23 13:32:33.331000,1.32302,1.32288,1000000,1000000
2018-11-23 13:32:33.444000,1.32302,1.32291,1000000,1000000
2018-11-23 13:32:33.714000,1.32306,1.32292,1500000,1000000
2018-11-23 13:32:33.820000,1.32308,1.32298,1500000,1000000
2018-11-23 13:32:33.978000,1.32312,1.32301,1000000,2250000
2018-11-23 13:32:34.032000,1.32317,1.32305,2700000,1000000
2018-11-23 13:32:34.136000,1.32317,1.32305,1950000,1000000
2018-11-23 13:32:34.239000,1.32317,1.32308,1000000,1000000
2018-11-23 13:32:34.785000,1.32317,1.32307,1000000,1000000
2018-11-23 13:32:34.898000,1.32317,1.32305,1000000,1000000
2018-11-23 13:32:35.206000,1.32317,1.32307,1000000,1000000
2018-11-23 13:32:35.766000,1.32318,1.32308,1000000,1000000
2018-11-23 13:32:36.027000,1.32326,1.32314,2320000,1000000
2018-11-23 13:32:36.079000,1.32326,1.3232,1100000,1000000
2018-11-23 13:32:36.132000,1.32324,1.32314,1500000,1120000
2018-11-23 13:32:36.318000,1.32323,1.32311,1500000,1500000
2018-11-23 13:32:36.475000,1.32328,1.32317,1820000,1500000
2018-11-23 13:32:36.528000,1.32331,1.32317,1950000,1000000
2018-11-23 13:32:36.889000,1.32331,1.32319,1570000,1000000
2018-11-23 13:32:37.208000,1.32334,1.32321,1570000,1500000
2018-11-23 13:32:37.730000,1.32334,1.32321,1000000,1500000
2018-11-23 13:32:38.110000,1.32339,1.32331,1000000,1000000
2018-11-23 13:32:38.226000,1.32341,1.3233,3000000,1120000
2018-11-23 13:32:38.279000,1.32345,1.32333,2700000,1000000
2018-11-23 13:32:38.383000,1.3235,1.32333,1950000,1500000
2018-11-23 13:32:38.436000,1.32351,1.32335,1870000,1450000
2018-11-23 13:32:38.595000,1.3235,1.32336,1000000,1500000
2018-11-23 13:32:38.649000,1.32351,1.32336,1020000,1450000
2018-11-23 13:32:39.147000,1.32351,1.32337,2520000,1950000
2018-11-23 13:32:39.655000,1.32351,1.32337,1260000,2700000
2018-11-23 13:32:40.398000,1.32351,1.32338,1050000,1450000
2018-11-23 13:32:40.664000,1.32367,1.32353,1950000,1370000
2018-11-23 13:32:40.716000,1.32372,1.32358,1450000,1000000
2018-11-23 13:32:40.769000,1.32374,1.32361,1000000,1500000
2018-11-23 13:32:40.873000,1.32371,1.32361,1000000,1000000
2018-11-23 13:32:40.981000,1.32372,1.32359,1000000,1570000
2018-11-23 13:32:41.240000,1.32372,1.32361,1500000,1000000
2018-11-23 13:32:41.636000,1.32374,1.3236,1870000,1070000
2018-11-23 13:32:41.739000,1.32375,1.3236,1120000,2700000
2018-11-23 13:32:41.841000,1.32374,1.32361,1000000,1100000
2018-11-23 13:32:42.047000,1.32373,1.32361,1000000,1070000
2018-11-23 13:32:42.202000,1.32376,1.32361,1120000,1070000
2018-11-23 13:32:42.493000,1.32377,1.32364,1150000,1070000
2018-11-23 13:32:42.803000,1.32378,1.32367,1000000,1000000
2018-11-23 13:32:43.268000,1.3238,1.32372,1000000,1000000
2018-11-23 13:32:43.423000,1.32385,1.32372,1000000,1950000
2018-11-23 13:32:43.476000,1.32388,1.32372,1570000,2920000
2018-11-23 13:32:43.608000,1.32388,1.32372,1820000,1950000
2018-11-23 13:32:44.350000,1.32382,1.32373,1370000,1000000
2018-11-23 13:32:44.462000,1.32379,1.32369,1000000,1000000
2018-11-23 13:32:44.684000,1.3238,1.32367,3070000,1000000
2018-11-23 13:32:45.356000,1.32379,1.32366,1870000,1000000
2018-11-23 13:32:45.421000,1.32379,1.32368,1870000,1000000
2018-11-23 13:32:45.816000,1.32379,1.32365,1370000,1000000
2018-11-23 13:32:45.869000,1.3238,1.32367,2320000,1000000
2018-11-23 13:32:46.405000,1.32378,1.32365,1120000,1200000
2018-11-23 13:32:46.913000,1.32378,1.32365,1120000,1000000
2018-11-23 13:32:47.744000,1.32378,1.32365,1120000,1450000
2018-11-23 13:32:48.075000,1.32381,1.32372,1000000,1450000
2018-11-23 13:32:48.128000,1.32385,1.32374,1000000,1000000
2018-11-23 13:32:48.390000,1.32389,1.32376,1500000,1100000
2018-11-23 13:32:48.442000,1.32389,1.32378,1500000,1000000
2018-11-23 13:32:48.931000,1.3239,1.3238,1500000,1000000
2018-11-23 13:32:49.241000,1.3239,1.32383,2250000,1000000
2018-11-23 13:32:49.704000,1.32389,1.32381,1000000,1000000
2018-11-23 13:32:49.807000,1.32389,1.32379,1000000,1000000
2018-11-23 13:32:50.047000,1.3239,1.32381,1000000,1000000
2018-11-23 13:32:50.100000,1.32393,1.32381,3000000,1000000
2018-11-23 13:32:50.359000,1.32393,1.32383,1000000,1000000
2018-11-23 13:32:50.654000,1.324,1.32386,1000000,1200000
2018-11-23 13:32:50.706000,1.32402,1.32389,1100000,1000000
2018-11-23 13:32:51.029000,1.32405,1.32395,1000000,1000000
2018-11-23 13:32:51.423000,1.32406,1.32392,1500000,1000000
2018-11-23 13:32:51.476000,1.32404,1.32391,1000000,1100000
2018-11-23 13:32:52.027000,1.32403,1.3239,1000000,1950000
2018-11-23 13:32:52.079000,1.32405,1.32391,1950000,2620000
2018-11-23 13:32:52.131000,1.32404,1.3239,1000000,1950000
2018-11-23 13:32:52.183000,1.32404,1.32391,1000000,1200000
2018-11-23 13:32:52.440000,1.32405,1.32393,1500000,1000000
2018-11-23 13:32:52.852000,1.32402,1.32393,1000000,1000000
2018-11-23 13:32:53.141000,1.32404,1.32393,1500000,1000000
2018-11-23 13:32:53.246000,1.32404,1.32391,1500000,1200000
2018-11-23 13:32:53.557000,1.32401,1.3239,1500000,1200000
2018-11-23 13:32:53.868000,1.32403,1.32392,1000000,1000000
2018-11-23 13:32:54.179000,1.32405,1.32395,1000000,1000000
2018-11-23 13:32:54.409000,1.32411,1.324,1000000,1000000
2018-11-23 13:32:54.461000,1.32409,1.32395,1500000,2700000
2018-11-23 13:32:54.513000,1.32409,1.32395,1500000,1450000
2018-11-23 13:32:54.669000,1.32409,1.32398,1500000,1000000
2018-11-23 13:32:54.927000,1.32409,1.32395,1500000,1950000
2018-11-23 13:32:55.770000,1.32403,1.32395,1000000,1100000
2018-11-23 13:32:55.929000,1.32391,1.32379,1000000,1950000
2018-11-23 13:32:55.981000,1.3239,1.32379,1000000,1200000
2018-11-23 13:32:56.226000,1.32393,1.32379,1200000,1500000
2018-11-23 13:32:56.382000,1.32395,1.32383,1500000,1000000
2018-11-23 13:32:56.484000,1.32395,1.32381,1000000,1950000
2018-11-23 13:32:56.638000,1.32392,1.32378,1000000,1950000
2018-11-23 13:32:56.909000,1.32392,1.32379,1000000,1100000
2018-11-23 13:32:57.469000,1.3239,1.32379,1000000,1570000
2018-11-23 13:32:58.086000,1.32389,1.32379,1000000,1100000
2018-11-23 13:32:58.240000,1.32391,1.32379,1500000,1100000
2018-11-23 13:32:58.781000,1.3239,1.32378,1000000,1570000
2018-11-23 13:32:58.990000,1.32385,1.32375,1000000,2140000
2018-11-23 13:32:59.330000,1.32378,1.32373,1000000,1000000
2018-11-23 13:32:59.436000,1.32378,1.32366,1000000,1200000
2018-11-23 13:33:00.100000,1.32372,1.32368,1500000,1000000
2018-11-23 13:33:00.193000,1.32376,1.32368,1000000,1000000
2018-11-23 13:33:00.297000,1.32373,1.32368,1000000,1000000
2018-11-23 13:33:00.505000,1.32364,1.32357,1500000,1000000
2018-11-23 13:33:00.558000,1.32359,1.32353,1000000,1100000
2018-11-23 13:33:00.665000,1.32359,1.3235,1000000,1570000
2018-11-23 13:33:00.800000,1.32354,1.32345,1000000,1000000
2018-11-23 13:33:00.852000,1.32356,1.32345,1500000,1000000
2018-11-23 13:33:00.905000,1.32358,1.32345,1000000,1950000
2018-11-23 13:33:01.300000,1.32324,1.32314,1000000,1600000
2018-11-23 13:33:01.354000,1.32326,1.32316,1000000,1100000
2018-11-23 13:33:01.406000,1.32328,1.32313,1500000,1450000
2018-11-23 13:33:01.460000,1.3233,1.32319,1000000,1950000
2018-11-23 13:33:01.615000,1.32335,1.32323,3370000,1000000
2018-11-23 13:33:01.667000,1.32335,1.32323,2250000,1450000
2018-11-23 13:33:01.992000,1.32331,1.32321,1000000,1200000
2018-11-23 13:33:02.148000,1.32339,1.32327,3000000,3820000
2018-11-23 13:33:02.200000,1.32341,1.32329,1000000,3450000
2018-11-23 13:33:02.252000,1.32345,1.32331,1500000,4870000
2018-11-23 13:33:02.533000,1.32342,1.32331,1000000,1200000
2018-11-23 13:33:02.842000,1.32342,1.32334,1000000,1000000
2018-11-23 13:33:02.894000,1.32346,1.32335,3940000,1000000
2018-11-23 13:33:03.053000,1.32351,1.32339,1100000,3750000
2018-11-23 13:33:03.105000,1.32355,1.32343,1450000,1000000
2018-11-23 13:33:03.159000,1.32357,1.32344,2250000,1000000
2018-11-23 13:33:03.265000,1.32359,1.32345,1100000,3000000
2018-11-23 13:33:03.318000,1.3236,1.32349,1870000,1200000
2018-11-23 13:33:03.683000,1.32359,1.32352,1000000,1000000
2018-11-23 13:33:03.736000,1.32364,1.32352,1000000,1200000
2018-11-23 13:33:03.843000,1.32367,1.32356,1000000,1000000
2018-11-23 13:33:04.005000,1.32373,1.32359,1000000,1000000
2018-11-23 13:33:04.057000,1.32375,1.32362,1000000,1000000
2018-11-23 13:33:04.367000,1.32381,1.32365,2250000,3070000
2018-11-23 13:33:04.686000,1.32382,1.32368,1000000,2320000
2018-11-23 13:33:04.996000,1.32385,1.32371,1000000,1450000
2018-11-23 13:33:05.048000,1.32385,1.32372,1000000,1450000
2018-11-23 13:33:05.206000,1.32394,1.32378,1500000,1450000
2018-11-23 13:33:05.338000,1.32392,1.32379,1000000,1450000
2018-11-23 13:33:05.651000,1.32384,1.32372,1870000,1100000
2018-11-23 13:33:05.704000,1.32382,1.32371,1000000,1200000
2018-11-23 13:33:05.808000,1.32385,1.32372,1370000,1950000
2018-11-23 13:33:05.860000,1.32385,1.32372,1370000,1950000
2018-11-23 13:33:05.912000,1.32386,1.32372,1000000,1950000
2018-11-23 13:33:06.429000,1.32386,1.32373,1000000,1450000
2018-11-23 13:33:06.959000,1.32386,1.32373,1120000,1200000
2018-11-23 13:33:07.191000,1.32387,1.32373,1000000,1950000
2018-11-23 13:33:07.685000,1.32387,1.32373,1000000,1950000
2018-11-23 13:33:07.842000,1.32381,1.32372,1000000,1950000
2018-11-23 13:33:07.947000,1.3238,1.32368,1500000,3640000
2018-11-23 13:33:08.105000,1.32378,1.32368,1000000,1450000
2018-11-23 13:33:08.157000,1.32378,1.32368,1000000,1100000
2018-11-23 13:33:08.827000,1.32379,1.32368,1000000,1000000
2018-11-23 13:33:08.984000,1.32382,1.3237,1000000,1000000
2018-11-23 13:33:09.105000,1.32376,1.32368,1000000,1200000
2018-11-23 13:33:09.371000,1.32375,1.32365,1000000,1950000
2018-11-23 13:33:09.423000,1.3238,1.32366,1500000,1200000
2018-11-23 13:33:09.475000,1.32381,1.32369,1000000,1000000
2018-11-23 13:33:09.911000,1.32382,1.32369,1000000,2700000
2018-11-23 13:33:09.964000,1.32384,1.32372,1000000,1000000
2018-11-23 13:33:10.226000,1.32385,1.32372,2250000,1450000
2018-11-23 13:33:10.562000,1.32387,1.32374,1500000,1200000
2018-11-23 13:33:10.666000,1.32391,1.3238,2440000,1000000
2018-11-23 13:33:11.001000,1.32391,1.32382,1250000,1200000
2018-11-23 13:33:11.318000,1.32392,1.32386,2370000,1000000
2018-11-23 13:33:11.370000,1.324,1.32385,1000000,1950000
2018-11-23 13:33:11.886000,1.324,1.32386,1500000,3450000
2018-11-23 13:33:11.990000,1.32397,1.32386,1000000,1950000
2018-11-23 13:33:12.042000,1.32393,1.32382,1000000,4950000
2018-11-23 13:33:12.835000,1.32395,1.32381,1870000,1950000
2018-11-23 13:33:12.887000,1.32399,1.32386,1000000,1200000
2018-11-23 13:33:13.405000,1.32398,1.32388,1000000,1450000
2018-11-23 13:33:13.746000,1.32394,1.32384,1500000,1450000
2018-11-23 13:33:13.799000,1.32394,1.32384,1500000,1200000
2018-11-23 13:33:14.058000,1.32387,1.32382,1000000,1000000
2018-11-23 13:33:14.163000,1.32381,1.32375,2250000,1000000
2018-11-23 13:33:14.273000,1.32379,1.32369,1000000,2700000
2018-11-23 13:33:14.325000,1.32369,1.3236,1500000,3450000
2018-11-23 13:33:14.377000,1.32369,1.32359,1500000,1450000
2018-11-23 13:33:14.431000,1.32364,1.32358,1500000,1200000
2018-11-23 13:33:14.640000,1.3236,1.3235,1000000,1450000
2018-11-23 13:33:15.156000,1.3236,1.32351,1000000,1070000
2018-11-23 13:33:15.311000,1.32358,1.3235,1000000,1070000
2018-11-23 13:33:15.363000,1.32358,1.32347,1000000,1570000
2018-11-23 13:33:16.212000,1.32357,1.3235,1000000,1000000
2018-11-23 13:33:16.316000,1.32359,1.32351,1000000,1000000
2018-11-23 13:33:16.674000,1.32357,1.32347,1500000,1070000
2018-11-23 13:33:16.727000,1.3235,1.32341,1000000,1000000
2018-11-23 13:33:16.831000,1.32348,1.32341,1000000,1000000
2018-11-23 13:33:17.038000,1.32348,1.32336,1500000,1070000
2018-11-23 13:33:17.193000,1.32348,1.32338,1000000,1070000
2018-11-23 13:33:17.526000,1.32359,1.32351,1000000,1000000
2018-11-23 13:33:17.685000,1.32362,1.32353,1500000,1000000
2018-11-23 13:33:17.739000,1.32366,1.32356,1200000,1500000
2018-11-23 13:33:17.844000,1.32373,1.32363,1120000,1500000
2018-11-23 13:33:17.896000,1.32376,1.32364,1100000,1000000
2018-11-23 13:33:17.948000,1.32378,1.32364,2250000,1100000
2018-11-23 13:33:18,1.32378,1.32366,2250000,1000000
2018-11-23 13:33:18.239000,1.32378,1.32363,1500000,1950000
2018-11-23 13:33:18.395000,1.32376,1.32364,1500000,1950000
2018-11-23 13:33:18.758000,1.32379,1.32369,1000000,1000000
2018-11-23 13:33:18.810000,1.32385,1.32371,1000000,1100000
2018-11-23 13:33:18.914000,1.32386,1.32371,1000000,2320000
2018-11-23 13:33:19.463000,1.32387,1.32374,1500000,1000000
2018-11-23 13:33:20.280000,1.32386,1.32374,1000000,1000000
2018-11-23 13:33:20.540000,1.32388,1.32375,1000000,1000000
2018-11-23 13:33:20.700000,1.32391,1.32378,2700000,1500000
2018-11-23 13:33:21.041000,1.32392,1.32381,1000000,1100000
2018-11-23 13:33:21.093000,1.32394,1.32381,1000000,1500000
2018-11-23 13:33:21.458000,1.32394,1.32382,1000000,1070000
2018-11-23 13:33:21.984000,1.32394,1.32381,1000000,1570000
2018-11-23 13:33:22.522000,1.32394,1.32383,1000000,1000000
2018-11-23 13:33:23.071000,1.32394,1.32381,1000000,2700000
2018-11-23 13:33:23.575000,1.32394,1.3238,1000000,1950000
2018-11-23 13:33:23.730000,1.32394,1.3238,1500000,1450000
2018-11-23 13:33:24.274000,1.32394,1.32381,1870000,1000000
2018-11-23 13:33:24.822000,1.32395,1.32381,1000000,1200000
2018-11-23 13:33:25.517000,1.32394,1.32381,1000000,1570000
2018-11-23 13:33:26.048000,1.32394,1.3238,1000000,1000000
2018-11-23 13:33:26.353000,1.32394,1.32382,1500000,1000000
2018-11-23 13:33:26.894000,1.32394,1.32381,1000000,1000000
2018-11-23 13:33:27.220000,1.32392,1.3238,1000000,1000000
2018-11-23 13:33:27.641000,1.32394,1.32381,1570000,1000000
2018-11-23 13:33:28.604000,1.32392,1.3238,1000000,1500000
2018-11-23 13:33:28.657000,1.32394,1.3238,1000000,1500000
2018-11-23 13:33:29.425000,1.32394,1.3238,1200000,1000000
2018-11-23 13:33:30.058000,1.32394,1.3238,1200000,1000000
2018-11-23 13:33:30.214000,1.32392,1.32382,1000000,1000000
2018-11-23 13:33:30.317000,1.3239,1.32378,1000000,1500000
2018-11-23 13:33:30.784000,1.32391,1.3238,1200000,1000000
2018-11-23 13:33:30.837000,1.32393,1.32381,1200000,1000000
2018-11-23 13:33:30.961000,1.32394,1.32384,1950000,1000000
2018-11-23 13:33:31.117000,1.324,1.32389,1000000,1000000
2018-11-23 13:33:31.221000,1.32398,1.32388,1000000,1000000
2018-11-23 13:33:31.273000,1.32398,1.32386,1000000,1000000
2018-11-23 13:33:32.085000,1.32398,1.32385,1000000,1570000
2018-11-23 13:33:33.538000,1.32398,1.32384,1000000,1000000
2018-11-23 13:33:34.069000,1.32398,1.32384,1000000,1070000
2018-11-23 13:33:35.205000,1.32397,1.32383,1000000,3070000
2018-11-23 13:33:35.464000,1.32397,1.32383,1000000,3820000
2018-11-23 13:33:35.977000,1.32398,1.32384,1000000,1100000
2018-11-23 13:33:37.200000,1.32397,1.32383,1500000,2700000
2018-11-23 13:33:37.357000,1.32397,1.32383,1500000,1570000
2018-11-23 13:33:37.461000,1.32395,1.32383,1000000,1100000
2018-11-23 13:33:37.792000,1.32393,1.32383,1000000,1000000
2018-11-23 13:33:38.103000,1.32387,1.32377,1000000,1000000
2018-11-23 13:33:38.518000,1.32389,1.32377,1000000,1000000
2018-11-23 13:33:38.853000,1.32388,1.32381,1000000,1000000
2018-11-23 13:33:38.905000,1.3239,1.32382,1500000,2250000
2018-11-23 13:33:38.959000,1.32394,1.32389,1500000,1500000
2018-11-23 13:33:39.012000,1.32398,1.32388,1000000,1950000
2018-11-23 13:33:39.065000,1.32402,1.32394,1000000,1500000
2018-11-23 13:33:39.119000,1.32407,1.32396,1000000,1450000
2018-11-23 13:33:39.223000,1.32405,1.32394,1500000,1450000
2018-11-23 13:33:39.406000,1.32402,1.32391,1500000,1950000
2018-11-23 13:33:39.460000,1.324,1.32388,1000000,1950000
2018-11-23 13:33:39.512000,1.324,1.32388,3000000,1950000
2018-11-23 13:33:40.050000,1.324,1.32388,2250000,1950000
2018-11-23 13:33:40.155000,1.324,1.32388,3000000,1950000
2018-11-23 13:33:40.207000,1.324,1.32388,2250000,1950000
2018-11-23 13:33:41.166000,1.32392,1.32385,1000000,1570000
2018-11-23 13:33:41.465000,1.3242,1.32407,1500000,1950000
2018-11-23 13:33:42.004000,1.32422,1.3241,2250000,1000000
2018-11-23 13:33:42.263000,1.32422,1.32414,1000000,1500000
2018-11-23 13:33:42.612000,1.32422,1.32412,1000000,3070000
2018-11-23 13:33:43.132000,1.32423,1.32412,1000000,1570000
2018-11-23 13:33:43.691000,1.32422,1.32412,1000000,1000000
2018-11-23 13:33:44.052000,1.32422,1.3241,1000000,1100000
2018-11-23 13:33:44.156000,1.32423,1.32414,1000000,2250000
2018-11-23 13:33:44.386000,1.32429,1.32419,1000000,4390000
2018-11-23 13:33:44.439000,1.32432,1.32422,1000000,1500000
2018-11-23 13:33:44.491000,1.32434,1.3242,1000000,1500000
2018-11-23 13:33:44.544000,1.32435,1.32422,3450000,1000000
2018-11-23 13:33:44.894000,1.32437,1.32425,1000000,1500000
2018-11-23 13:33:44.947000,1.32441,1.32427,2700000,1500000
2018-11-23 13:33:45.421000,1.32438,1.32426,2250000,1100000
2018-11-23 13:33:45.948000,1.32439,1.32426,3450000,1000000
2018-11-23 13:33:46.950000,1.3244,1.32428,1950000,1000000
2018-11-23 13:33:47.557000,1.3244,1.32427,2320000,1000000
2018-11-23 13:33:48.105000,1.32439,1.32427,1000000,1200000
2018-11-23 13:33:48.456000,1.32437,1.32426,1000000,1000000
2018-11-23 13:33:49.024000,1.32435,1.32422,1000000,1950000
2018-11-23 13:33:49.161000,1.32434,1.3242,1000000,1450000
2018-11-23 13:33:49.419000,1.32434,1.3242,1000000,1100000
2018-11-23 13:33:49.472000,1.32429,1.32415,1500000,1950000
2018-11-23 13:33:49.524000,1.32428,1.32415,1000000,1200000
2018-11-23 13:33:49.837000,1.32415,1.32409,1000000,1000000
2018-11-23 13:33:49.991000,1.32413,1.32404,1100000,1000000
2018-11-23 13:33:50.043000,1.32412,1.32399,2250000,1100000
2018-11-23 13:33:50.198000,1.32408,1.32394,1500000,1450000
2018-11-23 13:33:50.301000,1.32406,1.32394,1000000,1100000
2018-11-23 13:33:50.354000,1.32408,1.32394,3000000,1100000
2018-11-23 13:33:50.407000,1.32407,1.32394,1000000,1450000
2018-11-23 13:33:50.512000,1.32406,1.32393,1000000,1450000
2018-11-23 13:33:51.025000,1.32407,1.32393,3190000,1070000
2018-11-23 13:33:51.555000,1.32406,1.32393,2440000,1100000
2018-11-23 13:33:51.607000,1.32407,1.32397,1250000,1000000
2018-11-23 13:33:51.660000,1.32413,1.32402,1500000,1000000
2018-11-23 13:33:51.712000,1.32415,1.32403,1500000,1000000
2018-11-23 13:33:51.765000,1.32417,1.32403,2250000,1500000
2018-11-23 13:33:51.922000,1.32415,1.32404,1000000,1000000
2018-11-23 13:33:52.463000,1.32418,1.32405,3000000,1000000
2018-11-23 13:33:52.569000,1.3242,1.32411,1000000,1000000
2018-11-23 13:33:52.626000,1.32422,1.32411,1500000,1000000
2018-11-23 13:33:52.678000,1.32424,1.32411,1000000,1500000
2018-11-23 13:33:52.730000,1.32426,1.32412,1950000,1000000
2018-11-23 13:33:52.782000,1.3243,1.3242,2510000,1000000
2018-11-23 13:33:52.835000,1.32431,1.32418,1000000,1000000
2018-11-23 13:33:52.888000,1.32434,1.32419,2700000,1000000
2018-11-23 13:33:53.440000,1.32435,1.32423,1000000,1000000
2018-11-23 13:33:53.598000,1.32438,1.32425,1000000,1100000
2018-11-23 13:33:54.172000,1.32437,1.32423,1500000,1450000
2018-11-23 13:33:54.277000,1.32434,1.32422,1000000,1100000
2018-11-23 13:33:54.612000,1.32431,1.32417,1500000,1000000
2018-11-23 13:33:55.156000,1.3243,1.32417,1000000,1000000
2018-11-23 13:33:55.677000,1.3243,1.32418,1000000,1370000
2018-11-23 13:33:56.199000,1.32433,1.32425,1000000,1000000
2018-11-23 13:33:56.254000,1.32438,1.32426,1100000,1000000
2018-11-23 13:33:56.306000,1.32429,1.32421,1000000,1670000
2018-11-23 13:33:56.411000,1.32429,1.32419,1000000,1000000
2018-11-23 13:33:56.915000,1.32429,1.32417,1000000,1370000
2018-11-23 13:33:57.560000,1.3243,1.32417,1000000,1000000
2018-11-23 13:33:58.124000,1.3243,1.32416,1500000,1200000
2018-11-23 13:33:58.177000,1.32427,1.32416,1000000,1200000
2018-11-23 13:33:58.555000,1.32412,1.32403,2320000,1870000
2018-11-23 13:33:58.608000,1.3242,1.32406,1000000,3190000
2018-11-23 13:33:59.026000,1.32419,1.32407,1500000,1200000
2018-11-23 13:33:59.548000,1.32416,1.32403,1000000,1950000
2018-11-23 13:33:59.651000,1.32416,1.32403,1000000,1200000
2018-11-23 13:34:00.328000,1.32417,1.32403,1500000,1200000
2018-11-23 13:34:01.498000,1.32417,1.32404,1500000,1450000
2018-11-23 13:34:01.602000,1.32417,1.32404,1500000,1200000
2018-11-23 13:34:01.886000,1.32417,1.32404,1000000,1570000
2018-11-23 13:34:01.937000,1.32419,1.32405,1500000,1200000
2018-11-23 13:34:03.261000,1.3242,1.32407,1000000,1000000
2018-11-23 13:34:04.551000,1.32418,1.32404,1500000,1450000
2018-11-23 13:34:04.604000,1.32418,1.32404,1500000,1100000
2018-11-23 13:34:05.544000,1.32418,1.32404,1500000,1200000
2018-11-23 13:34:05.909000,1.32413,1.32404,1000000,1450000
2018-11-23 13:34:06.545000,1.32412,1.32404,1000000,1000000
2018-11-23 13:34:07.640000,1.32412,1.32405,1000000,1000000
2018-11-23 13:34:08.177000,1.32412,1.32404,1000000,1500000
2018-11-23 13:34:08.517000,1.32416,1.32408,1000000,1500000
2018-11-23 13:34:08.857000,1.32424,1.32416,1000000,1500000
2018-11-23 13:34:08.909000,1.32426,1.32416,1500000,1500000
2018-11-23 13:34:09.012000,1.32426,1.32418,1500000,1000000
2018-11-23 13:34:09.221000,1.32434,1.32425,1000000,1000000
2018-11-23 13:34:09.655000,1.32434,1.32427,1000000,1000000
2018-11-23 13:34:10.154000,1.3244,1.3243,1000000,1000000
2018-11-23 13:34:10.668000,1.32441,1.32431,1000000,1000000
2018-11-23 13:34:10.975000,1.32438,1.32428,1000000,3450000
2018-11-23 13:34:11.028000,1.32438,1.32427,1000000,1200000
2018-11-23 13:34:11.470000,1.32436,1.32426,1000000,1000000
2018-11-23 13:34:12.136000,1.32436,1.32426,1000000,1570000
2018-11-23 13:34:12.651000,1.32437,1.32427,1000000,1100000
2018-11-23 13:34:13.168000,1.32438,1.32428,1000000,1000000
2018-11-23 13:34:13.571000,1.32436,1.32427,1000000,1100000
2018-11-23 13:34:13.911000,1.32427,1.32418,1000000,3450000
2018-11-23 13:34:14.015000,1.32427,1.32418,1000000,1000000
2018-11-23 13:34:14.529000,1.32427,1.32418,1000000,1200000
2018-11-23 13:34:15.232000,1.32427,1.32418,1000000,1000000
2018-11-23 13:34:17.171000,1.32419,1.32414,1000000,1000000
2018-11-23 13:34:17.223000,1.32417,1.32409,1000000,1950000
2018-11-23 13:34:17.275000,1.32417,1.32408,1000000,2320000
2018-11-23 13:34:17.430000,1.32414,1.32407,1000000,1070000
2018-11-23 13:34:17.925000,1.32414,1.32404,1000000,2320000
2018-11-23 13:34:18.909000,1.32413,1.32404,1000000,1450000
2018-11-23 13:34:19.013000,1.32413,1.32404,1000000,1200000
2018-11-23 13:34:19.169000,1.32411,1.32404,1000000,1100000
2018-11-23 13:34:19.898000,1.32413,1.32405,1000000,1000000
2018-11-23 13:34:20.870000,1.32416,1.32406,1000000,1000000
2018-11-23 13:34:21.384000,1.32416,1.32407,1000000,1000000
2018-11-23 13:34:21.534000,1.32419,1.32407,2250000,1500000
2018-11-23 13:34:22.060000,1.32419,1.32408,1000000,1000000
2018-11-23 13:34:22.570000,1.3242,1.32408,2250000,1950000
2018-11-23 13:34:24.109000,1.32419,1.32408,1000000,1000000
2018-11-23 13:34:24.214000,1.32414,1.32405,1500000,1200000
2018-11-23 13:34:24.372000,1.32412,1.32403,1000000,1200000
2018-11-23 13:34:24.885000,1.32412,1.32402,1000000,1000000
2018-11-23 13:34:25.082000,1.32417,1.32407,2700000,1000000
2018-11-23 13:34:25.585000,1.32418,1.32408,1000000,1100000
2018-11-23 13:34:26.229000,1.32416,1.32407,1000000,1000000
2018-11-23 13:34:26.745000,1.32416,1.32406,1000000,1000000
2018-11-23 13:34:27.614000,1.32417,1.32407,1000000,1500000
2018-11-23 13:34:27.719000,1.32423,1.32412,2250000,1000000
2018-11-23 13:34:27.892000,1.32424,1.32414,1000000,1000000
2018-11-23 13:34:27.944000,1.32435,1.32424,1000000,1000000
2018-11-23 13:34:28.048000,1.32437,1.32426,1000000,1000000
2018-11-23 13:34:28.202000,1.32439,1.32427,1500000,1000000
2018-11-23 13:34:28.923000,1.32439,1.32428,1000000,1000000
2018-11-23 13:34:29.456000,1.32442,1.32433,1100000,1000000
2018-11-23 13:34:29.765000,1.32439,1.32433,1000000,1000000
2018-11-23 13:34:29.921000,1.32438,1.32429,1000000,1870000
2018-11-23 13:34:29.974000,1.32436,1.32429,1000000,1000000
2018-11-23 13:34:30.488000,1.32436,1.3243,1000000,1000000
2018-11-23 13:34:31.530000,1.32439,1.3243,1500000,1000000
2018-11-23 13:34:32.070000,1.32439,1.32429,1500000,1000000
2018-11-23 13:34:33.497000,1.32442,1.32433,1100000,1000000
2018-11-23 13:34:34.038000,1.32443,1.32433,1000000,1000000
2018-11-23 13:34:34.346000,1.32443,1.32435,1000000,1000000
2018-11-23 13:34:34.602000,1.32453,1.32443,1000000,2250000
2018-11-23 13:34:34.654000,1.32455,1.32443,1000000,2250000
2018-11-23 13:34:34.758000,1.32454,1.32445,1570000,1000000
2018-11-23 13:34:34.812000,1.32453,1.32442,1000000,1000000
2018-11-23 13:34:35.123000,1.32455,1.32445,1100000,1000000
2018-11-23 13:34:35.283000,1.32459,1.32447,1100000,1000000
2018-11-23 13:34:35.337000,1.32452,1.32444,1000000,1500000
2018-11-23 13:34:35.390000,1.32452,1.32442,1000000,1000000
2018-11-23 13:34:35.549000,1.32451,1.32439,1000000,1500000
2018-11-23 13:34:35.602000,1.32453,1.32441,1000000,2250000
2018-11-23 13:34:35.938000,1.32456,1.32445,1000000,1000000
2018-11-23 13:34:36.461000,1.32455,1.32446,1100000,1000000
2018-11-23 13:34:36.981000,1.32455,1.32444,1100000,1500000
2018-11-23 13:34:37.084000,1.32459,1.32449,1200000,1000000
2018-11-23 13:34:37.136000,1.32461,1.3245,1000000,1000000
2018-11-23 13:34:37.228000,1.32462,1.32452,1570000,1000000
2018-11-23 13:34:37.743000,1.32462,1.32454,1000000,1000000
2018-11-23 13:34:38.203000,1.32467,1.32458,2700000,1000000
2018-11-23 13:34:38.255000,1.32469,1.32459,1100000,1000000
2018-11-23 13:34:38.587000,1.32468,1.32455,1000000,1100000
2018-11-23 13:34:39.006000,1.3247,1.32458,1000000,1500000
2018-11-23 13:34:39.315000,1.32472,1.32461,1570000,1000000
2018-11-23 13:34:39.837000,1.32472,1.3246,1570000,1000000
2018-11-23 13:34:40.340000,1.32471,1.3246,1000000,1000000
2018-11-23 13:34:40.853000,1.32472,1.3246,2250000,1000000
2018-11-23 13:34:41.375000,1.32471,1.3246,1000000,1000000
2018-11-23 13:34:43.312000,1.32471,1.32461,1000000,1000000
2018-11-23 13:34:43.837000,1.32472,1.32461,1000000,1200000
2018-11-23 13:34:44.174000,1.32472,1.32465,1000000,1000000
2018-11-23 13:34:44.715000,1.32477,1.32473,1120000,1000000
2018-11-23 13:34:44.767000,1.32488,1.32482,1000000,1000000
2018-11-23 13:34:44.821000,1.32491,1.32482,1000000,1000000
2018-11-23 13:34:44.873000,1.32491,1.32479,1000000,3070000
2018-11-23 13:34:44.927000,1.32493,1.3248,3750000,1200000
2018-11-23 13:34:45.059000,1.3249,1.32479,1000000,1450000
2018-11-23 13:34:45.111000,1.32492,1.32479,1000000,1450000
2018-11-23 13:34:45.214000,1.32492,1.32479,1000000,1200000
2018-11-23 13:34:45.369000,1.32491,1.32483,1000000,1000000
2018-11-23 13:34:45.625000,1.32493,1.32483,1000000,2250000
2018-11-23 13:34:45.679000,1.32493,1.32486,1000000,1000000
2018-11-23 13:34:45.732000,1.32493,1.32483,1000000,3000000
2018-11-23 13:34:45.784000,1.32496,1.32488,1000000,1000000
2018-11-23 13:34:45.837000,1.32498,1.32489,1000000,1000000
2018-11-23 13:34:45.940000,1.32495,1.32484,1870000,1200000
2018-11-23 13:34:46.051000,1.32493,1.32483,1000000,1000000
2018-11-23 13:34:46.207000,1.32491,1.32478,1000000,1950000
2018-11-23 13:34:46.365000,1.32489,1.32478,1000000,1950000
2018-11-23 13:34:46.768000,1.32489,1.32474,1000000,3450000
2018-11-23 13:34:48.188000,1.32489,1.32476,1500000,1200000
2018-11-23 13:34:48.240000,1.32489,1.32479,1000000,1000000
2018-11-23 13:34:48.600000,1.32487,1.3248,1000000,1000000
2018-11-23 13:34:48.652000,1.32485,1.32477,1000000,1000000
2018-11-23 13:34:48.705000,1.32487,1.32477,1500000,1000000
2018-11-23 13:34:49.401000,1.32486,1.32475,1000000,1000000
2018-11-23 13:34:49.506000,1.32487,1.32481,1000000,1000000
2018-11-23 13:34:49.599000,1.32491,1.32482,1200000,1000000
2018-11-23 13:34:49.652000,1.32492,1.32482,1000000,1000000
2018-11-23 13:34:51.070000,1.32492,1.32482,1870000,1000000
2018-11-23 13:34:51.536000,1.32491,1.32483,1370000,1000000
2018-11-23 13:34:52.063000,1.32491,1.32483,1370000,1000000
2018-11-23 13:34:52.326000,1.32493,1.32483,1000000,1000000
2018-11-23 13:34:53.426000,1.32497,1.32489,1450000,1000000
2018-11-23 13:34:53.477000,1.325,1.32489,1450000,1000000
2018-11-23 13:34:54.018000,1.325,1.32489,1120000,1000000
2018-11-23 13:34:54.698000,1.32501,1.32491,1120000,1000000
2018-11-23 13:34:55.244000,1.325,1.32491,1000000,1000000
2018-11-23 13:34:55.850000,1.32499,1.32491,1000000,1000000
2018-11-23 13:34:56.137000,1.32497,1.32485,1000000,1500000
2018-11-23 13:34:56.190000,1.32499,1.32488,1000000,1000000
2018-11-23 13:34:56.533000,1.32497,1.32488,1000000,1000000
2018-11-23 13:34:56.741000,1.32494,1.32483,1000000,4200000
2018-11-23 13:34:56.845000,1.32498,1.32482,3260000,1450000
2018-11-23 13:34:57,1.32496,1.32483,1500000,1200000
2018-11-23 13:34:57.509000,1.32496,1.32483,1500000,1100000
2018-11-23 13:34:57.860000,1.32493,1.32482,1000000,1070000
2018-11-23 13:34:58.407000,1.32493,1.32482,1000000,1100000
2018-11-23 13:34:59.529000,1.32492,1.32481,1000000,1100000
2018-11-23 13:34:59.835000,1.32485,1.32473,1000000,1000000
2018-11-23 13:35:00.405000,1.32485,1.32473,1000000,2320000
2018-11-23 13:35:01.008000,1.32487,1.32474,1000000,1000000
2018-11-23 13:35:01.114000,1.3249,1.32478,1570000,1000000
2018-11-23 13:35:02.808000,1.32488,1.32476,1000000,1450000
2018-11-23 13:35:02.860000,1.32488,1.32476,1000000,1200000
2018-11-23 13:35:03.406000,1.32491,1.32479,1570000,1000000
2018-11-23 13:35:03.709000,1.32491,1.32479,1000000,1950000
2018-11-23 13:35:03.761000,1.32493,1.32481,2250000,1000000
2018-11-23 13:35:04.267000,1.32493,1.3248,1500000,1570000
2018-11-23 13:35:04.543000,1.32494,1.32482,1000000,1000000
2018-11-23 13:35:04.852000,1.32498,1.32488,1950000,1000000
2018-11-23 13:35:04.904000,1.32498,1.32485,1950000,1000000
2018-11-23 13:35:04.956000,1.32495,1.32483,1000000,1450000
2018-11-23 13:35:05.142000,1.32493,1.32482,1000000,1200000
2018-11-23 13:35:05.246000,1.32492,1.3248,1000000,1000000
2018-11-23 13:35:12.302000,1.3249,1.3248,1000000,1000000
2018-11-23 13:35:12.686000,1.32481,1.32475,1500000,3380000
2018-11-23 13:35:12.944000,1.32481,1.32471,1500000,1000000
2018-11-23 13:35:13.678000,1.32478,1.32467,1000000,1950000
2018-11-23 13:35:13.731000,1.32476,1.32466,1000000,1000000
2018-11-23 13:35:13.890000,1.32468,1.32464,1000000,1000000
2018-11-23 13:35:13.944000,1.32462,1.32453,1000000,1000000
2018-11-23 13:35:13.997000,1.3246,1.32449,1000000,1450000
2018-11-23 13:35:14.050000,1.3246,1.32448,1000000,1500000
2018-11-23 13:35:14.154000,1.32456,1.32445,1000000,1100000
2018-11-23 13:35:14.260000,1.32456,1.32441,1500000,1450000
2018-11-23 13:35:14.788000,1.32456,1.32441,1500000,3070000
2018-11-23 13:35:15.125000,1.32457,1.32442,1000000,2510000
2018-11-23 13:35:15.434000,1.32455,1.32443,1000000,1000000
2018-11-23 13:35:15.745000,1.32452,1.32442,1000000,1000000
2018-11-23 13:35:15.918000,1.32451,1.3244,1000000,1200000
2018-11-23 13:35:16.448000,1.3245,1.32438,1000000,1450000
2018-11-23 13:35:16.956000,1.3245,1.32438,1000000,1200000
2018-11-23 13:35:17.136000,1.3245,1.32438,1000000,1450000
2018-11-23 13:35:17.448000,1.32451,1.32441,1000000,1450000
2018-11-23 13:35:18.011000,1.32451,1.32441,1000000,1000000
2018-11-23 13:35:18.791000,1.32449,1.32441,1000000,1000000
2018-11-23 13:35:18.844000,1.32449,1.32439,1000000,1200000
2018-11-23 13:35:19,1.32449,1.32437,1500000,1200000
2018-11-23 13:35:19.508000,1.32449,1.32438,1500000,1000000
2018-11-23 13:35:20.027000,1.32448,1.32434,1000000,3450000
2018-11-23 13:35:20.079000,1.32442,1.32433,1000000,1950000
2018-11-23 13:35:20.132000,1.32443,1.32433,1500000,1450000
2018-11-23 13:35:20.185000,1.32442,1.32431,1000000,1450000
2018-11-23 13:35:20.394000,1.32441,1.3243,1000000,1000000
