time,ask,bid,ask_volume,bid_volume
2023-01-26 13:25:00.077000,1.3373,1.33716,1600000,1200000
2023-01-26 13:25:00.179000,1.3373,1.33715,1350000,1200000
2023-01-26 13:25:00.280000,1.33733,1.33718,1200000,1200000
2023-01-26 13:25:00.331000,1.33735,1.33718,1350000,1200000
2023-01-26 13:25:01.740000,1.33735,1.33719,1350000,1800000
2023-01-26 13:25:03.132000,1.33734,1.33717,1200000,1350000
2023-01-26 13:25:03.233000,1.33732,1.33718,1200000,1350000
2023-01-26 13:25:04.295000,1.33735,1.33717,1350000,2250000
2023-01-26 13:25:05.346000,1.33736,1.33718,1600000,1200000
2023-01-26 13:25:05.648000,1.33736,1.33718,1350000,1800000
2023-01-26 13:25:05.699000,1.33735,1.33722,1350000,1200000
2023-01-26 13:25:06.019000,1.33736,1.33719,1350000,1200000
2023-01-26 13:25:06.575000,1.33736,1.33722,1600000,1200000
2023-01-26 13:25:07.609000,1.33736,1.33721,1600000,1200000
2023-01-26 13:25:10.644000,1.33736,1.33722,1600000,1200000
2023-01-26 13:25:11.239000,1.33737,1.33721,1200000,1200000
2023-01-26 13:25:14.628000,1.33733,1.33722,1350000,1200000
2023-01-26 13:25:14.730000,1.33735,1.33722,1350000,1200000
2023-01-26 13:25:16.744000,1.33734,1.33721,1350000,1200000
2023-01-26 13:25:16.845000,1.33732,1.33719,1800000,1200000
2023-01-26 13:25:17.139000,1.33731,1.33718,1200000,1200000
2023-01-26 13:25:18.698000,1.33735,1.33719,1200000,1200000
2023-01-26 13:25:18.800000,1.33735,1.33721,1200000,1200000
2023-01-26 13:25:19.156000,1.33737,1.33721,1600000,1200000
2023-01-26 13:25:19.489000,1.33739,1.33723,2250000,1200000
2023-01-26 13:25:19.590000,1.33739,1.33726,1350000,1200000
2023-01-26 13:25:20.509000,1.33741,1.33727,2100000,1200000
2023-01-26 13:25:21.970000,1.33739,1.33726,1600000,1200000
2023-01-26 13:25:22.175000,1.33734,1.33724,1200000,1200000
2023-01-26 13:25:22.276000,1.33734,1.33719,3220000,1200000
2023-01-26 13:25:23.231000,1.33731,1.33718,1200000,1200000
2023-01-26 13:25:23.687000,1.3373,1.33717,1200000,1200000
2023-01-26 13:25:24.998000,1.33731,1.33718,1200000,1200000
2023-01-26 13:25:25.099000,1.33733,1.33718,1200000,1200000
2023-01-26 13:25:25.200000,1.33733,1.33719,1200000,1200000
2023-01-26 13:25:26.298000,1.3373,1.33719,1200000,1200000
2023-01-26 13:25:26.400000,1.3373,1.33717,1200000,1200000
2023-01-26 13:25:28.297000,1.33728,1.33716,1200000,1200000
2023-01-26 13:25:31.834000,1.33728,1.33715,1200000,1200000
2023-01-26 13:25:32.104000,1.33728,1.33714,1350000,1200000
2023-01-26 13:25:32.205000,1.33726,1.33713,1200000,1200000
2023-01-26 13:25:34.577000,1.33726,1.33711,1200000,2250000
2023-01-26 13:25:35.184000,1.33727,1.33711,1200000,1200000
2023-01-26 13:25:35.489000,1.33728,1.33713,1800000,1200000
2023-01-26 13:25:35.735000,1.33728,1.33713,1200000,2100000
2023-01-26 13:25:35.837000,1.33728,1.33716,1200000,1350000
2023-01-26 13:25:35.888000,1.3373,1.33716,1350000,2250000
2023-01-26 13:25:36.338000,1.33729,1.33713,1350000,1800000
2023-01-26 13:25:36.502000,1.33728,1.33713,1200000,1200000
2023-01-26 13:25:36.603000,1.33728,1.33711,1350000,1800000
2023-01-26 13:25:37.458000,1.33728,1.33713,1350000,1200000
2023-01-26 13:25:37.560000,1.33728,1.33715,1200000,1200000
2023-01-26 13:25:39.344000,1.33729,1.33719,1200000,1200000
2023-01-26 13:25:42,1.3373,1.33719,1800000,1200000
2023-01-26 13:25:42.101000,1.33729,1.3372,1200000,1200000
2023-01-26 13:25:42.203000,1.33731,1.33719,1800000,1200000
2023-01-26 13:25:42.952000,1.3373,1.33719,1200000,1200000
2023-01-26 13:25:43.482000,1.3373,1.33719,1200000,1200000
2023-01-26 13:25:43.584000,1.33732,1.3372,1200000,1200000
2023-01-26 13:25:43.685000,1.33732,1.33721,1350000,1200000
2023-01-26 13:25:44.588000,1.33733,1.33718,1200000,1200000
2023-01-26 13:25:45.095000,1.33734,1.33719,1200000,1200000
2023-01-26 13:25:45.196000,1.33734,1.3372,2250000,1200000
2023-01-26 13:25:46.465000,1.33735,1.33721,2250000,1200000
2023-01-26 13:25:48.172000,1.33735,1.33723,2250000,1200000
2023-01-26 13:25:48.274000,1.33735,1.33724,1800000,1200000
2023-01-26 13:25:49.026000,1.33735,1.33722,1800000,1200000
2023-01-26 13:25:49.343000,1.33735,1.33724,1200000,1200000
2023-01-26 13:25:49.444000,1.33736,1.33725,2250000,1200000
2023-01-26 13:25:50.072000,1.33736,1.33726,1200000,1200000
2023-01-26 13:25:50.174000,1.3374,1.33726,1200000,1800000
2023-01-26 13:25:50.225000,1.33743,1.33727,1200000,1200000
2023-01-26 13:25:50.326000,1.33744,1.33727,1200000,1800000
2023-01-26 13:25:50.592000,1.33744,1.33728,1200000,1200000
2023-01-26 13:25:50.745000,1.33746,1.33729,1350000,1200000
2023-01-26 13:25:50.847000,1.33746,1.3373,1350000,1200000
2023-01-26 13:25:50.970000,1.33748,1.33731,1600000,1200000
2023-01-26 13:25:51.076000,1.33747,1.33733,1600000,1200000
2023-01-26 13:25:51.177000,1.33747,1.33732,1600000,1200000
2023-01-26 13:25:51.278000,1.33748,1.3373,1600000,1200000
2023-01-26 13:25:51.380000,1.33748,1.33729,1600000,1800000
2023-01-26 13:25:52.117000,1.33745,1.33729,1200000,1800000
2023-01-26 13:25:52.788000,1.33745,1.33729,1100000,1200000
2023-01-26 13:25:52.838000,1.33745,1.33727,1100000,1800000
2023-01-26 13:25:53.505000,1.33741,1.33727,1200000,1200000
2023-01-26 13:25:53.606000,1.3374,1.33725,1600000,1200000
2023-01-26 13:25:56.863000,1.3374,1.33723,2100000,1200000
2023-01-26 13:25:56.965000,1.33738,1.33722,1350000,1200000
2023-01-26 13:25:57.825000,1.33738,1.33721,1350000,1200000
2023-01-26 13:25:58.442000,1.33737,1.33721,1200000,1200000
2023-01-26 13:26:00.140000,1.33734,1.3372,1200000,1200000
2023-01-26 13:26:00.242000,1.33733,1.3372,1800000,1200000
2023-01-26 13:26:00.906000,1.33733,1.33717,1350000,1200000
2023-01-26 13:26:01.008000,1.3373,1.33717,1350000,1200000
2023-01-26 13:26:01.432000,1.3373,1.33718,1200000,1200000
2023-01-26 13:26:01.483000,1.33735,1.33717,1600000,1120000
2023-01-26 13:26:01.534000,1.33735,1.3372,1200000,1200000
2023-01-26 13:26:02.503000,1.33736,1.33721,1600000,1200000
2023-01-26 13:26:04.280000,1.33734,1.3372,1600000,1200000
2023-01-26 13:26:04.382000,1.33732,1.33717,1200000,1200000
2023-01-26 13:26:05.263000,1.33734,1.33717,2100000,1200000
2023-01-26 13:26:05.772000,1.33733,1.33719,1200000,1840000
2023-01-26 13:26:05.823000,1.33737,1.33719,2100000,1440000
2023-01-26 13:26:05.924000,1.33737,1.3372,1600000,1200000
2023-01-26 13:26:06.121000,1.33736,1.33722,1600000,1200000
2023-01-26 13:26:06.693000,1.33737,1.33722,1600000,1200000
2023-01-26 13:26:11.401000,1.33733,1.33723,2100000,1200000
2023-01-26 13:26:11.502000,1.33732,1.33717,1600000,1200000
2023-01-26 13:26:11.604000,1.33732,1.33716,1600000,1200000
2023-01-26 13:26:15.760000,1.3373,1.33716,1200000,1200000
2023-01-26 13:26:17.157000,1.3373,1.33713,1200000,1800000
2023-01-26 13:26:17.258000,1.33729,1.33714,1600000,1200000
2023-01-26 13:26:19.849000,1.3373,1.33714,1600000,1200000
2023-01-26 13:26:20.509000,1.33729,1.33715,1600000,1200000
2023-01-26 13:26:20.646000,1.33727,1.33714,1600000,1200000
2023-01-26 13:26:20.747000,1.33728,1.33712,1600000,1200000
2023-01-26 13:26:20.856000,1.33728,1.33711,1600000,1200000
2023-01-26 13:26:25.773000,1.33725,1.33712,1200000,1200000
2023-01-26 13:26:25.824000,1.33726,1.33711,2100000,1200000
2023-01-26 13:26:25.875000,1.33723,1.33709,1600000,1200000
2023-01-26 13:26:25.977000,1.33724,1.33707,1600000,1200000
2023-01-26 13:26:28.175000,1.33722,1.33709,1600000,1200000
2023-01-26 13:26:28.277000,1.33723,1.33708,1350000,1200000
2023-01-26 13:26:30.187000,1.33724,1.33709,1200000,1320000
2023-01-26 13:26:30.238000,1.33725,1.3371,1350000,1320000
2023-01-26 13:26:30.289000,1.33726,1.33712,1600000,1200000
2023-01-26 13:26:30.667000,1.33726,1.33713,1200000,1200000
2023-01-26 13:26:30.948000,1.33729,1.33712,1600000,1320000
2023-01-26 13:26:31.049000,1.33729,1.33714,1200000,2790000
2023-01-26 13:26:31.100000,1.33731,1.33715,2250000,1200000
2023-01-26 13:26:33.431000,1.3373,1.33717,1350000,1200000
2023-01-26 13:26:33.533000,1.33731,1.33715,1350000,1350000
2023-01-26 13:26:34.091000,1.33731,1.33715,2100000,1350000
2023-01-26 13:26:35.516000,1.33729,1.33715,1200000,1200000
2023-01-26 13:26:36.528000,1.33729,1.33716,1200000,1200000
2023-01-26 13:26:37.388000,1.33729,1.33713,1200000,1350000
2023-01-26 13:26:41.484000,1.33728,1.33715,1200000,1200000
2023-01-26 13:26:42.017000,1.3373,1.33716,1800000,1200000
2023-01-26 13:26:42.118000,1.33732,1.33719,1200000,1200000
2023-01-26 13:26:43.132000,1.33733,1.33719,1200000,1200000
2023-01-26 13:26:43.367000,1.33734,1.33719,1800000,1200000
2023-01-26 13:26:43.620000,1.33735,1.33718,1200000,1600000
2023-01-26 13:26:43.721000,1.33737,1.3372,1800000,1200000
2023-01-26 13:26:44.168000,1.33735,1.33719,1800000,1200000
2023-01-26 13:26:44.269000,1.33734,1.33719,1800000,1200000
2023-01-26 13:26:44.471000,1.33736,1.3372,1200000,2250000
2023-01-26 13:26:44.573000,1.33737,1.33721,1200000,1200000
2023-01-26 13:26:44.674000,1.33737,1.3372,1200000,1200000
2023-01-26 13:26:44.776000,1.33736,1.3372,1200000,2340000
2023-01-26 13:26:48.509000,1.33735,1.3372,1200000,1200000
2023-01-26 13:26:49.545000,1.33737,1.33719,1200000,1800000
2023-01-26 13:26:52.527000,1.33737,1.33721,1200000,1200000
2023-01-26 13:26:52.629000,1.33738,1.33721,1200000,1200000
2023-01-26 13:26:54.488000,1.33739,1.33721,1800000,2250000
2023-01-26 13:26:54.612000,1.33739,1.33722,1800000,1200000
2023-01-26 13:26:54.714000,1.33737,1.33721,1200000,1200000
2023-01-26 13:26:56.844000,1.33735,1.33722,1200000,1200000
2023-01-26 13:26:58.746000,1.33736,1.33722,1200000,1200000
2023-01-26 13:26:59.053000,1.33738,1.33722,1600000,1200000
2023-01-26 13:26:59.681000,1.33737,1.33724,2100000,1200000
2023-01-26 13:26:59.782000,1.33735,1.33723,1200000,1200000
2023-01-26 13:27:00.271000,1.33736,1.3372,1200000,1200000
2023-01-26 13:27:00.473000,1.33736,1.33718,1200000,2100000
2023-01-26 13:27:02.108000,1.33737,1.33719,1350000,1350000
2023-01-26 13:27:02.678000,1.33734,1.33718,2850000,1200000
2023-01-26 13:27:02.779000,1.33732,1.33715,2470000,1200000
2023-01-26 13:27:03.699000,1.33731,1.33715,2470000,1350000
2023-01-26 13:27:04.410000,1.33732,1.33717,1200000,1320000
2023-01-26 13:27:04.511000,1.33735,1.33718,1800000,2700000
2023-01-26 13:27:04.766000,1.33736,1.33717,1200000,2370000
2023-01-26 13:27:04.868000,1.33738,1.3372,2250000,1440000
2023-01-26 13:27:04.969000,1.33738,1.33721,1200000,1350000
2023-01-26 13:27:05.109000,1.33738,1.33722,1350000,1350000
2023-01-26 13:27:08.687000,1.33739,1.33721,2850000,1200000
2023-01-26 13:27:10.195000,1.33738,1.33722,2100000,2340000
2023-01-26 13:27:10.629000,1.33738,1.33723,1600000,1200000
2023-01-26 13:27:13.242000,1.33739,1.33723,1600000,1200000
2023-01-26 13:27:13.395000,1.33739,1.33722,1600000,1800000
2023-01-26 13:27:15.778000,1.33735,1.33721,1200000,1200000
2023-01-26 13:27:15.880000,1.33736,1.33719,1200000,1200000
2023-01-26 13:27:16.363000,1.33731,1.33718,1100000,1200000
2023-01-26 13:27:16.465000,1.33729,1.33715,1350000,1350000
2023-01-26 13:27:17.048000,1.33728,1.33713,1200000,1350000
2023-01-26 13:27:18.623000,1.33727,1.33713,1200000,1200000
2023-01-26 13:27:19.242000,1.33729,1.33715,1600000,1200000
2023-01-26 13:27:19.382000,1.33728,1.33712,1200000,1200000
2023-01-26 13:27:22.336000,1.33728,1.33712,1200000,1120000
2023-01-26 13:27:22.438000,1.3373,1.33712,2100000,1120000
2023-01-26 13:27:22.590000,1.33729,1.33712,1350000,1120000
2023-01-26 13:27:22.742000,1.33729,1.33715,1200000,1350000
2023-01-26 13:27:22.843000,1.33731,1.33714,1200000,1350000
2023-01-26 13:27:22.946000,1.3373,1.33714,1200000,1350000
2023-01-26 13:27:23.057000,1.33729,1.33714,1200000,1350000
2023-01-26 13:27:23.158000,1.3373,1.33714,1200000,1350000
2023-01-26 13:27:24.108000,1.33729,1.33713,1200000,1700000
2023-01-26 13:27:24.271000,1.3373,1.33713,1200000,1700000
2023-01-26 13:27:25.152000,1.33729,1.33713,1200000,1700000
2023-01-26 13:27:25.631000,1.33729,1.33714,1200000,1700000
2023-01-26 13:27:25.863000,1.33728,1.33719,1200000,1120000
2023-01-26 13:27:25.965000,1.33735,1.33725,1800000,1200000
2023-01-26 13:27:26.016000,1.3374,1.33724,1200000,1200000
2023-01-26 13:27:26.117000,1.3374,1.33724,1200000,1720000
2023-01-26 13:27:27.182000,1.33741,1.33723,1200000,1620000
2023-01-26 13:27:27.334000,1.33742,1.33725,1200000,1320000
2023-01-26 13:27:27.436000,1.33742,1.33726,1200000,1890000
2023-01-26 13:27:28.851000,1.33741,1.33723,1350000,1200000
2023-01-26 13:27:28.953000,1.3374,1.33723,1200000,1200000
2023-01-26 13:27:31.232000,1.33738,1.33722,1200000,2200000
2023-01-26 13:27:31.485000,1.33739,1.33722,1200000,2200000
2023-01-26 13:27:34.697000,1.33736,1.33724,1200000,1200000
2023-01-26 13:27:34.748000,1.33736,1.33722,1350000,1200000
2023-01-26 13:27:34.849000,1.33736,1.33721,1200000,1200000
2023-01-26 13:27:35.156000,1.33736,1.33717,1200000,1200000
2023-01-26 13:27:36.319000,1.33734,1.33719,1800000,1200000
2023-01-26 13:27:36.370000,1.33734,1.33716,1800000,2470000
2023-01-26 13:27:36.472000,1.33733,1.33716,1200000,2470000
2023-01-26 13:27:36.628000,1.33732,1.33716,1200000,1720000
2023-01-26 13:27:36.837000,1.33731,1.33716,1200000,1720000
2023-01-26 13:27:36.942000,1.33731,1.33716,1200000,1800000
2023-01-26 13:27:37.459000,1.33731,1.33714,1200000,1440000
2023-01-26 13:27:38.530000,1.33729,1.33715,1200000,1890000
2023-01-26 13:27:40.147000,1.33731,1.33714,1200000,1890000
2023-01-26 13:27:41.489000,1.33731,1.33715,1200000,1200000
2023-01-26 13:27:42.506000,1.3373,1.33716,1200000,1800000
2023-01-26 13:27:42.658000,1.33735,1.33718,1200000,1200000
2023-01-26 13:27:42.868000,1.33735,1.33718,1200000,1700000
2023-01-26 13:27:42.970000,1.33736,1.33718,1350000,1700000
2023-01-26 13:27:43.695000,1.33737,1.3372,1800000,1200000
2023-01-26 13:27:43.918000,1.33737,1.3372,1800000,1100000
2023-01-26 13:27:47.570000,1.33736,1.33721,1200000,1800000
2023-01-26 13:27:47.888000,1.33734,1.3372,1200000,1200000
2023-01-26 13:27:47.939000,1.33734,1.33718,1200000,1350000
2023-01-26 13:27:48.046000,1.33732,1.33717,1200000,2550000
2023-01-26 13:27:48.150000,1.33732,1.33717,1200000,2790000
2023-01-26 13:27:48.607000,1.33733,1.33716,1200000,1990000
2023-01-26 13:27:48.708000,1.33736,1.33717,2100000,1700000
2023-01-26 13:27:48.841000,1.33736,1.33717,2250000,1700000
2023-01-26 13:27:49.251000,1.33736,1.33718,1200000,1720000
2023-01-26 13:27:50.394000,1.33736,1.33719,1200000,1700000
2023-01-26 13:27:50.601000,1.33738,1.3372,2100000,1600000
2023-01-26 13:27:52.280000,1.33738,1.3372,2250000,1600000
2023-01-26 13:27:52.403000,1.33737,1.33721,2250000,1600000
2023-01-26 13:27:52.555000,1.33735,1.33721,1200000,1600000
2023-01-26 13:27:52.933000,1.33736,1.3372,1200000,1200000
2023-01-26 13:27:53.136000,1.33737,1.33723,2250000,1200000
2023-01-26 13:27:53.678000,1.33737,1.33722,1200000,1200000
2023-01-26 13:27:56.185000,1.33737,1.33721,1200000,1200000
2023-01-26 13:27:56.918000,1.33737,1.33722,1350000,1200000
2023-01-26 13:28:00.073000,1.33738,1.3372,1350000,2250000
2023-01-26 13:28:00.390000,1.33738,1.3372,1350000,2550000
2023-01-26 13:28:05.377000,1.33737,1.33721,1200000,1350000
2023-01-26 13:28:06.749000,1.33734,1.3372,1200000,1800000
2023-01-26 13:28:06.850000,1.33732,1.3372,1200000,1200000
2023-01-26 13:28:06.972000,1.33735,1.33719,1200000,1200000
2023-01-26 13:28:07.074000,1.33736,1.33719,2250000,1200000
2023-01-26 13:28:08.477000,1.33736,1.3372,1350000,1200000
2023-01-26 13:28:10.799000,1.33735,1.3372,1600000,1200000
2023-01-26 13:28:12.190000,1.33737,1.33721,2100000,1200000
2023-01-26 13:28:12.473000,1.33737,1.3372,1600000,1200000
2023-01-26 13:28:13.779000,1.33738,1.3372,1600000,1800000
2023-01-26 13:28:14.181000,1.33738,1.33721,1600000,1200000
2023-01-26 13:28:20.853000,1.33738,1.33722,1600000,1200000
2023-01-26 13:28:22.730000,1.33734,1.33725,1100000,1200000
2023-01-26 13:28:22.832000,1.33736,1.3372,1350000,1200000
2023-01-26 13:28:23.107000,1.33735,1.33722,1350000,1200000
2023-01-26 13:28:23.737000,1.33736,1.3372,1200000,1200000
2023-01-26 13:28:24.527000,1.33737,1.3372,1350000,1200000
2023-01-26 13:28:27.570000,1.33736,1.3372,1200000,1200000
2023-01-26 13:28:32.712000,1.33734,1.33721,1200000,1200000
2023-01-26 13:28:32.763000,1.33733,1.33721,1600000,1200000
2023-01-26 13:28:32.864000,1.33732,1.33717,1600000,1200000
2023-01-26 13:28:33.923000,1.33731,1.33717,1600000,1200000
2023-01-26 13:28:38.584000,1.33731,1.33714,1350000,1200000
2023-01-26 13:28:38.808000,1.33731,1.33715,1350000,1200000
2023-01-26 13:28:39.952000,1.3373,1.33715,1200000,1200000
2023-01-26 13:28:41.011000,1.33731,1.33715,1350000,1200000
2023-01-26 13:28:43.777000,1.33729,1.33716,1200000,1200000
2023-01-26 13:28:45.276000,1.3373,1.33715,1600000,1200000
2023-01-26 13:28:45.377000,1.33727,1.3371,1200000,1200000
2023-01-26 13:28:46.207000,1.33726,1.3371,1200000,2700000
2023-01-26 13:28:46.359000,1.33726,1.33709,1200000,1350000
2023-01-26 13:28:47.812000,1.33726,1.33708,3150000,2340000
2023-01-26 13:28:48.596000,1.33725,1.33708,1200000,2340000
2023-01-26 13:28:48.790000,1.33724,1.3371,1800000,1200000
2023-01-26 13:28:48.958000,1.33724,1.33709,1200000,1200000
2023-01-26 13:28:50.690000,1.33722,1.3371,1200000,1200000
2023-01-26 13:28:51.169000,1.33722,1.33709,1800000,1200000
2023-01-26 13:28:52.413000,1.33722,1.33709,1600000,1200000
2023-01-26 13:28:52.464000,1.33723,1.33706,1600000,1200000
2023-01-26 13:28:53.433000,1.33722,1.33705,1350000,1350000
2023-01-26 13:28:53.622000,1.33722,1.33706,1200000,1220000
2023-01-26 13:28:53.723000,1.33723,1.33709,1350000,1200000
2023-01-26 13:28:53.825000,1.33724,1.33709,1200000,1320000
2023-01-26 13:28:53.876000,1.33724,1.3371,1200000,1100000
2023-01-26 13:28:53.977000,1.33726,1.3371,1200000,1350000
2023-01-26 13:28:54.079000,1.33726,1.33711,1200000,1350000
2023-01-26 13:28:54.623000,1.33727,1.3371,1200000,1600000
2023-01-26 13:28:55.944000,1.33727,1.33711,1200000,1350000
2023-01-26 13:29:00.349000,1.33726,1.33711,1200000,1800000
2023-01-26 13:29:00.548000,1.33727,1.33711,1200000,1200000
2023-01-26 13:29:02.008000,1.33726,1.3371,1200000,1200000
2023-01-26 13:29:04.022000,1.33726,1.3371,1200000,1600000
2023-01-26 13:29:04.578000,1.33725,1.33711,1200000,1200000
2023-01-26 13:29:06.608000,1.33727,1.3371,1200000,1200000
2023-01-26 13:29:07.199000,1.33727,1.33711,1200000,1200000
2023-01-26 13:29:09.202000,1.33728,1.33711,1200000,1200000
2023-01-26 13:29:09.832000,1.33728,1.3371,1800000,1200000
2023-01-26 13:29:10.417000,1.33726,1.33711,1200000,1200000
2023-01-26 13:29:11.051000,1.33726,1.3371,1200000,1200000
2023-01-26 13:29:11.356000,1.33724,1.33711,1200000,1200000
2023-01-26 13:29:11.407000,1.33725,1.33707,1200000,1320000
2023-01-26 13:29:12.366000,1.33725,1.33709,1200000,1200000
2023-01-26 13:29:12.670000,1.33724,1.33709,1200000,1200000
2023-01-26 13:29:12.721000,1.33724,1.33707,1200000,1200000
2023-01-26 13:29:12.834000,1.33722,1.33708,1200000,1200000
2023-01-26 13:29:17.146000,1.33724,1.33707,1200000,1200000
2023-01-26 13:29:18.248000,1.33723,1.33707,1200000,1200000
2023-01-26 13:29:18.400000,1.33721,1.33707,1200000,1200000
2023-01-26 13:29:18.451000,1.33721,1.33704,1200000,1200000
2023-01-26 13:29:18.502000,1.33718,1.33705,1200000,1200000
2023-01-26 13:29:18.845000,1.33719,1.33705,1200000,1200000
2023-01-26 13:29:19.432000,1.3372,1.33706,1200000,1200000
2023-01-26 13:29:20.844000,1.33722,1.33706,1800000,1200000
2023-01-26 13:29:21.844000,1.33723,1.33708,1200000,1200000
2023-01-26 13:29:22.444000,1.33723,1.33709,1200000,1200000
2023-01-26 13:29:22.494000,1.33725,1.33709,1200000,1200000
2023-01-26 13:29:22.596000,1.33726,1.3371,1200000,2250000
2023-01-26 13:29:22.697000,1.33727,1.33711,1200000,1200000
2023-01-26 13:29:23.075000,1.33728,1.33712,1800000,1200000
2023-01-26 13:29:23.949000,1.33729,1.33713,1200000,1200000
2023-01-26 13:29:24.211000,1.33728,1.33713,1200000,1200000
2023-01-26 13:29:24.605000,1.33728,1.33712,1200000,1200000
2023-01-26 13:29:25.844000,1.33728,1.33713,1200000,1200000
2023-01-26 13:29:27.145000,1.33728,1.33712,1200000,1200000
2023-01-26 13:29:28.873000,1.33727,1.33712,1200000,1200000
2023-01-26 13:29:29.408000,1.33727,1.33711,1200000,1200000
2023-01-26 13:29:29.876000,1.33728,1.33711,1200000,1200000
2023-01-26 13:29:30.137000,1.33727,1.33711,1200000,1200000
2023-01-26 13:29:30.238000,1.3373,1.33711,1200000,1200000
2023-01-26 13:29:30.417000,1.33731,1.33713,1200000,1200000
2023-01-26 13:29:32.063000,1.33733,1.33712,3600000,1200000
2023-01-26 13:29:32.417000,1.33732,1.33714,2700000,1200000
2023-01-26 13:29:34.897000,1.33731,1.33714,1200000,1200000
2023-01-26 13:29:35.202000,1.33732,1.33712,1200000,1200000
2023-01-26 13:29:35.796000,1.33732,1.33711,1200000,1200000
2023-01-26 13:29:35.898000,1.33733,1.33711,3600000,1200000
2023-01-26 13:29:36.740000,1.33733,1.3371,2700000,1200000
2023-01-26 13:29:36.942000,1.33732,1.3371,1200000,1200000
2023-01-26 13:29:37.935000,1.33733,1.3371,2700000,1200000
2023-01-26 13:29:39.032000,1.33733,1.33709,2700000,1200000
2023-01-26 13:29:40.142000,1.33733,1.3371,1800000,1200000
2023-01-26 13:29:40.244000,1.33733,1.33711,1200000,1200000
2023-01-26 13:29:40.345000,1.33734,1.33711,1800000,1200000
2023-01-26 13:29:42.592000,1.33734,1.33712,1800000,1200000
2023-01-26 13:29:48.005000,1.33733,1.3371,1200000,1200000
2023-01-26 13:29:50.133000,1.33732,1.3371,1200000,1200000
2023-01-26 13:29:51.073000,1.33732,1.33709,1200000,1200000
2023-01-26 13:29:55.034000,1.33734,1.33709,1800000,1200000
2023-01-26 13:29:55.085000,1.33732,1.33709,1200000,1200000
2023-01-26 13:29:55.844000,1.33732,1.33707,1200000,1200000
2023-01-26 13:29:56.070000,1.3373,1.33708,1200000,1200000
2023-01-26 13:29:56.196000,1.3373,1.33709,1200000,1200000
2023-01-26 13:29:56.479000,1.33733,1.33708,2700000,1200000
2023-01-26 13:29:57.057000,1.33731,1.33708,1200000,1200000
2023-01-26 13:29:58.033000,1.33733,1.33709,2700000,1200000
2023-01-26 13:29:58.135000,1.33734,1.33709,1200000,1200000
2023-01-26 13:29:58.657000,1.33734,1.3371,1200000,1200000
2023-01-26 13:29:59.199000,1.33734,1.33711,1200000,1200000
2023-01-26 13:29:59.706000,1.33734,1.33708,1200000,1200000
2023-01-26 13:29:59.913000,1.33733,1.3371,1200000,1200000
2023-01-26 13:30:00.189000,1.33734,1.33708,1200000,1200000
2023-01-26 13:30:00.412000,1.33733,1.33706,1200000,1200000
2023-01-26 13:30:00.462000,1.33729,1.33706,1200000,1200000
2023-01-26 13:30:00.513000,1.33729,1.33702,1200000,1200000
2023-01-26 13:30:00.747000,1.33731,1.33704,1200000,1200000
2023-01-26 13:30:00.848000,1.33738,1.33711,1200000,1200000
2023-01-26 13:30:01.146000,1.33735,1.33711,1200000,1200000
2023-01-26 13:30:01.256000,1.33735,1.33712,1200000,1200000
2023-01-26 13:30:01.357000,1.33743,1.33716,1800000,1200000
2023-01-26 13:30:01.408000,1.33743,1.33719,1200000,1200000
2023-01-26 13:30:01.509000,1.33743,1.3372,1200000,1200000
2023-01-26 13:30:01.966000,1.33745,1.33721,1200000,1200000
2023-01-26 13:30:02.376000,1.33743,1.33721,1200000,1200000
2023-01-26 13:30:02.478000,1.33749,1.33722,1200000,1200000
2023-01-26 13:30:02.528000,1.33751,1.33724,1200000,1200000
2023-01-26 13:30:02.630000,1.33749,1.33724,1200000,1200000
2023-01-26 13:30:02.956000,1.33752,1.33737,2700000,900000
2023-01-26 13:30:03.007000,1.33806,1.33761,1200000,1200000
2023-01-26 13:30:03.058000,1.33795,1.33761,1200000,1200000
2023-01-26 13:30:03.159000,1.33795,1.33738,1200000,1200000
2023-01-26 13:30:03.210000,1.33768,1.33749,900000,1800000
2023-01-26 13:30:03.311000,1.33778,1.33736,1200000,1200000
2023-01-26 13:30:03.362000,1.33777,1.33735,1200000,1200000
2023-01-26 13:30:03.463000,1.33775,1.33736,1200000,1200000
2023-01-26 13:30:03.569000,1.33751,1.33709,1200000,1200000
2023-01-26 13:30:03.619000,1.33751,1.33724,1200000,1200000
2023-01-26 13:30:03.771000,1.33748,1.33723,1200000,1200000
2023-01-26 13:30:03.873000,1.33746,1.33723,1200000,1200000
2023-01-26 13:30:03.924000,1.33746,1.33717,1200000,1200000
2023-01-26 13:30:03.975000,1.33734,1.33714,1200000,1200000
2023-01-26 13:30:04.077000,1.33726,1.33717,1200000,1200000
2023-01-26 13:30:04.127000,1.33727,1.33699,1200000,1800000
2023-01-26 13:30:04.229000,1.33717,1.33697,1200000,1200000
2023-01-26 13:30:04.330000,1.33702,1.33683,1800000,1200000
2023-01-26 13:30:04.381000,1.33703,1.3369,1800000,1200000
2023-01-26 13:30:04.432000,1.3371,1.3369,1200000,1200000
2023-01-26 13:30:04.533000,1.33709,1.3369,1200000,1200000
2023-01-26 13:30:04.584000,1.33709,1.33688,1200000,1200000
2023-01-26 13:30:04.635000,1.33703,1.33684,1200000,1200000
2023-01-26 13:30:04.737000,1.33706,1.33681,1200000,1200000
2023-01-26 13:30:04.840000,1.33712,1.33689,1200000,1200000
2023-01-26 13:30:04.942000,1.33716,1.33688,1200000,1200000
2023-01-26 13:30:04.993000,1.33716,1.33708,1200000,1200000
2023-01-26 13:30:05.044000,1.33716,1.33706,900000,1200000
2023-01-26 13:30:05.095000,1.33738,1.33727,1200000,1200000
2023-01-26 13:30:05.196000,1.33752,1.33738,1120000,900000
2023-01-26 13:30:05.247000,1.33744,1.33717,1200000,1200000
2023-01-26 13:30:05.298000,1.33751,1.33718,1350000,1200000
2023-01-26 13:30:05.349000,1.33753,1.33722,1200000,1200000
2023-01-26 13:30:05.500000,1.33755,1.33721,1200000,1800000
2023-01-26 13:30:05.602000,1.33757,1.33722,1800000,1200000
2023-01-26 13:30:05.652000,1.33754,1.33722,1800000,1200000
2023-01-26 13:30:05.754000,1.33751,1.33721,1200000,1200000
2023-01-26 13:30:05.855000,1.33754,1.33722,1200000,1200000
2023-01-26 13:30:05.906000,1.33751,1.33721,1200000,1200000
2023-01-26 13:30:06.010000,1.33746,1.33721,1200000,1200000
2023-01-26 13:30:06.062000,1.33755,1.33721,1800000,1200000
2023-01-26 13:30:06.163000,1.33757,1.33723,1800000,1200000
2023-01-26 13:30:06.264000,1.33751,1.33723,1200000,1200000
2023-01-26 13:30:06.773000,1.33751,1.33718,1800000,1200000
2023-01-26 13:30:06.974000,1.33752,1.3372,1800000,1200000
2023-01-26 13:30:07.134000,1.33749,1.33717,1200000,1200000
2023-01-26 13:30:07.235000,1.33749,1.33735,900000,1200000
2023-01-26 13:30:07.286000,1.33761,1.33747,1200000,1200000
2023-01-26 13:30:07.338000,1.33761,1.3373,1800000,1200000
2023-01-26 13:30:07.389000,1.3375,1.33729,1200000,1200000
2023-01-26 13:30:07.541000,1.3375,1.33726,1200000,1200000
2023-01-26 13:30:07.598000,1.33748,1.33726,1200000,1200000
2023-01-26 13:30:07.700000,1.33746,1.33723,1200000,1200000
2023-01-26 13:30:07.751000,1.33746,1.33719,1200000,1800000
2023-01-26 13:30:07.802000,1.33735,1.33714,1200000,1200000
2023-01-26 13:30:07.853000,1.33734,1.33712,1200000,1200000
2023-01-26 13:30:07.904000,1.33732,1.33711,1200000,1200000
2023-01-26 13:30:08.006000,1.33735,1.33711,1200000,1200000
2023-01-26 13:30:08.057000,1.33735,1.33706,1200000,1800000
2023-01-26 13:30:08.259000,1.33733,1.33701,1200000,1200000
2023-01-26 13:30:08.310000,1.33729,1.337,1200000,1200000
2023-01-26 13:30:08.411000,1.33728,1.33698,1200000,1200000
2023-01-26 13:30:08.534000,1.33727,1.33697,1200000,1200000
2023-01-26 13:30:08.635000,1.33731,1.33697,1200000,1200000
2023-01-26 13:30:08.686000,1.3373,1.337,1200000,1200000
2023-01-26 13:30:08.788000,1.33728,1.337,1200000,1200000
2023-01-26 13:30:08.839000,1.33729,1.33697,1200000,1200000
2023-01-26 13:30:08.890000,1.33727,1.33697,1200000,1200000
2023-01-26 13:30:08.991000,1.33724,1.33698,1200000,1200000
2023-01-26 13:30:09.395000,1.33723,1.33697,1200000,1200000
2023-01-26 13:30:09.561000,1.33724,1.33697,1200000,1200000
2023-01-26 13:30:09.662000,1.33723,1.33702,1200000,1200000
2023-01-26 13:30:09.713000,1.33728,1.33701,1200000,1200000
2023-01-26 13:30:09.764000,1.33728,1.33697,1200000,1200000
2023-01-26 13:30:09.815000,1.33726,1.33697,1800000,1200000
2023-01-26 13:30:09.866000,1.33726,1.33695,2700000,1200000
2023-01-26 13:30:09.917000,1.33717,1.33692,1200000,1200000
2023-01-26 13:30:10.018000,1.33722,1.33698,1200000,1200000
2023-01-26 13:30:10.069000,1.33722,1.33695,1200000,1200000
2023-01-26 13:30:10.120000,1.33717,1.33695,1200000,1200000
2023-01-26 13:30:10.221000,1.33714,1.3369,1200000,1200000
2023-01-26 13:30:10.323000,1.33717,1.3369,1800000,1200000
2023-01-26 13:30:10.573000,1.33714,1.3369,1200000,1200000
2023-01-26 13:30:10.675000,1.33716,1.3369,1200000,1200000
2023-01-26 13:30:10.833000,1.33715,1.33689,1200000,1200000
2023-01-26 13:30:10.934000,1.33716,1.3369,1200000,1200000
2023-01-26 13:30:11.036000,1.33716,1.33692,1200000,1200000
2023-01-26 13:30:11.137000,1.33715,1.33691,1200000,1200000
2023-01-26 13:30:11.239000,1.33707,1.3369,1200000,1200000
2023-01-26 13:30:11.340000,1.33707,1.33682,1200000,1200000
2023-01-26 13:30:11.442000,1.33708,1.3369,1800000,1200000
2023-01-26 13:30:11.543000,1.33725,1.33705,1200000,1200000
2023-01-26 13:30:11.594000,1.3373,1.33705,1200000,1200000
2023-01-26 13:30:11.645000,1.33732,1.33707,1200000,1200000
2023-01-26 13:30:11.747000,1.33725,1.337,1200000,1200000
2023-01-26 13:30:11.848000,1.33723,1.33701,1200000,1200000
2023-01-26 13:30:11.950000,1.33722,1.33701,1200000,1200000
2023-01-26 13:30:12.052000,1.33732,1.33717,1350000,1200000
2023-01-26 13:30:12.103000,1.33744,1.33726,2700000,1200000
2023-01-26 13:30:12.204000,1.33753,1.33729,1200000,1200000
2023-01-26 13:30:12.298000,1.33755,1.33731,1200000,1200000
2023-01-26 13:30:12.400000,1.33754,1.33726,2700000,1200000
2023-01-26 13:30:12.501000,1.33754,1.33724,3600000,1200000
2023-01-26 13:30:12.654000,1.33754,1.33726,2700000,1200000
2023-01-26 13:30:12.755000,1.33747,1.33731,1200000,1200000
2023-01-26 13:30:12.806000,1.33755,1.3373,1200000,1200000
2023-01-26 13:30:12.858000,1.33754,1.33735,1200000,1200000
2023-01-26 13:30:12.909000,1.33761,1.33734,1800000,1200000
2023-01-26 13:30:13.010000,1.33761,1.33733,1800000,1200000
2023-01-26 13:30:13.201000,1.33744,1.33736,1200000,1200000
2023-01-26 13:30:13.303000,1.33743,1.33721,1200000,1360000
2023-01-26 13:30:13.354000,1.33744,1.3372,1200000,1200000
2023-01-26 13:30:13.506000,1.33744,1.33724,1200000,1200000
2023-01-26 13:30:13.557000,1.33746,1.33724,1200000,1200000
2023-01-26 13:30:13.658000,1.33743,1.33725,1200000,1200000
2023-01-26 13:30:13.760000,1.33743,1.33726,1200000,1200000
2023-01-26 13:30:13.862000,1.33743,1.33725,1200000,1200000
2023-01-26 13:30:13.913000,1.33747,1.33724,2700000,1200000
2023-01-26 13:30:14.015000,1.33751,1.33726,1200000,1350000
2023-01-26 13:30:14.066000,1.33755,1.3373,1350000,1200000
2023-01-26 13:30:14.168000,1.33761,1.33736,2250000,1200000
2023-01-26 13:30:14.269000,1.33758,1.33735,1200000,1200000
2023-01-26 13:30:14.320000,1.33763,1.33734,1600000,1200000
2023-01-26 13:30:14.371000,1.33763,1.33735,1200000,1200000
2023-01-26 13:30:14.422000,1.33763,1.3374,1200000,1600000
2023-01-26 13:30:14.524000,1.33769,1.33755,1800000,1200000
2023-01-26 13:30:14.625000,1.33765,1.3375,1200000,1200000
2023-01-26 13:30:14.727000,1.33762,1.33743,3150000,1200000
2023-01-26 13:30:14.828000,1.33761,1.33743,1200000,1200000
2023-01-26 13:30:15.182000,1.33762,1.33744,1350000,1200000
2023-01-26 13:30:15.284000,1.33759,1.3374,1200000,1200000
2023-01-26 13:30:15.335000,1.33751,1.3374,1720000,1200000
2023-01-26 13:30:15.386000,1.33753,1.33729,1200000,1200000
2023-01-26 13:30:15.516000,1.33753,1.3374,1200000,1200000
2023-01-26 13:30:15.567000,1.33762,1.33743,3600000,1200000
2023-01-26 13:30:15.672000,1.33761,1.33747,1350000,1200000
2023-01-26 13:30:15.773000,1.33763,1.33753,1200000,1200000
2023-01-26 13:30:15.875000,1.33762,1.33743,1200000,1200000
2023-01-26 13:30:15.976000,1.33754,1.33738,1200000,1200000
2023-01-26 13:30:16.078000,1.33753,1.33734,1200000,1200000
2023-01-26 13:30:16.179000,1.33758,1.33737,1800000,1200000
2023-01-26 13:30:16.281000,1.33759,1.33735,1800000,1200000
2023-01-26 13:30:16.391000,1.33758,1.33735,1200000,1600000
2023-01-26 13:30:16.493000,1.33761,1.33745,1200000,1200000
2023-01-26 13:30:16.594000,1.3377,1.33749,3150000,1200000
2023-01-26 13:30:16.645000,1.33764,1.3375,1350000,1200000
2023-01-26 13:30:16.696000,1.33761,1.33743,1200000,1200000
2023-01-26 13:30:16.798000,1.33763,1.33744,1200000,1200000
2023-01-26 13:30:16.849000,1.33762,1.33741,1200000,1200000
2023-01-26 13:30:16.900000,1.3376,1.33742,2250000,1200000
2023-01-26 13:30:17.002000,1.33759,1.33735,2100000,1200000
2023-01-26 13:30:17.103000,1.33758,1.33734,1200000,1200000
2023-01-26 13:30:17.205000,1.33761,1.33734,3150000,1200000
2023-01-26 13:30:17.306000,1.33761,1.3374,2250000,1200000
2023-01-26 13:30:17.407000,1.33764,1.33744,1200000,1200000
2023-01-26 13:30:17.458000,1.33764,1.33741,1200000,1200000
2023-01-26 13:30:17.509000,1.3377,1.33742,3150000,1200000
2023-01-26 13:30:17.560000,1.3377,1.33744,3150000,1350000
2023-01-26 13:30:17.662000,1.33761,1.33741,1350000,1200000
2023-01-26 13:30:17.713000,1.3376,1.33735,1200000,1200000
2023-01-26 13:30:17.814000,1.3376,1.33731,1800000,1200000
2023-01-26 13:30:17.915000,1.3376,1.33733,1200000,1200000
2023-01-26 13:30:18.017000,1.3376,1.33735,1200000,1800000
2023-01-26 13:30:18.118000,1.33759,1.33738,1200000,1200000
2023-01-26 13:30:18.220000,1.33759,1.33737,1200000,1200000
2023-01-26 13:30:18.372000,1.33758,1.33745,1200000,1200000
2023-01-26 13:30:18.473000,1.33767,1.33746,1200000,1200000
2023-01-26 13:30:18.575000,1.33766,1.33749,1200000,1200000
2023-01-26 13:30:18.676000,1.33761,1.33739,1350000,1200000
2023-01-26 13:30:18.778000,1.33761,1.33741,1350000,1200000
2023-01-26 13:30:18.829000,1.33763,1.33742,1800000,1200000
2023-01-26 13:30:18.880000,1.33768,1.33744,1350000,1200000
2023-01-26 13:30:18.981000,1.33761,1.33741,1350000,1200000
2023-01-26 13:30:19.083000,1.33765,1.33742,1200000,1200000
2023-01-26 13:30:19.184000,1.33766,1.33744,1200000,1200000
2023-01-26 13:30:19.286000,1.3376,1.33744,2470000,1200000
2023-01-26 13:30:19.387000,1.33761,1.33735,4720000,1200000
2023-01-26 13:30:19.489000,1.33759,1.33734,1350000,1200000
2023-01-26 13:30:19.640000,1.33759,1.33734,1200000,1200000
2023-01-26 13:30:19.691000,1.33755,1.3373,1200000,1320000
2023-01-26 13:30:19.793000,1.33754,1.33732,1200000,1200000
2023-01-26 13:30:19.894000,1.33756,1.33731,1200000,1200000
2023-01-26 13:30:19.945000,1.33752,1.33731,1350000,1200000
2023-01-26 13:30:19.996000,1.3375,1.33729,1200000,1200000
2023-01-26 13:30:20.098000,1.33752,1.33725,2250000,1200000
2023-01-26 13:30:20.200000,1.33751,1.33728,1350000,1200000
2023-01-26 13:30:20.301000,1.33757,1.33733,1200000,1200000
2023-01-26 13:30:20.402000,1.33758,1.33736,1350000,1200000
2023-01-26 13:30:20.504000,1.33759,1.33737,1600000,1200000
2023-01-26 13:30:20.706000,1.3376,1.33736,3970000,1200000
2023-01-26 13:30:20.808000,1.33759,1.33737,1720000,1200000
2023-01-26 13:30:20.909000,1.33757,1.33735,1350000,1200000
2023-01-26 13:30:21.011000,1.33764,1.33742,1200000,1200000
2023-01-26 13:30:21.112000,1.33761,1.33743,2250000,1200000
2023-01-26 13:30:21.214000,1.33761,1.33747,1350000,1200000
2023-01-26 13:30:21.315000,1.33764,1.33742,1200000,1200000
2023-01-26 13:30:21.417000,1.33766,1.33744,1200000,1320000
2023-01-26 13:30:21.518000,1.33767,1.33749,1350000,1200000
2023-01-26 13:30:21.620000,1.33769,1.33752,1200000,1240000
2023-01-26 13:30:21.671000,1.33773,1.33755,1800000,1120000
2023-01-26 13:30:21.722000,1.33773,1.33763,1200000,1200000
2023-01-26 13:30:21.773000,1.33779,1.33763,1350000,1200000
2023-01-26 13:30:21.824000,1.33777,1.33758,1200000,1200000
2023-01-26 13:30:21.875000,1.33773,1.33757,1200000,1200000
2023-01-26 13:30:21.976000,1.33768,1.33748,1200000,1120000
2023-01-26 13:30:22.027000,1.33772,1.33747,1200000,1620000
2023-01-26 13:30:22.078000,1.3377,1.33746,1200000,1320000
2023-01-26 13:30:22.180000,1.33768,1.33746,1200000,1890000
2023-01-26 13:30:22.287000,1.33764,1.33745,1200000,1200000
2023-01-26 13:30:22.388000,1.33762,1.3374,1200000,1200000
2023-01-26 13:30:22.439000,1.33763,1.33739,1600000,1200000
2023-01-26 13:30:22.541000,1.33758,1.33738,1200000,1350000
2023-01-26 13:30:22.642000,1.33756,1.33738,1200000,1120000
2023-01-26 13:30:22.693000,1.33764,1.33738,1200000,1320000
2023-01-26 13:30:22.795000,1.33763,1.33738,1200000,1120000
2023-01-26 13:30:22.947000,1.33764,1.33738,1200000,1120000
2023-01-26 13:30:23.125000,1.33763,1.33738,1200000,1120000
2023-01-26 13:30:23.227000,1.33763,1.33739,1200000,1120000
2023-01-26 13:30:23.328000,1.33761,1.33739,1200000,1120000
2023-01-26 13:30:23.430000,1.33757,1.33738,1200000,1200000
2023-01-26 13:30:23.531000,1.33759,1.33739,1200000,1200000
2023-01-26 13:30:23.633000,1.33763,1.33741,1200000,1200000
2023-01-26 13:30:23.734000,1.33767,1.33741,1800000,1320000
2023-01-26 13:30:23.785000,1.33767,1.33744,1800000,1820000
2023-01-26 13:30:23.887000,1.33767,1.33752,1200000,1820000
2023-01-26 13:30:23.938000,1.33776,1.33756,1200000,1200000
2023-01-26 13:30:24.039000,1.33776,1.33757,1200000,1800000
2023-01-26 13:30:24.090000,1.33777,1.33756,1720000,1200000
2023-01-26 13:30:24.141000,1.33769,1.33748,1200000,1800000
2023-01-26 13:30:24.242000,1.33769,1.33747,1200000,1200000
2023-01-26 13:30:24.344000,1.33767,1.33747,1200000,1200000
2023-01-26 13:30:24.579000,1.3377,1.33747,1200000,1320000
2023-01-26 13:30:24.782000,1.3377,1.33749,1200000,1200000
2023-01-26 13:30:25.015000,1.33769,1.33749,1200000,1200000
2023-01-26 13:30:25.116000,1.33771,1.33748,1200000,1200000
2023-01-26 13:30:25.219000,1.3377,1.33747,1200000,1320000
2023-01-26 13:30:25.348000,1.33768,1.33747,1200000,1320000
2023-01-26 13:30:25.450000,1.33771,1.33747,1200000,1320000
2023-01-26 13:30:25.627000,1.33773,1.3375,1800000,1200000
2023-01-26 13:30:25.779000,1.3377,1.3375,1350000,1200000
2023-01-26 13:30:25.830000,1.33769,1.33748,1200000,1200000
2023-01-26 13:30:26.083000,1.3377,1.33748,1200000,1200000
2023-01-26 13:30:26.184000,1.33767,1.33749,1600000,1200000
2023-01-26 13:30:26.235000,1.3377,1.33748,2250000,1200000
2023-01-26 13:30:26.286000,1.33766,1.33749,1200000,1200000
2023-01-26 13:30:26.444000,1.33769,1.3375,1200000,1200000
2023-01-26 13:30:26.786000,1.3377,1.33762,1200000,1720000
2023-01-26 13:30:26.842000,1.33783,1.33766,1200000,1200000
2023-01-26 13:30:26.944000,1.33788,1.33766,1200000,1200000
2023-01-26 13:30:26.995000,1.33778,1.33767,1200000,1200000
2023-01-26 13:30:27.046000,1.33778,1.33757,1200000,1200000
2023-01-26 13:30:27.147000,1.33779,1.33757,1200000,1200000
2023-01-26 13:30:27.249000,1.33777,1.33757,1200000,1200000
2023-01-26 13:30:27.350000,1.33776,1.33758,1200000,1200000
2023-01-26 13:30:27.452000,1.33775,1.33753,1200000,1200000
2023-01-26 13:30:27.553000,1.33776,1.33753,1200000,1200000
2023-01-26 13:30:28.025000,1.33773,1.33753,1350000,1200000
2023-01-26 13:30:28.127000,1.3377,1.3375,1200000,1200000
2023-01-26 13:30:28.178000,1.33775,1.3375,1200000,1200000
2023-01-26 13:30:28.230000,1.33771,1.33747,1200000,1320000
2023-01-26 13:30:28.331000,1.33771,1.33747,1200000,1120000
2023-01-26 13:30:28.470000,1.33771,1.33747,1200000,1620000
2023-01-26 13:30:28.572000,1.33773,1.33754,1200000,1200000
2023-01-26 13:30:28.673000,1.33772,1.33753,1200000,1200000
2023-01-26 13:30:28.776000,1.33772,1.33752,1200000,1320000
2023-01-26 13:30:28.936000,1.33771,1.33751,1200000,1120000
2023-01-26 13:30:29.037000,1.33773,1.33753,1200000,1320000
2023-01-26 13:30:29.240000,1.33773,1.33755,1200000,1200000
2023-01-26 13:30:29.392000,1.33773,1.33753,1200000,1200000
2023-01-26 13:30:29.687000,1.33775,1.33756,1200000,1620000
2023-01-26 13:30:29.788000,1.33779,1.33761,1200000,1200000
2023-01-26 13:30:29.839000,1.3378,1.3376,1200000,1120000
2023-01-26 13:30:29.890000,1.33782,1.33764,1200000,1200000
2023-01-26 13:30:29.992000,1.33782,1.33763,1200000,1200000
2023-01-26 13:30:30.093000,1.33781,1.33763,1200000,1120000
2023-01-26 13:30:30.144000,1.33784,1.33763,1200000,1120000
2023-01-26 13:30:30.397000,1.33785,1.33763,1200000,1120000
2023-01-26 13:30:30.501000,1.33785,1.33765,1200000,1120000
2023-01-26 13:30:30.603000,1.33793,1.33774,1200000,1200000
2023-01-26 13:30:30.755000,1.33794,1.33776,1200000,1200000
2023-01-26 13:30:30.856000,1.33798,1.33778,1350000,1200000
2023-01-26 13:30:31.008000,1.33799,1.33783,1200000,1200000
2023-01-26 13:30:31.110000,1.33807,1.33788,1200000,1200000
2023-01-26 13:30:31.212000,1.33807,1.33787,1120000,1200000
2023-01-26 13:30:31.313000,1.3381,1.33787,1120000,1200000
2023-01-26 13:30:31.491000,1.3381,1.33787,2370000,1200000
2023-01-26 13:30:31.643000,1.33808,1.33786,1120000,1200000
2023-01-26 13:30:31.757000,1.3381,1.33795,1320000,1200000
2023-01-26 13:30:31.858000,1.33803,1.33786,1320000,1200000
2023-01-26 13:30:31.960000,1.33809,1.33787,1240000,1200000
2023-01-26 13:30:32.061000,1.33806,1.33787,2740000,1200000
2023-01-26 13:30:32.163000,1.33807,1.33787,1620000,1200000
2023-01-26 13:30:32.264000,1.33809,1.33794,2700000,1200000
2023-01-26 13:30:32.366000,1.33807,1.33791,1720000,1200000
2023-01-26 13:30:32.468000,1.33797,1.33784,1240000,1200000
2023-01-26 13:30:32.519000,1.33802,1.33784,1320000,1200000
2023-01-26 13:30:32.569000,1.338,1.33781,1120000,1200000
2023-01-26 13:30:32.671000,1.33799,1.33777,1120000,1350000
2023-01-26 13:30:32.772000,1.33801,1.33783,1320000,1200000
2023-01-26 13:30:32.874000,1.33802,1.33783,1200000,1200000
2023-01-26 13:30:32.976000,1.33805,1.33791,1200000,1200000
2023-01-26 13:30:33.077000,1.33806,1.33791,1120000,1200000
2023-01-26 13:30:33.179000,1.33803,1.33789,1200000,1200000
2023-01-26 13:30:33.280000,1.33805,1.33791,1200000,1200000
2023-01-26 13:30:33.382000,1.33806,1.33792,1990000,1200000
2023-01-26 13:30:33.484000,1.33801,1.33785,1200000,1200000
2023-01-26 13:30:33.585000,1.338,1.33779,1200000,1800000
2023-01-26 13:30:33.687000,1.33801,1.33779,1200000,1200000
2023-01-26 13:30:33.788000,1.338,1.33778,1200000,1600000
2023-01-26 13:30:33.889000,1.338,1.3378,1200000,1800000
2023-01-26 13:30:33.940000,1.33801,1.33785,1200000,1200000
2023-01-26 13:30:34.042000,1.33802,1.33784,1200000,1600000
2023-01-26 13:30:34.143000,1.33803,1.33788,1800000,1200000
2023-01-26 13:30:34.245000,1.33806,1.33787,1200000,1600000
2023-01-26 13:30:34.346000,1.338,1.3378,1200000,1600000
2023-01-26 13:30:34.448000,1.33804,1.33787,1200000,2100000
2023-01-26 13:30:34.550000,1.33801,1.3378,1200000,2100000
2023-01-26 13:30:34.651000,1.338,1.33779,1200000,1100000
2023-01-26 13:30:34.786000,1.33804,1.33788,1200000,1350000
2023-01-26 13:30:34.837000,1.33804,1.33781,1200000,1720000
2023-01-26 13:30:34.888000,1.33799,1.33781,1200000,1600000
2023-01-26 13:30:34.989000,1.33798,1.33788,1200000,1600000
2023-01-26 13:30:35.091000,1.33803,1.33787,1200000,1600000
2023-01-26 13:30:35.192000,1.338,1.3378,1200000,2100000
2023-01-26 13:30:35.294000,1.33802,1.33779,1200000,3620000
2023-01-26 13:30:35.395000,1.33802,1.33783,1200000,1800000
2023-01-26 13:30:35.497000,1.33802,1.33778,1200000,1720000
2023-01-26 13:30:35.807000,1.33801,1.33785,1200000,1120000
2023-01-26 13:30:35.858000,1.33805,1.33787,1200000,1200000
2023-01-26 13:30:35.959000,1.33799,1.33783,1200000,1700000
2023-01-26 13:30:36.061000,1.33802,1.33779,1200000,4820000
2023-01-26 13:30:36.162000,1.33802,1.33782,1200000,1120000
2023-01-26 13:30:36.230000,1.33803,1.33781,1200000,1200000
2023-01-26 13:30:36.332000,1.33802,1.3378,1200000,1240000
2023-01-26 13:30:36.448000,1.33802,1.33784,1200000,1320000
2023-01-26 13:30:36.549000,1.33802,1.33785,1200000,1200000
2023-01-26 13:30:36.651000,1.33804,1.33784,1200000,1200000
2023-01-26 13:30:36.921000,1.33806,1.33788,1200000,1200000
2023-01-26 13:30:37.022000,1.338,1.33783,1200000,1600000
2023-01-26 13:30:37.124000,1.33804,1.33784,1200000,1600000
2023-01-26 13:30:37.242000,1.33804,1.33785,1200000,1200000
2023-01-26 13:30:37.344000,1.33803,1.33784,1200000,1200000
2023-01-26 13:30:37.469000,1.33805,1.33784,1200000,1200000
2023-01-26 13:30:37.571000,1.33803,1.33784,1200000,1200000
2023-01-26 13:30:37.672000,1.33803,1.33785,1200000,1200000
2023-01-26 13:30:37.934000,1.33802,1.33785,1200000,1200000
2023-01-26 13:30:38.036000,1.33806,1.33787,1200000,1600000
2023-01-26 13:30:38.137000,1.33806,1.3379,1350000,1200000
2023-01-26 13:30:38.189000,1.33805,1.33784,1120000,1350000
2023-01-26 13:30:38.290000,1.33806,1.33784,1200000,1240000
2023-01-26 13:30:38.341000,1.33806,1.33784,1200000,1990000
2023-01-26 13:30:38.443000,1.33809,1.33787,1200000,1700000
2023-01-26 13:30:38.494000,1.33808,1.3379,1200000,1200000
2023-01-26 13:30:38.595000,1.33809,1.33792,1200000,1200000
2023-01-26 13:30:38.697000,1.33808,1.3379,1200000,1200000
2023-01-26 13:30:38.849000,1.33808,1.33792,1200000,1200000
2023-01-26 13:30:39.001000,1.33809,1.33793,1200000,1200000
2023-01-26 13:30:39.102000,1.33811,1.33794,1200000,1200000
2023-01-26 13:30:39.204000,1.33811,1.33791,1620000,1200000
2023-01-26 13:30:39.305000,1.33806,1.33791,1200000,1200000
2023-01-26 13:30:39.407000,1.33808,1.33791,1200000,1200000
2023-01-26 13:30:39.509000,1.33805,1.33787,1200000,1800000
2023-01-26 13:30:39.610000,1.33806,1.33785,1200000,1200000
2023-01-26 13:30:39.823000,1.33807,1.33785,1200000,1200000
2023-01-26 13:30:39.930000,1.33805,1.33786,1200000,1200000
2023-01-26 13:30:40.031000,1.33806,1.33785,1200000,1600000
2023-01-26 13:30:40.133000,1.33809,1.33796,1200000,1350000
2023-01-26 13:30:40.184000,1.33812,1.33797,1200000,1200000
2023-01-26 13:30:40.235000,1.33816,1.33801,1200000,1200000
2023-01-26 13:30:40.336000,1.33814,1.33796,1320000,1600000
2023-01-26 13:30:40.387000,1.3381,1.33797,1200000,1350000
2023-01-26 13:30:40.489000,1.33808,1.33794,1320000,1200000
2023-01-26 13:30:40.540000,1.33807,1.33787,1200000,1600000
2023-01-26 13:30:40.641000,1.33806,1.33787,1200000,1600000
2023-01-26 13:30:40.851000,1.33807,1.33787,1200000,1600000
2023-01-26 13:30:40.952000,1.33806,1.33791,1200000,1350000
2023-01-26 13:30:41.206000,1.33807,1.33791,1200000,1600000
2023-01-26 13:30:41.307000,1.33813,1.33799,1200000,1200000
2023-01-26 13:30:41.358000,1.33811,1.33799,1320000,1200000
2023-01-26 13:30:41.409000,1.33811,1.33793,1200000,1350000
2023-01-26 13:30:41.511000,1.33808,1.33794,1200000,1350000
2023-01-26 13:30:41.612000,1.33807,1.33792,1200000,1350000
2023-01-26 13:30:41.663000,1.33807,1.33796,1200000,2100000
2023-01-26 13:30:41.714000,1.33812,1.33797,1200000,1200000
2023-01-26 13:30:41.816000,1.33813,1.33799,1200000,1200000
2023-01-26 13:30:41.867000,1.33808,1.33794,1200000,1200000
2023-01-26 13:30:41.918000,1.33809,1.33793,1200000,1600000
2023-01-26 13:30:41.969000,1.33812,1.33794,1800000,1600000
2023-01-26 13:30:42.071000,1.33812,1.33794,1200000,1600000
2023-01-26 13:30:42.122000,1.33812,1.33797,1200000,1720000
2023-01-26 13:30:42.173000,1.3382,1.33802,1120000,1600000
2023-01-26 13:30:42.274000,1.33819,1.33801,1200000,1600000
2023-01-26 13:30:42.375000,1.33821,1.33801,1200000,1350000
2023-01-26 13:30:42.426000,1.33822,1.33802,1200000,1700000
2023-01-26 13:30:42.528000,1.33819,1.33802,1200000,1600000
2023-01-26 13:30:42.629000,1.33819,1.33801,1200000,1350000
2023-01-26 13:30:42.782000,1.3382,1.33799,1200000,1600000
2023-01-26 13:30:42.883000,1.33818,1.33799,1200000,1600000
2023-01-26 13:30:42.985000,1.33819,1.338,1320000,1600000
2023-01-26 13:30:43.137000,1.33819,1.33804,1200000,1200000
2023-01-26 13:30:43.188000,1.33821,1.33803,1200000,1100000
2023-01-26 13:30:43.289000,1.33823,1.33804,1200000,1100000
2023-01-26 13:30:43.391000,1.33819,1.338,1800000,1600000
2023-01-26 13:30:43.492000,1.33819,1.33797,1200000,1600000
2023-01-26 13:30:43.594000,1.33819,1.33799,1200000,1600000
2023-01-26 13:30:43.645000,1.33821,1.33799,1200000,1600000
2023-01-26 13:30:43.696000,1.33819,1.33799,1200000,1600000
2023-01-26 13:30:43.797000,1.33821,1.33798,1350000,1600000
2023-01-26 13:30:43.898000,1.33819,1.33799,1200000,1600000
2023-01-26 13:30:44.016000,1.3382,1.33799,1350000,1600000
2023-01-26 13:30:44.118000,1.3382,1.33797,1800000,1600000
2023-01-26 13:30:44.219000,1.3382,1.33797,1320000,1600000
2023-01-26 13:30:44.270000,1.33817,1.33795,1200000,1600000
2023-01-26 13:30:44.372000,1.33814,1.33791,1320000,1600000
2023-01-26 13:30:44.574000,1.33814,1.33791,1200000,1700000
2023-01-26 13:30:44.676000,1.33817,1.33793,1200000,1700000
2023-01-26 13:30:44.777000,1.33817,1.33799,1200000,1700000
2023-01-26 13:30:44.879000,1.33821,1.33799,1240000,1600000
2023-01-26 13:30:44.980000,1.33819,1.33795,1200000,1600000
2023-01-26 13:30:45.082000,1.33819,1.33792,1100000,2170000
2023-01-26 13:30:45.133000,1.3382,1.33792,1120000,2100000
2023-01-26 13:30:45.234000,1.33821,1.33794,2790000,1700000
2023-01-26 13:30:45.335000,1.33819,1.33797,1200000,1600000
2023-01-26 13:30:45.437000,1.3382,1.33795,1200000,1700000
2023-01-26 13:30:45.538000,1.33819,1.33799,1200000,1600000
2023-01-26 13:30:45.789000,1.33819,1.33799,1200000,1350000
2023-01-26 13:30:45.891000,1.33819,1.33794,1200000,1700000
2023-01-26 13:30:45.992000,1.33818,1.33796,1200000,1700000
2023-01-26 13:30:46.094000,1.33814,1.33794,1200000,1700000
2023-01-26 13:30:46.360000,1.33815,1.33797,1200000,1200000
2023-01-26 13:30:46.461000,1.33816,1.33797,1200000,1200000
2023-01-26 13:30:46.563000,1.33817,1.33796,1200000,1820000
2023-01-26 13:30:47.169000,1.33818,1.338,1200000,1100000
2023-01-26 13:30:47.377000,1.3382,1.338,1200000,1200000
2023-01-26 13:30:47.488000,1.33819,1.338,1200000,1100000
2023-01-26 13:30:47.593000,1.33817,1.33797,1200000,1700000
2023-01-26 13:30:48.260000,1.33817,1.33798,1200000,2200000
2023-01-26 13:30:48.311000,1.33818,1.33797,1200000,2200000
2023-01-26 13:30:48.413000,1.33817,1.33799,1200000,1700000
2023-01-26 13:30:48.515000,1.33817,1.338,1200000,1600000
2023-01-26 13:30:48.565000,1.33818,1.338,1200000,1200000
2023-01-26 13:30:48.717000,1.33818,1.33801,1200000,1700000
2023-01-26 13:30:48.819000,1.33819,1.338,1200000,1600000
2023-01-26 13:30:48.920000,1.33818,1.33798,1200000,1600000
2023-01-26 13:30:49.187000,1.33819,1.338,1200000,1600000
2023-01-26 13:30:49.289000,1.33819,1.33798,2170000,1600000
2023-01-26 13:30:49.390000,1.33817,1.33795,1350000,2100000
2023-01-26 13:30:49.542000,1.33818,1.33795,2850000,1600000
2023-01-26 13:30:49.851000,1.33818,1.33796,1200000,1600000
2023-01-26 13:30:50.054000,1.33819,1.33796,1200000,1600000
2023-01-26 13:30:50.105000,1.33819,1.33796,2590000,1600000
2023-01-26 13:30:50.207000,1.33813,1.33793,1200000,1600000
2023-01-26 13:30:50.309000,1.33811,1.33793,1200000,1600000
2023-01-26 13:30:50.511000,1.33811,1.33792,1200000,1200000
2023-01-26 13:30:50.562000,1.33815,1.33796,1200000,1600000
2023-01-26 13:30:50.665000,1.33816,1.33794,1200000,1700000
2023-01-26 13:30:50.918000,1.33817,1.33793,1200000,1600000
2023-01-26 13:30:51.171000,1.33817,1.33794,1120000,1200000
2023-01-26 13:30:51.222000,1.33812,1.33793,1200000,2170000
2023-01-26 13:30:51.323000,1.33815,1.33793,1200000,1700000
2023-01-26 13:30:51.425000,1.33817,1.33796,2250000,1700000
2023-01-26 13:30:51.527000,1.33818,1.338,1800000,1100000
2023-01-26 13:30:51.578000,1.33818,1.33795,1200000,1600000
2023-01-26 13:30:51.679000,1.33819,1.33798,1350000,1600000
2023-01-26 13:30:51.933000,1.33818,1.33796,1350000,1600000
2023-01-26 13:30:52.034000,1.33818,1.33799,1200000,1600000
2023-01-26 13:30:52.186000,1.33817,1.33797,1350000,1600000
2023-01-26 13:30:52.388000,1.33818,1.33797,1600000,1600000
2023-01-26 13:30:52.490000,1.33821,1.33798,2920000,1600000
2023-01-26 13:30:52.692000,1.33817,1.33796,1200000,1600000
2023-01-26 13:30:52.794000,1.33814,1.33794,1200000,1200000
2023-01-26 13:30:52.895000,1.33813,1.33792,1320000,1600000
2023-01-26 13:30:53.148000,1.33814,1.33791,1350000,1700000
2023-01-26 13:30:53.447000,1.33813,1.33791,1320000,1600000
2023-01-26 13:30:53.548000,1.33813,1.33789,1800000,1600000
2023-01-26 13:30:53.700000,1.33814,1.33787,1720000,2200000
2023-01-26 13:30:53.801000,1.33814,1.3379,1200000,1600000
2023-01-26 13:30:53.903000,1.33808,1.33789,1200000,1600000
2023-01-26 13:30:54.005000,1.33808,1.33788,1600000,1200000
2023-01-26 13:30:54.056000,1.33802,1.33788,2100000,1200000
2023-01-26 13:30:54.107000,1.33802,1.33785,2850000,1200000
2023-01-26 13:30:54.208000,1.33801,1.33779,2100000,1600000
2023-01-26 13:30:54.259000,1.33798,1.33779,1100000,1600000
2023-01-26 13:30:54.310000,1.33799,1.33777,1100000,1600000
2023-01-26 13:30:54.361000,1.338,1.33777,1700000,1600000
2023-01-26 13:30:54.412000,1.33798,1.33773,1200000,1700000
2023-01-26 13:30:54.463000,1.33796,1.33774,1620000,1600000
2023-01-26 13:30:54.514000,1.33794,1.33773,1200000,1600000
2023-01-26 13:30:54.666000,1.33794,1.33772,1200000,1600000
2023-01-26 13:30:54.767000,1.33794,1.33772,1200000,1600000
2023-01-26 13:30:54.868000,1.33795,1.33774,1320000,1600000
2023-01-26 13:30:55.016000,1.33793,1.33772,1200000,1700000
2023-01-26 13:30:55.533000,1.33793,1.33773,1120000,1600000
2023-01-26 13:30:55.634000,1.33793,1.33771,1320000,1700000
2023-01-26 13:30:55.688000,1.33794,1.3377,1320000,1720000
2023-01-26 13:30:55.792000,1.33792,1.3377,1200000,1200000
2023-01-26 13:30:55.842000,1.33793,1.3377,1620000,1200000
2023-01-26 13:30:55.893000,1.3379,1.33766,1890000,1350000
2023-01-26 13:30:55.995000,1.33791,1.33765,1620000,1350000
2023-01-26 13:30:56.097000,1.33787,1.33765,1120000,1200000
2023-01-26 13:30:56.198000,1.33785,1.33763,1200000,1200000
2023-01-26 13:30:56.300000,1.33785,1.33762,1200000,1350000
2023-01-26 13:30:56.402000,1.33785,1.33761,1320000,1200000
2023-01-26 13:30:56.520000,1.33785,1.33761,1120000,1200000
2023-01-26 13:30:56.622000,1.33782,1.3376,1200000,1350000
2023-01-26 13:30:56.778000,1.33783,1.33758,1200000,1800000
2023-01-26 13:30:56.880000,1.33783,1.33758,1620000,1800000
2023-01-26 13:30:56.931000,1.33778,1.33758,1620000,1200000
2023-01-26 13:30:56.982000,1.33779,1.33756,3990000,1200000
2023-01-26 13:30:57.083000,1.33774,1.33756,1320000,1200000
2023-01-26 13:30:57.134000,1.33773,1.33747,1200000,2590000
2023-01-26 13:30:57.539000,1.33771,1.33745,1200000,1700000
2023-01-26 13:30:57.590000,1.33771,1.33745,1120000,1320000
2023-01-26 13:30:57.641000,1.33763,1.33747,1200000,1200000
2023-01-26 13:30:57.742000,1.3377,1.33751,1200000,2870000
2023-01-26 13:30:57.794000,1.33774,1.33751,1200000,2870000
2023-01-26 13:30:57.895000,1.33775,1.33753,1200000,1240000
2023-01-26 13:30:57.946000,1.33775,1.3375,1120000,1720000
2023-01-26 13:30:57.997000,1.33774,1.33753,3620000,1350000
2023-01-26 13:30:58.098000,1.33765,1.3375,1200000,2120000
2023-01-26 13:30:58.149000,1.3377,1.33748,1200000,1200000
2023-01-26 13:30:58.200000,1.33774,1.33748,1200000,1200000
2023-01-26 13:30:58.251000,1.33773,1.33747,1200000,1220000
2023-01-26 13:30:58.454000,1.33772,1.33744,1200000,1820000
2023-01-26 13:30:58.507000,1.3377,1.33744,1200000,1120000
2023-01-26 13:30:58.559000,1.33765,1.33744,1200000,1620000
2023-01-26 13:30:58.610000,1.33765,1.33744,1200000,1320000
2023-01-26 13:30:58.662000,1.33767,1.33744,1200000,1120000
2023-01-26 13:30:58.713000,1.33767,1.33752,1200000,1700000
2023-01-26 13:30:58.767000,1.3377,1.33752,1200000,1240000
2023-01-26 13:30:58.818000,1.33772,1.33752,1200000,1240000
2023-01-26 13:30:58.922000,1.33772,1.33752,1200000,1440000
2023-01-26 13:30:58.973000,1.33769,1.33744,2120000,1600000
2023-01-26 13:30:59.024000,1.33769,1.33744,2870000,1800000
2023-01-26 13:30:59.126000,1.33764,1.33742,1320000,1100000
2023-01-26 13:30:59.227000,1.33764,1.33739,1200000,1700000
2023-01-26 13:30:59.328000,1.33763,1.33739,1200000,1700000
2023-01-26 13:30:59.480000,1.33763,1.33739,1320000,1350000
2023-01-26 13:30:59.582000,1.3376,1.33737,4740000,1200000
2023-01-26 13:30:59.683000,1.33753,1.3373,1200000,1720000
2023-01-26 13:30:59.734000,1.33756,1.33736,1200000,1740000
2023-01-26 13:30:59.836000,1.33762,1.33737,1200000,2490000
2023-01-26 13:30:59.937000,1.3376,1.33738,1200000,2870000
2023-01-26 13:31:00.039000,1.33762,1.33737,1200000,2870000
2023-01-26 13:31:00.090000,1.33761,1.33743,1200000,2120000
2023-01-26 13:31:00.141000,1.33764,1.33742,1200000,2870000
2023-01-26 13:31:00.715000,1.33765,1.33742,1350000,1350000
2023-01-26 13:31:00.766000,1.33764,1.33742,1600000,1200000
2023-01-26 13:31:00.867000,1.33758,1.33735,1200000,1620000
2023-01-26 13:31:00.968000,1.33757,1.33735,1200000,1620000
2023-01-26 13:31:01.070000,1.33757,1.33735,1200000,1240000
2023-01-26 13:31:01.171000,1.33758,1.33735,1200000,1120000
2023-01-26 13:31:01.323000,1.33756,1.33736,1200000,1120000
2023-01-26 13:31:01.425000,1.33756,1.33733,2100000,1890000
2023-01-26 13:31:01.527000,1.33752,1.33733,1800000,1200000
2023-01-26 13:31:01.578000,1.33748,1.33729,1200000,1200000
2023-01-26 13:31:01.680000,1.33748,1.33726,1200000,1120000
2023-01-26 13:31:01.882000,1.33751,1.33727,1720000,1620000
2023-01-26 13:31:01.933000,1.33752,1.33726,1800000,1740000
2023-01-26 13:31:01.984000,1.3375,1.33726,1200000,1740000
2023-01-26 13:31:02.103000,1.33749,1.33726,1200000,1740000
2023-01-26 13:31:02.250000,1.33748,1.33726,1200000,1740000
2023-01-26 13:31:02.351000,1.33752,1.33731,1200000,2870000
2023-01-26 13:31:02.453000,1.33753,1.33733,1200000,1220000
2023-01-26 13:31:02.554000,1.33752,1.33733,1200000,1220000
2023-01-26 13:31:02.706000,1.33752,1.33735,1200000,1620000
2023-01-26 13:31:02.757000,1.33752,1.33737,1200000,1220000
2023-01-26 13:31:02.859000,1.33752,1.33734,1200000,1620000
2023-01-26 13:31:03.276000,1.33753,1.33733,1200000,2370000
2023-01-26 13:31:03.327000,1.33753,1.33733,1200000,1200000
2023-01-26 13:31:03.378000,1.3375,1.33732,1200000,1200000
2023-01-26 13:31:03.479000,1.33752,1.33732,1350000,1200000
2023-01-26 13:31:03.581000,1.33749,1.33724,1600000,1620000
2023-01-26 13:31:03.632000,1.33749,1.33724,1600000,1600000
2023-01-26 13:31:03.683000,1.33746,1.33719,1200000,2970000
2023-01-26 13:31:03.785000,1.33746,1.33726,1200000,1620000
2023-01-26 13:31:03.836000,1.3375,1.33726,1200000,1820000
2023-01-26 13:31:03.937000,1.3375,1.33726,1200000,1840000
2023-01-26 13:31:03.988000,1.33752,1.33726,1350000,1840000
2023-01-26 13:31:04.468000,1.33751,1.33726,1200000,1840000
2023-01-26 13:31:04.650000,1.33748,1.33724,1600000,1320000
2023-01-26 13:31:04.751000,1.33745,1.3372,1200000,2120000
2023-01-26 13:31:04.802000,1.33744,1.3372,1200000,2570000
2023-01-26 13:31:04.853000,1.33743,1.33719,1200000,1820000
2023-01-26 13:31:04.955000,1.33742,1.33719,1200000,1120000
2023-01-26 13:31:05.056000,1.33742,1.33719,1200000,1120000
2023-01-26 13:31:05.158000,1.33743,1.33718,1200000,2870000
2023-01-26 13:31:05.432000,1.33741,1.33719,1200000,1120000
2023-01-26 13:31:05.875000,1.33741,1.33719,1200000,1220000
2023-01-26 13:31:05.977000,1.33742,1.33719,1200000,1120000
2023-01-26 13:31:06.078000,1.33742,1.3372,1200000,1620000
2023-01-26 13:31:06.129000,1.33742,1.3372,1200000,1720000
2023-01-26 13:31:06.231000,1.3374,1.33721,1200000,1720000
2023-01-26 13:31:06.282000,1.3374,1.3372,1200000,1120000
2023-01-26 13:31:06.333000,1.33744,1.3372,1200000,2120000
2023-01-26 13:31:06.485000,1.33743,1.33723,1200000,1990000
2023-01-26 13:31:06.587000,1.33749,1.33728,1200000,1840000
2023-01-26 13:31:06.638000,1.33753,1.33728,1600000,1820000
2023-01-26 13:31:06.739000,1.33751,1.33728,1200000,1840000
2023-01-26 13:31:06.841000,1.33749,1.33729,1200000,1840000
2023-01-26 13:31:06.892000,1.3375,1.33728,1200000,1700000
2023-01-26 13:31:06.943000,1.33751,1.3373,1200000,1620000
2023-01-26 13:31:06.994000,1.33751,1.33736,1200000,1240000
2023-01-26 13:31:07.045000,1.33758,1.33735,1200000,1620000
2023-01-26 13:31:07.146000,1.33757,1.33735,1200000,1120000
2023-01-26 13:31:07.248000,1.33755,1.33736,1200000,1620000
2023-01-26 13:31:07.349000,1.33758,1.33735,1200000,1740000
2023-01-26 13:31:07.400000,1.33758,1.33735,1200000,1820000
2023-01-26 13:31:07.451000,1.33756,1.33735,1200000,1820000
2023-01-26 13:31:07.502000,1.33755,1.33733,1200000,2220000
2023-01-26 13:31:07.553000,1.33756,1.33733,1200000,2120000
2023-01-26 13:31:07.604000,1.33754,1.33733,1200000,2120000
2023-01-26 13:31:07.705000,1.33753,1.33736,1200000,1120000
2023-01-26 13:31:07.807000,1.33756,1.33733,1200000,3620000
2023-01-26 13:31:07.908000,1.33753,1.33733,1200000,1620000
2023-01-26 13:31:08.010000,1.33753,1.33732,1200000,1620000
2023-01-26 13:31:08.111000,1.33754,1.33732,1200000,1620000
2023-01-26 13:31:08.617000,1.33755,1.33732,1200000,1620000
2023-01-26 13:31:08.769000,1.33754,1.33738,1200000,1240000
2023-01-26 13:31:08.820000,1.33759,1.33739,1200000,1120000
2023-01-26 13:31:08.972000,1.33761,1.33741,1350000,1320000
2023-01-26 13:31:09.074000,1.33763,1.33736,1200000,2120000
2023-01-26 13:31:09.176000,1.33761,1.33744,1200000,1200000
2023-01-26 13:31:09.227000,1.33763,1.33742,1200000,1320000
2023-01-26 13:31:09.379000,1.33763,1.33742,1200000,1240000
2023-01-26 13:31:09.480000,1.33765,1.33743,1200000,1320000
2023-01-26 13:31:09.582000,1.33763,1.33744,1200000,1320000
2023-01-26 13:31:09.683000,1.33764,1.33745,1200000,1320000
2023-01-26 13:31:09.785000,1.33764,1.33744,1200000,1200000
2023-01-26 13:31:09.937000,1.33763,1.33743,1200000,1320000
2023-01-26 13:31:10.038000,1.33765,1.33745,1200000,1240000
2023-01-26 13:31:10.140000,1.33765,1.33745,1200000,1200000
2023-01-26 13:31:10.364000,1.33764,1.33744,1200000,1320000
2023-01-26 13:31:10.518000,1.33764,1.33743,1200000,1320000
2023-01-26 13:31:12.005000,1.33764,1.33744,1200000,1200000
2023-01-26 13:31:12.176000,1.33764,1.33743,1200000,1320000
2023-01-26 13:31:12.278000,1.33764,1.33744,1200000,1200000
2023-01-26 13:31:12.622000,1.33762,1.33745,1200000,1200000
2023-01-26 13:31:12.774000,1.33763,1.33746,1200000,1240000
2023-01-26 13:31:12.876000,1.33766,1.33746,1200000,1240000
2023-01-26 13:31:12.977000,1.33767,1.33747,1200000,1120000
2023-01-26 13:31:13.079000,1.33765,1.33745,1200000,1200000
2023-01-26 13:31:13.180000,1.33762,1.33743,1200000,1320000
2023-01-26 13:31:13.282000,1.33757,1.33742,1200000,1200000
2023-01-26 13:31:13.383000,1.33757,1.33743,1200000,1200000
2023-01-26 13:31:13.485000,1.33759,1.33742,1200000,1120000
2023-01-26 13:31:13.586000,1.3376,1.33744,1200000,1120000
2023-01-26 13:31:13.688000,1.33761,1.33745,1200000,1320000
2023-01-26 13:31:13.844000,1.33761,1.33744,1350000,1200000
2023-01-26 13:31:13.945000,1.33759,1.33744,1600000,1200000
2023-01-26 13:31:13.996000,1.33757,1.33742,1200000,1200000
2023-01-26 13:31:14.047000,1.33756,1.33742,1600000,1200000
2023-01-26 13:31:14.098000,1.33752,1.33734,1200000,1200000
2023-01-26 13:31:14.303000,1.33751,1.33732,1200000,1620000
2023-01-26 13:31:14.404000,1.33753,1.33731,1600000,1620000
2023-01-26 13:31:14.681000,1.33753,1.33731,1600000,1200000
2023-01-26 13:31:14.993000,1.33751,1.33731,1200000,1200000
2023-01-26 13:31:15.095000,1.33751,1.3373,1200000,1320000
2023-01-26 13:31:15.248000,1.33749,1.33729,1200000,1890000
2023-01-26 13:31:15.349000,1.33748,1.33727,1200000,1620000
2023-01-26 13:31:15.451000,1.33747,1.33727,1200000,1620000
2023-01-26 13:31:15.552000,1.33747,1.33728,1200000,1720000
2023-01-26 13:31:15.894000,1.33749,1.33728,1200000,2220000
2023-01-26 13:31:15.995000,1.33749,1.33731,1200000,1620000
2023-01-26 13:31:16.097000,1.33748,1.33732,1200000,1720000
2023-01-26 13:31:16.299000,1.3375,1.33731,1200000,1720000
2023-01-26 13:31:16.401000,1.33748,1.33732,1200000,1350000
2023-01-26 13:31:16.502000,1.33749,1.33729,1200000,3340000
2023-01-26 13:31:16.604000,1.33748,1.33728,1200000,1240000
2023-01-26 13:31:16.705000,1.3375,1.3373,1200000,1240000
2023-01-26 13:31:16.857000,1.3375,1.33731,1200000,3240000
2023-01-26 13:31:16.908000,1.33753,1.33733,1200000,1720000
2023-01-26 13:31:17.010000,1.33752,1.33736,1200000,1840000
2023-01-26 13:31:17.162000,1.33755,1.33733,2850000,1200000
2023-01-26 13:31:17.263000,1.33747,1.33729,1200000,1200000
2023-01-26 13:31:17.365000,1.3375,1.33732,1350000,1620000
2023-01-26 13:31:17.466000,1.33749,1.33732,1200000,1620000
2023-01-26 13:31:17.567000,1.33749,1.33732,1200000,1320000
2023-01-26 13:31:17.669000,1.33748,1.33733,1200000,1120000
2023-01-26 13:31:17.770000,1.33753,1.33732,1200000,2370000
2023-01-26 13:31:17.872000,1.33753,1.33732,1200000,3870000
2023-01-26 13:31:18.024000,1.33752,1.33736,1200000,1990000
2023-01-26 13:31:18.075000,1.33756,1.33735,1200000,4990000
2023-01-26 13:31:18.177000,1.33759,1.33736,1800000,3620000
2023-01-26 13:31:18.278000,1.33762,1.33737,1350000,1990000
2023-01-26 13:31:18.430000,1.33762,1.33739,1200000,2370000
2023-01-26 13:31:18.532000,1.33762,1.3374,1200000,2590000
2023-01-26 13:31:18.683000,1.33763,1.33738,1200000,3870000
2023-01-26 13:31:18.886000,1.33764,1.33742,1350000,1120000
2023-01-26 13:31:19.497000,1.33764,1.33744,1350000,1320000
2023-01-26 13:31:20.148000,1.33764,1.33745,1350000,1200000
2023-01-26 13:31:20.250000,1.33765,1.33746,1350000,1200000
2023-01-26 13:31:20.352000,1.33764,1.33746,1350000,1200000
2023-01-26 13:31:20.453000,1.33765,1.33744,1350000,1320000
2023-01-26 13:31:20.605000,1.33765,1.33743,1600000,1120000
2023-01-26 13:31:21.132000,1.33765,1.33743,1600000,1320000
2023-01-26 13:31:21.385000,1.33762,1.33744,1600000,1200000
2023-01-26 13:31:21.486000,1.33762,1.33743,1720000,1200000
2023-01-26 13:31:21.537000,1.33761,1.33741,1600000,1320000
2023-01-26 13:31:21.639000,1.33761,1.33742,1350000,1320000
2023-01-26 13:31:21.740000,1.33762,1.33744,1600000,1200000
2023-01-26 13:31:21.842000,1.33761,1.33743,1600000,1200000
2023-01-26 13:31:21.943000,1.33748,1.33737,1600000,1200000
2023-01-26 13:31:22.045000,1.33744,1.33726,1200000,1200000
2023-01-26 13:31:22.146000,1.33745,1.33724,1350000,1200000
2023-01-26 13:31:22.248000,1.33744,1.33724,1350000,1320000
2023-01-26 13:31:22.349000,1.33745,1.33725,1350000,1320000
2023-01-26 13:31:22.613000,1.33746,1.33724,1350000,1320000
2023-01-26 13:31:22.714000,1.33746,1.33724,1350000,1120000
2023-01-26 13:31:22.866000,1.33746,1.33724,1600000,1320000
2023-01-26 13:31:22.967000,1.33746,1.33723,1600000,1320000
2023-01-26 13:31:23.069000,1.33742,1.33724,1100000,1200000
2023-01-26 13:31:23.119000,1.33742,1.3372,1350000,1320000
2023-01-26 13:31:23.534000,1.33741,1.3372,1200000,1320000
2023-01-26 13:31:23.636000,1.33741,1.33721,1350000,1320000
2023-01-26 13:31:23.793000,1.33742,1.3372,1350000,1120000
2023-01-26 13:31:23.895000,1.33746,1.33727,1200000,1620000
2023-01-26 13:31:24.002000,1.33748,1.33727,1200000,1620000
2023-01-26 13:31:24.204000,1.33748,1.33727,1200000,1620000
2023-01-26 13:31:24.319000,1.33749,1.33729,1200000,1740000
2023-01-26 13:31:24.371000,1.33753,1.3373,1200000,1240000
2023-01-26 13:31:24.472000,1.33754,1.33731,1800000,1120000
2023-01-26 13:31:25.239000,1.33753,1.33732,1200000,1200000
2023-01-26 13:31:25.611000,1.33751,1.33732,2250000,1200000
2023-01-26 13:31:25.712000,1.33749,1.33731,1200000,1120000
2023-01-26 13:31:25.814000,1.33751,1.3373,1200000,1240000
2023-01-26 13:31:25.915000,1.33752,1.33732,1350000,1120000
2023-01-26 13:31:26.325000,1.33752,1.3373,1200000,1440000
2023-01-26 13:31:26.647000,1.3375,1.3373,1200000,1200000
2023-01-26 13:31:26.752000,1.33751,1.3373,1350000,1320000
2023-01-26 13:31:27.400000,1.33749,1.3373,1200000,1200000
2023-01-26 13:31:27.703000,1.3375,1.3373,1200000,1200000
2023-01-26 13:31:27.805000,1.33749,1.33731,1200000,1720000
2023-01-26 13:31:27.906000,1.33752,1.33732,1200000,1120000
2023-01-26 13:31:28.263000,1.33752,1.33733,1200000,1120000
2023-01-26 13:31:29.016000,1.33752,1.33734,1200000,1120000
2023-01-26 13:31:29.319000,1.33751,1.33732,1200000,1120000
2023-01-26 13:31:29.421000,1.33749,1.33733,1200000,1120000
2023-01-26 13:31:29.522000,1.3375,1.33733,1200000,1120000
2023-01-26 13:31:29.674000,1.3375,1.33733,1200000,1320000
2023-01-26 13:31:30.028000,1.33751,1.33733,1350000,1320000
2023-01-26 13:31:30.130000,1.3375,1.33731,1200000,1200000
2023-01-26 13:31:30.484000,1.33748,1.33728,1200000,1720000
2023-01-26 13:31:30.585000,1.33737,1.33729,1350000,1200000
2023-01-26 13:31:30.687000,1.33734,1.33711,1800000,1240000
2023-01-26 13:31:30.788000,1.33733,1.3371,1200000,1620000
2023-01-26 13:31:30.889000,1.33733,1.33709,1200000,1720000
2023-01-26 13:31:30.940000,1.33732,1.3371,1600000,1320000
2023-01-26 13:31:31.042000,1.3373,1.33704,1600000,2220000
2023-01-26 13:31:31.143000,1.33728,1.33708,1200000,1320000
2023-01-26 13:31:31.346000,1.33729,1.33706,1600000,1600000
2023-01-26 13:31:31.548000,1.33729,1.33708,1200000,1720000
2023-01-26 13:31:31.603000,1.33731,1.33708,1350000,1720000
2023-01-26 13:31:31.712000,1.3373,1.33708,1200000,1100000
2023-01-26 13:31:31.837000,1.33731,1.33708,1440000,1100000
2023-01-26 13:31:32.140000,1.33731,1.3371,1350000,1200000
2023-01-26 13:31:32.242000,1.3373,1.3371,1200000,1200000
2023-01-26 13:31:32.343000,1.33731,1.3371,1200000,1600000
2023-01-26 13:31:32.517000,1.33732,1.33712,1350000,1200000
2023-01-26 13:31:32.821000,1.33732,1.33714,1350000,1350000
2023-01-26 13:31:32.922000,1.33736,1.33715,1720000,1200000
2023-01-26 13:31:33.024000,1.33736,1.33717,1700000,1200000
2023-01-26 13:31:33.236000,1.33737,1.33715,1700000,1200000
2023-01-26 13:31:33.705000,1.33735,1.33715,1200000,1200000
2023-01-26 13:31:33.756000,1.33733,1.33713,1700000,1200000
2023-01-26 13:31:34.656000,1.33726,1.3371,2170000,1200000
2023-01-26 13:31:34.758000,1.33722,1.33703,1600000,1200000
2023-01-26 13:31:34.809000,1.33722,1.33702,1350000,1350000
2023-01-26 13:31:35.504000,1.33723,1.33702,1200000,1200000
2023-01-26 13:31:35.656000,1.33723,1.33701,1200000,1200000
2023-01-26 13:31:35.757000,1.33721,1.33698,1700000,1200000
2023-01-26 13:31:36.025000,1.33721,1.33698,2200000,1200000
2023-01-26 13:31:36.127000,1.3372,1.33697,1720000,1200000
2023-01-26 13:31:36.178000,1.3372,1.33697,1700000,1200000
2023-01-26 13:31:36.620000,1.33716,1.33697,1200000,1200000
2023-01-26 13:31:36.671000,1.33713,1.33694,1240000,1800000
2023-01-26 13:31:36.773000,1.33713,1.33692,1700000,1200000
2023-01-26 13:31:36.874000,1.33714,1.33692,1700000,1200000
2023-01-26 13:31:37.183000,1.33714,1.33692,1440000,1350000
2023-01-26 13:31:37.284000,1.33716,1.33693,2590000,1200000
2023-01-26 13:31:37.563000,1.33716,1.33692,2590000,1350000
2023-01-26 13:31:37.831000,1.33715,1.33693,1700000,1200000
2023-01-26 13:31:38.470000,1.33715,1.33692,2220000,1350000
2023-01-26 13:31:38.571000,1.33713,1.3369,1720000,1200000
2023-01-26 13:31:38.673000,1.33709,1.33686,1200000,1600000
2023-01-26 13:31:38.774000,1.3371,1.33686,1440000,1600000
2023-01-26 13:31:38.912000,1.3371,1.33686,1320000,1350000
2023-01-26 13:31:39.064000,1.33711,1.33686,2340000,2250000
2023-01-26 13:31:39.115000,1.33711,1.33686,1800000,2100000
2023-01-26 13:31:39.216000,1.33711,1.3369,1720000,1600000
2023-01-26 13:31:39.343000,1.33708,1.33689,1840000,1200000
2023-01-26 13:31:39.445000,1.33703,1.33684,1200000,1720000
2023-01-26 13:31:40.053000,1.33705,1.33684,1350000,1350000
2023-01-26 13:31:40.252000,1.33704,1.33683,1200000,1100000
2023-01-26 13:31:40.354000,1.33706,1.33684,1800000,1200000
2023-01-26 13:31:40.456000,1.33705,1.33684,1240000,1200000
2023-01-26 13:31:40.557000,1.33701,1.3368,2170000,1200000
2023-01-26 13:31:41.273000,1.337,1.33678,1320000,1600000
2023-01-26 13:31:41.375000,1.33696,1.33676,1440000,1200000
2023-01-26 13:31:41.591000,1.33697,1.33676,1440000,1200000
2023-01-26 13:31:41.693000,1.33695,1.33675,1720000,1200000
2023-01-26 13:31:41.794000,1.33694,1.33672,2220000,1600000
2023-01-26 13:31:42.098000,1.33695,1.33673,1700000,1800000
2023-01-26 13:31:42.510000,1.33694,1.33674,1200000,2100000
2023-01-26 13:31:43.066000,1.33694,1.33673,1320000,2250000
2023-01-26 13:31:43.171000,1.33692,1.33671,1320000,2100000
2023-01-26 13:31:43.865000,1.33694,1.33672,1440000,1720000
2023-01-26 13:31:44.327000,1.33695,1.33674,1350000,1800000
2023-01-26 13:31:44.377000,1.33695,1.33674,1200000,2100000
2023-01-26 13:31:44.479000,1.33696,1.33675,1350000,1350000
2023-01-26 13:31:44.580000,1.33694,1.33676,1440000,1350000
2023-01-26 13:31:45.305000,1.33696,1.33676,2100000,1600000
2023-01-26 13:31:46.364000,1.33698,1.3368,1200000,1350000
2023-01-26 13:31:46.415000,1.33702,1.33681,1200000,1720000
2023-01-26 13:31:46.516000,1.33703,1.33683,1350000,1350000
2023-01-26 13:31:46.567000,1.33703,1.33683,1200000,1600000
2023-01-26 13:31:47.154000,1.33705,1.33684,2200000,1600000
2023-01-26 13:31:47.255000,1.33706,1.33686,2170000,1200000
2023-01-26 13:31:47.495000,1.33707,1.33691,1200000,1720000
2023-01-26 13:31:47.597000,1.33714,1.33692,2100000,1600000
2023-01-26 13:31:47.648000,1.33714,1.33694,1200000,1600000
2023-01-26 13:31:47.699000,1.33716,1.33694,1440000,2100000
2023-01-26 13:31:47.967000,1.33716,1.33697,1700000,1200000
2023-01-26 13:31:48.482000,1.33719,1.33697,1320000,1600000
2023-01-26 13:31:48.634000,1.3372,1.33698,1350000,1350000
2023-01-26 13:31:49.113000,1.3372,1.33698,1240000,1350000
2023-01-26 13:31:49.315000,1.33719,1.337,1990000,1200000
2023-01-26 13:31:49.417000,1.3372,1.33699,2340000,1350000
2023-01-26 13:31:49.619000,1.33719,1.33701,2340000,1200000
2023-01-26 13:31:49.720000,1.33721,1.33699,2970000,1200000
2023-01-26 13:31:49.872000,1.33721,1.337,1800000,1350000
2023-01-26 13:31:49.923000,1.3372,1.33701,1800000,2170000
2023-01-26 13:31:49.974000,1.33725,1.33706,1200000,1200000
2023-01-26 13:31:50.076000,1.33728,1.33705,1220000,2100000
2023-01-26 13:31:50.228000,1.33729,1.33705,1700000,1200000
2023-01-26 13:31:50.329000,1.33727,1.33704,2220000,1350000
2023-01-26 13:31:50.463000,1.33725,1.33704,1200000,1350000
2023-01-26 13:31:50.567000,1.33726,1.33704,1440000,1350000
2023-01-26 13:31:50.712000,1.33725,1.33704,1200000,1350000
2023-01-26 13:31:51.073000,1.33724,1.33704,1200000,1350000
2023-01-26 13:31:51.615000,1.33724,1.33704,1200000,1600000
2023-01-26 13:31:52.013000,1.33723,1.33703,1200000,1600000
2023-01-26 13:31:52.546000,1.33722,1.33704,1200000,1350000
2023-01-26 13:31:52.647000,1.33719,1.33704,1200000,1350000
2023-01-26 13:31:52.749000,1.33718,1.33702,1200000,1600000
2023-01-26 13:31:53.092000,1.3372,1.33701,1200000,1600000
2023-01-26 13:31:53.396000,1.33721,1.33708,1200000,1200000
2023-01-26 13:31:53.447000,1.33724,1.33708,1200000,1600000
2023-01-26 13:31:53.498000,1.33725,1.33707,1200000,1800000
2023-01-26 13:31:53.600000,1.33724,1.33707,1200000,1200000
2023-01-26 13:31:53.763000,1.33724,1.33705,1200000,1350000
2023-01-26 13:31:55.270000,1.33723,1.33706,1240000,1200000
2023-01-26 13:31:55.321000,1.33719,1.33702,1200000,1350000
2023-01-26 13:31:55.486000,1.33717,1.33702,1200000,1350000
2023-01-26 13:31:55.638000,1.33716,1.33698,1200000,1200000
2023-01-26 13:31:56.086000,1.33715,1.33698,1200000,1200000
2023-01-26 13:31:56.605000,1.33716,1.33697,1200000,1600000
2023-01-26 13:31:56.807000,1.33717,1.33697,1200000,1600000
2023-01-26 13:31:57.060000,1.33716,1.33697,1200000,1600000
2023-01-26 13:31:57.677000,1.33712,1.33697,1200000,1200000
2023-01-26 13:31:57.728000,1.33711,1.33692,1200000,1860000
2023-01-26 13:31:58.490000,1.3371,1.33692,1200000,1860000
2023-01-26 13:31:58.592000,1.33711,1.33693,1200000,1860000
2023-01-26 13:31:58.693000,1.33712,1.33692,1200000,1600000
2023-01-26 13:31:58.845000,1.33709,1.33693,1200000,1600000
2023-01-26 13:31:58.947000,1.3371,1.33692,1200000,1350000
2023-01-26 13:31:59.172000,1.33711,1.33692,1200000,1350000
2023-01-26 13:31:59.970000,1.33711,1.33692,1200000,1600000
2023-01-26 13:32:00.071000,1.33708,1.33693,1320000,1200000
2023-01-26 13:32:00.122000,1.33703,1.33684,1200000,2610000
2023-01-26 13:32:00.224000,1.33703,1.33684,1200000,1600000
2023-01-26 13:32:00.325000,1.33701,1.33684,1200000,1600000
2023-01-26 13:32:00.427000,1.33702,1.33684,1200000,1600000
2023-01-26 13:32:00.883000,1.337,1.33685,1200000,1600000
2023-01-26 13:32:00.986000,1.33702,1.33684,1200000,1600000
2023-01-26 13:32:01.087000,1.337,1.33685,1200000,1600000
2023-01-26 13:32:01.237000,1.33702,1.33683,1200000,1720000
2023-01-26 13:32:01.871000,1.33701,1.33683,1200000,1600000
2023-01-26 13:32:02.091000,1.33701,1.33683,1200000,1600000
2023-01-26 13:32:02.193000,1.33699,1.33682,1200000,1600000
2023-01-26 13:32:02.370000,1.337,1.33681,1200000,2850000
2023-01-26 13:32:02.471000,1.337,1.33682,1200000,2850000
2023-01-26 13:32:02.600000,1.33702,1.33681,1200000,2850000
2023-01-26 13:32:02.964000,1.33703,1.33685,1200000,1600000
2023-01-26 13:32:03.065000,1.33706,1.33689,1200000,1600000
2023-01-26 13:32:03.167000,1.33708,1.33691,1200000,1600000
2023-01-26 13:32:03.820000,1.3371,1.33691,1200000,1600000
2023-01-26 13:32:03.922000,1.33709,1.33691,1200000,1200000
2023-01-26 13:32:04.023000,1.33707,1.33692,1200000,1200000
2023-01-26 13:32:04.242000,1.33707,1.3369,1200000,1350000
2023-01-26 13:32:04.414000,1.33706,1.3369,1720000,1200000
2023-01-26 13:32:04.465000,1.33705,1.33682,1320000,2100000
2023-01-26 13:32:04.516000,1.337,1.33683,1200000,1600000
2023-01-26 13:32:04.719000,1.33702,1.33682,1200000,1600000
2023-01-26 13:32:04.820000,1.33695,1.33676,1200000,1600000
2023-01-26 13:32:04.972000,1.33694,1.33676,1200000,1600000
2023-01-26 13:32:05.124000,1.33693,1.33676,1200000,1350000
2023-01-26 13:32:05.276000,1.33692,1.33676,1200000,1720000
2023-01-26 13:32:05.428000,1.33694,1.33675,1200000,1720000
2023-01-26 13:32:05.710000,1.33696,1.33683,1200000,1200000
2023-01-26 13:32:05.812000,1.33699,1.33683,1200000,1600000
2023-01-26 13:32:05.913000,1.33706,1.33686,1200000,1600000
2023-01-26 13:32:06.393000,1.33707,1.33686,1200000,1600000
2023-01-26 13:32:06.596000,1.33709,1.33691,1200000,2100000
2023-01-26 13:32:06.698000,1.33715,1.33694,1200000,1600000
2023-01-26 13:32:06.850000,1.33716,1.337,1200000,1600000
2023-01-26 13:32:06.952000,1.33719,1.337,1200000,1600000
2023-01-26 13:32:07.154000,1.33719,1.33699,1200000,2470000
2023-01-26 13:32:07.263000,1.3372,1.33699,1200000,2470000
2023-01-26 13:32:07.314000,1.33719,1.33703,1200000,1200000
2023-01-26 13:32:07.415000,1.33719,1.33702,1200000,1600000
2023-01-26 13:32:07.701000,1.33721,1.3371,1200000,1100000
2023-01-26 13:32:07.752000,1.33721,1.33706,1200000,1100000
2023-01-26 13:32:07.803000,1.33725,1.33709,1200000,1800000
2023-01-26 13:32:07.998000,1.33727,1.33706,1200000,1100000
2023-01-26 13:32:08.302000,1.33726,1.33705,1200000,1720000
2023-01-26 13:32:08.406000,1.33727,1.33708,1200000,2100000
2023-01-26 13:32:08.507000,1.33732,1.33711,1200000,1720000
2023-01-26 13:32:08.558000,1.33734,1.33711,1200000,1100000
2023-01-26 13:32:08.710000,1.33734,1.33717,1200000,2470000
2023-01-26 13:32:08.761000,1.33736,1.33717,1200000,2470000
2023-01-26 13:32:08.862000,1.33736,1.33718,1200000,1720000
2023-01-26 13:32:08.913000,1.33735,1.3372,1200000,1200000
2023-01-26 13:32:08.964000,1.33742,1.3372,1200000,2100000
2023-01-26 13:32:09.015000,1.33741,1.33721,1200000,2100000
2023-01-26 13:32:09.117000,1.33743,1.3372,1200000,2100000
2023-01-26 13:32:09.218000,1.33742,1.33723,1200000,1200000
2023-01-26 13:32:09.471000,1.33745,1.33723,1200000,1800000
2023-01-26 13:32:09.582000,1.33745,1.33724,1200000,1200000
2023-01-26 13:32:09.633000,1.33744,1.33727,1200000,2100000
2023-01-26 13:32:09.735000,1.33746,1.33727,1200000,1350000
2023-01-26 13:32:09.853000,1.33748,1.33728,1200000,1350000
2023-01-26 13:32:10.729000,1.33748,1.33731,1200000,1600000
2023-01-26 13:32:10.830000,1.33757,1.33741,1200000,1200000
2023-01-26 13:32:10.932000,1.33757,1.3374,1320000,1200000
2023-01-26 13:32:11.033000,1.3376,1.33741,1200000,1200000
2023-01-26 13:32:11.135000,1.33763,1.33743,1200000,1200000
2023-01-26 13:32:11.236000,1.33762,1.33743,1320000,1200000
2023-01-26 13:32:11.340000,1.33764,1.3374,1240000,1200000
2023-01-26 13:32:11.630000,1.33764,1.33739,1620000,1350000
2023-01-26 13:32:11.731000,1.33757,1.33739,1200000,1200000
2023-01-26 13:32:11.934000,1.33759,1.3374,1200000,1200000
2023-01-26 13:32:12.045000,1.3376,1.3374,1200000,1200000
2023-01-26 13:32:12.348000,1.33759,1.3374,1200000,1200000
2023-01-26 13:32:12.500000,1.33757,1.33739,1200000,1350000
2023-01-26 13:32:12.701000,1.33758,1.33739,1200000,1200000
2023-01-26 13:32:12.752000,1.33755,1.3374,1200000,1200000
2023-01-26 13:32:12.803000,1.33756,1.33736,1200000,2700000
2023-01-26 13:32:12.905000,1.33756,1.33738,1200000,1350000
2023-01-26 13:32:13.006000,1.33757,1.33738,1200000,1200000
2023-01-26 13:32:13.057000,1.33755,1.33735,1200000,1200000
2023-01-26 13:32:13.159000,1.33749,1.33733,1200000,1800000
2023-01-26 13:32:13.513000,1.33752,1.33733,1200000,1200000
2023-01-26 13:32:13.614000,1.33755,1.33734,1200000,1350000
2023-01-26 13:32:13.716000,1.33755,1.33735,1200000,1350000
2023-01-26 13:32:13.817000,1.33756,1.33739,1200000,1200000
2023-01-26 13:32:13.919000,1.33756,1.33737,1200000,1200000
2023-01-26 13:32:14.020000,1.33756,1.33736,1200000,1350000
2023-01-26 13:32:14.256000,1.33755,1.33738,1200000,1200000
2023-01-26 13:32:14.534000,1.33756,1.33737,1200000,1720000
2023-01-26 13:32:14.636000,1.33757,1.33739,1200000,1200000
2023-01-26 13:32:14.770000,1.33757,1.33738,1200000,1350000
2023-01-26 13:32:15.020000,1.33755,1.33739,1200000,1200000
2023-01-26 13:32:15.121000,1.33757,1.33738,1200000,1200000
2023-01-26 13:32:15.223000,1.33755,1.33735,1200000,4050000
2023-01-26 13:32:15.325000,1.33755,1.33736,1200000,1200000
2023-01-26 13:32:15.441000,1.33755,1.33735,1200000,1800000
2023-01-26 13:32:15.703000,1.33756,1.33736,1700000,1200000
2023-01-26 13:32:15.804000,1.33755,1.33733,1240000,1600000
2023-01-26 13:32:15.956000,1.33755,1.33733,1720000,1200000
2023-01-26 13:32:16.007000,1.33751,1.33734,1700000,1200000
2023-01-26 13:32:16.109000,1.33748,1.33731,1990000,1200000
2023-01-26 13:32:16.210000,1.33744,1.33727,1320000,1200000
2023-01-26 13:32:16.362000,1.33747,1.33727,1620000,1200000
2023-01-26 13:32:16.413000,1.33746,1.33724,1240000,1200000
2023-01-26 13:32:16.516000,1.33746,1.33723,1620000,1320000
2023-01-26 13:32:16.617000,1.33739,1.33721,1200000,1200000
2023-01-26 13:32:16.719000,1.33739,1.3372,1800000,1200000
2023-01-26 13:32:17.020000,1.33739,1.33721,1200000,1200000
2023-01-26 13:32:17.121000,1.33738,1.33721,1200000,1200000
2023-01-26 13:32:18.056000,1.33738,1.33722,1200000,1200000
2023-01-26 13:32:18.170000,1.3374,1.33722,1200000,1200000
2023-01-26 13:32:18.272000,1.33733,1.33717,1200000,1200000
2023-01-26 13:32:18.373000,1.33736,1.33714,1200000,1350000
2023-01-26 13:32:18.424000,1.33735,1.33715,1200000,1600000
2023-01-26 13:32:18.588000,1.33738,1.33718,1200000,1600000
2023-01-26 13:32:18.690000,1.33742,1.33721,1200000,2100000
2023-01-26 13:32:18.925000,1.33742,1.33724,1200000,1600000
2023-01-26 13:32:19.027000,1.33745,1.33726,1200000,1800000
2023-01-26 13:32:19.128000,1.33746,1.33726,1200000,2850000
2023-01-26 13:32:19.230000,1.33738,1.33726,2200000,1200000
2023-01-26 13:32:19.281000,1.33737,1.33717,1240000,1800000
2023-01-26 13:32:19.332000,1.33733,1.33718,1800000,1200000
2023-01-26 13:32:19.383000,1.33734,1.33712,1800000,1600000
2023-01-26 13:32:19.916000,1.33734,1.33714,1800000,1200000
2023-01-26 13:32:20.018000,1.33734,1.33713,1800000,1200000
2023-01-26 13:32:20.069000,1.33737,1.33719,1200000,1600000
2023-01-26 13:32:20.155000,1.33743,1.33719,1320000,1720000
2023-01-26 13:32:20.207000,1.33738,1.33721,1200000,1200000
2023-01-26 13:32:20.410000,1.3374,1.33722,1200000,1350000
2023-01-26 13:32:20.511000,1.33741,1.33723,1220000,1800000
2023-01-26 13:32:20.563000,1.33742,1.33722,2490000,1800000
2023-01-26 13:32:20.614000,1.33737,1.33716,2220000,2700000
2023-01-26 13:32:20.665000,1.33736,1.33717,2220000,1800000
2023-01-26 13:32:20.716000,1.33733,1.33714,2340000,1200000
2023-01-26 13:32:20.767000,1.33734,1.33713,2490000,1200000
2023-01-26 13:32:20.818000,1.33733,1.33714,1440000,1200000
2023-01-26 13:32:20.869000,1.33727,1.33714,1120000,1200000
2023-01-26 13:32:20.920000,1.33728,1.33711,1200000,1200000
2023-01-26 13:32:21.021000,1.33729,1.33712,1120000,1200000
2023-01-26 13:32:21.123000,1.33729,1.33711,1620000,1200000
2023-01-26 13:32:21.224000,1.33729,1.33707,1740000,1200000
2023-01-26 13:32:21.275000,1.33729,1.33708,1200000,2100000
2023-01-26 13:32:21.478000,1.33731,1.33714,1200000,1600000
2023-01-26 13:32:21.529000,1.33731,1.33714,1200000,1350000
2023-01-26 13:32:21.580000,1.33735,1.33719,1200000,1200000
2023-01-26 13:32:21.682000,1.33738,1.33719,1200000,1350000
2023-01-26 13:32:21.783000,1.33738,1.3372,1200000,1200000
2023-01-26 13:32:21.912000,1.33739,1.3372,1200000,1200000
2023-01-26 13:32:22.014000,1.33739,1.33721,1440000,1200000
2023-01-26 13:32:22.115000,1.33739,1.3372,1200000,1200000
2023-01-26 13:32:22.279000,1.3374,1.3372,1440000,1200000
2023-01-26 13:32:22.331000,1.33738,1.3372,1240000,1200000
2023-01-26 13:32:22.381000,1.33736,1.33715,1990000,1200000
2023-01-26 13:32:22.432000,1.33734,1.33715,1990000,1200000
2023-01-26 13:32:22.483000,1.3373,1.33713,1240000,1200000
2023-01-26 13:32:22.585000,1.3373,1.3371,1320000,1200000
2023-01-26 13:32:23.034000,1.33729,1.33712,1320000,1200000
2023-01-26 13:32:23.085000,1.3373,1.33711,2370000,1200000
2023-01-26 13:32:23.186000,1.33721,1.3371,1120000,1200000
2023-01-26 13:32:23.237000,1.33719,1.33702,1200000,1800000
2023-01-26 13:32:23.339000,1.3372,1.33704,1200000,1200000
2023-01-26 13:32:23.502000,1.33719,1.33703,1200000,1200000
2023-01-26 13:32:23.603000,1.33721,1.33702,1200000,1350000
2023-01-26 13:32:23.751000,1.33722,1.33703,1440000,1200000
2023-01-26 13:32:23.926000,1.33721,1.33703,1200000,1200000
2023-01-26 13:32:24.027000,1.33726,1.33705,1120000,1200000
2023-01-26 13:32:24.129000,1.33727,1.33705,1440000,1200000
2023-01-26 13:32:24.230000,1.33723,1.33706,1320000,1200000
2023-01-26 13:32:24.332000,1.33724,1.33707,1320000,1200000
2023-01-26 13:32:24.484000,1.33725,1.33707,1320000,1200000
2023-01-26 13:32:24.585000,1.33724,1.33706,1120000,1200000
2023-01-26 13:32:24.687000,1.33718,1.33705,1200000,1200000
2023-01-26 13:32:24.788000,1.33716,1.337,1200000,1800000
2023-01-26 13:32:24.839000,1.3372,1.33698,1200000,1200000
2023-01-26 13:32:24.890000,1.33718,1.33701,1200000,1200000
2023-01-26 13:32:25.047000,1.33721,1.33701,1120000,1200000
2023-01-26 13:32:25.161000,1.3372,1.33702,1120000,1600000
2023-01-26 13:32:26.984000,1.33721,1.33702,1320000,1350000
2023-01-26 13:32:27.085000,1.33717,1.33702,1620000,1200000
2023-01-26 13:32:27.137000,1.3372,1.33702,1240000,1200000
2023-01-26 13:32:27.188000,1.3372,1.337,1620000,1200000
2023-01-26 13:32:27.239000,1.33721,1.337,1440000,1200000
2023-01-26 13:32:27.289000,1.33721,1.33702,1440000,1200000
2023-01-26 13:32:27.470000,1.33723,1.33703,2100000,1200000
2023-01-26 13:32:27.572000,1.33729,1.33711,2340000,1200000
2023-01-26 13:32:27.673000,1.33731,1.33713,1620000,1200000
2023-01-26 13:32:27.775000,1.33733,1.33713,1320000,1200000
2023-01-26 13:32:28.275000,1.33733,1.33715,1620000,1200000
2023-01-26 13:32:28.717000,1.33734,1.33715,1890000,1200000
2023-01-26 13:32:28.818000,1.33733,1.33714,1200000,1200000
2023-01-26 13:32:29.084000,1.33735,1.33717,1200000,1800000
2023-01-26 13:32:29.186000,1.3374,1.33721,1120000,1200000
2023-01-26 13:32:29.287000,1.33741,1.3372,1240000,1200000
2023-01-26 13:32:29.397000,1.33741,1.3372,1240000,1200000
2023-01-26 13:32:29.549000,1.33736,1.33721,1120000,1200000
2023-01-26 13:32:29.651000,1.3373,1.33711,1620000,1200000
2023-01-26 13:32:30.209000,1.33728,1.33712,1200000,1200000
2023-01-26 13:32:30.621000,1.33728,1.33711,1200000,1200000
2023-01-26 13:32:30.924000,1.33728,1.33712,1200000,1200000
2023-01-26 13:32:31.524000,1.33726,1.33711,4370000,1200000
2023-01-26 13:32:31.625000,1.33723,1.33704,1240000,1200000
2023-01-26 13:32:31.676000,1.33723,1.33704,1240000,1200000
2023-01-26 13:32:31.778000,1.33722,1.33705,1240000,1200000
2023-01-26 13:32:31.879000,1.33722,1.33705,1120000,1200000
2023-01-26 13:32:31.981000,1.33721,1.33705,1120000,1200000
2023-01-26 13:32:32.082000,1.33722,1.33703,1120000,1200000
2023-01-26 13:32:33.248000,1.33723,1.33706,1200000,1200000
2023-01-26 13:32:33.349000,1.33722,1.33706,1200000,1200000
2023-01-26 13:32:33.451000,1.33725,1.33708,1200000,1200000
2023-01-26 13:32:33.553000,1.33727,1.33708,1120000,1200000
2023-01-26 13:32:33.712000,1.33728,1.33711,1200000,1200000
2023-01-26 13:32:33.814000,1.3373,1.33714,1200000,1200000
2023-01-26 13:32:33.915000,1.33728,1.33713,1200000,1200000
2023-01-26 13:32:33.966000,1.33729,1.33717,1200000,1200000
2023-01-26 13:32:34.017000,1.33735,1.33721,1800000,1200000
2023-01-26 13:32:34.119000,1.33737,1.33721,1200000,1200000
2023-01-26 13:32:34.170000,1.33738,1.33722,1320000,1200000
2023-01-26 13:32:34.271000,1.33739,1.33723,1240000,1200000
2023-01-26 13:32:34.373000,1.33738,1.33722,1320000,1200000
2023-01-26 13:32:34.474000,1.3374,1.33721,1620000,1200000
2023-01-26 13:32:34.592000,1.3374,1.33721,1240000,1200000
2023-01-26 13:32:34.694000,1.3374,1.33721,1320000,1200000
2023-01-26 13:32:35.031000,1.33741,1.33722,1320000,1200000
2023-01-26 13:32:35.132000,1.33742,1.33724,1200000,1200000
2023-01-26 13:32:35.234000,1.33742,1.33725,1320000,1200000
2023-01-26 13:32:35.335000,1.33743,1.33726,1320000,1200000
2023-01-26 13:32:35.487000,1.33744,1.33727,1200000,1100000
2023-01-26 13:32:35.589000,1.33748,1.3373,1200000,1200000
2023-01-26 13:32:35.690000,1.33749,1.33731,1320000,1200000
2023-01-26 13:32:35.950000,1.33752,1.33734,1200000,1200000
2023-01-26 13:32:36.052000,1.33754,1.33732,1240000,1200000
2023-01-26 13:32:36.153000,1.33748,1.3373,1120000,1200000
2023-01-26 13:32:36.255000,1.33748,1.33728,2220000,1200000
2023-01-26 13:32:36.306000,1.33748,1.33724,1240000,1350000
2023-01-26 13:32:36.357000,1.33746,1.33728,1320000,1200000
2023-01-26 13:32:36.508000,1.33747,1.33727,1120000,1200000
2023-01-26 13:32:36.610000,1.33747,1.33726,2220000,1200000
2023-01-26 13:32:36.762000,1.33747,1.33724,2120000,1200000
2023-01-26 13:32:37.446000,1.33745,1.33726,1620000,1200000
2023-01-26 13:32:37.547000,1.33746,1.33724,1620000,1200000
2023-01-26 13:32:37.598000,1.33746,1.33724,1440000,1200000
2023-01-26 13:32:37.649000,1.33747,1.33726,2220000,1200000
2023-01-26 13:32:37.853000,1.33747,1.3373,1200000,1200000
2023-01-26 13:32:37.955000,1.3375,1.33733,1320000,1200000
2023-01-26 13:32:38.175000,1.33751,1.33734,1200000,1200000
2023-01-26 13:32:38.276000,1.33753,1.33734,1240000,1200000
2023-01-26 13:32:38.378000,1.33753,1.33733,1240000,1200000
2023-01-26 13:32:38.545000,1.33753,1.33734,1620000,1200000
2023-01-26 13:32:38.596000,1.33753,1.33734,1440000,1200000
2023-01-26 13:32:38.647000,1.33753,1.33732,1440000,1200000
2023-01-26 13:32:38.698000,1.33751,1.33732,1120000,1200000
2023-01-26 13:32:38.799000,1.3375,1.33731,1120000,1200000
2023-01-26 13:32:38.901000,1.33749,1.3373,1700000,1200000
2023-01-26 13:32:39.053000,1.33748,1.33728,1890000,1200000
2023-01-26 13:32:39.155000,1.33748,1.33729,1320000,1200000
2023-01-26 13:32:39.256000,1.33748,1.33731,1200000,1200000
2023-01-26 13:32:39.358000,1.33752,1.33733,2220000,1200000
2023-01-26 13:32:39.514000,1.33753,1.33735,1200000,1200000
2023-01-26 13:32:39.615000,1.33753,1.33735,1240000,1200000
2023-01-26 13:32:39.717000,1.33754,1.33733,1720000,1350000
2023-01-26 13:32:39.818000,1.33754,1.33734,1720000,1200000
2023-01-26 13:32:40.153000,1.33753,1.33736,1200000,1200000
2023-01-26 13:32:40.255000,1.33755,1.33737,1320000,1200000
2023-01-26 13:32:40.395000,1.33756,1.33741,1320000,1200000
2023-01-26 13:32:40.497000,1.33757,1.33742,1200000,1200000
2023-01-26 13:32:40.598000,1.3376,1.33744,1200000,1200000
2023-01-26 13:32:40.700000,1.33762,1.33742,1700000,1200000
2023-01-26 13:32:40.801000,1.3376,1.33745,1200000,1200000
2023-01-26 13:32:40.852000,1.33763,1.33745,1320000,1200000
2023-01-26 13:32:40.953000,1.33764,1.33745,1320000,1200000
2023-01-26 13:32:41.055000,1.33764,1.33744,1200000,2100000
2023-01-26 13:32:41.106000,1.33764,1.33749,1320000,1200000
2023-01-26 13:32:41.311000,1.33764,1.33748,1200000,1200000
2023-01-26 13:32:41.413000,1.33765,1.33749,1800000,1800000
2023-01-26 13:32:41.514000,1.33771,1.33753,1200000,1200000
2023-01-26 13:32:41.616000,1.3377,1.33749,1440000,1200000
2023-01-26 13:32:41.667000,1.33769,1.33753,1200000,1200000
2023-01-26 13:32:41.768000,1.33772,1.33756,1350000,1200000
2023-01-26 13:32:41.819000,1.33773,1.33751,1700000,1800000
2023-01-26 13:32:42.072000,1.33772,1.33752,1320000,1200000
2023-01-26 13:32:42.375000,1.33772,1.33752,1120000,1200000
2023-01-26 13:32:42.542000,1.33772,1.33754,1200000,1200000
2023-01-26 13:32:42.644000,1.33777,1.33764,1200000,1200000
2023-01-26 13:32:42.745000,1.33782,1.33764,1200000,1200000
2023-01-26 13:32:43.078000,1.33782,1.33763,1200000,1200000
2023-01-26 13:32:43.180000,1.33782,1.33759,1200000,1200000
2023-01-26 13:32:43.281000,1.33781,1.33761,1200000,1200000
2023-01-26 13:32:43.382000,1.33782,1.33764,1200000,1200000
2023-01-26 13:32:43.484000,1.33783,1.33766,1320000,1200000
2023-01-26 13:32:43.787000,1.33783,1.33767,1200000,1200000
2023-01-26 13:32:43.889000,1.33783,1.33766,1200000,1200000
2023-01-26 13:32:44.150000,1.33786,1.33769,1200000,1200000
2023-01-26 13:32:44.252000,1.3379,1.3377,1320000,1200000
2023-01-26 13:32:44.354000,1.33789,1.3377,1200000,1200000
2023-01-26 13:32:44.409000,1.33792,1.33771,1240000,1200000
2023-01-26 13:32:44.511000,1.33791,1.33771,1620000,1200000
2023-01-26 13:32:44.612000,1.33792,1.33769,1620000,1200000
2023-01-26 13:32:44.714000,1.33791,1.3377,2220000,1200000
2023-01-26 13:32:44.815000,1.33791,1.3377,1240000,1200000
2023-01-26 13:32:44.917000,1.33795,1.33774,1620000,1200000
2023-01-26 13:32:45.069000,1.33794,1.33773,1240000,1200000
2023-01-26 13:32:45.171000,1.33794,1.33774,1120000,1200000
2023-01-26 13:32:45.613000,1.33793,1.33774,1200000,1200000
2023-01-26 13:32:45.714000,1.33793,1.33774,1120000,1200000
2023-01-26 13:32:45.838000,1.33796,1.33774,1620000,1200000
2023-01-26 13:32:45.889000,1.33796,1.33775,2740000,1200000
2023-01-26 13:32:45.940000,1.33797,1.33777,1990000,1200000
2023-01-26 13:32:46.041000,1.33798,1.33775,4370000,1200000
2023-01-26 13:32:46.282000,1.33798,1.33776,3620000,1200000
2023-01-26 13:32:46.384000,1.33798,1.33775,3620000,1200000
2023-01-26 13:32:46.536000,1.33795,1.33776,1120000,1200000
2023-01-26 13:32:46.637000,1.33793,1.33773,1120000,1200000
2023-01-26 13:32:46.739000,1.33793,1.33772,2220000,1200000
2023-01-26 13:32:47.102000,1.33793,1.33771,1620000,1200000
2023-01-26 13:32:47.204000,1.33793,1.33769,2220000,1200000
2023-01-26 13:32:47.356000,1.33792,1.33769,1720000,1200000
2023-01-26 13:32:47.457000,1.33789,1.33766,1720000,1800000
2023-01-26 13:32:47.559000,1.33787,1.33766,1200000,1200000
2023-01-26 13:32:47.610000,1.33787,1.33773,1200000,1200000
2023-01-26 13:32:47.663000,1.33792,1.33774,1240000,1200000
2023-01-26 13:32:47.972000,1.33795,1.33774,2220000,1200000
2023-01-26 13:32:48.073000,1.33797,1.33774,3720000,1200000
2023-01-26 13:32:48.282000,1.33797,1.33775,2950000,1200000
2023-01-26 13:32:48.384000,1.33797,1.33776,1620000,1200000
2023-01-26 13:32:48.435000,1.33797,1.33778,1620000,1200000
2023-01-26 13:32:48.638000,1.33797,1.33778,1440000,1200000
2023-01-26 13:32:48.740000,1.33799,1.33777,1700000,1200000
2023-01-26 13:32:48.841000,1.338,1.33777,2200000,1200000
2023-01-26 13:32:49.153000,1.33797,1.33776,1700000,1200000
2023-01-26 13:32:49.204000,1.33799,1.33776,1700000,1200000
2023-01-26 13:32:49.305000,1.338,1.33775,2200000,1350000
2023-01-26 13:32:49.407000,1.33798,1.33776,2200000,1200000
2023-01-26 13:32:49.458000,1.33799,1.33775,1700000,1350000
2023-01-26 13:32:49.509000,1.33799,1.33779,2200000,1200000
2023-01-26 13:32:49.812000,1.33799,1.33776,1700000,1200000
2023-01-26 13:32:49.863000,1.33799,1.33776,1620000,1200000
2023-01-26 13:32:49.914000,1.33793,1.33777,1120000,1200000
2023-01-26 13:32:50.016000,1.33793,1.33774,1700000,1200000
2023-01-26 13:32:50.117000,1.33792,1.33772,1700000,1200000
2023-01-26 13:32:50.224000,1.33793,1.3377,1700000,1800000
2023-01-26 13:32:50.325000,1.33795,1.33773,1120000,1100000
2023-01-26 13:32:50.427000,1.33794,1.33775,1120000,1200000
2023-01-26 13:32:50.528000,1.33793,1.33775,1220000,1200000
2023-01-26 13:32:50.680000,1.33794,1.33772,1220000,1200000
2023-01-26 13:32:50.782000,1.33793,1.33771,1700000,1200000
2023-01-26 13:32:50.886000,1.33793,1.33771,1840000,1200000
2023-01-26 13:32:51.038000,1.33794,1.33773,1200000,1200000
2023-01-26 13:32:51.089000,1.33793,1.33774,1220000,1350000
2023-01-26 13:32:51.139000,1.33793,1.33776,1120000,1200000
2023-01-26 13:32:51.411000,1.33794,1.33774,1120000,1200000
2023-01-26 13:32:51.843000,1.33792,1.33775,1620000,1200000
2023-01-26 13:32:51.944000,1.33793,1.33773,1620000,1200000
2023-01-26 13:32:52.114000,1.33793,1.33773,1240000,1200000
2023-01-26 13:32:52.468000,1.33794,1.33773,1700000,1200000
2023-01-26 13:32:52.519000,1.33791,1.33772,1700000,1800000
2023-01-26 13:32:52.621000,1.33791,1.3377,1350000,1200000
2023-01-26 13:32:52.722000,1.33793,1.33772,1700000,1200000
2023-01-26 13:32:52.824000,1.33794,1.33773,2950000,1200000
2023-01-26 13:32:52.926000,1.33792,1.3377,2200000,1800000
2023-01-26 13:32:52.977000,1.33791,1.33769,1700000,1200000
2023-01-26 13:32:53.078000,1.33788,1.33767,2120000,1800000
2023-01-26 13:32:53.180000,1.33785,1.33767,1240000,1800000
2023-01-26 13:32:53.281000,1.33785,1.33766,1720000,1200000
2023-01-26 13:32:53.332000,1.33784,1.33765,1720000,1200000
2023-01-26 13:32:53.383000,1.33782,1.33764,2870000,1200000
2023-01-26 13:32:53.434000,1.33782,1.3376,4450000,1200000
2023-01-26 13:32:53.535000,1.33782,1.33761,2790000,1200000
2023-01-26 13:32:53.637000,1.33784,1.33765,1720000,1200000
2023-01-26 13:32:53.738000,1.33786,1.33765,2950000,1200000
2023-01-26 13:32:53.840000,1.33782,1.33761,1620000,1200000
2023-01-26 13:32:53.992000,1.3378,1.33761,1350000,1200000
2023-01-26 13:32:54.094000,1.33782,1.33762,1720000,1200000
2023-01-26 13:32:54.195000,1.33783,1.3376,1700000,1200000
2023-01-26 13:32:54.347000,1.33783,1.3376,1720000,1200000
2023-01-26 13:32:54.398000,1.33779,1.33759,1120000,1350000
2023-01-26 13:32:54.500000,1.3378,1.33762,1350000,1200000
2023-01-26 13:32:54.702000,1.33781,1.3376,1350000,1200000
2023-01-26 13:32:54.816000,1.33781,1.3376,1240000,1200000
2023-01-26 13:32:55.002000,1.3378,1.33764,1200000,1200000
2023-01-26 13:32:55.053000,1.33785,1.33763,2220000,1200000
2023-01-26 13:32:55.155000,1.33785,1.33764,1840000,1200000
2023-01-26 13:32:55.307000,1.33783,1.33763,2220000,1200000
2023-01-26 13:32:55.409000,1.33784,1.33761,2200000,1200000
2023-01-26 13:32:55.510000,1.33784,1.33764,2200000,1200000
2023-01-26 13:32:55.881000,1.33784,1.33763,1720000,1600000
2023-01-26 13:32:55.982000,1.33784,1.33763,2950000,1200000
2023-01-26 13:32:56.033000,1.33785,1.3376,2950000,1800000
2023-01-26 13:32:56.462000,1.33782,1.33761,2950000,1200000
2023-01-26 13:32:56.564000,1.33777,1.33758,1120000,1200000
2023-01-26 13:32:56.817000,1.33777,1.33756,1120000,1350000
2023-01-26 13:32:56.972000,1.33778,1.33757,2220000,1350000
2023-01-26 13:32:57.074000,1.33777,1.33756,1200000,1200000
2023-01-26 13:32:57.176000,1.33778,1.33757,4070000,1350000
2023-01-26 13:32:57.631000,1.33778,1.33757,1720000,1200000
2023-01-26 13:32:57.833000,1.33775,1.33758,1200000,1200000
2023-01-26 13:32:58.202000,1.33778,1.33758,1700000,1200000
2023-01-26 13:32:58.304000,1.33781,1.33759,1620000,1350000
2023-01-26 13:32:58.405000,1.33781,1.3376,1620000,1200000
2023-01-26 13:32:58.506000,1.3378,1.33759,1620000,1600000
2023-01-26 13:32:58.608000,1.3378,1.33761,1700000,1200000
2023-01-26 13:32:59.197000,1.33781,1.33762,1440000,1200000
2023-01-26 13:32:59.298000,1.33781,1.33761,1440000,1350000
2023-01-26 13:32:59.400000,1.33786,1.33766,1700000,1200000
2023-01-26 13:32:59.554000,1.33786,1.33766,1720000,1200000
2023-01-26 13:32:59.807000,1.33788,1.33767,1700000,1200000
2023-01-26 13:32:59.983000,1.33791,1.33771,3150000,1100000
2023-01-26 13:33:00.091000,1.33794,1.33776,1200000,1200000
2023-01-26 13:33:00.243000,1.33793,1.33776,1120000,1200000
2023-01-26 13:33:00.732000,1.33797,1.33776,2870000,1200000
2023-01-26 13:33:00.834000,1.33797,1.33782,1200000,1350000
2023-01-26 13:33:00.885000,1.33802,1.33782,1200000,1350000
2023-01-26 13:33:00.986000,1.33804,1.33782,1720000,1350000
2023-01-26 13:33:01.123000,1.33802,1.33783,1120000,1350000
2023-01-26 13:33:01.231000,1.338,1.33782,1720000,1200000
2023-01-26 13:33:01.333000,1.33798,1.33778,1240000,1200000
2023-01-26 13:33:01.507000,1.33797,1.33779,1620000,1200000
2023-01-26 13:33:01.650000,1.33798,1.33778,1700000,1200000
2023-01-26 13:33:01.751000,1.338,1.33779,1700000,1200000
2023-01-26 13:33:01.802000,1.33802,1.33779,1620000,1350000
2023-01-26 13:33:01.853000,1.33803,1.33782,1740000,1200000
2023-01-26 13:33:01.904000,1.33803,1.33782,1440000,1350000
2023-01-26 13:33:01.955000,1.33805,1.33785,1740000,1200000
2023-01-26 13:33:02.056000,1.33805,1.33786,1700000,1200000
2023-01-26 13:33:02.158000,1.33806,1.33789,1200000,1600000
2023-01-26 13:33:02.209000,1.3381,1.3379,1240000,1600000
2023-01-26 13:33:02.310000,1.33811,1.33792,1620000,1200000
2023-01-26 13:33:02.412000,1.33812,1.33793,1720000,1200000
2023-01-26 13:33:02.564000,1.33814,1.33793,1620000,1200000
2023-01-26 13:33:02.665000,1.33815,1.33794,1720000,1200000
2023-01-26 13:33:02.767000,1.33815,1.33796,1720000,1200000
2023-01-26 13:33:03.102000,1.33815,1.33798,2120000,1200000
2023-01-26 13:33:03.203000,1.33807,1.33794,1240000,1200000
2023-01-26 13:33:03.305000,1.33806,1.33789,2120000,1200000
2023-01-26 13:33:03.406000,1.33806,1.33785,2200000,1200000
2023-01-26 13:33:03.458000,1.33808,1.33785,1820000,1200000
2023-01-26 13:33:03.559000,1.33808,1.33785,1120000,1200000
2023-01-26 13:33:03.679000,1.33808,1.33785,1220000,1200000
2023-01-26 13:33:04.046000,1.33809,1.33785,2120000,1200000
2023-01-26 13:33:04.097000,1.33806,1.33785,2870000,1200000
2023-01-26 13:33:04.198000,1.33802,1.33785,2870000,1200000
2023-01-26 13:33:04.249000,1.33799,1.33778,1620000,1350000
2023-01-26 13:33:04.300000,1.33799,1.33779,2120000,1800000
2023-01-26 13:33:04.351000,1.33802,1.33782,2340000,1200000
2023-01-26 13:33:04.402000,1.338,1.33782,1240000,1200000
