time,ask,bid,ask_volume,bid_volume
2019-06-13 12:25:00.605000,1.33059,1.33051,1000000,1000000
2019-06-13 12:25:00.707000,1.33059,1.33049,1000000,1000000
2019-06-13 12:25:00.758000,1.33062,1.33053,1220000,1000000
2019-06-13 12:25:00.809000,1.33063,1.33053,1100000,1000000
2019-06-13 12:25:00.911000,1.33064,1.33053,1500000,1000000
2019-06-13 12:25:02.557000,1.33064,1.33052,1200000,1200000
2019-06-13 12:25:03.584000,1.33064,1.33052,1000000,2000000
2019-06-13 12:25:03.889000,1.33064,1.33054,1000000,1500000
2019-06-13 12:25:11.397000,1.33064,1.33055,1000000,1120000
2019-06-13 12:25:11.882000,1.33064,1.33057,1000000,1000000
2019-06-13 12:25:12.086000,1.33064,1.33055,1000000,1970000
2019-06-13 12:25:12.428000,1.33064,1.33055,1000000,1500000
2019-06-13 12:25:12.823000,1.33064,1.33055,1000000,1970000
2019-06-13 12:25:12.926000,1.33064,1.33055,1000000,1500000
2019-06-13 12:25:13.092000,1.33064,1.33055,1000000,1220000
2019-06-13 12:25:13.453000,1.33064,1.33055,1000000,1000000
2019-06-13 12:25:14.620000,1.33064,1.33054,1000000,1500000
2019-06-13 12:25:17.447000,1.33066,1.33054,1000000,1120000
2019-06-13 12:25:19.203000,1.33067,1.33054,1100000,1120000
2019-06-13 12:25:20.712000,1.33067,1.33055,2250000,1500000
2019-06-13 12:25:21.914000,1.33065,1.33055,1000000,1500000
2019-06-13 12:25:22.551000,1.33067,1.33055,2250000,1000000
2019-06-13 12:25:22.655000,1.33067,1.3306,1000000,1500000
2019-06-13 12:25:22.707000,1.33069,1.3306,1000000,1000000
2019-06-13 12:25:22.809000,1.33069,1.33058,1000000,2000000
2019-06-13 12:25:23.156000,1.33069,1.33058,1000000,2620000
2019-06-13 12:25:24.616000,1.33068,1.33057,1500000,1100000
2019-06-13 12:25:24.718000,1.33067,1.33055,1000000,3600000
2019-06-13 12:25:24.872000,1.33067,1.33055,1000000,1500000
2019-06-13 12:25:38.176000,1.33067,1.33057,1000000,1000000
2019-06-13 12:25:38.430000,1.33066,1.33056,1000000,1000000
2019-06-13 12:25:40.564000,1.33066,1.33057,1000000,1000000
2019-06-13 12:25:42.273000,1.33068,1.33059,2350000,1000000
2019-06-13 12:25:42.376000,1.33068,1.33061,1000000,1000000
2019-06-13 12:25:42.495000,1.33071,1.3306,4160000,1000000
2019-06-13 12:25:42.599000,1.33071,1.3306,2850000,1000000
2019-06-13 12:25:42.700000,1.33071,1.33061,2100000,1000000
2019-06-13 12:25:42.751000,1.33071,1.33062,1200000,1000000
2019-06-13 12:25:42.853000,1.33072,1.33064,1000000,1000000
2019-06-13 12:25:43.423000,1.3307,1.33062,1000000,1000000
2019-06-13 12:25:43.533000,1.33067,1.33059,1500000,1000000
2019-06-13 12:25:43.584000,1.33067,1.33057,1500000,1000000
2019-06-13 12:25:43.786000,1.33067,1.33057,2470000,1000000
2019-06-13 12:25:45.030000,1.33065,1.33057,1000000,1000000
2019-06-13 12:25:45.617000,1.33064,1.33057,1000000,1000000
2019-06-13 12:25:47.547000,1.33064,1.33054,1000000,1870000
2019-06-13 12:25:52.597000,1.33065,1.33054,1000000,1000000
2019-06-13 12:25:53.156000,1.33066,1.33054,1950000,1000000
2019-06-13 12:25:57.269000,1.33066,1.33056,1200000,1000000
2019-06-13 12:25:57.484000,1.33066,1.33055,1120000,1000000
2019-06-13 12:26:01.328000,1.33067,1.33055,1570000,1870000
2019-06-13 12:26:02.798000,1.33067,1.33055,1600000,1500000
2019-06-13 12:26:07.644000,1.33066,1.33055,1100000,1120000
2019-06-13 12:26:13.216000,1.33065,1.33053,1120000,3000000
2019-06-13 12:26:13.364000,1.33065,1.33053,1720000,2250000
2019-06-13 12:26:13.466000,1.33066,1.33054,3600000,1000000
2019-06-13 12:26:14.253000,1.33064,1.33054,1000000,1000000
2019-06-13 12:26:20.903000,1.33063,1.33053,1000000,1000000
2019-06-13 12:26:22.429000,1.33062,1.33052,1000000,1000000
2019-06-13 12:26:25.544000,1.33061,1.33052,1000000,1000000
2019-06-13 12:26:25.646000,1.33063,1.33053,1500000,1000000
2019-06-13 12:26:26.730000,1.33062,1.33053,1000000,1000000
2019-06-13 12:26:29.883000,1.33063,1.33053,1500000,1000000
2019-06-13 12:26:30.088000,1.33063,1.33052,1570000,1000000
2019-06-13 12:26:30.190000,1.33062,1.33052,1000000,1000000
2019-06-13 12:26:30.481000,1.33062,1.33051,1100000,2620000
2019-06-13 12:26:30.825000,1.33062,1.33052,1000000,1000000
2019-06-13 12:26:33.677000,1.33063,1.33053,1000000,1000000
2019-06-13 12:26:33.779000,1.33064,1.33053,1000000,1000000
2019-06-13 12:26:36.259000,1.33063,1.33053,1000000,1000000
2019-06-13 12:26:36.817000,1.33065,1.33055,1100000,1000000
2019-06-13 12:26:36.919000,1.33066,1.33055,1200000,1120000
2019-06-13 12:26:37.689000,1.33065,1.33054,1000000,1870000
2019-06-13 12:26:37.791000,1.33063,1.33052,1100000,1870000
2019-06-13 12:26:43.748000,1.33063,1.33052,1220000,1000000
2019-06-13 12:26:44.241000,1.33062,1.33051,1100000,1870000
2019-06-13 12:26:46.091000,1.3306,1.33049,1000000,1570000
2019-06-13 12:26:46.193000,1.33058,1.33047,1100000,1500000
2019-06-13 12:26:46.245000,1.33057,1.33046,1500000,1100000
2019-06-13 12:26:46.412000,1.33057,1.33045,1500000,6370000
2019-06-13 12:26:47.596000,1.33057,1.33047,1500000,1570000
2019-06-13 12:26:47.698000,1.33057,1.33046,1500000,1950000
2019-06-13 12:26:47.799000,1.33057,1.33046,1500000,2850000
2019-06-13 12:26:47.850000,1.33057,1.33045,1500000,2290000
2019-06-13 12:26:54.051000,1.33057,1.33047,1500000,1000000
2019-06-13 12:26:55.216000,1.33057,1.33047,1500000,1220000
2019-06-13 12:26:55.317000,1.33057,1.33047,1000000,1200000
2019-06-13 12:26:56.135000,1.33057,1.3305,1000000,1000000
2019-06-13 12:26:56.186000,1.33059,1.3305,1120000,1000000
2019-06-13 12:26:57.414000,1.3306,1.33051,1120000,1000000
2019-06-13 12:26:57.516000,1.33062,1.33054,1100000,1000000
2019-06-13 12:26:58.379000,1.33062,1.33053,1000000,1000000
2019-06-13 12:27:04.825000,1.33062,1.33054,1000000,1000000
2019-06-13 12:27:04.926000,1.33063,1.33054,1500000,1000000
2019-06-13 12:27:14.289000,1.33063,1.33055,1000000,1000000
2019-06-13 12:27:20.416000,1.33065,1.33058,2320000,1000000
2019-06-13 12:27:22.226000,1.33066,1.33058,1000000,1000000
2019-06-13 12:27:22.646000,1.33067,1.33058,2620000,1000000
2019-06-13 12:27:23.260000,1.33066,1.33058,1000000,1000000
2019-06-13 12:27:23.509000,1.33066,1.33057,1000000,1000000
2019-06-13 12:27:26.497000,1.33066,1.33058,1000000,1000000
2019-06-13 12:27:26.698000,1.33067,1.33058,1870000,1000000
2019-06-13 12:27:29.242000,1.33068,1.33058,1120000,1000000
2019-06-13 12:27:31.613000,1.33068,1.33059,1120000,1000000
2019-06-13 12:27:32.468000,1.33069,1.3306,1200000,1000000
2019-06-13 12:27:33.170000,1.33068,1.33058,1120000,1100000
2019-06-13 12:27:33.272000,1.33067,1.33058,1000000,1000000
2019-06-13 12:27:34.806000,1.33067,1.33059,1000000,1000000
2019-06-13 12:27:34.909000,1.33068,1.3306,1000000,1000000
2019-06-13 12:27:35.026000,1.3307,1.33062,1000000,1000000
2019-06-13 12:27:35.129000,1.33071,1.33063,1500000,1000000
2019-06-13 12:27:40.113000,1.33069,1.33062,1000000,1000000
2019-06-13 12:27:40.265000,1.33069,1.33061,1120000,1000000
2019-06-13 12:27:40.519000,1.33071,1.33061,4120000,1000000
2019-06-13 12:27:47.519000,1.33071,1.33062,1000000,1000000
2019-06-13 12:27:47.772000,1.3307,1.33062,1000000,1000000
2019-06-13 12:27:50.506000,1.3307,1.33061,1120000,1000000
2019-06-13 12:27:51.662000,1.3307,1.33059,4120000,1220000
2019-06-13 12:27:51.713000,1.33067,1.3306,1500000,1100000
2019-06-13 12:27:52.296000,1.33067,1.33057,1870000,1500000
2019-06-13 12:27:55.852000,1.33067,1.33059,1000000,1000000
2019-06-13 12:27:59.519000,1.33068,1.33058,2070000,1000000
2019-06-13 12:28:00.242000,1.33065,1.33058,1000000,1000000
2019-06-13 12:28:00.657000,1.33067,1.33058,1200000,1000000
2019-06-13 12:28:00.759000,1.33068,1.33058,4120000,1000000
2019-06-13 12:28:01.281000,1.33067,1.33058,1000000,1000000
2019-06-13 12:28:01.389000,1.33068,1.33058,4870000,1000000
2019-06-13 12:28:01.514000,1.33067,1.33058,1000000,1000000
2019-06-13 12:28:01.616000,1.33066,1.33058,1000000,1000000
2019-06-13 12:28:02.157000,1.33061,1.33052,1120000,1500000
2019-06-13 12:28:02.208000,1.33061,1.33049,1120000,1220000
2019-06-13 12:28:02.462000,1.33061,1.33051,1000000,1000000
2019-06-13 12:28:03.496000,1.33063,1.33051,1000000,1500000
2019-06-13 12:28:04.202000,1.33064,1.33055,1600000,1000000
2019-06-13 12:28:04.304000,1.33065,1.33055,1000000,1000000
2019-06-13 12:28:04.768000,1.33066,1.33055,2700000,1000000
2019-06-13 12:28:07.076000,1.33066,1.33056,1100000,1000000
2019-06-13 12:28:08.922000,1.33067,1.33055,2320000,1500000
2019-06-13 12:28:14.546000,1.33068,1.33057,2350000,1000000
2019-06-13 12:28:17.784000,1.33068,1.33057,1000000,1000000
2019-06-13 12:28:17.953000,1.33068,1.33056,1000000,1100000
2019-06-13 12:28:19.054000,1.33068,1.33058,1500000,1000000
2019-06-13 12:28:19.156000,1.33069,1.33058,1120000,1200000
2019-06-13 12:28:24.114000,1.3307,1.33062,1000000,1000000
2019-06-13 12:28:24.165000,1.33074,1.33063,1000000,3070000
2019-06-13 12:28:24.217000,1.33076,1.33063,1500000,1570000
2019-06-13 12:28:24.269000,1.33076,1.33067,1000000,1000000
2019-06-13 12:28:24.371000,1.33079,1.33069,1500000,1000000
2019-06-13 12:28:25.427000,1.33078,1.33069,1000000,1000000
2019-06-13 12:28:26.563000,1.33079,1.33069,1000000,1000000
2019-06-13 12:28:28.311000,1.33079,1.3307,1000000,1000000
2019-06-13 12:28:28.363000,1.33081,1.33077,1000000,1000000
2019-06-13 12:28:28.414000,1.33087,1.33077,1600000,1000000
2019-06-13 12:28:28.516000,1.33087,1.33076,1120000,1200000
2019-06-13 12:28:32.129000,1.33086,1.33076,1000000,1000000
2019-06-13 12:28:32.496000,1.33086,1.33075,1000000,1100000
2019-06-13 12:28:34.149000,1.33087,1.33075,2620000,1100000
2019-06-13 12:28:38.104000,1.33087,1.33074,3450000,1500000
2019-06-13 12:28:39.753000,1.33086,1.33074,1100000,1500000
2019-06-13 12:28:40.032000,1.33086,1.33075,1100000,1000000
2019-06-13 12:28:40.194000,1.33084,1.33075,1000000,1000000
2019-06-13 12:28:40.651000,1.33084,1.33075,1000000,2100000
2019-06-13 12:28:40.805000,1.33084,1.33075,1000000,1600000
2019-06-13 12:28:41.434000,1.33084,1.33077,1000000,1000000
2019-06-13 12:28:44.258000,1.33084,1.33074,1000000,2470000
2019-06-13 12:28:54.199000,1.33085,1.33074,1000000,1600000
2019-06-13 12:28:54.301000,1.33084,1.33074,1000000,1200000
2019-06-13 12:28:54.402000,1.33084,1.33074,1000000,1220000
2019-06-13 12:28:54.669000,1.33084,1.33074,1000000,1000000
2019-06-13 12:28:56.268000,1.33084,1.33074,1000000,1220000
2019-06-13 12:28:56.369000,1.33084,1.33074,1000000,1200000
2019-06-13 12:29:05.497000,1.33084,1.33075,1000000,1000000
2019-06-13 12:29:07.701000,1.33084,1.33073,1000000,1570000
2019-06-13 12:29:07.864000,1.33087,1.33078,1950000,1000000
2019-06-13 12:29:07.967000,1.33088,1.33079,1000000,1500000
2019-06-13 12:29:08.069000,1.33091,1.3308,1870000,1500000
2019-06-13 12:29:08.454000,1.3309,1.3308,1000000,1500000
2019-06-13 12:29:10.574000,1.33092,1.3308,1100000,1950000
2019-06-13 12:29:10.676000,1.33092,1.3308,1000000,2850000
2019-06-13 12:29:12.009000,1.33093,1.33082,1000000,1000000
2019-06-13 12:29:12.111000,1.33093,1.33082,1000000,1220000
2019-06-13 12:29:12.264000,1.33094,1.33083,1500000,1500000
2019-06-13 12:29:16.337000,1.33094,1.33081,1500000,2700000
2019-06-13 12:29:16.701000,1.33094,1.33082,1500000,1000000
2019-06-13 12:29:17.355000,1.33094,1.33081,1500000,3600000
2019-06-13 12:29:17.691000,1.33094,1.33081,1500000,2700000
2019-06-13 12:29:17.793000,1.33094,1.33081,1500000,2720000
2019-06-13 12:29:18.580000,1.33094,1.33083,1000000,1000000
2019-06-13 12:29:19.196000,1.33097,1.33086,2700000,1000000
2019-06-13 12:29:19.343000,1.33106,1.33097,1100000,1000000
2019-06-13 12:29:19.445000,1.33106,1.33097,1000000,1000000
2019-06-13 12:29:19.701000,1.33106,1.33095,1000000,3100000
2019-06-13 12:29:19.803000,1.33104,1.33095,1000000,1570000
2019-06-13 12:29:20.309000,1.33103,1.33095,1000000,1500000
2019-06-13 12:29:21.653000,1.33103,1.33093,1000000,1570000
2019-06-13 12:29:22.025000,1.33104,1.33093,1000000,1000000
2019-06-13 12:29:27.866000,1.33103,1.33093,1000000,1500000
2019-06-13 12:29:28.392000,1.33103,1.33096,1000000,1000000
2019-06-13 12:29:28.493000,1.33103,1.33095,1000000,1500000
2019-06-13 12:29:28.893000,1.33104,1.33095,1000000,1500000
2019-06-13 12:29:32.144000,1.33104,1.33095,2100000,1000000
2019-06-13 12:29:32.804000,1.33104,1.33093,2100000,1000000
2019-06-13 12:29:44.378000,1.33104,1.33092,2100000,1000000
2019-06-13 12:29:44.583000,1.33104,1.33092,2100000,1000000
2019-06-13 12:29:45.262000,1.33104,1.33091,1600000,1000000
2019-06-13 12:29:45.376000,1.33104,1.3309,1600000,1200000
2019-06-13 12:29:46.110000,1.33104,1.33089,1600000,1010000
2019-06-13 12:29:46.237000,1.33104,1.33089,1720000,2290000
2019-06-13 12:29:46.357000,1.33097,1.33088,1000000,1250000
2019-06-13 12:29:46.459000,1.33091,1.33086,1200000,2250000
2019-06-13 12:29:46.510000,1.33088,1.3308,1000000,1000000
2019-06-13 12:29:46.561000,1.33089,1.33077,1500000,1000000
2019-06-13 12:29:46.771000,1.3309,1.33077,1000000,2660000
2019-06-13 12:29:46.873000,1.33085,1.33076,1000000,1000000
2019-06-13 12:29:46.924000,1.33089,1.33076,1000000,1950000
2019-06-13 12:29:47.026000,1.33091,1.33076,1600000,3570000
2019-06-13 12:29:47.138000,1.33091,1.33077,1000000,1100000
2019-06-13 12:29:47.190000,1.33092,1.3308,1200000,2250000
2019-06-13 12:29:47.292000,1.33092,1.33078,1000000,1220000
2019-06-13 12:29:47.547000,1.33094,1.33079,2850000,1200000
2019-06-13 12:29:47.649000,1.33094,1.33079,2070000,1220000
2019-06-13 12:29:48.054000,1.33097,1.33086,1620000,1870000
2019-06-13 12:29:48.106000,1.33098,1.33085,1000000,2370000
2019-06-13 12:29:48.157000,1.331,1.33086,1120000,1870000
2019-06-13 12:29:48.208000,1.331,1.33087,1000000,4000000
2019-06-13 12:29:48.259000,1.33102,1.33087,1000000,1870000
2019-06-13 12:29:48.310000,1.33104,1.33089,1870000,1000000
2019-06-13 12:29:48.419000,1.33104,1.3309,1120000,1000000
2019-06-13 12:29:48.545000,1.33104,1.33089,1120000,3000000
2019-06-13 12:29:49.116000,1.33104,1.3309,1120000,1000000
2019-06-13 12:29:49.218000,1.33104,1.3309,1500000,1000000
2019-06-13 12:29:50.064000,1.33106,1.33091,1870000,1000000
2019-06-13 12:29:51.394000,1.33106,1.33089,1000000,1200000
2019-06-13 12:29:52.213000,1.33107,1.33094,1120000,2250000
2019-06-13 12:29:52.354000,1.3311,1.331,1000000,1000000
2019-06-13 12:29:52.405000,1.33115,1.331,1570000,1000000
2019-06-13 12:29:52.457000,1.33113,1.331,1000000,1000000
2019-06-13 12:29:52.559000,1.33113,1.33099,1000000,2320000
2019-06-13 12:29:52.661000,1.33113,1.331,1000000,1500000
2019-06-13 12:29:53.486000,1.33114,1.331,1000000,1500000
2019-06-13 12:29:54.240000,1.33113,1.33099,1000000,2250000
2019-06-13 12:29:54.342000,1.3311,1.33098,1000000,1000000
2019-06-13 12:29:54.393000,1.33112,1.33095,1000000,1000000
2019-06-13 12:29:54.596000,1.33111,1.33095,1000000,1000000
2019-06-13 12:29:54.798000,1.33112,1.33095,1000000,1100000
2019-06-13 12:29:55.064000,1.33112,1.33093,1000000,1000000
2019-06-13 12:29:55.116000,1.33114,1.33092,1000000,1000000
2019-06-13 12:29:55.268000,1.33116,1.33092,1870000,1000000
2019-06-13 12:29:55.535000,1.33115,1.33093,1600000,1100000
2019-06-13 12:29:55.587000,1.33116,1.33092,1500000,1000000
2019-06-13 12:29:55.689000,1.33115,1.33092,1000000,1000000
2019-06-13 12:29:56.521000,1.33114,1.33092,1000000,1000000
2019-06-13 12:29:56.904000,1.33114,1.33091,1000000,1000000
2019-06-13 12:29:57.875000,1.33115,1.33091,1000000,1000000
2019-06-13 12:29:58.075000,1.33111,1.33093,1000000,1000000
2019-06-13 12:29:58.158000,1.3311,1.33091,1000000,1000000
2019-06-13 12:29:58.260000,1.33116,1.33092,1870000,1000000
2019-06-13 12:29:58.577000,1.33116,1.33095,1000000,1000000
2019-06-13 12:29:58.729000,1.33115,1.33093,1000000,1000000
2019-06-13 12:29:59.136000,1.33107,1.33091,1000000,1000000
2019-06-13 12:29:59.269000,1.33106,1.3309,1000000,1100000
2019-06-13 12:29:59.371000,1.33107,1.3309,1100000,1000000
2019-06-13 12:29:59.523000,1.33107,1.33087,1500000,2100000
2019-06-13 12:29:59.962000,1.33112,1.33084,1620000,2250000
2019-06-13 12:30:00.100000,1.33111,1.33083,1500000,4000000
2019-06-13 12:30:00.152000,1.33103,1.33083,1000000,1250000
2019-06-13 12:30:00.203000,1.33107,1.33083,1000000,1250000
2019-06-13 12:30:00.254000,1.33107,1.33083,1500000,1000000
2019-06-13 12:30:00.383000,1.33108,1.33082,1500000,1000000
2019-06-13 12:30:00.750000,1.33108,1.33084,1500000,1000000
2019-06-13 12:30:00.852000,1.33108,1.33084,1620000,1000000
2019-06-13 12:30:01.056000,1.33107,1.33082,1250000,1000000
2019-06-13 12:30:01.502000,1.33106,1.33082,3120000,1000000
2019-06-13 12:30:02.187000,1.33104,1.33084,1120000,1000000
2019-06-13 12:30:02.348000,1.33104,1.33077,1120000,2180000
2019-06-13 12:30:02.697000,1.33102,1.33082,1500000,1000000
2019-06-13 12:30:02.748000,1.33103,1.3308,1000000,1870000
2019-06-13 12:30:03.065000,1.33102,1.33084,1600000,1600000
2019-06-13 12:30:03.215000,1.33102,1.33082,1720000,2100000
2019-06-13 12:30:03.565000,1.33102,1.33083,1970000,1600000
2019-06-13 12:30:03.666000,1.33102,1.33082,2100000,2470000
2019-06-13 12:30:04.115000,1.33102,1.33084,1720000,1600000
2019-06-13 12:30:04.654000,1.33102,1.33084,1200000,2850000
2019-06-13 12:30:05.631000,1.33102,1.33086,1000000,1220000
2019-06-13 12:30:05.734000,1.33102,1.33086,1100000,1950000
2019-06-13 12:30:05.837000,1.33102,1.33086,1000000,2350000
2019-06-13 12:30:06.409000,1.33103,1.33089,1500000,1000000
2019-06-13 12:30:06.510000,1.33104,1.3309,1100000,1000000
2019-06-13 12:30:06.727000,1.33104,1.33089,1100000,1120000
2019-06-13 12:30:07.026000,1.33104,1.33089,1100000,1500000
2019-06-13 12:30:08.109000,1.33104,1.33089,1570000,1000000
2019-06-13 12:30:09.481000,1.33104,1.33088,2320000,1570000
2019-06-13 12:30:10.329000,1.33104,1.33088,2720000,1120000
2019-06-13 12:30:11.693000,1.33103,1.33088,1220000,1570000
2019-06-13 12:30:14.251000,1.33103,1.33091,1220000,1000000
2019-06-13 12:30:23.979000,1.33103,1.33091,2700000,1000000
2019-06-13 12:30:24.474000,1.33101,1.33091,1000000,1000000
2019-06-13 12:30:26.455000,1.33103,1.33091,2720000,1000000
2019-06-13 12:30:28.841000,1.33102,1.33091,1220000,1000000
2019-06-13 12:30:31.668000,1.33102,1.33091,1000000,1000000
2019-06-13 12:30:33.344000,1.33103,1.33091,3070000,1000000
2019-06-13 12:30:33.578000,1.33103,1.33095,1950000,1000000
2019-06-13 12:30:33.629000,1.33105,1.33095,1000000,1000000
2019-06-13 12:30:33.681000,1.33107,1.33096,1500000,1120000
2019-06-13 12:30:33.783000,1.33106,1.33096,1000000,1220000
2019-06-13 12:30:33.885000,1.33106,1.33096,1000000,1000000
2019-06-13 12:30:34.139000,1.33106,1.33094,1000000,1500000
2019-06-13 12:30:34.301000,1.33105,1.33093,1000000,1570000
2019-06-13 12:30:34.454000,1.33104,1.33092,1000000,1200000
2019-06-13 12:30:35.749000,1.33104,1.33095,1000000,1500000
2019-06-13 12:30:35.852000,1.33105,1.33096,1000000,3000000
2019-06-13 12:30:35.953000,1.33107,1.33098,1000000,1000000
2019-06-13 12:30:41.998000,1.33106,1.33098,1000000,1000000
2019-06-13 12:30:42.100000,1.33106,1.33095,2320000,1690000
2019-06-13 12:30:42.253000,1.33106,1.33094,2320000,1250000
2019-06-13 12:30:42.355000,1.33105,1.33093,1000000,3250000
2019-06-13 12:30:42.456000,1.33105,1.33094,1000000,1010000
2019-06-13 12:30:43.190000,1.33105,1.33093,1500000,2510000
2019-06-13 12:30:44.762000,1.33105,1.33093,2250000,2660000
2019-06-13 12:30:44.864000,1.33105,1.33095,2250000,1000000
2019-06-13 12:30:45.068000,1.33105,1.33096,1500000,1000000
2019-06-13 12:30:45.964000,1.33106,1.33096,1000000,1000000
2019-06-13 12:30:46.378000,1.33108,1.33098,1970000,1000000
2019-06-13 12:30:46.481000,1.33108,1.33098,1500000,1000000
2019-06-13 12:30:47.823000,1.33109,1.33099,1000000,1000000
2019-06-13 12:30:47.940000,1.33111,1.331,2250000,1100000
2019-06-13 12:30:48.181000,1.3311,1.33099,1000000,3220000
2019-06-13 12:30:48.283000,1.3311,1.33099,1000000,1760000
2019-06-13 12:30:51.143000,1.33112,1.331,1570000,2320000
2019-06-13 12:30:51.246000,1.33112,1.33101,1500000,1000000
2019-06-13 12:30:51.618000,1.33112,1.33101,1500000,1970000
2019-06-13 12:30:51.719000,1.33112,1.33101,1000000,1200000
2019-06-13 12:30:52.291000,1.33112,1.33101,1000000,1600000
2019-06-13 12:30:55.632000,1.33113,1.33104,1000000,1000000
2019-06-13 12:30:55.962000,1.33115,1.33105,1500000,4570000
2019-06-13 12:30:56.013000,1.33115,1.3311,1000000,1000000
2019-06-13 12:30:56.064000,1.33121,1.33115,1200000,1000000
2019-06-13 12:30:56.115000,1.33123,1.33115,1000000,1000000
2019-06-13 12:30:56.166000,1.33126,1.33115,1100000,1500000
2019-06-13 12:30:56.452000,1.33127,1.33115,1700000,1950000
2019-06-13 12:30:56.605000,1.33127,1.33115,1570000,1000000
2019-06-13 12:30:56.707000,1.33126,1.33115,1000000,1000000
2019-06-13 12:30:56.758000,1.33125,1.33112,1000000,3850000
2019-06-13 12:30:56.859000,1.33125,1.33112,1000000,2700000
2019-06-13 12:30:56.961000,1.33124,1.33111,1500000,1970000
2019-06-13 12:30:57.063000,1.33124,1.33111,1870000,1950000
2019-06-13 12:30:57.371000,1.33123,1.33111,1100000,1200000
2019-06-13 12:30:57.473000,1.33124,1.33112,2350000,1000000
2019-06-13 12:30:57.575000,1.33124,1.33113,1000000,1000000
2019-06-13 12:30:58.038000,1.33124,1.33114,1000000,1000000
2019-06-13 12:31:00.794000,1.33124,1.33114,1000000,1220000
2019-06-13 12:31:00.943000,1.33124,1.33114,1000000,1200000
2019-06-13 12:31:01.045000,1.33124,1.33114,1000000,1220000
2019-06-13 12:31:01.147000,1.33124,1.33114,1000000,1200000
2019-06-13 12:31:01.515000,1.33124,1.33114,1000000,1220000
2019-06-13 12:31:02.812000,1.33124,1.33114,1000000,1000000
2019-06-13 12:31:03.139000,1.33124,1.33114,1000000,1220000
2019-06-13 12:31:03.240000,1.33124,1.33114,1000000,1200000
2019-06-13 12:31:03.451000,1.33124,1.33114,1000000,1220000
2019-06-13 12:31:03.567000,1.33124,1.33114,1000000,2100000
2019-06-13 12:31:04.088000,1.33125,1.33115,1000000,1600000
2019-06-13 12:31:04.190000,1.33125,1.33115,1000000,1000000
2019-06-13 12:31:04.731000,1.33124,1.33113,1000000,4720000
2019-06-13 12:31:05.536000,1.33125,1.33115,1500000,1220000
2019-06-13 12:31:05.948000,1.33123,1.33114,1000000,1200000
2019-06-13 12:31:06.059000,1.33121,1.33111,1000000,3970000
2019-06-13 12:31:06.162000,1.33121,1.33111,1000000,1200000
2019-06-13 12:31:06.756000,1.33119,1.3311,1000000,1220000
2019-06-13 12:31:07.437000,1.33118,1.33109,1000000,2850000
2019-06-13 12:31:07.589000,1.33118,1.33109,1000000,3970000
2019-06-13 12:31:07.741000,1.33118,1.3311,1000000,1600000
2019-06-13 12:31:07.843000,1.33118,1.33109,1000000,3220000
2019-06-13 12:31:09.544000,1.33119,1.33111,1000000,1600000
2019-06-13 12:31:09.748000,1.33121,1.33114,1000000,1000000
2019-06-13 12:31:10.195000,1.33121,1.33114,1000000,1220000
2019-06-13 12:31:11.016000,1.33124,1.33116,1500000,1000000
2019-06-13 12:31:11.577000,1.33125,1.33116,1000000,1100000
2019-06-13 12:31:11.629000,1.33125,1.33116,1000000,2470000
2019-06-13 12:31:11.732000,1.33128,1.33117,1000000,2100000
2019-06-13 12:31:11.855000,1.33129,1.33118,1000000,3850000
2019-06-13 12:31:11.907000,1.33131,1.33119,1000000,1600000
2019-06-13 12:31:11.958000,1.33131,1.3312,1000000,1600000
2019-06-13 12:31:12.131000,1.33134,1.33122,3750000,1000000
2019-06-13 12:31:12.233000,1.33134,1.33122,2250000,1970000
2019-06-13 12:31:13.053000,1.33132,1.33122,1000000,1970000
2019-06-13 12:31:13.155000,1.33132,1.33122,1000000,1950000
2019-06-13 12:31:13.837000,1.33133,1.33124,1000000,1000000
2019-06-13 12:31:13.939000,1.33135,1.33126,1000000,1100000
2019-06-13 12:31:14.387000,1.33135,1.33126,1000000,1220000
2019-06-13 12:31:14.490000,1.33135,1.33126,1000000,1000000
2019-06-13 12:31:14.670000,1.33135,1.33126,1000000,1220000
2019-06-13 12:31:16.146000,1.33136,1.33126,1120000,1220000
2019-06-13 12:31:17.285000,1.33135,1.33126,1000000,1600000
2019-06-13 12:31:17.887000,1.33138,1.33127,1500000,1100000
2019-06-13 12:31:17.989000,1.33138,1.33127,1000000,2850000
2019-06-13 12:31:18.139000,1.33139,1.33127,2250000,2850000
2019-06-13 12:31:18.241000,1.33139,1.33127,2250000,2100000
2019-06-13 12:31:18.343000,1.33139,1.33127,2250000,2850000
2019-06-13 12:31:18.567000,1.33139,1.33128,2250000,1600000
2019-06-13 12:31:18.787000,1.33139,1.33127,2250000,2720000
2019-06-13 12:31:19.369000,1.33139,1.33128,1000000,2850000
2019-06-13 12:31:19.471000,1.33136,1.33128,1000000,1000000
2019-06-13 12:31:19.674000,1.33136,1.33126,1000000,2350000
2019-06-13 12:31:19.913000,1.33136,1.33126,1000000,1950000
2019-06-13 12:31:22.743000,1.33135,1.33126,1000000,1570000
2019-06-13 12:31:23.094000,1.33138,1.33126,1120000,1950000
2019-06-13 12:31:24.781000,1.33137,1.33125,1000000,2100000
2019-06-13 12:31:24.883000,1.33137,1.33125,1000000,2850000
2019-06-13 12:31:26.229000,1.33137,1.33125,1000000,1950000
2019-06-13 12:31:26.417000,1.33137,1.33126,1000000,1000000
2019-06-13 12:31:28.202000,1.33137,1.33125,1500000,1950000
2019-06-13 12:31:29.251000,1.33138,1.33126,2250000,1100000
2019-06-13 12:31:29.529000,1.33137,1.33126,1000000,1100000
2019-06-13 12:31:34.177000,1.33137,1.33125,1500000,1950000
2019-06-13 12:31:34.279000,1.33137,1.33125,1500000,1970000
2019-06-13 12:31:34.381000,1.33137,1.33125,2250000,2700000
2019-06-13 12:31:35.222000,1.33133,1.33124,1000000,2100000
2019-06-13 12:31:35.273000,1.33131,1.33121,1000000,2370000
2019-06-13 12:31:35.324000,1.33129,1.33119,1000000,1600000
2019-06-13 12:31:35.426000,1.33128,1.33119,1000000,1100000
2019-06-13 12:31:36.603000,1.33129,1.33117,1000000,3600000
2019-06-13 12:31:36.713000,1.33128,1.33117,1000000,3970000
2019-06-13 12:31:36.904000,1.33128,1.33118,1000000,1600000
2019-06-13 12:31:37.159000,1.33129,1.33118,1000000,2100000
2019-06-13 12:31:37.363000,1.33129,1.33118,1000000,2470000
2019-06-13 12:31:37.691000,1.3313,1.33118,1000000,2470000
2019-06-13 12:31:37.794000,1.33128,1.33118,1000000,2850000
2019-06-13 12:31:37.896000,1.33128,1.33118,1000000,1220000
2019-06-13 12:31:40.757000,1.33131,1.33121,1120000,1000000
2019-06-13 12:31:41.444000,1.33132,1.33122,1000000,1000000
2019-06-13 12:31:41.495000,1.33133,1.33123,1500000,1220000
2019-06-13 12:31:41.597000,1.33134,1.33124,1500000,1570000
2019-06-13 12:31:41.749000,1.33134,1.33124,1000000,1970000
2019-06-13 12:31:42.545000,1.33135,1.33126,1000000,1100000
2019-06-13 12:31:42.646000,1.33137,1.33128,1000000,1000000
2019-06-13 12:31:42.748000,1.33139,1.33128,2250000,1200000
2019-06-13 12:31:42.799000,1.33139,1.3313,1500000,1000000
2019-06-13 12:31:43.002000,1.33139,1.33127,1500000,3600000
2019-06-13 12:31:43.104000,1.33139,1.33127,1500000,2720000
2019-06-13 12:31:48.836000,1.33139,1.33129,1000000,1000000
2019-06-13 12:31:48.975000,1.33147,1.33135,1500000,2850000
2019-06-13 12:31:49.077000,1.33147,1.33135,1500000,1970000
2019-06-13 12:31:50.342000,1.33147,1.33135,1500000,2100000
2019-06-13 12:31:50.444000,1.33147,1.33135,1500000,1600000
2019-06-13 12:31:50.596000,1.33144,1.33135,1000000,1600000
2019-06-13 12:31:52.334000,1.33144,1.33135,1000000,1200000
2019-06-13 12:31:53.260000,1.33144,1.33135,1000000,5100000
2019-06-13 12:31:53.362000,1.33149,1.33141,2250000,1100000
2019-06-13 12:31:53.514000,1.3315,1.33141,1000000,1200000
2019-06-13 12:31:53.616000,1.33149,1.33141,1000000,1950000
2019-06-13 12:31:53.718000,1.3315,1.33141,1000000,1950000
2019-06-13 12:31:55.126000,1.33147,1.33141,1000000,1570000
2019-06-13 12:31:55.228000,1.33147,1.33138,1000000,3220000
2019-06-13 12:31:55.279000,1.33147,1.33138,1000000,2320000
2019-06-13 12:31:55.483000,1.33147,1.33137,1000000,2850000
2019-06-13 12:31:55.584000,1.33147,1.33137,1000000,1720000
2019-06-13 12:31:55.737000,1.33146,1.33137,1000000,1720000
2019-06-13 12:31:56.086000,1.33145,1.33136,1500000,1600000
2019-06-13 12:31:56.138000,1.33144,1.33134,1000000,4350000
2019-06-13 12:31:56.240000,1.33144,1.33134,1000000,1570000
2019-06-13 12:31:56.342000,1.3314,1.33132,1000000,1100000
2019-06-13 12:31:56.495000,1.3314,1.33131,1000000,1220000
2019-06-13 12:31:56.649000,1.33141,1.33133,1000000,1000000
2019-06-13 12:31:56.751000,1.33142,1.33133,1000000,1200000
2019-06-13 12:31:56.852000,1.33143,1.33133,1000000,2100000
2019-06-13 12:31:57.339000,1.33143,1.33133,1000000,1200000
2019-06-13 12:31:58.564000,1.33143,1.33133,1000000,2100000
2019-06-13 12:31:58.666000,1.33143,1.33133,1000000,1200000
2019-06-13 12:31:59.260000,1.33139,1.33132,1000000,1500000
2019-06-13 12:31:59.413000,1.33141,1.33132,1000000,1000000
2019-06-13 12:31:59.972000,1.33141,1.33131,1000000,1100000
2019-06-13 12:32:00.073000,1.33139,1.33131,1000000,1000000
2019-06-13 12:32:00.175000,1.33138,1.33131,1000000,1000000
2019-06-13 12:32:00.226000,1.33138,1.33129,1000000,1000000
2019-06-13 12:32:00.328000,1.3314,1.33132,1500000,1000000
2019-06-13 12:32:00.430000,1.33143,1.33133,1200000,1500000
2019-06-13 12:32:01.440000,1.33142,1.33133,1000000,1500000
2019-06-13 12:32:06.139000,1.3314,1.33133,1000000,1000000
2019-06-13 12:32:06.254000,1.3314,1.33132,1000000,1500000
2019-06-13 12:32:06.307000,1.33137,1.33127,1500000,1000000
2019-06-13 12:32:06.358000,1.33137,1.33125,2100000,2440000
2019-06-13 12:32:06.459000,1.33133,1.33125,1000000,1500000
2019-06-13 12:32:06.638000,1.33133,1.33126,1000000,1000000
2019-06-13 12:32:07.451000,1.33135,1.33126,1000000,1000000
2019-06-13 12:32:08.095000,1.33134,1.33125,1000000,1500000
2019-06-13 12:32:08.470000,1.33134,1.33127,1000000,1000000
2019-06-13 12:32:08.673000,1.33135,1.33127,1000000,1000000
2019-06-13 12:32:09.110000,1.33135,1.33125,1000000,1500000
2019-06-13 12:32:11.712000,1.33134,1.33125,1000000,1500000
2019-06-13 12:32:12.431000,1.33135,1.33125,1000000,1500000
2019-06-13 12:32:16.142000,1.33136,1.33125,1000000,1500000
2019-06-13 12:32:16.992000,1.33134,1.33125,1000000,1500000
2019-06-13 12:32:18.214000,1.33135,1.33125,1000000,1500000
2019-06-13 12:32:24.430000,1.33136,1.33125,1000000,1100000
2019-06-13 12:32:28.008000,1.33137,1.33125,1570000,1950000
2019-06-13 12:32:29.333000,1.33137,1.33127,1500000,1000000
2019-06-13 12:32:29.775000,1.33137,1.33125,1500000,1500000
2019-06-13 12:32:30.780000,1.33136,1.33125,1000000,1500000
2019-06-13 12:32:32.252000,1.33136,1.33127,1000000,1000000
2019-06-13 12:32:32.354000,1.33137,1.33127,1100000,1000000
2019-06-13 12:32:32.463000,1.33139,1.33129,2320000,1000000
2019-06-13 12:32:32.566000,1.3314,1.33131,1000000,1500000
2019-06-13 12:32:32.617000,1.33142,1.33131,1000000,1000000
2019-06-13 12:32:33.853000,1.33143,1.33131,2250000,2620000
2019-06-13 12:32:37.012000,1.33145,1.33136,1200000,1000000
2019-06-13 12:32:37.114000,1.33143,1.33133,1000000,1500000
2019-06-13 12:32:37.800000,1.33143,1.33131,2250000,3370000
2019-06-13 12:32:37.902000,1.33141,1.3313,1100000,1500000
2019-06-13 12:32:38.055000,1.33143,1.33133,1570000,1000000
2019-06-13 12:32:38.157000,1.33144,1.33133,1000000,1870000
2019-06-13 12:32:39.285000,1.33143,1.33133,1000000,1870000
2019-06-13 12:32:40.444000,1.33142,1.33133,1000000,1870000
2019-06-13 12:32:42.855000,1.33142,1.33134,1000000,1000000
2019-06-13 12:32:45.251000,1.33146,1.33135,1870000,4800000
2019-06-13 12:32:45.303000,1.33148,1.3314,1600000,1000000
2019-06-13 12:32:45.405000,1.3315,1.33143,1000000,1000000
2019-06-13 12:32:45.455000,1.33152,1.33143,1500000,1000000
2019-06-13 12:32:45.608000,1.33152,1.33142,1500000,1000000
2019-06-13 12:32:46.624000,1.3315,1.33142,1000000,1000000
2019-06-13 12:32:48.968000,1.33152,1.33142,1500000,1000000
2019-06-13 12:32:50.344000,1.33152,1.33141,1500000,1100000
2019-06-13 12:32:50.395000,1.3315,1.3314,1500000,1220000
2019-06-13 12:32:50.497000,1.3315,1.33138,1500000,1600000
2019-06-13 12:32:50.598000,1.33149,1.33138,1000000,1220000
2019-06-13 12:32:51.740000,1.33149,1.33138,1500000,1100000
2019-06-13 12:32:52.967000,1.33149,1.33138,1500000,2100000
2019-06-13 12:32:54.548000,1.33149,1.33138,1000000,1600000
2019-06-13 12:33:00.197000,1.33148,1.33137,1000000,2470000
2019-06-13 12:33:00.248000,1.33147,1.33137,1500000,1000000
2019-06-13 12:33:00.350000,1.33146,1.33135,1500000,1100000
2019-06-13 12:33:00.452000,1.33145,1.33134,1120000,1200000
2019-06-13 12:33:00.814000,1.33145,1.33134,1120000,1220000
2019-06-13 12:33:00.916000,1.33145,1.33134,1000000,1950000
2019-06-13 12:33:01.018000,1.33145,1.33134,1000000,1970000
2019-06-13 12:33:01.151000,1.33145,1.33134,1000000,1500000
2019-06-13 12:33:01.254000,1.33145,1.33134,1000000,2100000
2019-06-13 12:33:02.039000,1.33145,1.33136,1000000,1000000
2019-06-13 12:33:02.613000,1.33146,1.33136,1500000,1000000
2019-06-13 12:33:02.940000,1.33145,1.33136,1000000,1000000
2019-06-13 12:33:03.073000,1.33145,1.33135,1500000,1100000
2019-06-13 12:33:06.336000,1.33145,1.33135,1500000,1220000
2019-06-13 12:33:08.643000,1.33145,1.33135,1500000,1200000
2019-06-13 12:33:08.948000,1.33146,1.33135,1000000,1200000
2019-06-13 12:33:09.122000,1.33146,1.33135,1000000,1220000
2019-06-13 12:33:09.330000,1.33146,1.33135,1000000,1200000
2019-06-13 12:33:10.482000,1.33145,1.33135,1000000,1220000
2019-06-13 12:33:10.585000,1.33145,1.33135,1000000,1200000
2019-06-13 12:33:10.687000,1.33145,1.33135,1000000,1220000
2019-06-13 12:33:11.322000,1.33145,1.33137,1000000,1000000
2019-06-13 12:33:11.585000,1.33146,1.33137,1000000,1000000
2019-06-13 12:33:12.385000,1.33146,1.33135,1000000,1100000
2019-06-13 12:33:12.486000,1.33145,1.33135,1000000,1200000
2019-06-13 12:33:14.766000,1.33145,1.33135,1500000,1220000
2019-06-13 12:33:15.114000,1.33145,1.33135,1500000,1200000
2019-06-13 12:33:17.220000,1.33143,1.33135,1000000,1000000
2019-06-13 12:33:18.268000,1.33145,1.33135,1000000,1000000
2019-06-13 12:33:19.370000,1.33144,1.33135,1000000,1000000
2019-06-13 12:33:21.060000,1.33142,1.33133,2250000,1200000
2019-06-13 12:33:21.209000,1.33138,1.33128,1500000,1600000
2019-06-13 12:33:21.311000,1.33136,1.33127,1000000,1220000
2019-06-13 12:33:21.413000,1.33136,1.33127,1000000,1200000
2019-06-13 12:33:21.514000,1.33135,1.33127,1000000,1200000
2019-06-13 12:33:22.618000,1.33134,1.33127,1000000,1200000
2019-06-13 12:33:22.990000,1.33133,1.33125,1000000,1600000
2019-06-13 12:33:23.144000,1.33131,1.33122,1000000,1200000
2019-06-13 12:33:23.245000,1.33131,1.33121,1000000,1100000
2019-06-13 12:33:23.781000,1.33131,1.33122,1000000,1000000
2019-06-13 12:33:27.634000,1.33128,1.33119,1500000,2100000
2019-06-13 12:33:27.735000,1.33128,1.33118,2620000,1100000
2019-06-13 12:33:28.587000,1.33128,1.33119,1000000,1000000
2019-06-13 12:33:28.689000,1.3313,1.33119,1000000,1220000
2019-06-13 12:33:29.484000,1.33129,1.33119,1120000,1220000
2019-06-13 12:33:29.586000,1.33129,1.33118,1120000,1200000
2019-06-13 12:33:30.129000,1.33129,1.33118,1000000,1220000
2019-06-13 12:33:30.282000,1.33129,1.3312,1000000,1000000
2019-06-13 12:33:30.435000,1.33129,1.33119,1500000,1200000
2019-06-13 12:33:30.791000,1.33129,1.33119,1500000,1600000
2019-06-13 12:33:31.097000,1.33129,1.33119,1500000,1200000
2019-06-13 12:33:31.607000,1.33129,1.33119,1500000,1600000
2019-06-13 12:33:31.761000,1.33129,1.33121,1000000,1000000
2019-06-13 12:33:31.863000,1.3313,1.33121,1000000,1220000
2019-06-13 12:33:32.247000,1.3313,1.33121,1000000,2320000
2019-06-13 12:33:32.450000,1.33131,1.33121,1000000,1950000
2019-06-13 12:33:32.891000,1.33132,1.33122,1000000,1220000
2019-06-13 12:33:33.003000,1.33132,1.33122,1000000,1200000
2019-06-13 12:33:33.665000,1.33133,1.33122,1000000,1100000
2019-06-13 12:33:35.460000,1.33132,1.3312,1000000,4350000
2019-06-13 12:33:35.561000,1.33132,1.3312,1000000,5470000
2019-06-13 12:33:35.709000,1.33132,1.3312,1000000,3600000
2019-06-13 12:33:35.882000,1.33132,1.3312,1000000,3600000
2019-06-13 12:33:35.984000,1.33131,1.3312,1000000,4720000
2019-06-13 12:33:36.834000,1.33131,1.3312,1000000,1950000
2019-06-13 12:33:36.988000,1.3313,1.33119,1000000,1970000
2019-06-13 12:33:37.140000,1.33129,1.33118,1000000,2700000
2019-06-13 12:33:37.546000,1.33129,1.33118,1000000,2720000
2019-06-13 12:33:37.648000,1.33129,1.33118,1000000,2250000
2019-06-13 12:33:40.475000,1.33129,1.33119,1000000,1000000
2019-06-13 12:33:41.121000,1.33126,1.33117,1000000,2700000
2019-06-13 12:33:41.222000,1.33126,1.33116,1500000,3000000
2019-06-13 12:33:41.324000,1.33124,1.33116,1000000,2250000
2019-06-13 12:33:41.476000,1.33125,1.33116,1000000,1500000
2019-06-13 12:33:41.966000,1.33127,1.33116,1000000,1500000
2019-06-13 12:33:42.067000,1.33127,1.33116,1000000,1970000
2019-06-13 12:33:42.169000,1.33127,1.33116,1000000,1500000
2019-06-13 12:33:43.319000,1.33126,1.33116,1000000,1500000
2019-06-13 12:33:43.472000,1.33126,1.33117,1000000,1000000
2019-06-13 12:33:43.740000,1.33128,1.33117,1000000,1500000
2019-06-13 12:33:44.772000,1.33126,1.33117,1000000,1000000
2019-06-13 12:33:45.575000,1.33127,1.33117,1000000,1000000
2019-06-13 12:33:46.753000,1.33125,1.33117,1000000,1000000
2019-06-13 12:33:49.265000,1.33127,1.33117,1000000,1000000
2019-06-13 12:33:49.978000,1.33128,1.33117,1500000,1500000
2019-06-13 12:33:51.868000,1.33127,1.33117,1000000,1950000
2019-06-13 12:33:53.067000,1.33129,1.33118,1000000,1000000
2019-06-13 12:33:53.169000,1.33129,1.33119,1000000,1000000
2019-06-13 12:33:53.473000,1.33128,1.33119,1000000,1500000
2019-06-13 12:33:54.681000,1.33129,1.33119,1000000,1500000
2019-06-13 12:33:54.789000,1.33129,1.3312,1000000,1000000
2019-06-13 12:33:55.638000,1.33129,1.33123,1000000,1000000
2019-06-13 12:33:55.690000,1.33132,1.33122,1000000,1000000
2019-06-13 12:33:55.793000,1.33132,1.33123,1000000,1500000
2019-06-13 12:33:56.816000,1.33134,1.33123,1120000,1500000
2019-06-13 12:33:58.597000,1.33134,1.33124,1000000,1000000
2019-06-13 12:33:58.648000,1.33137,1.33127,2350000,1000000
2019-06-13 12:33:58.782000,1.33138,1.33128,2140000,1500000
2019-06-13 12:33:59.087000,1.33139,1.33129,2250000,1000000
2019-06-13 12:33:59.470000,1.33138,1.33129,1000000,1200000
2019-06-13 12:33:59.624000,1.33139,1.33129,2250000,1200000
2019-06-13 12:34:00.359000,1.33139,1.33128,2250000,1200000
2019-06-13 12:34:00.772000,1.33138,1.33128,1000000,1950000
2019-06-13 12:34:00.823000,1.33138,1.3313,1000000,1000000
2019-06-13 12:34:01.594000,1.33138,1.33129,1000000,1000000
2019-06-13 12:34:01.699000,1.33138,1.33128,1000000,2250000
2019-06-13 12:34:01.801000,1.33138,1.33129,1000000,1870000
2019-06-13 12:34:01.902000,1.33139,1.33129,1000000,2700000
2019-06-13 12:34:03.461000,1.3314,1.33129,1000000,2700000
2019-06-13 12:34:04.623000,1.33139,1.33129,1000000,2700000
2019-06-13 12:34:05.405000,1.33139,1.33129,1000000,2720000
2019-06-13 12:34:05.507000,1.33139,1.33129,1000000,1950000
2019-06-13 12:34:05.857000,1.33138,1.33129,1000000,2700000
2019-06-13 12:34:07.096000,1.3314,1.33129,1120000,1950000
2019-06-13 12:34:07.684000,1.33139,1.33128,1000000,1870000
2019-06-13 12:34:08.711000,1.33139,1.3313,1000000,1500000
2019-06-13 12:34:09.481000,1.3314,1.3313,1000000,1500000
2019-06-13 12:34:12,1.33141,1.33132,1000000,1500000
2019-06-13 12:34:12.152000,1.33144,1.33132,1950000,1570000
2019-06-13 12:34:15.226000,1.33144,1.33132,4220000,2250000
2019-06-13 12:34:15.327000,1.33142,1.33132,1000000,1500000
2019-06-13 12:34:15.517000,1.33143,1.33132,1100000,1500000
2019-06-13 12:34:16.726000,1.33144,1.33132,2620000,1000000
2019-06-13 12:34:17.815000,1.33143,1.33132,1000000,1000000
2019-06-13 12:34:20.660000,1.33143,1.33131,3560000,1500000
2019-06-13 12:34:20.761000,1.33141,1.33131,1000000,1000000
2019-06-13 12:34:20.863000,1.33141,1.33129,2250000,1950000
2019-06-13 12:34:20.965000,1.3314,1.33129,1100000,1120000
2019-06-13 12:34:22.126000,1.33138,1.33129,1000000,1000000
2019-06-13 12:34:22.227000,1.33138,1.33128,1000000,1000000
2019-06-13 12:34:22.617000,1.33139,1.33128,1000000,1100000
2019-06-13 12:34:22.820000,1.33138,1.33127,1500000,1500000
2019-06-13 12:34:23.170000,1.33137,1.33127,1500000,1000000
2019-06-13 12:34:23.273000,1.33135,1.33124,2620000,1500000
2019-06-13 12:34:23.425000,1.33134,1.33124,1000000,1500000
2019-06-13 12:34:24.093000,1.33131,1.33122,1500000,1100000
2019-06-13 12:34:24.195000,1.33128,1.33119,1000000,1600000
2019-06-13 12:34:24.246000,1.33128,1.33119,1000000,1000000
2019-06-13 12:34:25.566000,1.33129,1.33119,1500000,1000000
2019-06-13 12:34:26.518000,1.33129,1.33118,1000000,1570000
2019-06-13 12:34:26.619000,1.3313,1.33119,1000000,2250000
2019-06-13 12:34:26.671000,1.33133,1.33126,1600000,1000000
2019-06-13 12:34:26.722000,1.33134,1.33126,1100000,1000000
2019-06-13 12:34:26.833000,1.33136,1.33126,1870000,1120000
2019-06-13 12:34:27.087000,1.33136,1.33125,1500000,1500000
2019-06-13 12:34:27.189000,1.33136,1.33124,1500000,1500000
2019-06-13 12:34:28.532000,1.33134,1.33123,2250000,1100000
2019-06-13 12:34:28.654000,1.33131,1.33121,1000000,2350000
2019-06-13 12:34:28.857000,1.33131,1.33121,1500000,1000000
2019-06-13 12:34:31.889000,1.3313,1.33118,1500000,3600000
2019-06-13 12:34:31.991000,1.33129,1.33118,2320000,1500000
2019-06-13 12:34:32.176000,1.33129,1.33117,3000000,2250000
2019-06-13 12:34:32.278000,1.33128,1.33117,1000000,1000000
2019-06-13 12:34:32.379000,1.33127,1.33116,1000000,2250000
2019-06-13 12:34:32.481000,1.33126,1.33116,1000000,1500000
2019-06-13 12:34:32.532000,1.33128,1.33118,1000000,1500000
2019-06-13 12:34:32.634000,1.3313,1.33118,2250000,2000000
2019-06-13 12:34:32.735000,1.3313,1.33118,2700000,1500000
2019-06-13 12:34:32.786000,1.33128,1.33117,1000000,2250000
2019-06-13 12:34:33.317000,1.33128,1.33118,1000000,1000000
2019-06-13 12:34:33.419000,1.3313,1.33119,1570000,1000000
2019-06-13 12:34:35.379000,1.33132,1.33121,1120000,1500000
2019-06-13 12:34:35.481000,1.33132,1.33122,1000000,1000000
2019-06-13 12:34:35.963000,1.33134,1.33125,1000000,1000000
2019-06-13 12:34:36.065000,1.33136,1.33127,1600000,1000000
2019-06-13 12:34:36.149000,1.33137,1.33127,1100000,1000000
2019-06-13 12:34:37.341000,1.33136,1.33126,1000000,1500000
2019-06-13 12:34:42.139000,1.33138,1.33128,1000000,1000000
2019-06-13 12:34:42.241000,1.33139,1.33128,1000000,1120000
2019-06-13 12:34:42.342000,1.33139,1.33129,1000000,1000000
2019-06-13 12:34:42.444000,1.33138,1.33129,1000000,1000000
2019-06-13 12:34:44.247000,1.3314,1.3313,1000000,1000000
2019-06-13 12:34:44.298000,1.33143,1.33134,1220000,2000000
2019-06-13 12:34:44.401000,1.3315,1.33141,1000000,1120000
2019-06-13 12:34:44.552000,1.33151,1.33141,1000000,3370000
2019-06-13 12:34:44.654000,1.33149,1.33142,1000000,1500000
2019-06-13 12:34:44.706000,1.33152,1.33142,1500000,1000000
2019-06-13 12:34:44.808000,1.3315,1.33141,2250000,1500000
2019-06-13 12:34:44.967000,1.3315,1.33139,1000000,1120000
2019-06-13 12:34:45.071000,1.33149,1.33139,1500000,1200000
2019-06-13 12:34:48.518000,1.33148,1.33139,1000000,1000000
2019-06-13 12:34:49.849000,1.33149,1.33139,1500000,1000000
2019-06-13 12:34:54.196000,1.33149,1.3314,1000000,1500000
2019-06-13 12:34:54.323000,1.3315,1.3314,1000000,1000000
2019-06-13 12:34:54.427000,1.33151,1.3314,1000000,1000000
2019-06-13 12:34:54.974000,1.33149,1.3314,1000000,1000000
2019-06-13 12:34:55.076000,1.33148,1.33138,1000000,1000000
2019-06-13 12:34:55.178000,1.33148,1.33137,1000000,6000000
2019-06-13 12:34:55.455000,1.33149,1.33137,1870000,3820000
2019-06-13 12:34:56.229000,1.33149,1.33137,1500000,5350000
2019-06-13 12:34:56.331000,1.33149,1.33137,1500000,7570000
2019-06-13 12:34:58.100000,1.33149,1.33138,2620000,1000000
2019-06-13 12:34:58.309000,1.33147,1.33137,1000000,1000000
2019-06-13 12:35:00.392000,1.33149,1.33139,2250000,1000000
2019-06-13 12:35:00.904000,1.3315,1.33139,1950000,1000000
2019-06-13 12:35:01.006000,1.3315,1.33141,1000000,1000000
2019-06-13 12:35:01.108000,1.33151,1.33141,1000000,1100000
2019-06-13 12:35:02.107000,1.33151,1.3314,1000000,2320000
2019-06-13 12:35:02.842000,1.33152,1.33143,1000000,1500000
2019-06-13 12:35:03.526000,1.33155,1.33149,1570000,1000000
2019-06-13 12:35:03.644000,1.33158,1.33146,1100000,2250000
2019-06-13 12:35:03.695000,1.3316,1.33149,2850000,1000000
2019-06-13 12:35:03.797000,1.3316,1.33149,1200000,1000000
2019-06-13 12:35:03.899000,1.3316,1.33149,1000000,1000000
2019-06-13 12:35:04.471000,1.33159,1.3315,1000000,1500000
2019-06-13 12:35:04.576000,1.33159,1.33149,1500000,1000000
2019-06-13 12:35:04.728000,1.33159,1.33148,1000000,3450000
2019-06-13 12:35:05.009000,1.33159,1.33149,1000000,1500000
2019-06-13 12:35:05.212000,1.33159,1.3315,1000000,1000000
2019-06-13 12:35:05.415000,1.33159,1.33149,1000000,1000000
2019-06-13 12:35:07.225000,1.33159,1.3315,1000000,1500000
2019-06-13 12:35:07.478000,1.33159,1.33149,1000000,1000000
2019-06-13 12:35:07.722000,1.33159,1.3315,1000000,1000000
2019-06-13 12:35:10.549000,1.33157,1.3315,1000000,1000000
2019-06-13 12:35:11.755000,1.33159,1.33151,1500000,1000000
2019-06-13 12:35:11.857000,1.33161,1.33155,1000000,1000000
2019-06-13 12:35:11.959000,1.33161,1.33154,1000000,1000000
2019-06-13 12:35:12.112000,1.33162,1.33154,1000000,1000000
2019-06-13 12:35:14.400000,1.33161,1.33154,1000000,2700000
2019-06-13 12:35:14.503000,1.33166,1.33159,1000000,1000000
2019-06-13 12:35:14.554000,1.33169,1.33159,2100000,1000000
2019-06-13 12:35:14.656000,1.33169,1.33159,1000000,1500000
2019-06-13 12:35:14.707000,1.33172,1.3316,1100000,2250000
2019-06-13 12:35:14.758000,1.33173,1.33162,2720000,1000000
2019-06-13 12:35:14.878000,1.33173,1.33163,1000000,2320000
2019-06-13 12:35:14.981000,1.33174,1.33163,1000000,1500000
2019-06-13 12:35:15.235000,1.33174,1.33164,1500000,1000000
2019-06-13 12:35:15.506000,1.33173,1.33164,1000000,1000000
2019-06-13 12:35:15.709000,1.33173,1.33163,1500000,1500000
2019-06-13 12:35:16.598000,1.33171,1.33161,1000000,2850000
2019-06-13 12:35:16.655000,1.33171,1.33161,1000000,1000000
2019-06-13 12:35:17.422000,1.33172,1.33161,1000000,1000000
2019-06-13 12:35:17.676000,1.33171,1.33161,1000000,1000000
2019-06-13 12:35:18.150000,1.33171,1.33162,1000000,1000000
2019-06-13 12:35:18.252000,1.33174,1.33163,1500000,1000000
2019-06-13 12:35:18.945000,1.33174,1.33165,1000000,1000000
2019-06-13 12:35:19.049000,1.33173,1.33164,1000000,1000000
2019-06-13 12:35:20.064000,1.33173,1.33163,1000000,1500000
2019-06-13 12:35:20.166000,1.33172,1.33162,1000000,1500000
2019-06-13 12:35:21.942000,1.33172,1.33163,1000000,1000000
2019-06-13 12:35:22.044000,1.33173,1.33166,1000000,1000000
2019-06-13 12:35:22.146000,1.33174,1.33166,1000000,1000000
2019-06-13 12:35:22.251000,1.33174,1.33165,1000000,1000000
2019-06-13 12:35:22.404000,1.33174,1.33164,1500000,1000000
2019-06-13 12:35:22.455000,1.33174,1.33162,1500000,2700000
2019-06-13 12:35:22.710000,1.33174,1.33163,1500000,1000000
2019-06-13 12:35:25.478000,1.33175,1.33163,1500000,1500000
2019-06-13 12:35:26.137000,1.33175,1.33163,1970000,3000000
2019-06-13 12:35:26.239000,1.33175,1.33163,1500000,1500000
2019-06-13 12:35:27.193000,1.33175,1.33163,1970000,2250000
2019-06-13 12:35:28.962000,1.33175,1.33163,2250000,1500000
2019-06-13 12:35:29.174000,1.33174,1.33164,1000000,1000000
2019-06-13 12:35:29.225000,1.33175,1.33166,2250000,1000000
2019-06-13 12:35:29.338000,1.33175,1.33164,2250000,1000000
2019-06-13 12:35:29.441000,1.33174,1.33163,1000000,2250000
2019-06-13 12:35:30.389000,1.33174,1.33164,1500000,1000000
2019-06-13 12:35:30.643000,1.33174,1.33166,1000000,1000000
2019-06-13 12:35:30.694000,1.33174,1.33164,1000000,1000000
2019-06-13 12:35:30.897000,1.33173,1.33164,1000000,1000000
2019-06-13 12:35:31.050000,1.33174,1.33166,1000000,1000000
2019-06-13 12:35:31.170000,1.33174,1.33165,1000000,1000000
2019-06-13 12:35:31.323000,1.33173,1.33163,1000000,1200000
2019-06-13 12:35:31.426000,1.3317,1.33161,1500000,3470000
2019-06-13 12:35:31.529000,1.33164,1.33158,1000000,1870000
2019-06-13 12:35:31.580000,1.33164,1.33155,1000000,1000000
2019-06-13 12:35:31.733000,1.33164,1.33154,1000000,1000000
2019-06-13 12:35:32.141000,1.33164,1.33155,1500000,1000000
2019-06-13 12:35:32.450000,1.33163,1.33155,1000000,1000000
2019-06-13 12:35:32.580000,1.33164,1.33154,1500000,1500000
2019-06-13 12:35:33.364000,1.33164,1.33156,1500000,1000000
2019-06-13 12:35:33.530000,1.33164,1.33155,1500000,1000000
2019-06-13 12:35:33.683000,1.33165,1.33154,1120000,3600000
2019-06-13 12:35:33.785000,1.33164,1.33154,1000000,1570000
2019-06-13 12:35:34.165000,1.33164,1.33156,1000000,1000000
2019-06-13 12:35:34.317000,1.33164,1.33155,1000000,1500000
2019-06-13 12:35:34.419000,1.33164,1.33157,1000000,1000000
2019-06-13 12:35:34.520000,1.33164,1.33155,1000000,1500000
2019-06-13 12:35:34.571000,1.33164,1.33153,1120000,3000000
2019-06-13 12:35:34.685000,1.3316,1.33154,1000000,1000000
2019-06-13 12:35:34.736000,1.3316,1.33152,1000000,1000000
2019-06-13 12:35:34.838000,1.3316,1.33151,1000000,1000000
2019-06-13 12:35:36.112000,1.3316,1.33149,1000000,3070000
2019-06-13 12:35:36.265000,1.3316,1.3315,1000000,1000000
2019-06-13 12:35:37.010000,1.33162,1.3315,2250000,2250000
2019-06-13 12:35:37.112000,1.33162,1.33151,2250000,1000000
2019-06-13 12:35:37.213000,1.33162,1.33152,2250000,1000000
2019-06-13 12:35:37.315000,1.33162,1.33151,2250000,1500000
2019-06-13 12:35:37.538000,1.33163,1.33153,1500000,1000000
2019-06-13 12:35:37.641000,1.33163,1.33154,1000000,1000000
2019-06-13 12:35:37.744000,1.33164,1.33154,1500000,1500000
2019-06-13 12:35:39.619000,1.33164,1.33153,1500000,1500000
2019-06-13 12:35:39.780000,1.33164,1.33154,1500000,1000000
2019-06-13 12:35:39.890000,1.33164,1.33154,2350000,1000000
2019-06-13 12:35:40.075000,1.33164,1.33153,3100000,1500000
2019-06-13 12:35:40.178000,1.33164,1.33153,3070000,1500000
2019-06-13 12:35:40.331000,1.33163,1.33153,1570000,1500000
2019-06-13 12:35:41.439000,1.33163,1.33152,1570000,3750000
2019-06-13 12:35:41.876000,1.33163,1.33154,1000000,1500000
2019-06-13 12:35:42.896000,1.33163,1.33153,2320000,1500000
2019-06-13 12:35:43.208000,1.33161,1.33152,1000000,2250000
2019-06-13 12:35:43.309000,1.33162,1.33153,1000000,1000000
2019-06-13 12:35:43.513000,1.33163,1.33153,1500000,1000000
2019-06-13 12:35:43.615000,1.33163,1.33152,1500000,3000000
2019-06-13 12:35:44.080000,1.33161,1.33152,1000000,2750000
2019-06-13 12:35:44.518000,1.33159,1.33152,1000000,1500000
2019-06-13 12:35:44.569000,1.33159,1.3315,1000000,1000000
2019-06-13 12:35:44.621000,1.33159,1.33148,2250000,1000000
2019-06-13 12:35:44.724000,1.33158,1.33147,1000000,1100000
2019-06-13 12:35:44.830000,1.33158,1.33146,1500000,2250000
2019-06-13 12:35:44.932000,1.33157,1.33145,1000000,1500000
2019-06-13 12:35:45.034000,1.33155,1.33145,1000000,2250000
2019-06-13 12:35:46.980000,1.33154,1.33145,1000000,1500000
2019-06-13 12:35:49.617000,1.33157,1.33145,1120000,1870000
2019-06-13 12:35:49.719000,1.33156,1.33146,1000000,1500000
2019-06-13 12:35:51.048000,1.33153,1.33145,1000000,3000000
2019-06-13 12:35:51.200000,1.33153,1.33143,1000000,3000000
2019-06-13 12:35:52.469000,1.33151,1.33142,1000000,1000000
2019-06-13 12:35:52.571000,1.33151,1.33141,1500000,3000000
2019-06-13 12:35:53.223000,1.33151,1.33142,1000000,1500000
2019-06-13 12:35:53.868000,1.33152,1.33142,1000000,1500000
2019-06-13 12:35:55.116000,1.33152,1.33144,1000000,1000000
2019-06-13 12:35:59.795000,1.33156,1.33145,2100000,1500000
2019-06-13 12:35:59.846000,1.33157,1.33145,1500000,3470000
2019-06-13 12:35:59.948000,1.33157,1.33145,1500000,3000000
2019-06-13 12:36:01.577000,1.33157,1.33147,2250000,1000000
2019-06-13 12:36:01.680000,1.33158,1.33149,1000000,3000000
2019-06-13 12:36:01.782000,1.33158,1.3315,1000000,1000000
2019-06-13 12:36:01.885000,1.33158,1.33149,1000000,2250000
2019-06-13 12:36:02.453000,1.33159,1.33149,1000000,2700000
2019-06-13 12:36:04.746000,1.33159,1.3315,1000000,1000000
2019-06-13 12:36:05.177000,1.33159,1.33149,1000000,2320000
2019-06-13 12:36:05.278000,1.33159,1.3315,1000000,1200000
2019-06-13 12:36:05.533000,1.3316,1.3315,1000000,1200000
2019-06-13 12:36:05.636000,1.33161,1.33153,1000000,1000000
2019-06-13 12:36:06.660000,1.33163,1.33153,1000000,1000000
2019-06-13 12:36:10.214000,1.3316,1.33152,1000000,1500000
2019-06-13 12:36:10.366000,1.33162,1.33152,1000000,1500000
2019-06-13 12:36:14.483000,1.33162,1.33153,1000000,1000000
2019-06-13 12:36:15.046000,1.33163,1.33153,1500000,1000000
2019-06-13 12:36:20.021000,1.33163,1.33152,3000000,1500000
2019-06-13 12:36:23.722000,1.33163,1.33153,3750000,1000000
2019-06-13 12:36:23.774000,1.33163,1.33159,1000000,1000000
2019-06-13 12:36:23.825000,1.33163,1.33155,1000000,1000000
2019-06-13 12:36:23.927000,1.33163,1.33153,2250000,1000000
2019-06-13 12:36:24.029000,1.33163,1.33151,2320000,4200000
2019-06-13 12:36:24.162000,1.33162,1.33151,1000000,3750000
2019-06-13 12:36:24.265000,1.33159,1.3315,1000000,1100000
2019-06-13 12:36:24.367000,1.33157,1.33145,1500000,4570000
2019-06-13 12:36:24.520000,1.33157,1.33146,1500000,1000000
2019-06-13 12:36:24.906000,1.33157,1.33145,1500000,1500000
2019-06-13 12:36:25.465000,1.33156,1.33145,1000000,1570000
2019-06-13 12:36:26.246000,1.33159,1.33148,1950000,1500000
2019-06-13 12:36:26.348000,1.33159,1.33149,1500000,1000000
2019-06-13 12:36:26.799000,1.3316,1.33149,2250000,1500000
2019-06-13 12:36:26.902000,1.3316,1.33151,1000000,1000000
2019-06-13 12:36:27.004000,1.3316,1.3315,1000000,1120000
2019-06-13 12:36:27.134000,1.3316,1.33149,1500000,1570000
2019-06-13 12:36:27.236000,1.33158,1.33149,1000000,1500000
2019-06-13 12:36:27.339000,1.33158,1.33148,1500000,2250000
2019-06-13 12:36:28.046000,1.33158,1.33149,1500000,1000000
2019-06-13 12:36:29.086000,1.33158,1.3315,1000000,1000000
2019-06-13 12:36:29.188000,1.33158,1.33148,2250000,1000000
2019-06-13 12:36:29.341000,1.33159,1.33148,1000000,3070000
2019-06-13 12:36:29.443000,1.33159,1.33149,1500000,1500000
2019-06-13 12:36:29.597000,1.33159,1.3315,1500000,1000000
2019-06-13 12:36:29.699000,1.33159,1.33149,2250000,1500000
2019-06-13 12:36:30.609000,1.33158,1.3315,1000000,1000000
2019-06-13 12:36:30.711000,1.33158,1.33149,1000000,1500000
2019-06-13 12:36:31.332000,1.33158,1.3315,1000000,1000000
2019-06-13 12:36:31.475000,1.33158,1.33149,1000000,2250000
2019-06-13 12:36:31.835000,1.3316,1.3315,1500000,1000000
2019-06-13 12:36:32.059000,1.33159,1.3315,1000000,1000000
2019-06-13 12:36:32.161000,1.33159,1.33149,1500000,2250000
2019-06-13 12:36:32.377000,1.33159,1.3315,1000000,1000000
2019-06-13 12:36:32.694000,1.33159,1.33149,1100000,2250000
2019-06-13 12:36:34.657000,1.3316,1.33149,2700000,2250000
2019-06-13 12:36:34.908000,1.33158,1.33149,1000000,2250000
2019-06-13 12:36:34.960000,1.3316,1.33149,2700000,2250000
2019-06-13 12:36:35.061000,1.3316,1.3315,2320000,1000000
2019-06-13 12:36:35.163000,1.33159,1.3315,1000000,1000000
2019-06-13 12:36:35.265000,1.3316,1.33149,1950000,3000000
2019-06-13 12:36:35.565000,1.3316,1.3315,2250000,1000000
2019-06-13 12:36:36.513000,1.33161,1.33151,1500000,2250000
2019-06-13 12:36:36.614000,1.33161,1.33152,1000000,1000000
2019-06-13 12:36:36.666000,1.33163,1.33152,1950000,1000000
2019-06-13 12:36:38.751000,1.33163,1.33154,1570000,1000000
2019-06-13 12:36:41.390000,1.33163,1.33152,1000000,3450000
2019-06-13 12:36:41.552000,1.33163,1.33153,1000000,1000000
2019-06-13 12:36:41.653000,1.33163,1.33152,1000000,3450000
2019-06-13 12:36:43.347000,1.33163,1.33154,1000000,1000000
2019-06-13 12:36:43.454000,1.33163,1.33155,1000000,1000000
2019-06-13 12:36:43.556000,1.33163,1.33153,1000000,1000000
2019-06-13 12:36:44.527000,1.33163,1.33152,1500000,1500000
2019-06-13 12:36:45.294000,1.33163,1.33154,1500000,1000000
2019-06-13 12:36:47.114000,1.33163,1.33153,1500000,1000000
2019-06-13 12:36:47.794000,1.33161,1.33151,1000000,1500000
2019-06-13 12:36:48.481000,1.3316,1.3315,1000000,3750000
2019-06-13 12:36:48.583000,1.33159,1.3315,1000000,1500000
2019-06-13 12:36:48.685000,1.33156,1.33149,1000000,1000000
2019-06-13 12:36:48.790000,1.33154,1.33149,1000000,1000000
2019-06-13 12:36:48.842000,1.33152,1.33144,1500000,2250000
2019-06-13 12:36:48.893000,1.33152,1.33142,1500000,1000000
2019-06-13 12:36:48.995000,1.33151,1.33142,1000000,1000000
2019-06-13 12:36:49.758000,1.3315,1.3314,1500000,1950000
2019-06-13 12:36:49.967000,1.33149,1.33139,1500000,1000000
2019-06-13 12:36:50.069000,1.33148,1.33139,1000000,1000000
2019-06-13 12:36:52.556000,1.33146,1.33138,1000000,1000000
2019-06-13 12:36:52.659000,1.33143,1.33133,1500000,1000000
2019-06-13 12:36:52.711000,1.33141,1.33133,1000000,1000000
2019-06-13 12:36:52.863000,1.33142,1.33133,1000000,1000000
2019-06-13 12:36:53.171000,1.33143,1.33133,1000000,1500000
2019-06-13 12:36:53.273000,1.33141,1.33133,1000000,1000000
2019-06-13 12:36:53.462000,1.33142,1.33133,1000000,1000000
2019-06-13 12:36:54.656000,1.33143,1.33133,1500000,1000000
2019-06-13 12:36:56.433000,1.33145,1.33135,2450000,1500000
2019-06-13 12:36:56.535000,1.33146,1.33135,1000000,1500000
2019-06-13 12:36:56.746000,1.33146,1.33135,1000000,1970000
2019-06-13 12:36:57.231000,1.33146,1.33135,1000000,1500000
2019-06-13 12:36:57.716000,1.33145,1.33135,1000000,1500000
2019-06-13 12:36:58.681000,1.33149,1.33141,1600000,1000000
2019-06-13 12:36:58.790000,1.33149,1.33142,1000000,1000000
2019-06-13 12:36:58.942000,1.33149,1.33141,1000000,2250000
2019-06-13 12:36:59.095000,1.33149,1.33142,1000000,1000000
2019-06-13 12:36:59.467000,1.33151,1.33142,1000000,1000000
2019-06-13 12:36:59.829000,1.33151,1.33141,1000000,1000000
2019-06-13 12:36:59.964000,1.33151,1.3314,1000000,1000000
2019-06-13 12:37:00.015000,1.33147,1.33139,1000000,1000000
2019-06-13 12:37:00.117000,1.33147,1.33136,1500000,1570000
2019-06-13 12:37:00.869000,1.33149,1.33142,1000000,1000000
2019-06-13 12:37:00.971000,1.33149,1.33141,1000000,1000000
2019-06-13 12:37:01.073000,1.3315,1.33141,1000000,1000000
2019-06-13 12:37:01.250000,1.3315,1.3314,1000000,2250000
2019-06-13 12:37:01.453000,1.33148,1.3314,1000000,2250000
2019-06-13 12:37:01.860000,1.33148,1.33142,1000000,1000000
2019-06-13 12:37:02.628000,1.3315,1.33142,1000000,1000000
2019-06-13 12:37:02.764000,1.33152,1.33143,1000000,1500000
2019-06-13 12:37:04.092000,1.3315,1.33142,1000000,2250000
2019-06-13 12:37:05.182000,1.33152,1.33143,1000000,1000000
2019-06-13 12:37:05.466000,1.33152,1.33142,1000000,1000000
2019-06-13 12:37:06.368000,1.33152,1.33143,1000000,1000000
2019-06-13 12:37:09.431000,1.33153,1.33143,1000000,1000000
2019-06-13 12:37:10.132000,1.33151,1.33141,1000000,1870000
2019-06-13 12:37:10.475000,1.3315,1.33141,1000000,1950000
2019-06-13 12:37:10.577000,1.33149,1.33141,1000000,1000000
2019-06-13 12:37:10.705000,1.33148,1.33139,1000000,2700000
2019-06-13 12:37:10.807000,1.33148,1.3314,1000000,1000000
2019-06-13 12:37:10.859000,1.3315,1.3314,1870000,1000000
2019-06-13 12:37:10.961000,1.33148,1.33141,1000000,1000000
2019-06-13 12:37:11.012000,1.33148,1.33139,1000000,1000000
2019-06-13 12:37:11.113000,1.33148,1.33141,1000000,1000000
2019-06-13 12:37:11.287000,1.33148,1.33139,1000000,1500000
2019-06-13 12:37:11.390000,1.33148,1.3314,1000000,1000000
2019-06-13 12:37:11.491000,1.33149,1.33139,1000000,1000000
2019-06-13 12:37:11.694000,1.33149,1.3314,1000000,1000000
2019-06-13 12:37:12.527000,1.33148,1.3314,1000000,1500000
2019-06-13 12:37:12.992000,1.33148,1.33141,1000000,1000000
2019-06-13 12:37:13.456000,1.33148,1.33142,1000000,1000000
2019-06-13 12:37:14.450000,1.33149,1.33142,1000000,1000000
2019-06-13 12:37:15.802000,1.3315,1.33142,1500000,1000000
2019-06-13 12:37:16.875000,1.33151,1.33142,1000000,1500000
2019-06-13 12:37:17.130000,1.33151,1.33143,1000000,1000000
2019-06-13 12:37:17.461000,1.3315,1.33141,1000000,3000000
2019-06-13 12:37:17.564000,1.33149,1.3314,1000000,1500000
2019-06-13 12:37:18.740000,1.33148,1.3314,1000000,1000000
2019-06-13 12:37:19.197000,1.33148,1.33141,1000000,1000000
2019-06-13 12:37:19.499000,1.3315,1.33141,1000000,1000000
2019-06-13 12:37:19.601000,1.3315,1.33143,1000000,1000000
2019-06-13 12:37:19.703000,1.3315,1.33142,1000000,1000000
2019-06-13 12:37:19.754000,1.3315,1.3314,1000000,1000000
2019-06-13 12:37:19.856000,1.33149,1.3314,1000000,1000000
2019-06-13 12:37:20.498000,1.33149,1.33142,1000000,1000000
2019-06-13 12:37:20.599000,1.3315,1.33142,1000000,1000000
2019-06-13 12:37:20.701000,1.3315,1.33141,1000000,1100000
2019-06-13 12:37:20.803000,1.33151,1.33142,1000000,1000000
2019-06-13 12:37:22.638000,1.33151,1.33143,1000000,1000000
2019-06-13 12:37:23.532000,1.33151,1.33142,1000000,1100000
2019-06-13 12:37:23.634000,1.33151,1.33141,1500000,1200000
2019-06-13 12:37:23.780000,1.33149,1.3314,1000000,1500000
2019-06-13 12:37:25.072000,1.33149,1.33142,1000000,1000000
2019-06-13 12:37:25.174000,1.3315,1.33142,1000000,1000000
2019-06-13 12:37:25.550000,1.3315,1.33141,1000000,1000000
2019-06-13 12:37:25.652000,1.3315,1.3314,1000000,2320000
2019-06-13 12:37:25.805000,1.33151,1.3314,1000000,1870000
2019-06-13 12:37:25.907000,1.33151,1.33141,1000000,1000000
2019-06-13 12:37:26.010000,1.33151,1.3314,1000000,1500000
2019-06-13 12:37:26.163000,1.3315,1.3314,1500000,1000000
2019-06-13 12:37:26.264000,1.3315,1.33139,1500000,1500000
2019-06-13 12:37:26.481000,1.33149,1.33139,1000000,2250000
2019-06-13 12:37:26.690000,1.33149,1.33137,2250000,1500000
2019-06-13 12:37:26.791000,1.33148,1.33137,1000000,1200000
2019-06-13 12:37:27.185000,1.33148,1.33138,1000000,1000000
2019-06-13 12:37:27.674000,1.33148,1.33136,1000000,3000000
2019-06-13 12:37:27.929000,1.33148,1.33137,1000000,1570000
2019-06-13 12:37:28.228000,1.33148,1.33138,1000000,1000000
2019-06-13 12:37:28.505000,1.33148,1.33136,1000000,3000000
2019-06-13 12:37:28.688000,1.33147,1.33137,1000000,1000000
2019-06-13 12:37:28.841000,1.33149,1.33138,2320000,1000000
2019-06-13 12:37:28.943000,1.33149,1.33139,1000000,3750000
2019-06-13 12:37:29.613000,1.3315,1.33139,1950000,2250000
2019-06-13 12:37:30.416000,1.3315,1.33139,1220000,3000000
2019-06-13 12:37:30.570000,1.3315,1.33139,1000000,2250000
2019-06-13 12:37:30.723000,1.33151,1.3314,3070000,1000000
2019-06-13 12:37:30.825000,1.3315,1.3314,1500000,1000000
2019-06-13 12:37:33.125000,1.33152,1.3314,2140000,1000000
2019-06-13 12:37:33.227000,1.33152,1.33141,1500000,1000000
2019-06-13 12:37:33.330000,1.33151,1.33141,1950000,1000000
2019-06-13 12:37:33.432000,1.3315,1.33141,1100000,1000000
2019-06-13 12:37:34.357000,1.33149,1.33141,1500000,1000000
2019-06-13 12:37:34.510000,1.33149,1.33139,1500000,1500000
2019-06-13 12:37:34.606000,1.33146,1.33137,1350000,1000000
2019-06-13 12:37:34.709000,1.33141,1.33131,1000000,2720000
2019-06-13 12:37:34.761000,1.3314,1.33129,1000000,1950000
2019-06-13 12:37:34.862000,1.33139,1.33129,1000000,1000000
2019-06-13 12:37:34.964000,1.33139,1.33128,1000000,1000000
2019-06-13 12:37:35.067000,1.33137,1.33128,1000000,1000000
2019-06-13 12:37:35.587000,1.33138,1.33128,1000000,1000000
2019-06-13 12:37:35.740000,1.33139,1.33128,1870000,2250000
2019-06-13 12:37:35.892000,1.3314,1.33128,1500000,2250000
2019-06-13 12:37:36.146000,1.33139,1.33128,1120000,1000000
2019-06-13 12:37:36.412000,1.33139,1.33127,1570000,2320000
2019-06-13 12:37:36.514000,1.33138,1.33128,1000000,1000000
2019-06-13 12:37:38.108000,1.33138,1.33127,1000000,1500000
2019-06-13 12:37:39.900000,1.33136,1.33126,1000000,1500000
2019-06-13 12:37:40.103000,1.33135,1.33126,1000000,1000000
2019-06-13 12:37:40.206000,1.33132,1.33123,1000000,1000000
2019-06-13 12:37:40.257000,1.33132,1.33121,1500000,1100000
2019-06-13 12:37:40.413000,1.33133,1.33123,2450000,1000000
2019-06-13 12:37:40.516000,1.33136,1.33125,2140000,1120000
2019-06-13 12:37:40.618000,1.33137,1.33127,1250000,1000000
2019-06-13 12:37:40.669000,1.33137,1.33127,1000000,1000000
2019-06-13 12:37:40.973000,1.33137,1.33128,1000000,1000000
2019-06-13 12:37:41.728000,1.33139,1.33129,1500000,1000000
2019-06-13 12:37:42.029000,1.3314,1.33129,1500000,1500000
2019-06-13 12:37:42.131000,1.3314,1.3313,1250000,1000000
2019-06-13 12:37:42.233000,1.3314,1.33131,1000000,1000000
2019-06-13 12:37:42.547000,1.3314,1.3313,1000000,1000000
2019-06-13 12:37:42.649000,1.33141,1.33131,1500000,1000000
2019-06-13 12:37:42.751000,1.3314,1.3313,1000000,1500000
2019-06-13 12:37:42.954000,1.3314,1.33129,1000000,1000000
2019-06-13 12:37:43.056000,1.3314,1.33128,1100000,3070000
2019-06-13 12:37:43.107000,1.3314,1.3313,1350000,1000000
2019-06-13 12:37:43.210000,1.3314,1.33129,1250000,1500000
2019-06-13 12:37:43.499000,1.33139,1.33129,1000000,1000000
2019-06-13 12:37:43.800000,1.33139,1.33127,1500000,3950000
2019-06-13 12:37:43.952000,1.33139,1.33128,1750000,1120000
2019-06-13 12:37:44.054000,1.33139,1.33131,1250000,1000000
2019-06-13 12:37:44.156000,1.33139,1.33129,1000000,1000000
2019-06-13 12:37:44.258000,1.3314,1.33128,1500000,2320000
2019-06-13 12:37:44.428000,1.3314,1.33129,2440000,1000000
2019-06-13 12:37:44.632000,1.33139,1.33128,1000000,2850000
2019-06-13 12:37:44.735000,1.33138,1.3313,1000000,1000000
2019-06-13 12:37:44.887000,1.33138,1.33128,1000000,1870000
2019-06-13 12:37:44.989000,1.33138,1.33131,1000000,1000000
2019-06-13 12:37:45.091000,1.33139,1.33129,1000000,2250000
2019-06-13 12:37:46.070000,1.33139,1.3313,1000000,1000000
2019-06-13 12:37:46.172000,1.33139,1.33129,1000000,1000000
2019-06-13 12:37:47.105000,1.33141,1.33129,1250000,1500000
2019-06-13 12:37:47.206000,1.3314,1.3313,1250000,1000000
2019-06-13 12:37:47.612000,1.33139,1.3313,1000000,1000000
2019-06-13 12:37:49.436000,1.33141,1.3313,1000000,1120000
2019-06-13 12:37:49.833000,1.3314,1.3313,1000000,1000000
2019-06-13 12:37:50.087000,1.3314,1.33131,1000000,1000000
2019-06-13 12:37:50.188000,1.3314,1.3313,1000000,2320000
2019-06-13 12:37:50.290000,1.3314,1.33131,1000000,1000000
2019-06-13 12:37:50.532000,1.3314,1.3313,1000000,2250000
2019-06-13 12:37:50.583000,1.3314,1.33132,1250000,1000000
2019-06-13 12:37:50.685000,1.3314,1.33131,1250000,1000000
2019-06-13 12:37:50.939000,1.3314,1.3313,1000000,1500000
2019-06-13 12:37:51.092000,1.3314,1.33131,1000000,1000000
2019-06-13 12:37:51.617000,1.3314,1.33132,1000000,1000000
2019-06-13 12:37:51.669000,1.3314,1.3313,1000000,1570000
2019-06-13 12:37:51.946000,1.3314,1.33131,1000000,1000000
2019-06-13 12:37:52.048000,1.33141,1.33131,1000000,1500000
2019-06-13 12:37:52.764000,1.33143,1.33133,1250000,1500000
2019-06-13 12:37:52.816000,1.33145,1.33133,2290000,3000000
2019-06-13 12:37:52.868000,1.33146,1.33138,1250000,1000000
2019-06-13 12:37:52.920000,1.33149,1.33138,1910000,1000000
2019-06-13 12:37:53.023000,1.33149,1.33137,1500000,2720000
2019-06-13 12:37:53.131000,1.33148,1.33136,1870000,3070000
2019-06-13 12:37:53.234000,1.33148,1.33136,2250000,1000000
2019-06-13 12:37:53.336000,1.33148,1.33138,1250000,1000000
2019-06-13 12:37:53.437000,1.33148,1.33136,1750000,1600000
2019-06-13 12:37:53.539000,1.33148,1.33136,2200000,2450000
2019-06-13 12:37:54.141000,1.33148,1.33137,1250000,1120000
2019-06-13 12:37:54.351000,1.33148,1.33138,1690000,1000000
2019-06-13 12:37:54.503000,1.33148,1.33136,1690000,1100000
2019-06-13 12:37:54.604000,1.33147,1.33137,1000000,1000000
2019-06-13 12:37:55.411000,1.33147,1.33138,1000000,1000000
2019-06-13 12:37:55.673000,1.33148,1.33138,1690000,1000000
2019-06-13 12:38:00.431000,1.33148,1.33137,1100000,1000000
2019-06-13 12:38:01.716000,1.33147,1.33135,1000000,2620000
2019-06-13 12:38:01.818000,1.33144,1.33134,2250000,1200000
2019-06-13 12:38:01.956000,1.33142,1.33132,1000000,2320000
2019-06-13 12:38:02.362000,1.33145,1.33135,1690000,1500000
2019-06-13 12:38:02.520000,1.33143,1.33132,1000000,1000000
2019-06-13 12:38:02.775000,1.33142,1.3313,1000000,2700000
2019-06-13 12:38:03.528000,1.33141,1.33131,1000000,1000000
2019-06-13 12:38:03.631000,1.33142,1.33131,1500000,1000000
2019-06-13 12:38:04.554000,1.33142,1.3313,1000000,1950000
2019-06-13 12:38:04.788000,1.33142,1.33131,1000000,1000000
2019-06-13 12:38:04.890000,1.33143,1.33131,1000000,1500000
2019-06-13 12:38:07.370000,1.33143,1.33133,1570000,1000000
2019-06-13 12:38:07.478000,1.33147,1.33137,2060000,1000000
2019-06-13 12:38:07.589000,1.33148,1.33137,1500000,1000000
2019-06-13 12:38:07.692000,1.33148,1.33136,2250000,1570000
2019-06-13 12:38:07.954000,1.33148,1.33137,1000000,1000000
2019-06-13 12:38:08.296000,1.33148,1.33138,1000000,1000000
2019-06-13 12:38:08.499000,1.33148,1.33136,1870000,1500000
2019-06-13 12:38:08.648000,1.33148,1.33137,1000000,1000000
2019-06-13 12:38:08.858000,1.33147,1.33137,1000000,1000000
2019-06-13 12:38:09.061000,1.33148,1.33136,2250000,1000000
2019-06-13 12:38:09.504000,1.33148,1.33137,1570000,1000000
2019-06-13 12:38:09.607000,1.33148,1.33136,2700000,1100000
2019-06-13 12:38:09.710000,1.33148,1.33137,1570000,1000000
2019-06-13 12:38:09.964000,1.33148,1.33136,2700000,1570000
2019-06-13 12:38:10.015000,1.33148,1.33138,1950000,1000000
2019-06-13 12:38:10.066000,1.33148,1.33136,1500000,1500000
2019-06-13 12:38:10.590000,1.33148,1.33137,1100000,1000000
2019-06-13 12:38:10.793000,1.33148,1.33136,1500000,1000000
2019-06-13 12:38:11.733000,1.33147,1.33136,1000000,1870000
2019-06-13 12:38:13.653000,1.33146,1.33136,1100000,1000000
2019-06-13 12:38:13.833000,1.33142,1.33131,1500000,1220000
2019-06-13 12:38:13.885000,1.33141,1.3313,1500000,1000000
2019-06-13 12:38:13.987000,1.3314,1.3313,1000000,1000000
2019-06-13 12:38:14.455000,1.3314,1.33128,1000000,2620000
2019-06-13 12:38:14.557000,1.3314,1.33128,1220000,1870000
2019-06-13 12:38:14.658000,1.3314,1.33128,1000000,2620000
2019-06-13 12:38:16.083000,1.3314,1.33128,1500000,2000000
2019-06-13 12:38:16.267000,1.3314,1.3313,1500000,1000000
2019-06-13 12:38:18.090000,1.3314,1.33128,1500000,2750000
2019-06-13 12:38:18.196000,1.33139,1.33128,1000000,1000000
2019-06-13 12:38:18.248000,1.33137,1.33128,1000000,1000000
2019-06-13 12:38:18.351000,1.33137,1.33127,1100000,1500000
2019-06-13 12:38:19.671000,1.33137,1.33127,1220000,1500000
2019-06-13 12:38:20.063000,1.33137,1.33127,1200000,1500000
2019-06-13 12:38:20.218000,1.33137,1.33127,1220000,1000000
2019-06-13 12:38:20.319000,1.33137,1.33127,1200000,1000000
2019-06-13 12:38:20.421000,1.33137,1.33126,1100000,1000000
2019-06-13 12:38:20.999000,1.33135,1.33124,1100000,2250000
2019-06-13 12:38:21.100000,1.33135,1.33125,1950000,1000000
2019-06-13 12:38:21.611000,1.33135,1.33124,1200000,1500000
2019-06-13 12:38:23.260000,1.33136,1.33125,2100000,1000000
2019-06-13 12:38:25.565000,1.33136,1.33125,1950000,1000000
2019-06-13 12:38:26.753000,1.33136,1.33125,1720000,1000000
2019-06-13 12:38:27.492000,1.33135,1.33124,1220000,1000000
2019-06-13 12:38:28.115000,1.33136,1.33125,2470000,1000000
2019-06-13 12:38:28.275000,1.33136,1.33125,1950000,1000000
2019-06-13 12:38:31.489000,1.33136,1.33124,1570000,1500000
2019-06-13 12:38:33.706000,1.33136,1.33124,1600000,1500000
2019-06-13 12:38:35.634000,1.33134,1.33124,1000000,1500000
2019-06-13 12:38:35.736000,1.33134,1.33123,1500000,1120000
2019-06-13 12:38:35.881000,1.3313,1.3312,1000000,2620000
2019-06-13 12:38:35.983000,1.33131,1.33121,1000000,1000000
2019-06-13 12:38:36.187000,1.33131,1.33119,1500000,2700000
2019-06-13 12:38:36.238000,1.33131,1.33121,1500000,1000000
2019-06-13 12:38:36.698000,1.33131,1.33122,1000000,1000000
2019-06-13 12:38:36.809000,1.33133,1.33123,1000000,1000000
2019-06-13 12:38:36.864000,1.33136,1.33126,1950000,1000000
2019-06-13 12:38:36.965000,1.33138,1.33127,1970000,1000000
2019-06-13 12:38:37.068000,1.33138,1.33128,1950000,1000000
2019-06-13 12:38:37.252000,1.33138,1.33128,1970000,1000000
2019-06-13 12:38:38.808000,1.33138,1.33128,1950000,1000000
2019-06-13 12:38:39.472000,1.33138,1.33128,2100000,1000000
2019-06-13 12:38:39.574000,1.33138,1.33128,1570000,1000000
2019-06-13 12:38:39.763000,1.33138,1.33128,2100000,1000000
2019-06-13 12:38:39.864000,1.33138,1.33128,1570000,1000000
2019-06-13 12:38:40.318000,1.33138,1.33128,2100000,1000000
2019-06-13 12:38:40.470000,1.33138,1.33128,2320000,1000000
2019-06-13 12:38:40.571000,1.33138,1.3313,1950000,1000000
2019-06-13 12:38:41.354000,1.33138,1.3313,1220000,1000000
2019-06-13 12:38:41.459000,1.33138,1.3313,1200000,1000000
2019-06-13 12:38:42.098000,1.33139,1.33131,1720000,1000000
2019-06-13 12:38:42.232000,1.33139,1.33131,1100000,1000000
2019-06-13 12:38:42.335000,1.3314,1.33134,1200000,1000000
2019-06-13 12:38:42.436000,1.33139,1.33134,1000000,1000000
2019-06-13 12:38:42.589000,1.33141,1.33132,1570000,1000000
2019-06-13 12:38:42.692000,1.3314,1.33132,1100000,1000000
2019-06-13 12:38:43.344000,1.3314,1.33132,1220000,1000000
2019-06-13 12:38:44.830000,1.3314,1.33133,1720000,1000000
2019-06-13 12:38:44.931000,1.3314,1.33133,1600000,1000000
2019-06-13 12:38:45.033000,1.3314,1.33133,1600000,1000000
2019-06-13 12:38:45.135000,1.33139,1.33131,1200000,1000000
2019-06-13 12:38:45.237000,1.33139,1.33131,1720000,1000000
2019-06-13 12:38:47.262000,1.33139,1.33133,1600000,1000000
2019-06-13 12:38:47.364000,1.33139,1.33132,1200000,1000000
2019-06-13 12:38:47.568000,1.33139,1.33132,1600000,1000000
2019-06-13 12:38:47.706000,1.33139,1.33132,1220000,1000000
2019-06-13 12:38:47.808000,1.33139,1.33132,1600000,1000000
2019-06-13 12:38:47.910000,1.33138,1.3313,1200000,1000000
2019-06-13 12:38:47.961000,1.33137,1.3313,1100000,1000000
2019-06-13 12:38:48.063000,1.33137,1.3313,1720000,1000000
2019-06-13 12:38:48.597000,1.33137,1.3313,1600000,1000000
2019-06-13 12:38:48.702000,1.33137,1.3313,1600000,1000000
2019-06-13 12:38:48.804000,1.33137,1.3313,2470000,1000000
2019-06-13 12:38:49.490000,1.33137,1.3313,1720000,1000000
2019-06-13 12:38:49.591000,1.33137,1.3313,1600000,1000000
2019-06-13 12:38:50.066000,1.33137,1.3313,1600000,1000000
2019-06-13 12:38:50.117000,1.33137,1.33125,1600000,1870000
2019-06-13 12:38:50.276000,1.33137,1.33126,2100000,1000000
2019-06-13 12:38:50.478000,1.33137,1.33126,1950000,1120000
2019-06-13 12:38:50.861000,1.33137,1.33126,1970000,1120000
2019-06-13 12:38:51.025000,1.33137,1.33126,1950000,1120000
2019-06-13 12:38:51.398000,1.33137,1.33125,1220000,2000000
2019-06-13 12:38:51.500000,1.33137,1.33125,1220000,1500000
2019-06-13 12:38:53.085000,1.33138,1.33126,4720000,1000000
2019-06-13 12:38:55.127000,1.33136,1.33126,1600000,1000000
2019-06-13 12:38:55.331000,1.33136,1.33126,1220000,1000000
2019-06-13 12:38:55.943000,1.33136,1.33126,1100000,1000000
2019-06-13 12:38:59.240000,1.33136,1.33125,2320000,1000000
2019-06-13 12:38:59.342000,1.33132,1.33122,1500000,2250000
2019-06-13 12:38:59.481000,1.33133,1.33121,1970000,1870000
2019-06-13 12:38:59.584000,1.33134,1.33123,1200000,2250000
2019-06-13 12:39:00.185000,1.33133,1.33121,1000000,3100000
2019-06-13 12:39:00.344000,1.33133,1.33121,1000000,1870000
2019-06-13 12:39:00.496000,1.33133,1.33122,1000000,1000000
2019-06-13 12:39:00.909000,1.33133,1.33121,1000000,1500000
2019-06-13 12:39:01.694000,1.33132,1.33121,1000000,1000000
2019-06-13 12:39:03.230000,1.33132,1.3312,2320000,2250000
2019-06-13 12:39:04.150000,1.33132,1.3312,1000000,2000000
2019-06-13 12:39:04.876000,1.33131,1.3312,1200000,1500000
2019-06-13 12:39:04.978000,1.33126,1.33116,1000000,1500000
2019-06-13 12:39:05.081000,1.33125,1.33115,1000000,1500000
2019-06-13 12:39:05.183000,1.33128,1.33116,2470000,1500000
2019-06-13 12:39:05.234000,1.33129,1.33118,2100000,1000000
2019-06-13 12:39:05.375000,1.33129,1.33118,1600000,1000000
2019-06-13 12:39:06.899000,1.3313,1.33119,1970000,1000000
2019-06-13 12:39:07.001000,1.3313,1.33119,1570000,1120000
2019-06-13 12:39:07.200000,1.3313,1.33119,1970000,1120000
2019-06-13 12:39:07.302000,1.3313,1.33119,1500000,1120000
2019-06-13 12:39:07.405000,1.33128,1.33118,1000000,1000000
2019-06-13 12:39:07.823000,1.33129,1.33119,1000000,1500000
2019-06-13 12:39:11.987000,1.33129,1.33118,1500000,1000000
2019-06-13 12:39:12.089000,1.33129,1.33118,1970000,1000000
2019-06-13 12:39:13.492000,1.33129,1.33118,1500000,1000000
2019-06-13 12:39:14.267000,1.33129,1.33119,1000000,1000000
2019-06-13 12:39:15.071000,1.3313,1.3312,1000000,1000000
2019-06-13 12:39:20.394000,1.3313,1.33118,1000000,1870000
2019-06-13 12:39:20.497000,1.33128,1.33118,1120000,1000000
2019-06-13 12:39:20.646000,1.33129,1.33117,1970000,1500000
2019-06-13 12:39:21.102000,1.33128,1.33116,1520000,1500000
2019-06-13 12:39:21.634000,1.33128,1.33118,2620000,1000000
2019-06-13 12:39:29.628000,1.33121,1.33114,1000000,1600000
2019-06-13 12:39:29.744000,1.33121,1.33109,1570000,1200000
2019-06-13 12:39:29.845000,1.33121,1.3311,1500000,1500000
2019-06-13 12:39:29.947000,1.33121,1.33112,1000000,1000000
2019-06-13 12:39:30.049000,1.33128,1.33117,2640000,1000000
2019-06-13 12:39:30.151000,1.33128,1.33117,1500000,1500000
2019-06-13 12:39:30.252000,1.33128,1.33117,1000000,1120000
2019-06-13 12:39:30.850000,1.33127,1.33117,1000000,1000000
2019-06-13 12:39:30.983000,1.33128,1.33117,1950000,1000000
2019-06-13 12:39:31.598000,1.33121,1.33114,1000000,1200000
2019-06-13 12:39:31.650000,1.33122,1.3311,1500000,1000000
2019-06-13 12:39:31.754000,1.3312,1.33108,3450000,1000000
2019-06-13 12:39:31.900000,1.3312,1.33108,3390000,1000000
2019-06-13 12:39:32.002000,1.3312,1.3311,1690000,1120000
2019-06-13 12:39:32.105000,1.33121,1.3311,1000000,1120000
2019-06-13 12:39:32.207000,1.33121,1.33111,1000000,1000000
2019-06-13 12:39:32.311000,1.33122,1.3311,1000000,1500000
2019-06-13 12:39:32.414000,1.33123,1.3311,1500000,3820000
2019-06-13 12:39:32.517000,1.33121,1.3311,1000000,1200000
2019-06-13 12:39:32.619000,1.33126,1.33115,1500000,2000000
2019-06-13 12:39:32.670000,1.33128,1.33115,1950000,1500000
2019-06-13 12:39:32.771000,1.33128,1.33117,1220000,1000000
2019-06-13 12:39:32.873000,1.33128,1.33117,1000000,1000000
2019-06-13 12:39:36.883000,1.3313,1.33117,3070000,2620000
2019-06-13 12:39:36.935000,1.3313,1.33119,1570000,1000000
2019-06-13 12:39:37.038000,1.33131,1.33118,1970000,2000000
2019-06-13 12:39:37.089000,1.33131,1.33118,1500000,1950000
2019-06-13 12:39:39.128000,1.33131,1.33119,1000000,1500000
2019-06-13 12:39:39.242000,1.33132,1.3312,2250000,1120000
2019-06-13 12:39:39.344000,1.33132,1.3312,1970000,1000000
2019-06-13 12:39:40.186000,1.3313,1.33119,1000000,2620000
2019-06-13 12:39:40.288000,1.3313,1.33118,1000000,1000000
2019-06-13 12:39:43.137000,1.3313,1.33119,1500000,1000000
2019-06-13 12:39:44.797000,1.33131,1.33121,1500000,1000000
2019-06-13 12:39:46.328000,1.33132,1.33122,1000000,1000000
2019-06-13 12:39:46.430000,1.33133,1.33122,2250000,1000000
2019-06-13 12:39:46.598000,1.33135,1.33123,5540000,1120000
2019-06-13 12:39:46.701000,1.33137,1.33126,2020000,1000000
2019-06-13 12:39:47.897000,1.33135,1.33124,1000000,1000000
2019-06-13 12:39:49.598000,1.33136,1.33126,1200000,1000000
2019-06-13 12:39:49.751000,1.33137,1.33126,1000000,1100000
2019-06-13 12:39:50.435000,1.33138,1.33126,1500000,1000000
2019-06-13 12:39:50.690000,1.33138,1.33126,1970000,1000000
2019-06-13 12:39:52.988000,1.33136,1.33126,1000000,1120000
2019-06-13 12:39:53.090000,1.33137,1.33126,1000000,1120000
2019-06-13 12:39:55.517000,1.33135,1.33124,1500000,2620000
2019-06-13 12:39:55.619000,1.33132,1.33123,2700000,1000000
2019-06-13 12:39:55.670000,1.3313,1.33119,1120000,1220000
2019-06-13 12:39:55.722000,1.3313,1.33118,1120000,1870000
2019-06-13 12:39:55.952000,1.3313,1.33118,2200000,2250000
2019-06-13 12:39:56.206000,1.33129,1.33118,1970000,1000000
2019-06-13 12:39:56.477000,1.33129,1.33118,2850000,1000000
2019-06-13 12:39:57.091000,1.33129,1.33118,2350000,1000000
2019-06-13 12:40:00.768000,1.33129,1.33118,1950000,1000000
2019-06-13 12:40:01.221000,1.33129,1.33118,1970000,1000000
2019-06-13 12:40:02.298000,1.33129,1.33118,1200000,1000000
2019-06-13 12:40:02.400000,1.3313,1.33118,1570000,3000000
2019-06-13 12:40:02.502000,1.3313,1.33119,1000000,2700000
2019-06-13 12:40:02.604000,1.33131,1.33119,1570000,1870000
2019-06-13 12:40:03.675000,1.33133,1.33122,3220000,1000000
2019-06-13 12:40:03.777000,1.33134,1.33124,1720000,1500000
2019-06-13 12:40:03.879000,1.33134,1.33124,1000000,1500000
2019-06-13 12:40:04.625000,1.33132,1.33123,1000000,1000000
2019-06-13 12:40:04.676000,1.33131,1.33121,1000000,1100000
2019-06-13 12:40:04.879000,1.3313,1.33121,1000000,1000000
2019-06-13 12:40:04.986000,1.33129,1.33121,1000000,1000000
2019-06-13 12:40:05.037000,1.33129,1.33119,1000000,1000000
2019-06-13 12:40:07.107000,1.33129,1.33118,1000000,1870000
2019-06-13 12:40:07.713000,1.33128,1.33118,1000000,1500000
2019-06-13 12:40:08.291000,1.3313,1.33118,2720000,1500000
2019-06-13 12:40:08.392000,1.3313,1.33118,2700000,1570000
2019-06-13 12:40:08.494000,1.3313,1.33118,2720000,1500000
2019-06-13 12:40:09.062000,1.3313,1.33118,1870000,1500000
2019-06-13 12:40:09.164000,1.33129,1.33118,1000000,2620000
2019-06-13 12:40:11.189000,1.3313,1.33118,1100000,3450000
2019-06-13 12:40:11.240000,1.3313,1.3312,1100000,1000000
2019-06-13 12:40:11.343000,1.33133,1.33122,1220000,1000000
2019-06-13 12:40:11.445000,1.33133,1.33122,1200000,1500000
2019-06-13 12:40:13.224000,1.33132,1.33122,1570000,1000000
2019-06-13 12:40:13.366000,1.33132,1.33121,2470000,1000000
2019-06-13 12:40:13.468000,1.33132,1.33121,2700000,1000000
2019-06-13 12:40:14.290000,1.33131,1.33121,1000000,1000000
2019-06-13 12:40:14.906000,1.33131,1.3312,1500000,1000000
2019-06-13 12:40:18.097000,1.33131,1.33119,1100000,2620000
2019-06-13 12:40:18.200000,1.33131,1.33121,1000000,1000000
2019-06-13 12:40:18.302000,1.33132,1.33121,1000000,2750000
2019-06-13 12:40:18.903000,1.33134,1.33121,1570000,3500000
2019-06-13 12:40:19.126000,1.33134,1.33121,2100000,3570000
2019-06-13 12:40:19.227000,1.33134,1.33121,1570000,3500000
2019-06-13 12:40:19.395000,1.33134,1.33121,1950000,2620000
2019-06-13 12:40:19.446000,1.33132,1.33121,1000000,1870000
2019-06-13 12:40:20.437000,1.33131,1.33122,1500000,1000000
2019-06-13 12:40:20.489000,1.33131,1.3312,2320000,1500000
2019-06-13 12:40:20.590000,1.3313,1.3312,1200000,1000000
2019-06-13 12:40:24.346000,1.33132,1.3312,2700000,1500000
2019-06-13 12:40:24.397000,1.33133,1.33122,2100000,1000000
2019-06-13 12:40:24.499000,1.33133,1.33123,1950000,1000000
2019-06-13 12:40:24.601000,1.33133,1.33123,1970000,1000000
2019-06-13 12:40:24.703000,1.33133,1.33123,1500000,1000000
2019-06-13 12:40:26.401000,1.33134,1.33123,1950000,1000000
2019-06-13 12:40:27.524000,1.33134,1.33124,1100000,1000000
2019-06-13 12:40:27.625000,1.33137,1.33127,2850000,1000000
2019-06-13 12:40:27.727000,1.33137,1.33127,2320000,1000000
2019-06-13 12:40:27.885000,1.33137,1.33127,1970000,1000000
2019-06-13 12:40:29.245000,1.33137,1.33126,1970000,1000000
2019-06-13 12:40:29.727000,1.33137,1.33126,2700000,1000000
2019-06-13 12:40:30.192000,1.33137,1.33126,2850000,1120000
2019-06-13 12:40:30.898000,1.33137,1.33126,2320000,1120000
2019-06-13 12:40:32.177000,1.33137,1.33124,1950000,3370000
2019-06-13 12:40:32.554000,1.33137,1.33125,1200000,1000000
2019-06-13 12:40:32.605000,1.33136,1.33125,1000000,1000000
2019-06-13 12:40:34.533000,1.33136,1.33125,1000000,1500000
2019-06-13 12:40:34.635000,1.33137,1.33125,1100000,1500000
2019-06-13 12:40:34.839000,1.33138,1.33127,1950000,1000000
2019-06-13 12:40:37.078000,1.33137,1.33126,1000000,1500000
2019-06-13 12:40:37.179000,1.33136,1.33126,1000000,1500000
2019-06-13 12:40:41.758000,1.33138,1.33127,1200000,1000000
2019-06-13 12:40:41.884000,1.33139,1.33129,1100000,1120000
2019-06-13 12:40:43.526000,1.33141,1.33129,1200000,2700000
2019-06-13 12:40:43.765000,1.33141,1.3313,1200000,1000000
2019-06-13 12:40:44.154000,1.3314,1.3313,1000000,1000000
2019-06-13 12:40:44.306000,1.3314,1.33129,1000000,2700000
2019-06-13 12:40:44.564000,1.3314,1.3313,1000000,1000000
2019-06-13 12:40:44.756000,1.3314,1.33129,1000000,2700000
2019-06-13 12:40:47.498000,1.33141,1.33129,1950000,1200000
2019-06-13 12:40:50.086000,1.3314,1.33128,1000000,2620000
2019-06-13 12:40:50.138000,1.33142,1.33131,1100000,2000000
2019-06-13 12:40:50.240000,1.33145,1.33135,1600000,1000000
2019-06-13 12:40:50.291000,1.33145,1.33135,1000000,1000000
2019-06-13 12:40:50.687000,1.33146,1.33135,1500000,1000000
2019-06-13 12:40:50.738000,1.33146,1.33137,1500000,1000000
2019-06-13 12:40:50.841000,1.33145,1.33137,1000000,1000000
2019-06-13 12:40:50.892000,1.33147,1.33137,1000000,1000000
2019-06-13 12:40:50.994000,1.33147,1.33136,1100000,1000000
2019-06-13 12:40:51.099000,1.33147,1.33135,1200000,1000000
2019-06-13 12:40:51.151000,1.33146,1.33134,2000000,1000000
2019-06-13 12:40:52.900000,1.33142,1.33132,1000000,1950000
2019-06-13 12:40:53.002000,1.33142,1.33131,1000000,1000000
2019-06-13 12:40:53.104000,1.33142,1.3313,1000000,4120000
2019-06-13 12:40:53.516000,1.33141,1.33129,1000000,2620000
2019-06-13 12:40:53.617000,1.3314,1.33128,1000000,1500000
2019-06-13 12:40:54.784000,1.33139,1.33127,1000000,3000000
2019-06-13 12:40:54.887000,1.33139,1.33127,3470000,1000000
2019-06-13 12:40:54.938000,1.33138,1.33125,1100000,1500000
2019-06-13 12:40:55.929000,1.33138,1.33125,2100000,1500000
2019-06-13 12:40:56.390000,1.33138,1.33125,1950000,1500000
2019-06-13 12:40:56.854000,1.33137,1.33125,1000000,1500000
2019-06-13 12:40:59.524000,1.33137,1.33126,1000000,1000000
2019-06-13 12:41:00.398000,1.33138,1.33126,2320000,1500000
2019-06-13 12:41:00.890000,1.33138,1.33126,2470000,1500000
2019-06-13 12:41:00.992000,1.33138,1.33126,2470000,1500000
2019-06-13 12:41:01.171000,1.33138,1.33126,2320000,1500000
2019-06-13 12:41:01.272000,1.33138,1.33126,2350000,1500000
2019-06-13 12:41:02.541000,1.33137,1.33125,1100000,1870000
2019-06-13 12:41:06.190000,1.33133,1.33124,1000000,1570000
2019-06-13 12:41:06.342000,1.33129,1.33118,1500000,1870000
2019-06-13 12:41:07.147000,1.3313,1.33119,1120000,1000000
2019-06-13 12:41:07.661000,1.3313,1.33119,1600000,1000000
2019-06-13 12:41:07.763000,1.3313,1.33119,1000000,1120000
2019-06-13 12:41:08.488000,1.3313,1.33119,1220000,1120000
2019-06-13 12:41:08.598000,1.33129,1.33118,1100000,1000000
2019-06-13 12:41:08.700000,1.33129,1.33118,1220000,1000000
2019-06-13 12:41:10.636000,1.33129,1.33118,1950000,1000000
2019-06-13 12:41:14.289000,1.33129,1.33116,2700000,1870000
2019-06-13 12:41:15.563000,1.33129,1.33117,1200000,1000000
2019-06-13 12:41:19.233000,1.33129,1.33117,1600000,1000000
2019-06-13 12:41:23.547000,1.33129,1.33116,2470000,1950000
2019-06-13 12:41:26.499000,1.33128,1.33117,1100000,1000000
2019-06-13 12:41:27.107000,1.33125,1.33115,1000000,1000000
2019-06-13 12:41:27.233000,1.33124,1.33113,1000000,1970000
2019-06-13 12:41:27.336000,1.33124,1.33113,1500000,1500000
2019-06-13 12:41:28.281000,1.33122,1.3311,1000000,1950000
2019-06-13 12:41:28.383000,1.33122,1.33111,1500000,1000000
2019-06-13 12:41:28.485000,1.33122,1.3311,1950000,1100000
2019-06-13 12:41:28.536000,1.33126,1.33116,1100000,1000000
2019-06-13 12:41:28.587000,1.33129,1.33116,5100000,1000000
2019-06-13 12:41:28.689000,1.33129,1.33116,3450000,1500000
2019-06-13 12:41:28.891000,1.33126,1.33116,1000000,1500000
2019-06-13 12:41:28.993000,1.33126,1.33115,1500000,1000000
2019-06-13 12:41:29.095000,1.33125,1.33114,1570000,1000000
2019-06-13 12:41:31.627000,1.33127,1.33115,1950000,1000000
2019-06-13 12:41:31.678000,1.33127,1.33118,1000000,1000000
2019-06-13 12:41:31.780000,1.33129,1.33118,1000000,1000000
2019-06-13 12:41:32.233000,1.33129,1.33119,1000000,1000000
2019-06-13 12:41:32.335000,1.3313,1.33119,1000000,2700000
2019-06-13 12:41:32.438000,1.3313,1.3312,1000000,1000000
2019-06-13 12:41:32.641000,1.33131,1.3312,1500000,1000000
2019-06-13 12:41:32.743000,1.33131,1.33119,1500000,2320000
2019-06-13 12:41:33.874000,1.33131,1.33119,1000000,1970000
2019-06-13 12:41:34.076000,1.33131,1.33119,1000000,1500000
2019-06-13 12:41:34.231000,1.3313,1.33119,1000000,1000000
2019-06-13 12:41:34.385000,1.3313,1.33118,1100000,1000000
2019-06-13 12:41:34.764000,1.3313,1.33118,2100000,1000000
2019-06-13 12:41:41.036000,1.3313,1.33117,2720000,1950000
2019-06-13 12:41:41.137000,1.3313,1.33119,1000000,1100000
2019-06-13 12:41:41.511000,1.3313,1.3312,1000000,1000000
2019-06-13 12:41:42.144000,1.33132,1.33122,1000000,1000000
2019-06-13 12:41:42.449000,1.33132,1.33123,1000000,1000000
2019-06-13 12:41:43.276000,1.33132,1.33122,1000000,1000000
2019-06-13 12:41:44.265000,1.33131,1.33121,1000000,1100000
2019-06-13 12:41:46.005000,1.33131,1.33122,1000000,1000000
2019-06-13 12:41:46.955000,1.33131,1.33121,1000000,1000000
2019-06-13 12:41:47.108000,1.33133,1.33122,1570000,1000000
2019-06-13 12:41:51.121000,1.33134,1.33124,1000000,1000000
2019-06-13 12:41:51.173000,1.33134,1.33122,1000000,1200000
2019-06-13 12:41:51.275000,1.33134,1.33122,1000000,1220000
2019-06-13 12:41:53.721000,1.33134,1.33122,1500000,1500000
2019-06-13 12:41:54.534000,1.33134,1.33123,1500000,1000000
2019-06-13 12:41:54.636000,1.33134,1.33122,1000000,1570000
2019-06-13 12:41:55.279000,1.33134,1.33123,1500000,1000000
2019-06-13 12:41:55.814000,1.33134,1.33122,1000000,2320000
2019-06-13 12:41:56.637000,1.33132,1.33122,1000000,1000000
2019-06-13 12:41:57.546000,1.33134,1.33122,1500000,2320000
2019-06-13 12:41:57.597000,1.33134,1.33125,1000000,1000000
2019-06-13 12:41:57.699000,1.33136,1.33125,1000000,1500000
2019-06-13 12:41:59.002000,1.33138,1.33125,1500000,3450000
2019-06-13 12:41:59.189000,1.33138,1.33126,1000000,1000000
2019-06-13 12:41:59.335000,1.33138,1.33127,1500000,1000000
2019-06-13 12:42:00.319000,1.33138,1.3313,1000000,1120000
2019-06-13 12:42:00.371000,1.3314,1.3313,1570000,1000000
2019-06-13 12:42:00.829000,1.33138,1.33128,1000000,1000000
2019-06-13 12:42:00.880000,1.33137,1.33126,1000000,1200000
2019-06-13 12:42:01.011000,1.33136,1.33126,1500000,1000000
2019-06-13 12:42:01.164000,1.33133,1.33124,1000000,2070000
2019-06-13 12:42:01.266000,1.3313,1.33121,1000000,1120000
2019-06-13 12:42:01.318000,1.33129,1.33119,1500000,1200000
2019-06-13 12:42:01.515000,1.33129,1.33117,2350000,1500000
2019-06-13 12:42:02.216000,1.33129,1.33117,2890000,1000000
2019-06-13 12:42:02.421000,1.33127,1.33117,1000000,1000000
2019-06-13 12:42:02.573000,1.33127,1.33118,1000000,1000000
2019-06-13 12:42:04.311000,1.33127,1.3312,1000000,1000000
2019-06-13 12:42:04.413000,1.33127,1.33119,1000000,1000000
2019-06-13 12:42:06.339000,1.33127,1.3312,1000000,1000000
2019-06-13 12:42:06.800000,1.33127,1.33119,1000000,1000000
2019-06-13 12:42:07.051000,1.3313,1.33119,1500000,1000000
2019-06-13 12:42:07.350000,1.3313,1.3312,1000000,1000000
2019-06-13 12:42:07.889000,1.3313,1.33119,1000000,1000000
2019-06-13 12:42:07.991000,1.3313,1.33118,1000000,3370000
2019-06-13 12:42:09.222000,1.33129,1.33118,1000000,1000000
2019-06-13 12:42:14.821000,1.33129,1.33117,1000000,2820000
2019-06-13 12:42:15.041000,1.3313,1.33119,1500000,1120000
2019-06-13 12:42:16.105000,1.33129,1.33119,1000000,1120000
2019-06-13 12:42:16.418000,1.33128,1.33119,1000000,1120000
2019-06-13 12:42:16.853000,1.33129,1.33119,1000000,1120000
2019-06-13 12:42:17.206000,1.3313,1.33119,1570000,1120000
2019-06-13 12:42:17.681000,1.33128,1.33119,1000000,1120000
2019-06-13 12:42:18.002000,1.3313,1.33119,1100000,1120000
2019-06-13 12:42:20.586000,1.33129,1.33119,1000000,1120000
2019-06-13 12:42:20.915000,1.33128,1.33119,1000000,1000000
2019-06-13 12:42:21.118000,1.33128,1.33117,1000000,2320000
2019-06-13 12:42:22.663000,1.33128,1.33116,1000000,1120000
2019-06-13 12:42:26.428000,1.33126,1.33116,1000000,1120000
2019-06-13 12:42:29.871000,1.33129,1.33116,4600000,1570000
2019-06-13 12:42:31.017000,1.33129,1.33116,3700000,1500000
2019-06-13 12:42:31.220000,1.33128,1.33116,1350000,1500000
2019-06-13 12:42:31.458000,1.33129,1.33116,4450000,1500000
2019-06-13 12:42:31.563000,1.33129,1.33116,4470000,1500000
2019-06-13 12:42:31.664000,1.33129,1.33116,3100000,1570000
2019-06-13 12:42:32.497000,1.33127,1.33116,1000000,1570000
2019-06-13 12:42:36.232000,1.33127,1.33116,1000000,2000000
2019-06-13 12:42:36.535000,1.33125,1.33115,1870000,1000000
2019-06-13 12:42:36.637000,1.33125,1.33113,2620000,1000000
2019-06-13 12:42:36.739000,1.33124,1.33112,1760000,1570000
2019-06-13 12:42:36.945000,1.33123,1.33112,1000000,2320000
2019-06-13 12:42:36.996000,1.33124,1.33114,1690000,1000000
2019-06-13 12:42:37.098000,1.33123,1.33112,1500000,2620000
2019-06-13 12:42:37.955000,1.33124,1.33113,1500000,1500000
2019-06-13 12:42:38.057000,1.33125,1.33113,1690000,2250000
2019-06-13 12:42:38.235000,1.33124,1.33113,1000000,2250000
2019-06-13 12:42:38.597000,1.33123,1.33112,1000000,2320000
2019-06-13 12:42:38.699000,1.33123,1.33111,2440000,1000000
2019-06-13 12:42:38.801000,1.33122,1.3311,1500000,2250000
2019-06-13 12:42:38.903000,1.33122,1.33113,1250000,1000000
2019-06-13 12:42:39.005000,1.33126,1.33114,2700000,1950000
2019-06-13 12:42:39.156000,1.33126,1.33115,1000000,1200000
2019-06-13 12:42:39.258000,1.33127,1.33116,1000000,1120000
2019-06-13 12:42:39.359000,1.33127,1.33116,1500000,1500000
2019-06-13 12:42:39.563000,1.33128,1.33118,1250000,1000000
2019-06-13 12:42:39.664000,1.33129,1.33118,1690000,1500000
2019-06-13 12:42:42.464000,1.3313,1.33117,1500000,5100000
2019-06-13 12:42:44.274000,1.33129,1.33119,1000000,1000000
2019-06-13 12:42:47.662000,1.33128,1.33119,1000000,1000000
2019-06-13 12:42:47.963000,1.33129,1.33119,1500000,1100000
2019-06-13 12:42:50.185000,1.33129,1.33118,1000000,1950000
2019-06-13 12:42:50.337000,1.33129,1.33119,1000000,1100000
2019-06-13 12:42:50.439000,1.3313,1.3312,1000000,1000000
2019-06-13 12:42:50.642000,1.33129,1.33119,1000000,1570000
2019-06-13 12:42:51.092000,1.3313,1.3312,1000000,1000000
2019-06-13 12:42:51.677000,1.33129,1.33119,1000000,1000000
2019-06-13 12:42:53.145000,1.33129,1.3312,1000000,1000000
2019-06-13 12:42:53.341000,1.33129,1.33119,1000000,1000000
2019-06-13 12:42:56.578000,1.33129,1.33122,1000000,1000000
2019-06-13 12:42:56.629000,1.33129,1.3312,1000000,1500000
2019-06-13 12:42:56.680000,1.33133,1.33124,5850000,1000000
2019-06-13 12:42:56.782000,1.33132,1.33121,1500000,4350000
2019-06-13 12:42:56.884000,1.33132,1.33123,1500000,1000000
2019-06-13 12:42:58.685000,1.33132,1.33122,1000000,1000000
2019-06-13 12:42:58.786000,1.33131,1.33122,1000000,1000000
2019-06-13 12:43:00.033000,1.33131,1.33121,1000000,1870000
2019-06-13 12:43:00.648000,1.33131,1.3312,1500000,2890000
2019-06-13 12:43:00.880000,1.3313,1.33119,1000000,3570000
2019-06-13 12:43:01.084000,1.3313,1.33118,1000000,4010000
2019-06-13 12:43:01.187000,1.33128,1.33118,1000000,1100000
2019-06-13 12:43:01.339000,1.33128,1.33117,1000000,1500000
2019-06-13 12:43:01.609000,1.33128,1.33117,1000000,2070000
2019-06-13 12:43:01.661000,1.3313,1.33118,1500000,1500000
2019-06-13 12:43:01.813000,1.33129,1.33118,1000000,1120000
2019-06-13 12:43:02.433000,1.33129,1.33118,1000000,1500000
2019-06-13 12:43:02.542000,1.3313,1.33119,2250000,1000000
2019-06-13 12:43:04.714000,1.3313,1.33118,1570000,1000000
2019-06-13 12:43:04.817000,1.33129,1.33117,1000000,2820000
2019-06-13 12:43:04.918000,1.33129,1.33117,1100000,2320000
2019-06-13 12:43:05.020000,1.33129,1.33117,1000000,2350000
2019-06-13 12:43:05.172000,1.33129,1.33117,1100000,2320000
2019-06-13 12:43:05.274000,1.33128,1.33117,1000000,1570000
2019-06-13 12:43:05.375000,1.3313,1.33117,3070000,1500000
2019-06-13 12:43:05.477000,1.3313,1.33117,4350000,1500000
2019-06-13 12:43:06.283000,1.33128,1.33117,1000000,1500000
2019-06-13 12:43:08.146000,1.33128,1.33117,1220000,1500000
2019-06-13 12:43:08.248000,1.33128,1.33117,1000000,1500000
2019-06-13 12:43:08.350000,1.33124,1.33114,1000000,2140000
2019-06-13 12:43:08.474000,1.33123,1.33112,1000000,1570000
2019-06-13 12:43:08.728000,1.33125,1.33112,2700000,2000000
2019-06-13 12:43:08.982000,1.33126,1.33113,1950000,2000000
2019-06-13 12:43:09.141000,1.33127,1.33114,3220000,1870000
2019-06-13 12:43:09.571000,1.33127,1.33114,2320000,1870000
2019-06-13 12:43:09.738000,1.33127,1.33114,1970000,1870000
2019-06-13 12:43:10.197000,1.33126,1.33114,2100000,1000000
2019-06-13 12:43:11.575000,1.33126,1.33114,2100000,1000000
2019-06-13 12:43:11.677000,1.33124,1.33111,2700000,3470000
2019-06-13 12:43:11.778000,1.33124,1.33111,2700000,3370000
2019-06-13 12:43:11.925000,1.33124,1.33111,1970000,3500000
2019-06-13 12:43:12.027000,1.33124,1.33113,1500000,1000000
2019-06-13 12:43:14.180000,1.33125,1.33114,1970000,1000000
2019-06-13 12:43:14.283000,1.33125,1.33115,1000000,1000000
2019-06-13 12:43:14.747000,1.33127,1.33115,1500000,1120000
2019-06-13 12:43:15.055000,1.33128,1.33116,1570000,1000000
2019-06-13 12:43:15.157000,1.33128,1.33117,1000000,1120000
2019-06-13 12:43:15.259000,1.33129,1.33117,1000000,1120000
2019-06-13 12:43:16.266000,1.3313,1.33118,1950000,1200000
2019-06-13 12:43:17.779000,1.3313,1.33119,1500000,1000000
2019-06-13 12:43:19.919000,1.3313,1.33117,2250000,4200000
2019-06-13 12:43:20.027000,1.3313,1.33117,2620000,4700000
2019-06-13 12:43:20.180000,1.3313,1.33119,1000000,2250000
2019-06-13 12:43:20.288000,1.33131,1.33119,1000000,4320000
2019-06-13 12:43:21.424000,1.3313,1.33119,1000000,1000000
2019-06-13 12:43:21.525000,1.3313,1.33118,1000000,3820000
2019-06-13 12:43:21.627000,1.3313,1.33118,1000000,2350000
2019-06-13 12:43:22.056000,1.3313,1.33118,1000000,1120000
2019-06-13 12:43:23.109000,1.33129,1.33118,1000000,1870000
2019-06-13 12:43:23.211000,1.3313,1.33118,1000000,1120000
2019-06-13 12:43:23.347000,1.3313,1.33118,1000000,1600000
2019-06-13 12:43:24.246000,1.3313,1.33118,1500000,2320000
2019-06-13 12:43:24.297000,1.3313,1.3312,1000000,1500000
2019-06-13 12:43:24.399000,1.33131,1.3312,1000000,4250000
2019-06-13 12:43:24.501000,1.33133,1.33121,3000000,1120000
2019-06-13 12:43:24.602000,1.33133,1.3312,2250000,3820000
2019-06-13 12:43:24.991000,1.33133,1.33121,3000000,1000000
2019-06-13 12:43:25.122000,1.33133,1.3312,3000000,6820000
2019-06-13 12:43:25.900000,1.33133,1.33121,3000000,1000000
2019-06-13 12:43:27.304000,1.33133,1.33122,1500000,1000000
2019-06-13 12:43:27.484000,1.33133,1.33121,1000000,1500000
2019-06-13 12:43:28.125000,1.33132,1.33122,1000000,1000000
2019-06-13 12:43:28.226000,1.33132,1.33121,1000000,3000000
2019-06-13 12:43:29.163000,1.33132,1.33122,1000000,1000000
2019-06-13 12:43:29.484000,1.33132,1.33121,1000000,3370000
2019-06-13 12:43:29.618000,1.33132,1.33122,1000000,1000000
2019-06-13 12:43:29.719000,1.33132,1.33121,1000000,4120000
2019-06-13 12:43:29.827000,1.33132,1.33122,1000000,2250000
2019-06-13 12:43:30.880000,1.33132,1.33121,1000000,4690000
2019-06-13 12:43:31.316000,1.33132,1.33122,1000000,1500000
2019-06-13 12:43:31.585000,1.33132,1.33121,1000000,4690000
2019-06-13 12:43:31.687000,1.33132,1.33122,1000000,1500000
2019-06-13 12:43:31.883000,1.33134,1.33124,1100000,1000000
2019-06-13 12:43:31.984000,1.33133,1.33124,1000000,1000000
2019-06-13 12:43:32.390000,1.33134,1.33124,1100000,1000000
2019-06-13 12:43:33.077000,1.33135,1.33124,2320000,1000000
2019-06-13 12:43:33.331000,1.33134,1.33123,1950000,1120000
2019-06-13 12:43:33.432000,1.33132,1.33122,1000000,1000000
2019-06-13 12:43:33.534000,1.33132,1.33121,1000000,2320000
2019-06-13 12:43:37.427000,1.33131,1.33121,1000000,1500000
2019-06-13 12:43:41.499000,1.33132,1.33121,1500000,3070000
2019-06-13 12:43:46.001000,1.33131,1.33121,1000000,1000000
2019-06-13 12:43:46.155000,1.33131,1.33119,1000000,3120000
2019-06-13 12:43:46.257000,1.33131,1.33119,1000000,2250000
2019-06-13 12:43:46.466000,1.33131,1.33119,1000000,2370000
2019-06-13 12:43:46.930000,1.33132,1.33121,1100000,1000000
2019-06-13 12:43:47.727000,1.33132,1.3312,1000000,1120000
2019-06-13 12:43:48.233000,1.33132,1.33121,1000000,1000000
2019-06-13 12:43:48.660000,1.33132,1.3312,1000000,3450000
2019-06-13 12:43:48.936000,1.33132,1.33121,1000000,1000000
2019-06-13 12:43:49.038000,1.33132,1.3312,1000000,1950000
2019-06-13 12:43:49.140000,1.33132,1.33121,1000000,1000000
2019-06-13 12:43:49.487000,1.33132,1.3312,1000000,1950000
2019-06-13 12:43:49.766000,1.33132,1.3312,1000000,3200000
2019-06-13 12:43:50.094000,1.33132,1.3312,1000000,2320000
2019-06-13 12:43:50.665000,1.33132,1.33121,1000000,1000000
2019-06-13 12:43:50.817000,1.33132,1.3312,1000000,3070000
2019-06-13 12:43:51.215000,1.33132,1.33121,1000000,1500000
2019-06-13 12:43:51.705000,1.33132,1.3312,1000000,1870000
2019-06-13 12:43:52.113000,1.33132,1.3312,1000000,1500000
2019-06-13 12:43:52.273000,1.3313,1.3312,1000000,1870000
2019-06-13 12:43:52.427000,1.33132,1.33121,1000000,1000000
2019-06-13 12:43:52.580000,1.33132,1.3312,1000000,3070000
2019-06-13 12:43:52.735000,1.33132,1.33122,1000000,1000000
2019-06-13 12:43:54.662000,1.33131,1.33122,1000000,1000000
2019-06-13 12:43:54.923000,1.33131,1.3312,1500000,1000000
2019-06-13 12:43:55.463000,1.33131,1.33121,1000000,1000000
2019-06-13 12:43:55.577000,1.3313,1.33121,1000000,1000000
2019-06-13 12:43:55.679000,1.3313,1.3312,1000000,2620000
2019-06-13 12:43:55.991000,1.33131,1.33121,1000000,1500000
2019-06-13 12:43:56.500000,1.33132,1.33119,1500000,4700000
2019-06-13 12:43:56.602000,1.33131,1.3312,1000000,1500000
2019-06-13 12:43:57.956000,1.33131,1.3312,1000000,2000000
2019-06-13 12:43:59.587000,1.33133,1.3312,3450000,2750000
2019-06-13 12:43:59.759000,1.33132,1.33121,1000000,1100000
2019-06-13 12:43:59.912000,1.33132,1.3312,1000000,2620000
2019-06-13 12:44:00.469000,1.33132,1.3312,1500000,2070000
2019-06-13 12:44:00.672000,1.33132,1.33122,1100000,1000000
2019-06-13 12:44:00.841000,1.33133,1.33122,2250000,1500000
2019-06-13 12:44:02.416000,1.33133,1.33123,1500000,1000000
2019-06-13 12:44:02.519000,1.33134,1.33126,1570000,1000000
2019-06-13 12:44:03.039000,1.33134,1.33127,1000000,1000000
2019-06-13 12:44:03.141000,1.33134,1.33128,1000000,1000000
2019-06-13 12:44:03.242000,1.33134,1.33127,1500000,1000000
2019-06-13 12:44:04.046000,1.33134,1.33126,1000000,1000000
2019-06-13 12:44:04.376000,1.33133,1.33126,1000000,1000000
2019-06-13 12:44:04.819000,1.33133,1.33125,1000000,1000000
2019-06-13 12:44:05.086000,1.33133,1.33127,1000000,1000000
2019-06-13 12:44:05.977000,1.33134,1.33127,1000000,1000000
2019-06-13 12:44:07.818000,1.33134,1.33129,1000000,1000000
2019-06-13 12:44:07.920000,1.33136,1.33129,1000000,1000000
2019-06-13 12:44:08.073000,1.33138,1.33129,4570000,1000000
