time,ask,bid,ask_volume,bid_volume
2018-12-04 13:25:00.266000,1.31763,1.31752,1500000,1500000
2018-12-04 13:25:05.616000,1.31763,1.31755,1000000,1000000
2018-12-04 13:25:06.154000,1.31764,1.31755,1000000,1000000
2018-12-04 13:25:06.411000,1.31763,1.31752,1500000,1220000
2018-12-04 13:25:06.953000,1.31763,1.31752,1500000,2620000
2018-12-04 13:25:07.056000,1.31761,1.31752,1000000,2620000
2018-12-04 13:25:08.160000,1.31761,1.31753,1000000,1000000
2018-12-04 13:25:10.087000,1.31763,1.31753,1000000,1000000
2018-12-04 13:25:10.621000,1.31762,1.31753,1000000,1000000
2018-12-04 13:25:11.421000,1.31762,1.31752,1000000,1500000
2018-12-04 13:25:12.617000,1.31762,1.31751,1000000,2320000
2018-12-04 13:25:13.137000,1.31763,1.31751,1500000,2250000
2018-12-04 13:25:13.919000,1.31762,1.31751,1000000,1500000
2018-12-04 13:25:14.457000,1.31763,1.31752,1500000,1000000
2018-12-04 13:25:15.184000,1.31763,1.31751,1500000,2250000
2018-12-04 13:25:15.920000,1.31761,1.31751,1000000,2250000
2018-12-04 13:25:16.427000,1.31761,1.31752,1000000,1000000
2018-12-04 13:25:17.149000,1.31762,1.31752,1000000,2250000
2018-12-04 13:25:19.780000,1.31762,1.31753,1000000,1000000
2018-12-04 13:25:20.906000,1.31762,1.31754,1000000,1000000
2018-12-04 13:25:24.546000,1.31762,1.31753,1000000,1500000
2018-12-04 13:25:25.146000,1.31762,1.31754,1000000,1000000
2018-12-04 13:25:26.171000,1.31762,1.31755,1000000,1000000
2018-12-04 13:25:26.274000,1.31763,1.31753,1000000,1500000
2018-12-04 13:25:26.945000,1.31763,1.31754,1000000,1000000
2018-12-04 13:25:27.450000,1.31764,1.31754,1500000,1000000
2018-12-04 13:25:31.793000,1.31767,1.31756,1570000,1500000
2018-12-04 13:25:31.846000,1.31767,1.31759,1000000,1000000
2018-12-04 13:25:31.952000,1.31769,1.31758,2250000,1000000
2018-12-04 13:25:32.938000,1.31764,1.31755,1500000,1220000
2018-12-04 13:25:32.991000,1.31764,1.31753,2250000,1000000
2018-12-04 13:25:33.531000,1.31763,1.31752,1500000,1000000
2018-12-04 13:25:37.765000,1.31762,1.31752,1000000,1000000
2018-12-04 13:25:44.161000,1.31762,1.3175,1000000,3000000
2018-12-04 13:25:44.681000,1.31763,1.31751,2250000,1500000
2018-12-04 13:25:45.205000,1.31763,1.31752,1500000,1000000
2018-12-04 13:25:45.952000,1.31762,1.31752,1000000,1000000
2018-12-04 13:25:47.089000,1.31762,1.31751,1000000,1120000
2018-12-04 13:25:48.535000,1.31762,1.31752,1000000,1000000
2018-12-04 13:25:49.068000,1.31763,1.31752,1500000,1000000
2018-12-04 13:25:56.087000,1.31763,1.31751,1500000,1870000
2018-12-04 13:25:56.139000,1.3176,1.3175,1000000,2750000
2018-12-04 13:25:56.345000,1.31762,1.31752,1500000,1500000
2018-12-04 13:25:56.398000,1.31763,1.31757,1000000,1000000
2018-12-04 13:25:56.503000,1.31767,1.31759,1000000,1000000
2018-12-04 13:25:56.663000,1.31769,1.31761,1000000,1000000
2018-12-04 13:25:56.721000,1.31771,1.31761,1000000,1000000
2018-12-04 13:26:00.040000,1.31769,1.31761,1000000,1000000
2018-12-04 13:26:00.444000,1.31771,1.31761,2250000,1000000
2018-12-04 13:26:04.125000,1.31771,1.3176,1500000,1870000
2018-12-04 13:26:06.233000,1.31771,1.31759,1500000,1870000
2018-12-04 13:26:07.145000,1.31763,1.31757,1000000,1000000
2018-12-04 13:26:07.249000,1.31763,1.31752,1500000,2700000
2018-12-04 13:26:07.753000,1.31762,1.31752,1000000,1000000
2018-12-04 13:26:08.457000,1.31761,1.31751,1000000,1500000
2018-12-04 13:26:09.057000,1.31762,1.31751,2250000,1000000
2018-12-04 13:26:09.564000,1.31761,1.31751,2250000,1000000
2018-12-04 13:26:10.299000,1.31761,1.31752,1500000,1000000
2018-12-04 13:26:10.816000,1.31761,1.31751,1500000,1000000
2018-12-04 13:26:14.226000,1.3176,1.3175,1000000,1500000
2018-12-04 13:26:14.331000,1.3176,1.31748,2250000,1500000
2018-12-04 13:26:14.877000,1.3176,1.31749,1500000,1000000
2018-12-04 13:26:16.558000,1.3176,1.3175,1500000,1000000
2018-12-04 13:26:19.069000,1.3176,1.31748,1500000,1500000
2018-12-04 13:26:19.598000,1.3176,1.31749,1000000,1000000
2018-12-04 13:26:20.170000,1.3176,1.3175,1000000,2250000
2018-12-04 13:26:20.924000,1.3176,1.31749,1000000,1500000
2018-12-04 13:26:21.459000,1.31759,1.31749,1000000,1500000
2018-12-04 13:26:21.996000,1.31759,1.3175,1000000,1000000
2018-12-04 13:26:22.529000,1.31759,1.31749,1000000,1000000
2018-12-04 13:26:24.770000,1.3176,1.3175,1500000,1000000
2018-12-04 13:26:25.151000,1.31762,1.3175,1500000,2250000
2018-12-04 13:26:25.713000,1.31762,1.31751,1000000,1000000
2018-12-04 13:26:27.264000,1.31763,1.31751,3000000,1500000
2018-12-04 13:26:27.778000,1.31762,1.31751,1500000,1000000
2018-12-04 13:26:28.308000,1.31762,1.3175,2250000,2250000
2018-12-04 13:26:29.066000,1.31761,1.3175,1000000,1500000
2018-12-04 13:26:29.726000,1.3176,1.3175,1000000,1500000
2018-12-04 13:26:31.156000,1.3176,1.31752,1000000,1000000
2018-12-04 13:26:31.207000,1.3176,1.3175,1000000,2250000
2018-12-04 13:26:32.084000,1.31761,1.3175,1000000,2250000
2018-12-04 13:26:33.008000,1.31761,1.31751,1000000,1000000
2018-12-04 13:26:34.661000,1.31763,1.31752,3000000,1000000
2018-12-04 13:26:37.593000,1.31763,1.31754,1000000,1000000
2018-12-04 13:26:37.696000,1.31763,1.31752,1500000,1000000
2018-12-04 13:26:38.217000,1.31762,1.31751,1000000,3000000
2018-12-04 13:26:42.088000,1.31761,1.31751,1000000,1000000
2018-12-04 13:26:46.700000,1.31762,1.31751,2250000,1000000
2018-12-04 13:26:47.810000,1.31761,1.31751,1000000,1000000
2018-12-04 13:26:49.028000,1.31762,1.31751,2250000,1000000
2018-12-04 13:26:49.727000,1.31762,1.31752,1000000,1500000
2018-12-04 13:26:50.578000,1.31764,1.31752,3120000,2250000
2018-12-04 13:26:51.100000,1.31764,1.31753,2250000,1000000
2018-12-04 13:26:52.078000,1.31763,1.31753,1000000,1500000
2018-12-04 13:26:53.084000,1.31762,1.31753,1000000,1000000
2018-12-04 13:26:53.670000,1.31763,1.31753,1000000,1000000
2018-12-04 13:26:54.215000,1.31763,1.31754,1000000,1000000
2018-12-04 13:26:55.014000,1.31764,1.31754,1500000,1500000
2018-12-04 13:26:55.581000,1.31767,1.31758,1100000,1500000
2018-12-04 13:26:56.096000,1.31768,1.31758,1500000,1000000
2018-12-04 13:26:56.755000,1.31765,1.31757,1000000,1000000
2018-12-04 13:26:56.808000,1.31764,1.31753,2250000,1950000
2018-12-04 13:26:57.403000,1.31763,1.31753,1000000,1000000
2018-12-04 13:26:57.917000,1.31763,1.31752,1000000,1500000
2018-12-04 13:26:58.439000,1.31763,1.31751,2250000,2250000
2018-12-04 13:26:59.501000,1.31763,1.31752,1500000,1000000
2018-12-04 13:27:00.020000,1.31763,1.31751,1000000,2250000
2018-12-04 13:27:00.292000,1.31759,1.31751,1000000,1000000
2018-12-04 13:27:00.455000,1.31759,1.31748,1500000,2250000
2018-12-04 13:27:00.508000,1.3176,1.3175,1500000,1000000
2018-12-04 13:27:01.038000,1.31759,1.3175,1000000,1000000
2018-12-04 13:27:01.610000,1.3176,1.3175,1500000,1000000
2018-12-04 13:27:01.919000,1.31758,1.31749,1000000,1500000
2018-12-04 13:27:01.971000,1.3176,1.3175,1000000,1000000
2018-12-04 13:27:02.126000,1.31761,1.31752,1000000,1000000
2018-12-04 13:27:02.319000,1.31763,1.31751,1000000,2250000
2018-12-04 13:27:04.134000,1.31763,1.31752,1000000,1000000
2018-12-04 13:27:05.800000,1.31763,1.31753,2250000,1000000
2018-12-04 13:27:07.436000,1.31763,1.31752,1500000,1000000
2018-12-04 13:27:09.222000,1.31763,1.31751,1000000,2250000
2018-12-04 13:27:12.924000,1.31763,1.31752,1000000,1000000
2018-12-04 13:27:17.921000,1.31763,1.31751,1500000,2250000
2018-12-04 13:27:19.742000,1.31763,1.31752,1000000,1000000
2018-12-04 13:27:20.368000,1.31764,1.31755,1000000,1000000
2018-12-04 13:27:20.472000,1.31766,1.31754,2250000,2250000
2018-12-04 13:27:21.738000,1.31766,1.31756,3000000,1000000
2018-12-04 13:27:22.056000,1.3177,1.3176,1500000,1000000
2018-12-04 13:27:27.237000,1.31771,1.3176,2250000,1500000
2018-12-04 13:27:30.594000,1.3177,1.3176,1000000,1500000
2018-12-04 13:27:34.230000,1.31768,1.31758,1000000,1000000
2018-12-04 13:27:34.614000,1.31764,1.31754,1500000,1000000
2018-12-04 13:27:35.679000,1.31763,1.31754,1000000,1000000
2018-12-04 13:27:35.731000,1.31763,1.31752,1000000,1500000
2018-12-04 13:27:37.123000,1.31763,1.31751,2250000,2250000
2018-12-04 13:27:37.632000,1.31762,1.31751,1000000,1500000
2018-12-04 13:27:40.494000,1.31762,1.31752,1000000,1000000
2018-12-04 13:27:44.024000,1.31757,1.31749,1500000,1000000
2018-12-04 13:27:44.196000,1.3176,1.31749,3000000,1000000
2018-12-04 13:27:44.560000,1.3176,1.31751,1000000,1000000
2018-12-04 13:27:45.933000,1.31761,1.31751,1500000,1000000
2018-12-04 13:27:47.911000,1.31755,1.31748,1000000,1100000
2018-12-04 13:27:47.964000,1.31754,1.31744,1500000,1000000
2018-12-04 13:27:48.482000,1.31753,1.31743,1000000,1000000
2018-12-04 13:27:50.403000,1.31755,1.31743,2250000,1500000
2018-12-04 13:27:50.941000,1.31755,1.31744,1000000,1000000
2018-12-04 13:27:53.809000,1.31758,1.31748,3450000,1000000
2018-12-04 13:27:53.914000,1.31761,1.31749,1200000,3120000
2018-12-04 13:27:54.418000,1.31762,1.31751,1500000,1000000
2018-12-04 13:27:56.295000,1.31762,1.31752,1500000,1000000
2018-12-04 13:27:58.003000,1.31761,1.31752,1000000,1000000
2018-12-04 13:27:58.843000,1.31764,1.31754,1500000,1000000
2018-12-04 13:27:58.895000,1.31764,1.31757,1000000,1500000
2018-12-04 13:27:59.052000,1.31768,1.31757,2250000,1000000
2018-12-04 13:28:00.147000,1.31768,1.31759,1000000,1120000
2018-12-04 13:28:00.199000,1.3177,1.3176,1000000,1000000
2018-12-04 13:28:00.730000,1.31771,1.3176,1000000,1500000
2018-12-04 13:28:01.246000,1.31771,1.31761,1000000,1500000
2018-12-04 13:28:03.912000,1.31772,1.31762,1500000,1500000
2018-12-04 13:28:05.141000,1.31772,1.31761,1500000,1500000
2018-12-04 13:28:05.928000,1.31771,1.31761,1000000,1500000
2018-12-04 13:28:06.918000,1.31775,1.31768,1000000,1000000
2018-12-04 13:28:06.970000,1.31778,1.31768,2250000,1000000
2018-12-04 13:28:08.094000,1.31771,1.31763,1000000,4350000
2018-12-04 13:28:08.147000,1.31771,1.31762,1000000,1000000
2018-12-04 13:28:08.660000,1.31771,1.31761,2250000,1000000
2018-12-04 13:28:09.178000,1.31771,1.3176,1500000,1500000
2018-12-04 13:28:09.849000,1.31771,1.31761,1500000,1000000
2018-12-04 13:28:09.902000,1.31775,1.31764,3970000,1000000
2018-12-04 13:28:10.423000,1.31775,1.31764,1500000,1000000
2018-12-04 13:28:12.553000,1.31774,1.31763,1000000,1500000
2018-12-04 13:28:12.862000,1.31773,1.31761,1500000,1500000
2018-12-04 13:28:12.965000,1.31771,1.31761,1000000,1500000
2018-12-04 13:28:15.422000,1.31771,1.31762,1000000,1000000
2018-12-04 13:28:15.474000,1.31774,1.31764,2250000,1500000
2018-12-04 13:28:18.387000,1.31778,1.31769,1000000,1000000
2018-12-04 13:28:18.493000,1.3178,1.3177,1000000,1000000
2018-12-04 13:28:19.601000,1.3178,1.31769,1500000,1000000
2018-12-04 13:28:23.394000,1.3178,1.31768,1500000,2620000
2018-12-04 13:28:24.051000,1.31779,1.31768,1000000,1500000
2018-12-04 13:28:24.387000,1.31777,1.31767,1500000,1000000
2018-12-04 13:28:25.217000,1.31775,1.31767,1000000,1500000
2018-12-04 13:28:25.444000,1.31777,1.31767,1500000,1500000
2018-12-04 13:28:25.548000,1.31774,1.31766,1000000,1500000
2018-12-04 13:28:25.714000,1.3177,1.31759,1000000,1000000
2018-12-04 13:28:26.704000,1.31769,1.31758,1000000,1500000
2018-12-04 13:28:27.219000,1.31769,1.31759,1000000,1000000
2018-12-04 13:28:28.916000,1.31768,1.31758,1000000,2320000
2018-12-04 13:28:29.494000,1.3177,1.31758,2250000,3000000
2018-12-04 13:28:30.008000,1.3177,1.31759,1500000,1000000
2018-12-04 13:28:33.194000,1.31771,1.31759,1500000,3750000
2018-12-04 13:28:36.183000,1.31771,1.3176,1500000,1000000
2018-12-04 13:28:42.994000,1.31771,1.31761,1000000,1000000
2018-12-04 13:28:45.299000,1.31771,1.3176,1000000,1500000
2018-12-04 13:28:48.076000,1.31771,1.31759,1000000,2250000
2018-12-04 13:28:48.886000,1.31771,1.3176,1000000,1000000
2018-12-04 13:28:51.050000,1.31771,1.31759,1500000,2250000
2018-12-04 13:28:52.841000,1.31773,1.31761,2700000,1500000
2018-12-04 13:28:53.234000,1.31771,1.31761,1000000,1500000
2018-12-04 13:28:57.911000,1.31772,1.31761,1000000,2250000
2018-12-04 13:28:58.303000,1.31776,1.31764,3000000,1500000
2018-12-04 13:28:58.819000,1.31775,1.31764,1000000,1000000
2018-12-04 13:28:59.704000,1.31771,1.31763,1000000,1000000
2018-12-04 13:28:59.877000,1.31771,1.3176,1000000,1000000
2018-12-04 13:29:00.395000,1.3177,1.3176,1000000,1000000
2018-12-04 13:29:00.915000,1.31771,1.3176,1000000,1000000
2018-12-04 13:29:02.829000,1.31771,1.31761,1500000,1000000
2018-12-04 13:29:03.453000,1.31771,1.3176,1000000,1000000
2018-12-04 13:29:06.047000,1.31771,1.31761,1000000,1000000
2018-12-04 13:29:06.099000,1.31774,1.31762,4350000,1500000
2018-12-04 13:29:06.640000,1.31771,1.31761,1000000,1000000
2018-12-04 13:29:07.192000,1.31772,1.3176,1570000,1000000
2018-12-04 13:29:07.504000,1.31778,1.31766,1570000,1500000
2018-12-04 13:29:07.880000,1.31775,1.31764,1000000,1870000
2018-12-04 13:29:08.089000,1.31771,1.31759,1000000,2320000
2018-12-04 13:29:08.783000,1.31771,1.3176,1000000,1000000
2018-12-04 13:29:11.693000,1.31771,1.31759,1000000,2250000
2018-12-04 13:29:12.249000,1.31771,1.3176,1000000,1000000
2018-12-04 13:29:16.164000,1.31771,1.31761,1500000,1000000
2018-12-04 13:29:17.369000,1.31773,1.31763,1000000,1000000
2018-12-04 13:29:17.577000,1.31776,1.31765,1000000,1500000
2018-12-04 13:29:17.733000,1.31774,1.31764,1000000,1000000
2018-12-04 13:29:18.651000,1.31777,1.31767,1500000,1000000
2018-12-04 13:29:20.429000,1.3178,1.31768,1500000,1500000
2018-12-04 13:29:20.960000,1.31778,1.31768,1000000,1000000
2018-12-04 13:29:24.224000,1.31779,1.31769,1000000,1500000
2018-12-04 13:29:26.830000,1.31779,1.31768,1000000,1000000
2018-12-04 13:29:30.062000,1.31779,1.31767,1000000,1120000
2018-12-04 13:29:30.611000,1.3178,1.31767,1000000,1570000
2018-12-04 13:29:31.095000,1.31778,1.31768,1000000,1000000
2018-12-04 13:29:31.486000,1.31778,1.31766,1000000,1120000
2018-12-04 13:29:31.590000,1.31776,1.31765,1000000,1000000
2018-12-04 13:29:32.073000,1.31775,1.31763,1000000,1000000
2018-12-04 13:29:32.125000,1.31774,1.31761,1500000,1200000
2018-12-04 13:29:32.178000,1.31772,1.3176,1000000,2890000
2018-12-04 13:29:33.497000,1.31776,1.31765,1950000,1000000
2018-12-04 13:29:33.601000,1.3178,1.31768,1200000,1000000
2018-12-04 13:29:34.370000,1.3178,1.31767,1000000,1100000
2018-12-04 13:29:35.664000,1.3178,1.31768,1000000,1000000
2018-12-04 13:29:38.599000,1.3178,1.31767,1100000,1500000
2018-12-04 13:29:39.112000,1.3178,1.31767,1000000,1970000
2018-12-04 13:29:41.149000,1.31778,1.31766,1000000,3570000
2018-12-04 13:29:41.664000,1.31779,1.31768,1000000,1100000
2018-12-04 13:29:45.446000,1.31778,1.31767,1000000,1000000
2018-12-04 13:29:45.749000,1.31773,1.31761,1500000,3600000
2018-12-04 13:29:46.390000,1.31773,1.3176,1000000,1570000
2018-12-04 13:29:46.832000,1.31771,1.31761,1000000,1000000
2018-12-04 13:29:47.347000,1.31771,1.3176,1000000,1000000
2018-12-04 13:29:47.882000,1.3177,1.3176,1000000,1000000
2018-12-04 13:29:48.558000,1.31772,1.3176,1000000,1200000
2018-12-04 13:29:51.290000,1.31773,1.3176,1000000,1000000
2018-12-04 13:29:51.496000,1.31777,1.31768,3120000,1000000
2018-12-04 13:29:51.548000,1.3178,1.31767,1100000,1000000
2018-12-04 13:29:52.500000,1.31781,1.31768,1100000,1000000
2018-12-04 13:29:53.284000,1.3178,1.31768,1500000,1000000
2018-12-04 13:29:53.336000,1.31781,1.31771,1100000,1000000
2018-12-04 13:29:53.440000,1.31781,1.31768,1100000,1000000
2018-12-04 13:29:53.960000,1.31782,1.31769,1000000,1000000
2018-12-04 13:29:55.483000,1.31781,1.31771,1000000,1000000
2018-12-04 13:29:56.983000,1.31783,1.3177,2250000,1000000
2018-12-04 13:29:57.035000,1.31783,1.31773,1000000,1000000
2018-12-04 13:29:57.498000,1.31784,1.31771,1500000,1200000
2018-12-04 13:29:58.417000,1.31784,1.31772,1120000,1000000
2018-12-04 13:29:58.469000,1.31784,1.31774,1000000,1000000
2018-12-04 13:29:58.521000,1.31786,1.31775,1000000,1500000
2018-12-04 13:29:58.573000,1.31788,1.31777,1570000,1000000
2018-12-04 13:29:59.118000,1.31789,1.31776,3190000,1000000
2018-12-04 13:29:59.997000,1.31791,1.31779,3070000,1000000
2018-12-04 13:30:00.525000,1.31791,1.31778,2320000,1000000
2018-12-04 13:30:00.872000,1.31788,1.31777,1000000,1000000
2018-12-04 13:30:01.381000,1.31787,1.31777,1000000,1000000
2018-12-04 13:30:01.432000,1.31789,1.31777,1000000,1000000
2018-12-04 13:30:01.586000,1.31789,1.31779,1000000,1000000
2018-12-04 13:30:01.638000,1.31791,1.31778,1500000,1000000
2018-12-04 13:30:02.146000,1.31791,1.31779,2250000,1000000
2018-12-04 13:30:02.666000,1.31792,1.31782,1000000,1000000
2018-12-04 13:30:03.118000,1.31794,1.31782,1100000,1000000
2018-12-04 13:30:03.275000,1.31795,1.31784,1000000,1000000
2018-12-04 13:30:03.603000,1.318,1.31787,2700000,1000000
2018-12-04 13:30:04.118000,1.31799,1.31787,1570000,1000000
2018-12-04 13:30:04.469000,1.31799,1.31789,1000000,1000000
2018-12-04 13:30:05.841000,1.31798,1.31789,1100000,1000000
2018-12-04 13:30:06.406000,1.318,1.31788,2700000,1000000
2018-12-04 13:30:06.613000,1.31799,1.31788,1620000,1000000
2018-12-04 13:30:06.793000,1.318,1.31788,2700000,1000000
2018-12-04 13:30:07.305000,1.318,1.31789,1500000,1000000
2018-12-04 13:30:07.931000,1.318,1.31788,3450000,1000000
2018-12-04 13:30:08.035000,1.31799,1.31788,1600000,1000000
2018-12-04 13:30:08.189000,1.318,1.31788,2700000,1000000
2018-12-04 13:30:08.797000,1.318,1.31788,2070000,1000000
2018-12-04 13:30:09.449000,1.318,1.31788,1500000,1000000
2018-12-04 13:30:10.285000,1.31799,1.31788,1000000,1000000
2018-12-04 13:30:10.802000,1.31793,1.31784,1000000,1000000
2018-12-04 13:30:10.855000,1.31792,1.31782,1000000,1690000
2018-12-04 13:30:10.907000,1.3179,1.31782,1000000,1250000
2018-12-04 13:30:11.056000,1.3179,1.3178,1000000,1000000
2018-12-04 13:30:11.469000,1.31792,1.31782,1970000,1500000
2018-12-04 13:30:11.677000,1.31796,1.31785,1570000,1500000
2018-12-04 13:30:11.928000,1.31796,1.31787,1000000,1000000
2018-12-04 13:30:12.287000,1.31798,1.31788,1000000,1000000
2018-12-04 13:30:12.861000,1.31799,1.31788,1500000,1000000
2018-12-04 13:30:13.792000,1.31797,1.31787,1000000,2250000
2018-12-04 13:30:14.544000,1.31797,1.31786,1000000,1100000
2018-12-04 13:30:15.121000,1.31798,1.31788,1000000,1000000
2018-12-04 13:30:15.173000,1.318,1.31788,2250000,1500000
2018-12-04 13:30:15.225000,1.31797,1.31788,1000000,1000000
2018-12-04 13:30:15.953000,1.31798,1.31788,1000000,1500000
2018-12-04 13:30:18.432000,1.31798,1.31787,1000000,1000000
2018-12-04 13:30:19.751000,1.31797,1.31786,1000000,1970000
2018-12-04 13:30:20.267000,1.31798,1.31787,1500000,1100000
2018-12-04 13:30:20.878000,1.31799,1.31787,1000000,1500000
2018-12-04 13:30:21.189000,1.31797,1.31788,1000000,1000000
2018-12-04 13:30:21.476000,1.31796,1.31784,3120000,1500000
2018-12-04 13:30:21.529000,1.31796,1.31786,3120000,1000000
2018-12-04 13:30:22.044000,1.31795,1.31785,1000000,1500000
2018-12-04 13:30:22.323000,1.31797,1.31786,1000000,1000000
2018-12-04 13:30:22.375000,1.31798,1.31788,1200000,1000000
2018-12-04 13:30:26.003000,1.31799,1.31787,2250000,3000000
2018-12-04 13:30:26.637000,1.31797,1.31787,1000000,2250000
2018-12-04 13:30:27.696000,1.31799,1.31787,1620000,2250000
2018-12-04 13:30:28.214000,1.31799,1.31787,1500000,2250000
2018-12-04 13:30:28.773000,1.31798,1.31788,1120000,1000000
2018-12-04 13:30:28.877000,1.31797,1.31785,1500000,2250000
2018-12-04 13:30:29.134000,1.31796,1.31786,1620000,1000000
2018-12-04 13:30:29.239000,1.3179,1.31779,1500000,1100000
2018-12-04 13:30:29.767000,1.31791,1.3178,1000000,1000000
2018-12-04 13:30:29.870000,1.31792,1.31782,1500000,1000000
2018-12-04 13:30:30.378000,1.31794,1.31784,1000000,1000000
2018-12-04 13:30:30.535000,1.31788,1.31777,1500000,1100000
2018-12-04 13:30:31.052000,1.31788,1.31778,1000000,1500000
2018-12-04 13:30:31.597000,1.31787,1.31778,1000000,1500000
2018-12-04 13:30:32.111000,1.31788,1.31778,1000000,3000000
2018-12-04 13:30:32.856000,1.31786,1.31778,1000000,1000000
2018-12-04 13:30:32.908000,1.31786,1.31776,1000000,2250000
2018-12-04 13:30:33.454000,1.31787,1.31776,1000000,1500000
2018-12-04 13:30:33.611000,1.31787,1.31778,1000000,1000000
2018-12-04 13:30:33.819000,1.31789,1.31779,1500000,1000000
2018-12-04 13:30:38.541000,1.31791,1.31779,2250000,1500000
2018-12-04 13:30:38.644000,1.31791,1.31781,2250000,1500000
2018-12-04 13:30:38.970000,1.31789,1.31779,1000000,1500000
2018-12-04 13:30:39.917000,1.31789,1.31777,1500000,2250000
2018-12-04 13:30:39.969000,1.31789,1.31779,1500000,1000000
2018-12-04 13:30:40.483000,1.3179,1.3178,1870000,1000000
2018-12-04 13:30:40.951000,1.31794,1.31782,1000000,2250000
2018-12-04 13:30:41.208000,1.31793,1.31784,1000000,1000000
2018-12-04 13:30:41.313000,1.31796,1.31785,1100000,3000000
2018-12-04 13:30:41.575000,1.31794,1.31782,1500000,3470000
2018-12-04 13:30:41.940000,1.31796,1.31787,1000000,1000000
2018-12-04 13:30:41.992000,1.31798,1.31787,1500000,1500000
2018-12-04 13:30:42.942000,1.31798,1.31788,1500000,1000000
2018-12-04 13:30:43.448000,1.31797,1.31787,1000000,1500000
2018-12-04 13:30:43.901000,1.31798,1.31789,1000000,1000000
2018-12-04 13:30:44.202000,1.31798,1.31787,1000000,2320000
2018-12-04 13:30:44.461000,1.31797,1.31785,1500000,1500000
2018-12-04 13:30:44.966000,1.31797,1.31786,1500000,1000000
2018-12-04 13:30:45.628000,1.31798,1.31789,1500000,1000000
2018-12-04 13:30:49.040000,1.31798,1.31788,1500000,1500000
2018-12-04 13:30:49.891000,1.31798,1.31792,1000000,2250000
2018-12-04 13:30:49.943000,1.318,1.31791,1000000,2250000
2018-12-04 13:30:50.099000,1.31803,1.31791,1500000,2620000
2018-12-04 13:30:50.151000,1.31801,1.3179,1000000,1500000
2018-12-04 13:30:50.493000,1.31796,1.31786,1000000,2250000
2018-12-04 13:30:50.854000,1.31797,1.31788,1500000,1000000
2018-12-04 13:30:51.226000,1.31799,1.31789,1000000,1500000
2018-12-04 13:30:51.486000,1.31797,1.31789,1000000,1000000
2018-12-04 13:30:51.719000,1.318,1.31791,1000000,1000000
2018-12-04 13:30:52.333000,1.318,1.3179,1000000,1500000
2018-12-04 13:30:54.757000,1.31801,1.3179,1000000,1500000
2018-12-04 13:30:55.319000,1.31801,1.31791,1000000,2250000
2018-12-04 13:30:55.372000,1.31803,1.31792,1000000,1000000
2018-12-04 13:30:55.651000,1.31804,1.31795,1000000,1000000
2018-12-04 13:30:55.704000,1.31806,1.31795,1000000,1500000
2018-12-04 13:30:55.967000,1.31802,1.31792,1000000,2320000
2018-12-04 13:30:56.072000,1.31804,1.31793,2250000,1000000
2018-12-04 13:30:56.224000,1.318,1.31793,1500000,1000000
2018-12-04 13:30:56.277000,1.31799,1.31788,2250000,1600000
2018-12-04 13:30:56.330000,1.31797,1.31787,1000000,2250000
2018-12-04 13:30:56.958000,1.31799,1.31787,3120000,1500000
2018-12-04 13:30:57.473000,1.31799,1.31787,1500000,1500000
2018-12-04 13:30:57.987000,1.31798,1.31787,1870000,1000000
2018-12-04 13:30:58.400000,1.31801,1.3179,1200000,1500000
2018-12-04 13:30:58.619000,1.31803,1.31791,1870000,2250000
2018-12-04 13:30:58.671000,1.31801,1.31791,2370000,1500000
2018-12-04 13:30:58.878000,1.31802,1.3179,1870000,1500000
2018-12-04 13:30:58.981000,1.318,1.3179,1000000,1000000
2018-12-04 13:31:00.077000,1.31801,1.31791,1500000,1000000
2018-12-04 13:31:00.846000,1.31799,1.31789,1000000,1500000
2018-12-04 13:31:01.231000,1.318,1.31792,1000000,1000000
2018-12-04 13:31:01.337000,1.31802,1.31792,1000000,1000000
2018-12-04 13:31:01.445000,1.31804,1.31795,1000000,1000000
2018-12-04 13:31:01.816000,1.31807,1.31796,1000000,1000000
2018-12-04 13:31:02.480000,1.31808,1.31796,3000000,1500000
2018-12-04 13:31:02.585000,1.31807,1.31798,1000000,1000000
2018-12-04 13:31:02.689000,1.31807,1.31796,1000000,1500000
2018-12-04 13:31:02.950000,1.31805,1.31795,1000000,1500000
2018-12-04 13:31:03.723000,1.31808,1.31797,1500000,1000000
2018-12-04 13:31:04.580000,1.31807,1.31797,1000000,1500000
2018-12-04 13:31:05.813000,1.31809,1.31797,3000000,1500000
2018-12-04 13:31:06.320000,1.31806,1.31797,1000000,1000000
2018-12-04 13:31:06.691000,1.31808,1.31797,1120000,1000000
2018-12-04 13:31:09.427000,1.31808,1.31798,3000000,1000000
2018-12-04 13:31:09.786000,1.31808,1.31796,2250000,1500000
2018-12-04 13:31:10.538000,1.31808,1.31797,1000000,1000000
2018-12-04 13:31:12.034000,1.31808,1.31798,1000000,1000000
2018-12-04 13:31:12.568000,1.31808,1.31797,1000000,3000000
2018-12-04 13:31:12.731000,1.31808,1.318,1000000,1000000
2018-12-04 13:31:12.784000,1.3181,1.318,2250000,1000000
2018-12-04 13:31:14.584000,1.31809,1.31799,1000000,1000000
2018-12-04 13:31:15.071000,1.31807,1.31798,1500000,1500000
2018-12-04 13:31:15.581000,1.31807,1.31797,1000000,1500000
2018-12-04 13:31:15.687000,1.31806,1.31795,1000000,1500000
2018-12-04 13:31:16.048000,1.31807,1.31797,1000000,1500000
2018-12-04 13:31:16.562000,1.31808,1.31798,1870000,1000000
2018-12-04 13:31:16.948000,1.31803,1.31794,1000000,1500000
2018-12-04 13:31:17.411000,1.31805,1.31795,1000000,1000000
2018-12-04 13:31:17.916000,1.31805,1.31794,1500000,1000000
2018-12-04 13:31:17.968000,1.31807,1.31795,2250000,1500000
2018-12-04 13:31:18.021000,1.31807,1.31797,2250000,1500000
2018-12-04 13:31:18.535000,1.31808,1.31798,2250000,1000000
2018-12-04 13:31:20.706000,1.3181,1.318,1500000,1000000
2018-12-04 13:31:22.066000,1.3181,1.31799,1000000,1500000
2018-12-04 13:31:22.949000,1.3181,1.318,1000000,1000000
2018-12-04 13:31:26.499000,1.31807,1.31799,1000000,1000000
2018-12-04 13:31:26.552000,1.31807,1.31797,1500000,1500000
2018-12-04 13:31:28.151000,1.31807,1.31796,1500000,1000000
2018-12-04 13:31:29.572000,1.31807,1.31797,1000000,1000000
2018-12-04 13:31:34.040000,1.31807,1.31796,1000000,1500000
2018-12-04 13:31:35.687000,1.31806,1.31796,1000000,1000000
2018-12-04 13:31:36.219000,1.31806,1.31795,1000000,2250000
2018-12-04 13:31:36.513000,1.31806,1.31797,1000000,1000000
2018-12-04 13:31:38.095000,1.31806,1.31796,1000000,1000000
2018-12-04 13:31:40.233000,1.31807,1.31796,1000000,1500000
2018-12-04 13:31:41.629000,1.31806,1.31795,1000000,2250000
2018-12-04 13:31:41.938000,1.31805,1.31798,1000000,1000000
2018-12-04 13:31:43.937000,1.31807,1.31798,1000000,1000000
2018-12-04 13:31:44.765000,1.31808,1.31798,1500000,1000000
2018-12-04 13:31:45.906000,1.31808,1.31796,1500000,2250000
2018-12-04 13:31:46.689000,1.31809,1.318,1000000,1000000
2018-12-04 13:31:46.741000,1.31808,1.31798,1000000,1000000
2018-12-04 13:31:47.260000,1.31807,1.31797,1500000,1000000
2018-12-04 13:31:49.157000,1.31811,1.31801,1100000,2250000
2018-12-04 13:31:49.210000,1.31814,1.31803,1500000,1000000
2018-12-04 13:31:49.751000,1.31813,1.31802,1000000,2250000
2018-12-04 13:31:50.266000,1.31812,1.31802,1000000,1000000
2018-12-04 13:31:50.775000,1.31812,1.31803,1000000,1000000
2018-12-04 13:31:51.138000,1.31813,1.31805,1120000,1000000
2018-12-04 13:31:51.191000,1.31814,1.31803,1000000,1500000
2018-12-04 13:31:51.243000,1.31815,1.31805,1120000,1000000
2018-12-04 13:31:51.585000,1.31813,1.31804,1000000,1500000
2018-12-04 13:31:51.794000,1.31815,1.31803,3000000,1500000
2018-12-04 13:31:52.256000,1.31815,1.31805,1120000,1000000
2018-12-04 13:31:52.912000,1.31814,1.31805,1000000,1000000
2018-12-04 13:31:53.488000,1.31815,1.31805,1000000,2250000
2018-12-04 13:31:53.541000,1.31817,1.31805,1870000,2250000
2018-12-04 13:31:53.960000,1.31815,1.31805,1000000,3000000
2018-12-04 13:31:54.569000,1.31817,1.31805,3000000,3000000
2018-12-04 13:31:56.401000,1.31816,1.31805,1000000,3000000
2018-12-04 13:31:57.012000,1.31818,1.31806,4120000,1500000
2018-12-04 13:31:58.078000,1.31817,1.31806,1500000,1000000
2018-12-04 13:31:58.130000,1.31814,1.31805,1500000,1000000
2018-12-04 13:31:58.667000,1.31814,1.31804,1500000,1000000
2018-12-04 13:31:59.333000,1.31815,1.31806,1000000,1000000
2018-12-04 13:31:59.385000,1.31817,1.31806,1500000,1500000
2018-12-04 13:31:59.490000,1.31818,1.31809,1000000,1000000
2018-12-04 13:32:00.030000,1.31819,1.31809,1000000,1000000
2018-12-04 13:32:00.534000,1.31818,1.31809,1000000,1000000
2018-12-04 13:32:00.689000,1.3182,1.31809,1000000,1500000
2018-12-04 13:32:01.223000,1.31819,1.31809,1000000,1500000
2018-12-04 13:32:02.894000,1.3182,1.31809,1000000,2250000
2018-12-04 13:32:03.444000,1.31821,1.31809,3370000,2250000
2018-12-04 13:32:03.704000,1.31822,1.31812,1500000,1000000
2018-12-04 13:32:04.035000,1.3183,1.3182,1000000,2250000
2018-12-04 13:32:04.347000,1.31831,1.31822,1000000,1000000
2018-12-04 13:32:04.401000,1.31831,1.3182,1000000,2250000
2018-12-04 13:32:05.003000,1.31831,1.31822,1500000,1000000
2018-12-04 13:32:05.546000,1.31831,1.31823,1000000,1000000
2018-12-04 13:32:06.225000,1.31831,1.31822,1000000,1500000
2018-12-04 13:32:06.814000,1.31831,1.31823,1000000,1000000
2018-12-04 13:32:08.167000,1.31831,1.31822,1000000,1000000
2018-12-04 13:32:10.172000,1.31831,1.31823,1000000,1000000
2018-12-04 13:32:10.746000,1.31831,1.31821,1000000,1500000
2018-12-04 13:32:11.210000,1.31826,1.31818,1000000,1500000
2018-12-04 13:32:11.346000,1.31822,1.31813,1000000,1000000
2018-12-04 13:32:11.860000,1.31822,1.31812,1500000,1500000
2018-12-04 13:32:12.371000,1.31822,1.31813,1000000,1000000
2018-12-04 13:32:12.904000,1.31823,1.31814,1000000,1500000
2018-12-04 13:32:14.292000,1.31824,1.31814,1500000,1000000
2018-12-04 13:32:16.117000,1.31823,1.31814,1000000,1000000
2018-12-04 13:32:16.644000,1.31824,1.31814,1000000,1000000
2018-12-04 13:32:17.702000,1.31824,1.31815,1500000,1000000
2018-12-04 13:32:18.237000,1.31827,1.31817,1000000,1500000
2018-12-04 13:32:18.290000,1.3183,1.3182,1950000,1000000
2018-12-04 13:32:18.805000,1.31829,1.3182,1000000,1000000
2018-12-04 13:32:19.355000,1.3183,1.31819,2250000,1000000
2018-12-04 13:32:21.299000,1.3183,1.3182,2250000,1000000
2018-12-04 13:32:22.416000,1.3183,1.31818,1870000,1500000
2018-12-04 13:32:23.204000,1.31829,1.31818,1000000,1500000
2018-12-04 13:32:23.257000,1.31823,1.31817,1000000,1000000
2018-12-04 13:32:23.309000,1.31824,1.31815,1000000,1000000
2018-12-04 13:32:23.361000,1.31824,1.31812,1500000,2250000
2018-12-04 13:32:23.929000,1.31823,1.31812,1500000,1000000
2018-12-04 13:32:24.361000,1.31823,1.31815,1000000,1000000
2018-12-04 13:32:24.414000,1.31825,1.31815,1000000,2250000
2018-12-04 13:32:24.647000,1.31825,1.31817,1000000,1000000
2018-12-04 13:32:24.803000,1.31829,1.3182,1000000,1000000
2018-12-04 13:32:25.748000,1.31825,1.31816,1000000,1220000
2018-12-04 13:32:25.852000,1.31822,1.31813,1000000,1000000
2018-12-04 13:32:26.368000,1.31823,1.31812,1500000,1500000
2018-12-04 13:32:27.351000,1.31824,1.31812,1500000,2250000
2018-12-04 13:32:27.402000,1.31824,1.31814,1500000,1000000
2018-12-04 13:32:27.927000,1.31824,1.31813,2250000,1000000
2018-12-04 13:32:28.516000,1.31824,1.31814,1500000,1000000
2018-12-04 13:32:29.030000,1.31823,1.31813,1500000,1500000
2018-12-04 13:32:29.889000,1.31823,1.31816,1000000,1000000
2018-12-04 13:32:29.942000,1.31825,1.31816,1500000,1500000
2018-12-04 13:32:30.306000,1.31827,1.31816,1500000,1000000
2018-12-04 13:32:30.819000,1.31829,1.31819,2250000,1000000
2018-12-04 13:32:31.344000,1.3183,1.3182,1500000,1000000
2018-12-04 13:32:32.865000,1.31829,1.31819,1000000,1000000
2018-12-04 13:32:33.386000,1.31829,1.3182,1000000,1000000
2018-12-04 13:32:33.732000,1.31831,1.31822,1000000,1500000
2018-12-04 13:32:34.173000,1.31834,1.31825,1500000,1120000
2018-12-04 13:32:34.278000,1.31837,1.31827,1000000,1000000
2018-12-04 13:32:34.539000,1.3184,1.3183,2700000,1000000
2018-12-04 13:32:34.669000,1.3184,1.31828,1500000,1500000
2018-12-04 13:32:34.773000,1.3184,1.3183,1500000,1500000
2018-12-04 13:32:35.313000,1.31841,1.3183,1000000,1000000
2018-12-04 13:32:35.827000,1.31841,1.31831,1000000,1000000
2018-12-04 13:32:36.338000,1.31841,1.31832,1000000,1000000
2018-12-04 13:32:37.241000,1.3184,1.31832,1000000,1000000
2018-12-04 13:32:37.456000,1.31831,1.31822,1000000,1000000
2018-12-04 13:32:40.016000,1.31831,1.31821,1000000,1000000
2018-12-04 13:32:40.121000,1.31828,1.31818,1000000,2250000
2018-12-04 13:32:40.473000,1.31824,1.31814,1000000,1500000
2018-12-04 13:32:40.889000,1.31828,1.31817,1570000,1000000
2018-12-04 13:32:41.007000,1.31829,1.3182,1000000,1000000
2018-12-04 13:32:41.111000,1.31831,1.31821,1000000,1000000
2018-12-04 13:32:41.317000,1.31833,1.31822,1000000,1500000
2018-12-04 13:32:41.798000,1.31835,1.31823,3000000,2250000
2018-12-04 13:32:42.312000,1.31834,1.31823,1000000,1500000
2018-12-04 13:32:42.812000,1.31832,1.31822,1000000,1000000
2018-12-04 13:32:43.345000,1.31831,1.31821,1500000,1000000
2018-12-04 13:32:43.860000,1.31831,1.31822,1000000,1000000
2018-12-04 13:32:44.382000,1.31831,1.31821,1000000,1000000
2018-12-04 13:32:45.225000,1.31831,1.31821,1500000,1000000
2018-12-04 13:32:45.742000,1.31829,1.3182,1000000,1000000
2018-12-04 13:32:45.846000,1.31828,1.31818,1500000,2250000
2018-12-04 13:32:46.213000,1.31824,1.31816,1000000,3000000
2018-12-04 13:32:46.265000,1.31823,1.31814,1000000,1000000
2018-12-04 13:32:46.875000,1.31824,1.31817,1000000,1500000
2018-12-04 13:32:46.928000,1.31828,1.31817,1500000,1000000
2018-12-04 13:32:47.087000,1.31829,1.3182,1000000,1000000
2018-12-04 13:32:47.398000,1.31829,1.31823,1000000,1000000
2018-12-04 13:32:47.521000,1.31831,1.31824,1870000,1000000
2018-12-04 13:32:47.625000,1.31831,1.31821,1000000,1000000
2018-12-04 13:32:48.140000,1.31832,1.31821,1500000,1000000
2018-12-04 13:32:48.822000,1.31832,1.31824,1000000,1000000
2018-12-04 13:32:51.168000,1.31832,1.31824,1500000,1000000
2018-12-04 13:32:52.158000,1.31832,1.31824,1000000,1000000
2018-12-04 13:32:53.447000,1.31833,1.31824,1120000,1000000
2018-12-04 13:32:54.739000,1.31834,1.31826,1620000,1000000
2018-12-04 13:32:54.792000,1.31835,1.31825,1120000,2250000
2018-12-04 13:32:54.884000,1.31836,1.31828,1000000,1000000
2018-12-04 13:32:54.990000,1.31839,1.3183,1120000,1000000
2018-12-04 13:32:55.095000,1.31841,1.3183,1000000,2250000
2018-12-04 13:32:55.148000,1.31842,1.31833,1000000,1000000
2018-12-04 13:32:55.680000,1.31842,1.31834,1000000,1000000
2018-12-04 13:32:56.194000,1.31843,1.31834,1000000,1000000
2018-12-04 13:32:56.555000,1.31845,1.31835,1870000,1000000
2018-12-04 13:32:56.608000,1.31842,1.31833,1500000,1000000
2018-12-04 13:32:57.678000,1.31841,1.31833,1000000,1000000
2018-12-04 13:32:58.125000,1.31841,1.31831,1570000,1000000
2018-12-04 13:32:58.177000,1.31839,1.31831,1000000,1000000
2018-12-04 13:32:58.942000,1.31841,1.31831,1000000,1000000
2018-12-04 13:32:59.524000,1.31841,1.31832,1000000,1000000
2018-12-04 13:32:59.907000,1.31842,1.31834,1120000,1000000
2018-12-04 13:33:00.929000,1.31841,1.31834,1000000,1000000
2018-12-04 13:33:00.981000,1.31843,1.31834,1120000,1000000
2018-12-04 13:33:01.206000,1.31841,1.31834,1000000,1000000
2018-12-04 13:33:01.412000,1.3184,1.31832,1000000,1000000
2018-12-04 13:33:01.727000,1.31842,1.31833,1120000,1000000
2018-12-04 13:33:02.930000,1.31842,1.31832,1500000,1000000
2018-12-04 13:33:04.096000,1.31842,1.31833,1500000,1000000
2018-12-04 13:33:04.470000,1.31843,1.31835,1000000,1500000
2018-12-04 13:33:04.524000,1.31847,1.31837,1000000,1500000
2018-12-04 13:33:04.576000,1.31842,1.31835,1000000,1500000
2018-12-04 13:33:05.089000,1.31842,1.31834,1000000,1000000
2018-12-04 13:33:06.354000,1.31842,1.31832,1500000,1000000
2018-12-04 13:33:06.884000,1.31841,1.31832,1000000,1000000
2018-12-04 13:33:07.558000,1.31841,1.31833,1000000,1000000
2018-12-04 13:33:08.063000,1.31841,1.31832,1000000,1000000
2018-12-04 13:33:10.543000,1.31839,1.3183,1000000,1000000
2018-12-04 13:33:11.503000,1.31841,1.3183,1570000,1000000
2018-12-04 13:33:12.052000,1.31841,1.31831,1000000,1000000
2018-12-04 13:33:12.207000,1.3184,1.3183,1220000,1500000
2018-12-04 13:33:12.740000,1.3184,1.31831,1000000,1000000
2018-12-04 13:33:15.223000,1.31838,1.31829,1500000,1000000
2018-12-04 13:33:15.532000,1.31841,1.31832,1500000,1000000
2018-12-04 13:33:21.724000,1.3184,1.31832,1000000,1000000
2018-12-04 13:33:22.034000,1.31841,1.31834,1000000,1000000
2018-12-04 13:33:23.004000,1.31841,1.31833,1000000,1000000
2018-12-04 13:33:25.131000,1.31841,1.31834,1000000,1000000
2018-12-04 13:33:25.645000,1.31842,1.31834,1200000,1000000
2018-12-04 13:33:26.050000,1.31844,1.31838,1000000,1000000
2018-12-04 13:33:26.103000,1.31847,1.31836,4320000,1000000
2018-12-04 13:33:26.209000,1.31841,1.31835,1000000,1000000
2018-12-04 13:33:26.365000,1.31843,1.31835,1500000,1000000
2018-12-04 13:33:26.417000,1.31843,1.31833,1500000,1000000
2018-12-04 13:33:26.624000,1.31842,1.31835,1000000,1000000
2018-12-04 13:33:26.769000,1.31841,1.31831,1000000,1000000
2018-12-04 13:33:27.633000,1.31841,1.31829,1500000,1000000
2018-12-04 13:33:27.685000,1.31841,1.31831,2250000,1000000
2018-12-04 13:33:28.253000,1.31842,1.31831,3450000,1000000
2018-12-04 13:33:28.788000,1.31842,1.31832,2700000,1000000
2018-12-04 13:33:29.337000,1.31842,1.31833,2250000,1000000
2018-12-04 13:33:30.602000,1.3184,1.31833,1000000,1000000
2018-12-04 13:33:30.655000,1.31841,1.31831,1000000,1500000
2018-12-04 13:33:33.003000,1.31841,1.31832,1000000,1000000
2018-12-04 13:33:33.521000,1.3184,1.31832,1000000,1000000
2018-12-04 13:33:33.686000,1.31842,1.31832,1000000,1500000
2018-12-04 13:33:34.201000,1.31842,1.31833,1000000,1000000
2018-12-04 13:33:34.761000,1.31843,1.31833,1570000,1000000
2018-12-04 13:33:35.289000,1.31842,1.31833,1000000,1000000
2018-12-04 13:33:36.194000,1.31844,1.31835,1000000,1000000
2018-12-04 13:33:36.734000,1.31843,1.31834,1500000,1000000
2018-12-04 13:33:37.199000,1.31843,1.31831,4500000,3750000
2018-12-04 13:33:37.252000,1.3184,1.31831,1000000,1500000
2018-12-04 13:33:37.449000,1.31842,1.31831,2250000,1000000
2018-12-04 13:33:38.094000,1.31841,1.31831,1000000,1000000
2018-12-04 13:33:38.664000,1.31842,1.31832,1000000,1000000
2018-12-04 13:33:39.172000,1.31841,1.31833,1000000,1000000
2018-12-04 13:33:39.935000,1.31841,1.31832,1000000,1000000
2018-12-04 13:33:40.409000,1.31841,1.31834,1000000,1000000
2018-12-04 13:33:40.462000,1.31843,1.31834,1000000,1000000
2018-12-04 13:33:40.991000,1.31843,1.31833,1000000,1000000
2018-12-04 13:33:41.706000,1.31843,1.31834,1000000,1000000
2018-12-04 13:33:42.237000,1.31842,1.31833,1000000,1000000
2018-12-04 13:33:43.954000,1.31841,1.31833,1000000,1000000
2018-12-04 13:33:45.176000,1.31842,1.31833,1000000,1000000
2018-12-04 13:33:48.017000,1.31842,1.31834,1000000,1000000
2018-12-04 13:33:48.536000,1.31843,1.31834,1500000,1000000
2018-12-04 13:33:49.048000,1.31842,1.31834,1000000,1000000
2018-12-04 13:33:49.911000,1.31844,1.31834,3450000,1000000
2018-12-04 13:33:50.438000,1.31843,1.31834,1000000,1000000
2018-12-04 13:33:50.991000,1.31842,1.31833,1000000,1500000
2018-12-04 13:33:51.812000,1.31841,1.31833,1000000,1000000
2018-12-04 13:33:53.009000,1.31841,1.31834,1000000,1000000
2018-12-04 13:33:54.197000,1.31843,1.31834,1500000,1000000
2018-12-04 13:33:55.480000,1.31842,1.31834,1000000,1000000
2018-12-04 13:33:56.470000,1.31841,1.31834,1000000,1000000
2018-12-04 13:33:56.726000,1.31843,1.31834,1000000,1000000
2018-12-04 13:33:57.476000,1.31842,1.31834,1000000,1000000
2018-12-04 13:33:57.580000,1.31845,1.31838,1000000,2250000
2018-12-04 13:33:57.949000,1.31853,1.31845,2370000,1500000
2018-12-04 13:33:58.002000,1.31851,1.31843,1000000,1000000
2018-12-04 13:33:58.363000,1.3185,1.31841,1000000,1000000
2018-12-04 13:33:58.871000,1.31851,1.31841,1000000,1000000
2018-12-04 13:33:59.385000,1.3185,1.31841,1000000,1000000
2018-12-04 13:34:00.382000,1.31851,1.31841,1000000,1000000
2018-12-04 13:34:00.940000,1.31851,1.31842,1000000,1000000
2018-12-04 13:34:01.258000,1.31852,1.31844,1000000,1000000
2018-12-04 13:34:01.361000,1.31854,1.31845,1000000,1000000
2018-12-04 13:34:01.872000,1.31854,1.31846,1000000,1000000
2018-12-04 13:34:02.030000,1.31851,1.31843,1120000,1000000
2018-12-04 13:34:02.135000,1.31851,1.31841,2370000,1000000
2018-12-04 13:34:02.291000,1.31852,1.31841,1570000,1000000
2018-12-04 13:34:02.783000,1.31853,1.31844,1200000,1000000
2018-12-04 13:34:03.869000,1.31851,1.31842,1500000,1000000
2018-12-04 13:34:04.648000,1.31852,1.31842,1870000,1000000
2018-12-04 13:34:04.957000,1.3185,1.31842,1000000,1000000
2018-12-04 13:34:05.060000,1.31852,1.31842,1870000,1000000
2018-12-04 13:34:05.581000,1.31852,1.31842,2370000,1000000
2018-12-04 13:34:06.092000,1.31852,1.31842,1500000,1000000
2018-12-04 13:34:06.649000,1.31852,1.31841,1000000,1000000
2018-12-04 13:34:07.268000,1.31852,1.31841,2100000,1500000
2018-12-04 13:34:08.661000,1.31852,1.31841,1570000,1000000
2018-12-04 13:34:08.868000,1.31852,1.31843,1500000,1000000
2018-12-04 13:34:09.073000,1.31852,1.31841,1500000,3000000
2018-12-04 13:34:09.388000,1.31849,1.31841,1000000,1500000
2018-12-04 13:34:10.473000,1.3185,1.31841,1000000,1000000
2018-12-04 13:34:10.525000,1.31852,1.31841,1000000,1000000
2018-12-04 13:34:11.038000,1.31852,1.31842,1000000,2620000
2018-12-04 13:34:14.621000,1.31851,1.31841,1000000,1500000
2018-12-04 13:34:15.162000,1.31852,1.31841,1200000,1500000
2018-12-04 13:34:15.532000,1.31849,1.31841,1000000,1000000
2018-12-04 13:34:15.761000,1.31851,1.31841,1000000,2250000
2018-12-04 13:34:16.276000,1.3185,1.31841,1000000,1500000
2018-12-04 13:34:16.482000,1.31852,1.31842,1570000,1000000
2018-12-04 13:34:16.925000,1.3185,1.31842,1000000,1000000
2018-12-04 13:34:17.130000,1.31852,1.31841,1120000,1500000
2018-12-04 13:34:17.675000,1.31852,1.31842,1500000,1000000
2018-12-04 13:34:18.262000,1.31852,1.31846,1200000,1120000
2018-12-04 13:34:18.654000,1.31852,1.31844,1000000,1500000
2018-12-04 13:34:19.019000,1.31854,1.31846,1000000,1000000
2018-12-04 13:34:20.301000,1.31854,1.31847,1000000,1000000
2018-12-04 13:34:20.716000,1.31854,1.31845,1000000,3000000
2018-12-04 13:34:21.264000,1.31853,1.31845,1000000,1500000
2018-12-04 13:34:21.804000,1.31853,1.31847,1000000,1000000
2018-12-04 13:34:22.317000,1.31849,1.31843,2300000,1120000
2018-12-04 13:34:22.370000,1.31852,1.31842,1870000,1500000
2018-12-04 13:34:22.474000,1.31852,1.31848,2250000,1000000
2018-12-04 13:34:22.526000,1.31852,1.31843,1000000,1000000
2018-12-04 13:34:22.700000,1.31849,1.3184,1000000,1000000
2018-12-04 13:34:23.217000,1.31849,1.31839,1000000,1000000
2018-12-04 13:34:23.752000,1.31849,1.31838,2620000,1000000
2018-12-04 13:34:24.310000,1.31849,1.3184,1000000,1000000
2018-12-04 13:34:24.823000,1.3185,1.3184,1500000,1000000
2018-12-04 13:34:27.318000,1.31849,1.3184,1000000,1000000
2018-12-04 13:34:27.730000,1.31849,1.31838,1000000,1000000
2018-12-04 13:34:28.970000,1.3185,1.31839,1500000,1000000
2018-12-04 13:34:29.808000,1.3185,1.3184,1500000,1000000
2018-12-04 13:34:30.399000,1.3185,1.31839,1000000,1500000
2018-12-04 13:34:30.451000,1.31848,1.31841,1000000,1000000
2018-12-04 13:34:30.960000,1.31848,1.3184,1000000,1500000
2018-12-04 13:34:31.832000,1.31849,1.3184,1000000,1500000
2018-12-04 13:34:32.515000,1.3185,1.3184,1000000,2250000
2018-12-04 13:34:32.618000,1.31852,1.31841,1000000,1500000
2018-12-04 13:34:32.671000,1.31852,1.31843,1000000,1000000
2018-12-04 13:34:32.981000,1.31858,1.31849,1600000,1000000
2018-12-04 13:34:33.309000,1.31859,1.31849,1500000,1000000
2018-12-04 13:34:33.567000,1.31857,1.31847,1000000,1000000
2018-12-04 13:34:34.099000,1.31856,1.31847,1000000,1000000
2018-12-04 13:34:34.439000,1.31858,1.31848,1000000,1500000
2018-12-04 13:34:34.595000,1.31858,1.3185,1000000,1000000
2018-12-04 13:34:35.129000,1.31858,1.31851,1000000,1000000
2018-12-04 13:34:35.335000,1.3186,1.31851,1000000,1000000
2018-12-04 13:34:35.864000,1.3186,1.31852,1000000,1000000
2018-12-04 13:34:37.141000,1.31865,1.31857,1500000,1000000
2018-12-04 13:34:37.193000,1.31867,1.31857,1000000,1000000
2018-12-04 13:34:37.771000,1.31868,1.31858,1000000,1500000
2018-12-04 13:34:38.358000,1.31868,1.31859,1000000,1000000
2018-12-04 13:34:39.162000,1.31867,1.31859,1000000,1000000
2018-12-04 13:34:39.893000,1.31868,1.3186,1000000,1000000
2018-12-04 13:34:40.311000,1.3187,1.3186,1570000,1000000
2018-12-04 13:34:40.865000,1.31869,1.31861,1000000,1000000
2018-12-04 13:34:41.393000,1.31869,1.3186,1000000,1000000
2018-12-04 13:34:41.938000,1.31869,1.31861,1000000,1000000
2018-12-04 13:34:42.453000,1.31869,1.3186,1000000,1000000
2018-12-04 13:34:44.304000,1.31869,1.31862,1000000,1000000
2018-12-04 13:34:44.831000,1.3187,1.31861,1000000,1000000
2018-12-04 13:34:45.347000,1.31869,1.31861,1000000,1000000
2018-12-04 13:34:45.658000,1.31867,1.31861,1000000,1000000
2018-12-04 13:34:45.710000,1.31869,1.31861,1200000,1000000
2018-12-04 13:34:45.864000,1.31867,1.31859,1000000,1000000
2018-12-04 13:34:46.657000,1.31867,1.31858,1000000,1000000
2018-12-04 13:34:47.184000,1.31868,1.31859,1000000,1500000
2018-12-04 13:34:47.236000,1.3187,1.3186,1000000,1000000
2018-12-04 13:34:47.339000,1.31872,1.31864,1100000,1000000
2018-12-04 13:34:47.391000,1.31877,1.31865,3070000,1500000
2018-12-04 13:34:47.730000,1.31877,1.31867,1120000,1000000
2018-12-04 13:34:48.283000,1.31878,1.31867,1000000,1000000
2018-12-04 13:34:48.770000,1.31872,1.31864,1000000,1000000
2018-12-04 13:34:48.823000,1.31874,1.31865,1000000,1000000
2018-12-04 13:34:49.082000,1.31871,1.31861,1000000,1950000
2018-12-04 13:34:49.136000,1.31869,1.31859,1000000,2320000
2018-12-04 13:34:49.293000,1.31868,1.31857,1500000,1500000
2018-12-04 13:34:49.427000,1.3187,1.31861,1500000,1000000
2018-12-04 13:34:50.299000,1.31871,1.31861,1120000,1000000
2018-12-04 13:34:50.353000,1.31873,1.31861,1570000,1000000
2018-12-04 13:34:50.457000,1.31873,1.31864,1000000,1000000
2018-12-04 13:34:50.513000,1.31872,1.31862,1000000,1500000
2018-12-04 13:34:50.853000,1.3187,1.3186,1000000,1000000
2018-12-04 13:34:51.167000,1.31874,1.31865,3950000,1000000
2018-12-04 13:34:51.220000,1.31875,1.31865,1500000,1000000
2018-12-04 13:34:51.544000,1.31874,1.31868,1000000,1000000
2018-12-04 13:34:51.597000,1.31877,1.31868,1000000,1000000
2018-12-04 13:34:52.125000,1.31878,1.31869,1000000,1000000
2018-12-04 13:34:56.233000,1.31878,1.31868,1000000,1000000
2018-12-04 13:34:56.285000,1.31877,1.31866,1250000,1000000
2018-12-04 13:34:56.808000,1.31877,1.31866,1370000,1000000
2018-12-04 13:34:57.340000,1.31875,1.31866,1000000,1000000
2018-12-04 13:34:57.443000,1.31877,1.31867,1100000,1000000
2018-12-04 13:34:57.934000,1.3188,1.31874,1100000,1000000
2018-12-04 13:34:57.985000,1.31885,1.31874,1970000,1500000
2018-12-04 13:34:58.519000,1.31881,1.31871,1000000,1570000
2018-12-04 13:34:58.832000,1.31883,1.31874,1000000,1000000
2018-12-04 13:34:59.540000,1.31882,1.31872,1500000,1000000
2018-12-04 13:34:59.592000,1.3188,1.3187,1500000,1500000
2018-12-04 13:34:59.645000,1.31883,1.31872,1310000,1000000
2018-12-04 13:34:59.698000,1.31883,1.31874,1850000,1000000
2018-12-04 13:34:59.751000,1.31883,1.31872,1600000,1000000
2018-12-04 13:34:59.889000,1.31884,1.31874,1950000,1000000
2018-12-04 13:35:00.404000,1.31885,1.31874,1310000,1000000
2018-12-04 13:35:01.226000,1.31885,1.31874,3850000,1000000
2018-12-04 13:35:01.759000,1.31885,1.31873,3600000,1000000
2018-12-04 13:35:02.409000,1.31884,1.31875,1000000,1000000
2018-12-04 13:35:02.710000,1.31884,1.31873,1000000,1000000
2018-12-04 13:35:02.770000,1.3188,1.31871,1000000,1000000
2018-12-04 13:35:03.078000,1.31877,1.31869,1000000,1000000
2018-12-04 13:35:03.234000,1.31875,1.31866,1000000,1000000
2018-12-04 13:35:03.764000,1.31872,1.31863,1000000,1500000
2018-12-04 13:35:03.868000,1.31875,1.31863,3070000,1000000
2018-12-04 13:35:03.971000,1.31875,1.31865,1000000,1000000
2018-12-04 13:35:04.358000,1.3188,1.31869,1000000,1000000
2018-12-04 13:35:04.410000,1.31878,1.31869,1000000,1000000
2018-12-04 13:35:05.248000,1.31883,1.31873,1870000,1500000
2018-12-04 13:35:05.351000,1.31881,1.31872,1000000,1500000
2018-12-04 13:35:05.403000,1.31879,1.31869,1000000,2250000
2018-12-04 13:35:05.983000,1.31876,1.31865,1500000,1000000
2018-12-04 13:35:06.343000,1.31875,1.31867,1100000,1000000
2018-12-04 13:35:06.446000,1.31877,1.31868,1000000,1000000
2018-12-04 13:35:06.953000,1.31878,1.31869,1500000,1000000
2018-12-04 13:35:07.493000,1.31879,1.31869,1690000,1000000
2018-12-04 13:35:08.439000,1.31879,1.31868,1000000,1500000
2018-12-04 13:35:08.595000,1.31879,1.3187,1000000,1870000
2018-12-04 13:35:09.120000,1.31877,1.31868,1000000,1500000
2018-12-04 13:35:09.224000,1.31878,1.31866,1500000,2320000
2018-12-04 13:35:09.349000,1.31876,1.31866,1000000,1500000
2018-12-04 13:35:10.091000,1.31877,1.31866,1250000,1500000
2018-12-04 13:35:10.723000,1.31877,1.31867,1200000,1500000
2018-12-04 13:35:10.986000,1.31881,1.3187,2250000,1000000
2018-12-04 13:35:11.091000,1.31879,1.3187,1500000,1000000
2018-12-04 13:35:11.353000,1.31882,1.31872,1500000,1500000
2018-12-04 13:35:11.559000,1.31884,1.31872,2440000,1000000
2018-12-04 13:35:11.823000,1.31884,1.31874,1500000,1000000
2018-12-04 13:35:12.327000,1.31885,1.31874,1500000,1000000
2018-12-04 13:35:13.049000,1.31884,1.31874,1000000,1000000
2018-12-04 13:35:14.277000,1.31884,1.31873,1000000,1000000
2018-12-04 13:35:14.819000,1.31885,1.31874,1500000,1000000
2018-12-04 13:35:15.518000,1.31884,1.31873,1000000,1000000
2018-12-04 13:35:15.860000,1.31877,1.31869,1000000,1000000
2018-12-04 13:35:16.271000,1.31879,1.31869,1500000,1000000
2018-12-04 13:35:16.529000,1.31877,1.31868,1120000,1000000
2018-12-04 13:35:17.043000,1.31877,1.31868,2500000,1000000
2018-12-04 13:35:17.528000,1.31879,1.31867,4720000,1000000
2018-12-04 13:35:17.737000,1.31882,1.31874,5820000,1000000
2018-12-04 13:35:17.789000,1.31882,1.31874,1570000,1500000
2018-12-04 13:35:18.003000,1.3188,1.31873,1000000,1000000
2018-12-04 13:35:18.057000,1.31883,1.31874,2510000,1000000
2018-12-04 13:35:18.109000,1.3188,1.31873,1500000,1000000
2018-12-04 13:35:18.213000,1.31883,1.31874,1000000,1500000
2018-12-04 13:35:18.758000,1.31884,1.31874,1500000,1500000
2018-12-04 13:35:19.739000,1.31887,1.31877,1000000,1000000
2018-12-04 13:35:20.048000,1.31883,1.31875,1000000,1000000
2018-12-04 13:35:21.355000,1.31881,1.31873,1000000,1000000
2018-12-04 13:35:21.408000,1.31884,1.31873,1000000,1000000
2018-12-04 13:35:21.513000,1.31886,1.31874,2620000,1000000
2018-12-04 13:35:21.565000,1.31884,1.31874,1000000,1000000
2018-12-04 13:35:22.115000,1.31885,1.31874,1000000,1500000
2018-12-04 13:35:24.668000,1.31885,1.31875,1000000,1000000
2018-12-04 13:35:25.641000,1.31885,1.31875,1750000,1000000
2018-12-04 13:35:26.160000,1.31885,1.31874,1500000,1000000
2018-12-04 13:35:26.718000,1.31885,1.31875,1000000,1500000
2018-12-04 13:35:27.049000,1.31887,1.31875,1500000,1500000
2018-12-04 13:35:27.102000,1.31885,1.31877,1000000,1000000
2018-12-04 13:35:27.154000,1.31888,1.31876,3000000,1500000
2018-12-04 13:35:27.258000,1.31888,1.31878,1000000,1000000
2018-12-04 13:35:27.551000,1.31887,1.31876,1000000,1000000
2018-12-04 13:35:27.603000,1.31884,1.31875,1000000,1100000
2018-12-04 13:35:28.820000,1.31886,1.31875,2810000,1000000
2018-12-04 13:35:29.360000,1.31886,1.31875,2500000,1000000
2018-12-04 13:35:29.912000,1.31884,1.31875,1500000,1000000
2018-12-04 13:35:30.878000,1.31885,1.31875,1250000,1000000
2018-12-04 13:35:31.085000,1.31887,1.31876,1870000,1000000
2018-12-04 13:35:31.638000,1.31888,1.31877,1500000,2250000
2018-12-04 13:35:31.797000,1.31892,1.31881,1500000,1000000
2018-12-04 13:35:32.322000,1.31892,1.3188,1500000,1500000
2018-12-04 13:35:32.890000,1.31889,1.31878,1000000,1000000
2018-12-04 13:35:33.191000,1.31884,1.31872,2250000,1500000
2018-12-04 13:35:33.244000,1.31881,1.31871,1000000,1500000
2018-12-04 13:35:33.399000,1.31884,1.31873,1000000,2250000
2018-12-04 13:35:33.630000,1.31886,1.31875,1500000,1000000
2018-12-04 13:35:33.943000,1.31892,1.31881,1000000,3000000
2018-12-04 13:35:34.450000,1.31891,1.31881,1000000,1500000
2018-12-04 13:35:34.964000,1.31892,1.3188,1000000,1000000
2018-12-04 13:35:35.304000,1.31892,1.31882,1120000,1000000
2018-12-04 13:35:35.715000,1.31889,1.31879,1000000,1000000
2018-12-04 13:35:36.040000,1.31887,1.31877,1500000,1000000
2018-12-04 13:35:36.298000,1.31885,1.31874,1500000,1000000
2018-12-04 13:35:36.401000,1.31883,1.31874,1000000,1000000
2018-12-04 13:35:36.506000,1.31885,1.31872,3000000,1870000
2018-12-04 13:35:36.842000,1.31883,1.31872,1000000,2620000
2018-12-04 13:35:38.055000,1.31882,1.31872,1000000,1500000
2018-12-04 13:35:38.364000,1.31876,1.31866,1000000,1870000
2018-12-04 13:35:39.002000,1.31878,1.31867,1000000,1500000
2018-12-04 13:35:39.210000,1.31881,1.31872,1000000,1000000
2018-12-04 13:35:39.715000,1.31884,1.31872,1500000,1000000
2018-12-04 13:35:39.819000,1.31884,1.31874,1500000,1000000
2018-12-04 13:35:40.132000,1.31885,1.31876,1120000,1000000
2018-12-04 13:35:40.217000,1.31885,1.31874,1500000,1000000
2018-12-04 13:35:40.270000,1.31882,1.31872,1000000,1500000
2018-12-04 13:35:40.478000,1.31884,1.31872,1500000,2620000
2018-12-04 13:35:40.754000,1.31882,1.31872,1000000,1870000
2018-12-04 13:35:41.169000,1.31878,1.3187,1000000,1000000
2018-12-04 13:35:41.351000,1.31882,1.31872,1500000,1500000
2018-12-04 13:35:41.403000,1.31884,1.31872,1000000,3000000
2018-12-04 13:35:42.221000,1.31883,1.31871,1500000,1500000
2018-12-04 13:35:42.753000,1.31884,1.31872,1500000,2620000
2018-12-04 13:35:43.573000,1.31884,1.31872,1000000,3120000
2018-12-04 13:35:43.678000,1.31884,1.31877,1000000,1000000
2018-12-04 13:35:43.730000,1.31881,1.31873,1000000,1500000
2018-12-04 13:35:43.835000,1.31883,1.31872,1120000,1000000
2018-12-04 13:35:43.991000,1.31882,1.3187,2440000,1500000
2018-12-04 13:35:44.122000,1.31877,1.31867,1000000,1000000
2018-12-04 13:35:44.432000,1.3188,1.31872,1000000,1000000
2018-12-04 13:35:44.486000,1.3188,1.31869,1000000,1100000
2018-12-04 13:35:44.693000,1.3188,1.31871,1000000,1000000
2018-12-04 13:35:44.745000,1.31882,1.31871,1000000,1500000
2018-12-04 13:35:45.298000,1.31882,1.31872,1000000,1500000
2018-12-04 13:35:47.690000,1.31883,1.31872,1500000,1870000
2018-12-04 13:35:48.053000,1.31883,1.31875,1500000,1500000
2018-12-04 13:35:48.158000,1.31883,1.31871,1500000,4970000
2018-12-04 13:35:48.598000,1.31883,1.31874,1000000,1000000
2018-12-04 13:35:48.701000,1.31883,1.31873,1000000,1500000
2018-12-04 13:35:49.166000,1.31885,1.31875,1690000,1120000
2018-12-04 13:35:49.323000,1.31887,1.31876,1500000,1000000
2018-12-04 13:35:49.375000,1.31887,1.31878,1500000,1000000
2018-12-04 13:35:49.577000,1.31889,1.31879,1000000,1120000
2018-12-04 13:35:49.682000,1.31892,1.3188,2250000,1120000
2018-12-04 13:35:49.734000,1.31892,1.31882,1000000,1000000
2018-12-04 13:35:50.741000,1.31889,1.3188,1000000,2250000
2018-12-04 13:35:50.850000,1.31886,1.31876,1500000,1000000
2018-12-04 13:35:51.036000,1.31883,1.31875,1000000,1000000
2018-12-04 13:35:51.141000,1.31883,1.31873,1500000,1500000
2018-12-04 13:35:51.399000,1.31883,1.31874,1000000,1620000
2018-12-04 13:35:51.452000,1.31886,1.31875,1500000,1120000
2018-12-04 13:35:51.559000,1.31884,1.31874,1500000,1000000
2018-12-04 13:35:51.881000,1.3188,1.31872,1000000,1000000
2018-12-04 13:35:51.934000,1.31882,1.31872,1000000,1120000
2018-12-04 13:35:52.575000,1.31883,1.31872,1500000,1000000
2018-12-04 13:35:54.110000,1.31877,1.31868,1000000,1000000
2018-12-04 13:35:54.236000,1.31878,1.31866,1500000,3000000
2018-12-04 13:35:54.342000,1.31875,1.31866,1500000,1000000
2018-12-04 13:35:54.830000,1.31877,1.31868,1000000,1000000
2018-12-04 13:35:55.210000,1.31876,1.31866,1000000,2250000
2018-12-04 13:35:55.314000,1.31878,1.31867,1000000,1500000
2018-12-04 13:35:55.881000,1.31881,1.31871,1500000,1500000
2018-12-04 13:35:56.039000,1.31878,1.31867,1000000,2250000
2018-12-04 13:35:56.388000,1.3188,1.31869,2250000,1000000
2018-12-04 13:35:56.903000,1.3188,1.3187,1500000,1500000
2018-12-04 13:35:57.074000,1.31884,1.31872,1000000,2250000
2018-12-04 13:35:57.231000,1.31884,1.31874,1000000,1000000
2018-12-04 13:35:58.031000,1.31884,1.31875,1000000,1870000
2018-12-04 13:35:58.083000,1.31886,1.31875,3000000,1120000
2018-12-04 13:35:58.239000,1.31884,1.31873,1500000,1000000
2018-12-04 13:35:58.790000,1.31884,1.31872,1500000,3370000
2018-12-04 13:35:59.140000,1.31886,1.31875,1000000,1500000
2018-12-04 13:36:00.627000,1.31886,1.31876,1000000,1000000
2018-12-04 13:36:01.069000,1.31887,1.31878,1000000,1000000
2018-12-04 13:36:01.277000,1.31891,1.3188,2320000,1500000
2018-12-04 13:36:01.380000,1.31889,1.31879,1000000,1100000
2018-12-04 13:36:01.483000,1.31887,1.31876,1000000,1000000
2018-12-04 13:36:02.002000,1.31887,1.31875,1500000,2620000
2018-12-04 13:36:02.547000,1.31886,1.31875,1000000,3870000
2018-12-04 13:36:03.090000,1.31887,1.31877,2250000,1000000
2018-12-04 13:36:03.142000,1.31885,1.31875,1500000,3120000
2018-12-04 13:36:03.668000,1.31885,1.31875,2250000,1500000
2018-12-04 13:36:04.031000,1.31885,1.31877,1000000,1000000
2018-12-04 13:36:04.083000,1.31887,1.31877,1500000,1000000
2018-12-04 13:36:04.642000,1.31887,1.31876,2250000,1500000
2018-12-04 13:36:05.156000,1.31887,1.31877,1000000,1000000
2018-12-04 13:36:05.311000,1.31891,1.31881,2750000,1000000
2018-12-04 13:36:05.611000,1.31891,1.31881,1500000,1000000
2018-12-04 13:36:06.714000,1.31892,1.31883,1500000,1000000
2018-12-04 13:36:08.997000,1.31893,1.31883,1000000,1500000
2018-12-04 13:36:09.256000,1.31897,1.31885,1500000,2250000
2018-12-04 13:36:09.474000,1.31892,1.31883,1000000,1000000
2018-12-04 13:36:09.682000,1.31894,1.31882,1000000,1500000
2018-12-04 13:36:10.374000,1.31894,1.31886,1000000,1000000
2018-12-04 13:36:10.427000,1.31896,1.31886,1000000,1000000
2018-12-04 13:36:10.635000,1.31893,1.31883,1000000,1500000
2018-12-04 13:36:15.252000,1.31894,1.31889,1000000,1000000
2018-12-04 13:36:15.305000,1.31902,1.31892,2000000,2250000
2018-12-04 13:36:15.357000,1.31902,1.3189,1000000,2620000
2018-12-04 13:36:15.409000,1.31905,1.31898,3000000,1000000
2018-12-04 13:36:15.462000,1.31906,1.31896,1500000,1000000
2018-12-04 13:36:15.566000,1.31907,1.31899,1500000,1000000
2018-12-04 13:36:15.628000,1.31907,1.31895,1500000,2250000
2018-12-04 13:36:15.681000,1.31905,1.31895,1000000,2250000
2018-12-04 13:36:15.786000,1.31907,1.31895,1500000,1500000
2018-12-04 13:36:15.839000,1.31907,1.31897,1000000,1000000
2018-12-04 13:36:15.946000,1.31909,1.31898,1500000,1500000
2018-12-04 13:36:16.494000,1.31909,1.31899,1000000,1000000
2018-12-04 13:36:17.023000,1.3191,1.31899,1500000,1500000
2018-12-04 13:36:17.668000,1.31911,1.31899,3370000,1000000
2018-12-04 13:36:18.267000,1.31911,1.31901,1500000,1000000
2018-12-04 13:36:19.043000,1.31911,1.31899,1000000,1500000
2018-12-04 13:36:20.685000,1.31911,1.319,1000000,1000000
2018-12-04 13:36:21.190000,1.31912,1.319,1000000,1500000
2018-12-04 13:36:21.722000,1.31911,1.319,1000000,1000000
2018-12-04 13:36:22.776000,1.31913,1.31901,2000000,3000000
2018-12-04 13:36:22.880000,1.31914,1.31903,1000000,1500000
2018-12-04 13:36:23.208000,1.31916,1.31908,1000000,1000000
2018-12-04 13:36:23.718000,1.31917,1.31908,1000000,1000000
2018-12-04 13:36:24.323000,1.31917,1.31906,1000000,3000000
2018-12-04 13:36:24.862000,1.31917,1.31907,2250000,1000000
2018-12-04 13:36:25.488000,1.31917,1.31906,1000000,3000000
2018-12-04 13:36:27.431000,1.31916,1.31906,1000000,3750000
2018-12-04 13:36:27.710000,1.31917,1.31908,1000000,1000000
2018-12-04 13:36:28.041000,1.3191,1.319,1000000,1500000
2018-12-04 13:36:29.129000,1.31909,1.319,1000000,1500000
2018-12-04 13:36:29.652000,1.3191,1.319,1500000,1500000
2018-12-04 13:36:30.565000,1.31909,1.319,1000000,1500000
2018-12-04 13:36:31.446000,1.3191,1.319,1500000,1500000
2018-12-04 13:36:31.971000,1.31909,1.319,1000000,1000000
2018-12-04 13:36:34.419000,1.31909,1.31899,1000000,1500000
2018-12-04 13:36:35.172000,1.31904,1.31896,1000000,1000000
2018-12-04 13:36:35.379000,1.31905,1.31894,1000000,1500000
2018-12-04 13:36:35.534000,1.31902,1.31894,1000000,1120000
2018-12-04 13:36:35.586000,1.31902,1.31892,1000000,1000000
2018-12-04 13:36:36.116000,1.31903,1.31892,2250000,1000000
2018-12-04 13:36:36.321000,1.31901,1.31891,1000000,1500000
2018-12-04 13:36:36.873000,1.31902,1.3189,2250000,2250000
2018-12-04 13:36:37.505000,1.31901,1.3189,1000000,2250000
2018-12-04 13:36:41.119000,1.31901,1.31891,1000000,1000000
2018-12-04 13:36:41.638000,1.31902,1.31891,1500000,1000000
2018-12-04 13:36:42.037000,1.31903,1.31894,1000000,2300000
2018-12-04 13:36:42.142000,1.31907,1.31899,1500000,1000000
2018-12-04 13:36:42.298000,1.31909,1.319,1000000,1000000
2018-12-04 13:36:42.467000,1.31908,1.31898,1000000,1500000
2018-12-04 13:36:43.036000,1.31907,1.31897,1000000,1500000
2018-12-04 13:36:43.361000,1.31905,1.31895,1000000,1000000
2018-12-04 13:36:43.670000,1.31901,1.31891,1000000,1000000
2018-12-04 13:36:44.002000,1.31901,1.31893,1000000,1000000
2018-12-04 13:36:44.056000,1.31903,1.31893,1870000,1000000
2018-12-04 13:36:44.571000,1.31903,1.31894,1000000,1000000
2018-12-04 13:36:44.687000,1.31905,1.31893,3370000,1500000
2018-12-04 13:36:45.172000,1.31907,1.31897,1120000,1500000
2018-12-04 13:36:46.196000,1.31908,1.31898,1000000,1000000
2018-12-04 13:36:46.507000,1.31906,1.31898,1500000,1000000
2018-12-04 13:36:46.559000,1.31907,1.31896,1500000,1500000
2018-12-04 13:36:47.101000,1.31907,1.31897,1000000,1500000
2018-12-04 13:36:47.617000,1.31906,1.31897,1000000,1500000
2018-12-04 13:36:47.720000,1.31908,1.31897,1500000,1500000
2018-12-04 13:36:47.846000,1.31908,1.31899,1000000,1000000
2018-12-04 13:36:48.360000,1.31909,1.31899,1120000,1500000
2018-12-04 13:36:49.414000,1.3191,1.31899,1500000,1500000
2018-12-04 13:36:49.762000,1.31908,1.31899,1000000,1500000
2018-12-04 13:36:50.300000,1.31909,1.31899,1000000,1500000
2018-12-04 13:36:50.848000,1.31908,1.319,1000000,1000000
2018-12-04 13:36:51.408000,1.31909,1.319,1500000,1000000
2018-12-04 13:36:52.516000,1.31909,1.31899,1000000,1500000
2018-12-04 13:36:53.068000,1.31906,1.31897,1500000,1000000
2018-12-04 13:36:53.172000,1.31902,1.31892,1500000,1000000
2018-12-04 13:36:53.277000,1.31902,1.3189,2250000,3750000
2018-12-04 13:36:53.329000,1.319,1.3189,1000000,2320000
2018-12-04 13:36:53.838000,1.31901,1.31891,1000000,1500000
2018-12-04 13:36:54.343000,1.31903,1.31891,4120000,2250000
2018-12-04 13:36:55.120000,1.31903,1.31892,2250000,1000000
2018-12-04 13:36:55.643000,1.31903,1.31891,2250000,1000000
2018-12-04 13:36:56.194000,1.31902,1.31891,1000000,1000000
2018-12-04 13:36:57.219000,1.31901,1.31891,1000000,1000000
2018-12-04 13:36:57.790000,1.31902,1.31891,1000000,1000000
2018-12-04 13:36:58.680000,1.31901,1.31891,1000000,1000000
2018-12-04 13:36:59.384000,1.31902,1.31891,1000000,1000000
2018-12-04 13:36:59.905000,1.31901,1.31891,1000000,1000000
2018-12-04 13:37:00.418000,1.31902,1.31891,1000000,1000000
2018-12-04 13:37:00.574000,1.31903,1.31893,2620000,1000000
2018-12-04 13:37:01.099000,1.31902,1.31892,1000000,1000000
2018-12-04 13:37:02.684000,1.31902,1.31891,1120000,3750000
2018-12-04 13:37:03.199000,1.31903,1.31892,2250000,1500000
2018-12-04 13:37:04.897000,1.31903,1.31891,1500000,3750000
2018-12-04 13:37:05.601000,1.31902,1.31891,1500000,1500000
2018-12-04 13:37:06.130000,1.31903,1.31892,1000000,1500000
2018-12-04 13:37:10.672000,1.31903,1.31893,1000000,1000000
2018-12-04 13:37:11.484000,1.31903,1.31892,1000000,2250000
2018-12-04 13:37:15.935000,1.31903,1.31895,1000000,1000000
2018-12-04 13:37:16.454000,1.31904,1.31895,1000000,1000000
2018-12-04 13:37:17.504000,1.31906,1.31896,2250000,1000000
2018-12-04 13:37:17.557000,1.31906,1.31898,1000000,1500000
2018-12-04 13:37:17.662000,1.31908,1.31899,1000000,1000000
2018-12-04 13:37:18.179000,1.31907,1.31899,1000000,1000000
2018-12-04 13:37:19.227000,1.31909,1.31899,1500000,1500000
2018-12-04 13:37:19.760000,1.31907,1.31899,1000000,1500000
2018-12-04 13:37:22.880000,1.31908,1.31899,1000000,1500000
2018-12-04 13:37:23.419000,1.31908,1.31898,1000000,1500000
2018-12-04 13:37:25.558000,1.31908,1.319,1000000,1000000
2018-12-04 13:37:28.405000,1.31907,1.319,1000000,1000000
2018-12-04 13:37:28.948000,1.31908,1.319,1000000,1000000
2018-12-04 13:37:29.279000,1.31908,1.31898,1000000,1000000
2018-12-04 13:37:29.844000,1.31907,1.31898,1000000,1000000
2018-12-04 13:37:30.354000,1.31908,1.31898,1000000,1000000
2018-12-04 13:37:32.722000,1.31907,1.31898,1000000,1000000
2018-12-04 13:37:35.788000,1.31907,1.31897,1500000,1500000
2018-12-04 13:37:36.148000,1.31907,1.31899,1500000,1000000
2018-12-04 13:37:36.720000,1.31908,1.31899,1500000,1000000
2018-12-04 13:37:37.087000,1.31906,1.31899,1000000,1000000
2018-12-04 13:37:37.272000,1.31908,1.31899,1000000,1000000
2018-12-04 13:37:37.817000,1.31907,1.31899,1000000,1000000
2018-12-04 13:37:41.091000,1.31906,1.31897,1000000,1000000
2018-12-04 13:37:41.450000,1.31904,1.31895,1000000,1500000
2018-12-04 13:37:41.554000,1.31899,1.31889,1000000,2250000
2018-12-04 13:37:41.684000,1.31897,1.31888,1000000,1500000
2018-12-04 13:37:42.263000,1.31898,1.31888,1000000,2250000
2018-12-04 13:37:42.681000,1.31895,1.31886,1000000,1000000
2018-12-04 13:37:42.971000,1.31895,1.31884,3000000,1000000
2018-12-04 13:37:43.230000,1.31897,1.31888,1000000,1000000
2018-12-04 13:37:43.437000,1.31899,1.31889,2250000,1000000
2018-12-04 13:37:44.032000,1.31898,1.31889,1000000,1000000
2018-12-04 13:37:44.881000,1.31897,1.31889,1000000,1000000
2018-12-04 13:37:45.433000,1.31898,1.31889,1000000,1000000
2018-12-04 13:37:45.730000,1.319,1.31889,1500000,1120000
2018-12-04 13:37:45.946000,1.319,1.31891,1500000,1000000
2018-12-04 13:37:46.630000,1.319,1.3189,1500000,2250000
2018-12-04 13:37:46.896000,1.31903,1.31891,2250000,1500000
2018-12-04 13:37:47.104000,1.31901,1.31889,1500000,2250000
2018-12-04 13:37:47.819000,1.31901,1.3189,1000000,1000000
2018-12-04 13:37:48.338000,1.31901,1.31891,1000000,1000000
2018-12-04 13:37:49.251000,1.31901,1.31892,1000000,1000000
2018-12-04 13:37:49.356000,1.31903,1.31893,2250000,1000000
2018-12-04 13:37:50.284000,1.31902,1.31893,1000000,1000000
2018-12-04 13:37:53.405000,1.31904,1.31894,1000000,1620000
2018-12-04 13:37:53.457000,1.31906,1.31896,1500000,1000000
2018-12-04 13:37:53.782000,1.31907,1.31899,1000000,1000000
2018-12-04 13:37:56.970000,1.31907,1.319,1000000,1000000
2018-12-04 13:37:57.320000,1.31908,1.31902,1000000,1000000
2018-12-04 13:37:57.576000,1.31908,1.31901,1000000,1000000
2018-12-04 13:37:57.802000,1.31908,1.31899,1000000,1120000
2018-12-04 13:37:58.319000,1.31907,1.31899,1000000,1000000
2018-12-04 13:37:59.408000,1.31906,1.31899,1000000,1000000
2018-12-04 13:37:59.949000,1.31907,1.31899,1000000,1000000
2018-12-04 13:38:01.340000,1.319,1.31894,2300000,1100000
2018-12-04 13:38:01.392000,1.319,1.31889,1000000,1950000
2018-12-04 13:38:01.501000,1.319,1.31891,2250000,1000000
2018-12-04 13:38:01.864000,1.319,1.31893,1000000,1000000
2018-12-04 13:38:02.088000,1.31902,1.31892,1000000,1000000
2018-12-04 13:38:02.663000,1.31902,1.31891,1500000,1500000
2018-12-04 13:38:03.843000,1.31901,1.31891,1000000,1000000
2018-12-04 13:38:04.357000,1.31901,1.3189,1000000,1500000
2018-12-04 13:38:04.629000,1.31899,1.31889,4500000,1000000
2018-12-04 13:38:04.939000,1.31897,1.31888,1500000,1000000
2018-12-04 13:38:05.379000,1.31899,1.31889,5250000,1000000
2018-12-04 13:38:05.740000,1.31897,1.31888,1000000,1000000
2018-12-04 13:38:06.029000,1.31899,1.31888,6000000,1000000
2018-12-04 13:38:06.557000,1.31898,1.31889,1000000,1000000
2018-12-04 13:38:07.649000,1.31898,1.31888,1000000,1500000
2018-12-04 13:38:08.381000,1.31897,1.31888,1000000,1000000
2018-12-04 13:38:09.144000,1.31895,1.31886,1000000,1000000
2018-12-04 13:38:09.453000,1.31898,1.31888,5250000,1000000
2018-12-04 13:38:09.981000,1.31897,1.31888,1000000,1000000
2018-12-04 13:38:10.406000,1.31895,1.31884,5250000,1000000
2018-12-04 13:38:10.459000,1.31892,1.31882,1000000,3100000
2018-12-04 13:38:10.977000,1.31892,1.31882,1500000,1000000
2018-12-04 13:38:11.289000,1.3189,1.31882,1500000,1000000
2018-12-04 13:38:11.652000,1.3189,1.3188,2250000,1000000
2018-12-04 13:38:12.185000,1.31891,1.31882,1000000,1000000
2018-12-04 13:38:12.712000,1.31891,1.31883,1000000,1000000
2018-12-04 13:38:12.764000,1.31893,1.31884,4500000,1000000
2018-12-04 13:38:12.971000,1.31893,1.31881,4500000,3000000
2018-12-04 13:38:13.023000,1.31894,1.31885,1000000,1000000
2018-12-04 13:38:13.371000,1.31894,1.31883,1500000,1500000
2018-12-04 13:38:13.423000,1.31892,1.31882,1000000,1000000
2018-12-04 13:38:13.732000,1.31894,1.31885,1000000,1120000
2018-12-04 13:38:13.992000,1.319,1.31889,4500000,1000000
2018-12-04 13:38:14.448000,1.31898,1.31889,1000000,1000000
2018-12-04 13:38:17.097000,1.31898,1.31888,2250000,1500000
2018-12-04 13:38:17.628000,1.31897,1.31888,1000000,1000000
2018-12-04 13:38:18.089000,1.31895,1.31886,1000000,1000000
2018-12-04 13:38:18.244000,1.31897,1.31886,2250000,1000000
2018-12-04 13:38:18.296000,1.31895,1.31888,1000000,1000000
2018-12-04 13:38:18.401000,1.31898,1.31888,1500000,1000000
2018-12-04 13:38:20.213000,1.31896,1.31887,1000000,1000000
2018-12-04 13:38:20.266000,1.31896,1.31885,1500000,1000000
2018-12-04 13:38:20.320000,1.31892,1.31883,1000000,1100000
2018-12-04 13:38:20.889000,1.31892,1.31882,1000000,1500000
2018-12-04 13:38:21.203000,1.31893,1.31883,1000000,1000000
2018-12-04 13:38:21.411000,1.31893,1.31881,1500000,5440000
2018-12-04 13:38:21.464000,1.31893,1.31883,1000000,1000000
2018-12-04 13:38:21.882000,1.31893,1.31884,1000000,1000000
2018-12-04 13:38:22.547000,1.31891,1.31883,1000000,1500000
2018-12-04 13:38:23.092000,1.31891,1.31882,1000000,1120000
2018-12-04 13:38:24.963000,1.3189,1.31882,1000000,1000000
2018-12-04 13:38:25.070000,1.3189,1.3188,2250000,1000000
2018-12-04 13:38:25.122000,1.31887,1.31879,1000000,1120000
2018-12-04 13:38:25.277000,1.31889,1.31879,1000000,1120000
2018-12-04 13:38:26.305000,1.31887,1.31879,1000000,1000000
2018-12-04 13:38:27.789000,1.31885,1.31877,1000000,1000000
2018-12-04 13:38:28.097000,1.31887,1.31877,1500000,1000000
2018-12-04 13:38:28.201000,1.31885,1.31876,1000000,1000000
2018-12-04 13:38:28.304000,1.31885,1.31874,1500000,1500000
2018-12-04 13:38:28.538000,1.31888,1.31878,2250000,1000000
2018-12-04 13:38:29.052000,1.31887,1.31877,1000000,1000000
2018-12-04 13:38:29.519000,1.31889,1.31878,4500000,1120000
2018-12-04 13:38:31.624000,1.31888,1.31878,1000000,1000000
2018-12-04 13:38:32.186000,1.31885,1.31875,1000000,1500000
2018-12-04 13:38:32.517000,1.31889,1.3188,4500000,1000000
2018-12-04 13:38:32.673000,1.31889,1.31878,5250000,1000000
2018-12-04 13:38:32.882000,1.31886,1.31876,1500000,1000000
2018-12-04 13:38:34.116000,1.31885,1.31876,1000000,1120000
2018-12-04 13:38:34.680000,1.31886,1.31876,1500000,1120000
2018-12-04 13:38:34.988000,1.31888,1.3188,3750000,1000000
2018-12-04 13:38:35.194000,1.31888,1.31878,3750000,1000000
2018-12-04 13:38:35.529000,1.31887,1.31876,1000000,1000000
2018-12-04 13:38:35.771000,1.31888,1.31879,1000000,1000000
2018-12-04 13:38:36.302000,1.31889,1.31879,1500000,1000000
2018-12-04 13:38:37.819000,1.3189,1.3188,1000000,2000000
2018-12-04 13:38:37.922000,1.3189,1.31879,1000000,1000000
2018-12-04 13:38:38.496000,1.31889,1.31879,1500000,2250000
2018-12-04 13:38:39.381000,1.31888,1.31879,1000000,1000000
2018-12-04 13:38:39.900000,1.31889,1.31879,1000000,1500000
2018-12-04 13:38:41.328000,1.31886,1.31878,1000000,1000000
2018-12-04 13:38:41.482000,1.31885,1.31876,1000000,1000000
2018-12-04 13:38:41.585000,1.31883,1.31875,1000000,1000000
2018-12-04 13:38:41.690000,1.31881,1.31872,1000000,1000000
2018-12-04 13:38:41.795000,1.31876,1.31869,1000000,2070000
2018-12-04 13:38:41.847000,1.31877,1.31867,1000000,5190000
2018-12-04 13:38:41.922000,1.31879,1.3187,3000000,1000000
2018-12-04 13:38:42.437000,1.3188,1.31871,1000000,1120000
2018-12-04 13:38:43.274000,1.31881,1.31873,1000000,1000000
2018-12-04 13:38:43.378000,1.31881,1.31871,1000000,1000000
2018-12-04 13:38:43.888000,1.31881,1.31872,1000000,1000000
2018-12-04 13:38:44.150000,1.31881,1.3187,1000000,2250000
2018-12-04 13:38:44.776000,1.31881,1.3187,1500000,2750000
2018-12-04 13:38:45.583000,1.31881,1.3187,1000000,3000000
2018-12-04 13:38:45.687000,1.31882,1.31874,2250000,1000000
2018-12-04 13:38:45.897000,1.31891,1.3188,1000000,4550000
2018-12-04 13:38:46.319000,1.31893,1.31885,1000000,1000000
2018-12-04 13:38:46.423000,1.31896,1.31887,1000000,1000000
2018-12-04 13:38:46.475000,1.31898,1.31888,2250000,1000000
2018-12-04 13:38:47.017000,1.31896,1.31887,1000000,1000000
2018-12-04 13:38:47.994000,1.31897,1.31888,1000000,1000000
2018-12-04 13:38:48.257000,1.31897,1.31886,1000000,1500000
2018-12-04 13:38:48.413000,1.31893,1.31883,1500000,1500000
2018-12-04 13:38:48.465000,1.31893,1.31882,1500000,1870000
2018-12-04 13:38:48.776000,1.31895,1.31885,1500000,1120000
2018-12-04 13:38:49.108000,1.31899,1.3189,1000000,1000000
2018-12-04 13:38:49.801000,1.31898,1.3189,1000000,1000000
2018-12-04 13:38:49.955000,1.31898,1.31888,1500000,1000000
2018-12-04 13:38:50.458000,1.31897,1.31888,1000000,1000000
2018-12-04 13:38:50.562000,1.31897,1.31886,1500000,1000000
2018-12-04 13:38:50.614000,1.31895,1.31886,1000000,1000000
2018-12-04 13:38:51.657000,1.31896,1.31886,1000000,2250000
2018-12-04 13:38:51.974000,1.319,1.3189,1000000,1000000
2018-12-04 13:38:53.955000,1.31899,1.3189,1000000,1000000
2018-12-04 13:38:56.538000,1.31899,1.31889,1000000,1000000
2018-12-04 13:38:56.849000,1.31897,1.31888,1000000,1500000
2018-12-04 13:38:57.697000,1.31898,1.31888,3750000,1870000
2018-12-04 13:38:58.006000,1.31898,1.3189,3750000,1500000
2018-12-04 13:38:58.558000,1.31899,1.3189,1000000,1500000
2018-12-04 13:38:59.212000,1.319,1.3189,3000000,1000000
2018-12-04 13:39:00.283000,1.31899,1.31891,1000000,1000000
2018-12-04 13:39:00.912000,1.31899,1.31889,1000000,1000000
2018-12-04 13:39:01.965000,1.31894,1.31886,1000000,1870000
2018-12-04 13:39:02.070000,1.31894,1.31883,1500000,2250000
2018-12-04 13:39:02.658000,1.31893,1.31882,2250000,1000000
2018-12-04 13:39:03.304000,1.31894,1.31884,1500000,1500000
2018-12-04 13:39:03.615000,1.31891,1.31882,1000000,1120000
2018-12-04 13:39:03.721000,1.31893,1.31882,1000000,1000000
2018-12-04 13:39:03.993000,1.31896,1.31888,3070000,1000000
2018-12-04 13:39:04.046000,1.31898,1.31889,3750000,1870000
2018-12-04 13:39:04.255000,1.319,1.31889,1000000,1500000
2018-12-04 13:39:04.463000,1.31902,1.3189,1500000,2250000
2018-12-04 13:39:04.572000,1.31904,1.31894,3750000,1000000
2018-12-04 13:39:05.111000,1.31904,1.31895,2250000,1500000
2018-12-04 13:39:05.699000,1.31905,1.31895,3750000,1000000
2018-12-04 13:39:05.905000,1.31902,1.3189,1000000,3450000
2018-12-04 13:39:07.749000,1.31902,1.3189,3870000,1000000
2018-12-04 13:39:08.736000,1.319,1.31889,1000000,1000000
2018-12-04 13:39:09.479000,1.31901,1.31892,1500000,1000000
2018-12-04 13:39:10.741000,1.31901,1.31891,1500000,1500000
2018-12-04 13:39:11.301000,1.31902,1.31892,1000000,1000000
2018-12-04 13:39:12,1.31901,1.31891,1000000,1500000
2018-12-04 13:39:13.196000,1.319,1.31891,1000000,1000000
2018-12-04 13:39:14.271000,1.319,1.3189,1000000,1000000
2018-12-04 13:39:17.176000,1.319,1.31891,1000000,1000000
2018-12-04 13:39:17.229000,1.31902,1.31891,3370000,1000000
2018-12-04 13:39:17.948000,1.31901,1.31891,1000000,1000000
2018-12-04 13:39:18.551000,1.31901,1.3189,2250000,1500000
2018-12-04 13:39:21.157000,1.31898,1.3189,1000000,1000000
2018-12-04 13:39:21.210000,1.319,1.3189,1000000,1000000
2018-12-04 13:39:22.807000,1.319,1.31889,1000000,1000000
2018-12-04 13:39:23.330000,1.31901,1.3189,1500000,1500000
2018-12-04 13:39:23.864000,1.31901,1.3189,2370000,1500000
2018-12-04 13:39:24.774000,1.31901,1.3189,1500000,1000000
2018-12-04 13:39:26.049000,1.31901,1.31891,1500000,1000000
2018-12-04 13:39:26.508000,1.319,1.31889,1500000,1000000
2018-12-04 13:39:27.663000,1.319,1.31891,1120000,1000000
2018-12-04 13:39:28.210000,1.31901,1.31891,1570000,1000000
2018-12-04 13:39:30.948000,1.319,1.3189,1000000,1500000
2018-12-04 13:39:33.314000,1.31899,1.3189,1000000,1000000
2018-12-04 13:39:33.640000,1.31898,1.31888,1000000,1000000
2018-12-04 13:39:34.158000,1.31899,1.31889,1000000,1000000
2018-12-04 13:39:34.689000,1.319,1.3189,1500000,1000000
2018-12-04 13:39:35.349000,1.31899,1.3189,1000000,1000000
2018-12-04 13:39:35.894000,1.319,1.31889,1500000,1000000
2018-12-04 13:39:36.132000,1.31901,1.31891,1000000,1000000
2018-12-04 13:39:36.478000,1.31902,1.31898,1000000,1000000
2018-12-04 13:39:36.633000,1.31904,1.31898,1000000,1000000
2018-12-04 13:39:36.782000,1.31907,1.31896,2620000,1000000
2018-12-04 13:39:37.325000,1.31905,1.31896,1000000,1000000
2018-12-04 13:39:37.846000,1.31905,1.31895,1620000,1000000
2018-12-04 13:39:40.131000,1.31907,1.31898,1100000,1000000
2018-12-04 13:39:40.679000,1.31908,1.31898,1000000,2250000
2018-12-04 13:39:40.785000,1.3191,1.31898,2250000,2250000
2018-12-04 13:39:41.290000,1.31909,1.31899,1000000,1000000
2018-12-04 13:39:42.694000,1.31909,1.31898,1120000,1500000
2018-12-04 13:39:43.611000,1.3191,1.31898,2250000,1500000
2018-12-04 13:39:43.817000,1.31909,1.319,1000000,1000000
2018-12-04 13:39:44.364000,1.3191,1.319,1000000,1000000
2018-12-04 13:39:44.935000,1.31912,1.31907,1000000,1000000
2018-12-04 13:39:44.988000,1.31914,1.31908,1000000,1500000
2018-12-04 13:39:45.040000,1.31915,1.31911,1000000,1000000
2018-12-04 13:39:45.144000,1.31914,1.31908,1000000,2250000
2018-12-04 13:39:45.664000,1.31918,1.31908,1570000,1000000
2018-12-04 13:39:45.819000,1.31916,1.31905,1000000,1000000
2018-12-04 13:39:45.872000,1.31913,1.31904,1000000,1000000
2018-12-04 13:39:46.049000,1.31917,1.31906,1100000,1500000
2018-12-04 13:39:46.205000,1.31913,1.31903,1000000,1500000
2018-12-04 13:39:46.722000,1.31912,1.31902,1000000,1500000
2018-12-04 13:39:47.238000,1.31914,1.31902,1000000,1500000
2018-12-04 13:39:47.746000,1.31913,1.31903,1000000,1000000
2018-12-04 13:39:48.125000,1.3191,1.31899,2370000,3500000
2018-12-04 13:39:48.177000,1.3191,1.31898,3120000,1500000
2018-12-04 13:39:48.650000,1.3191,1.319,1500000,1000000
2018-12-04 13:39:51.007000,1.31909,1.319,1000000,1000000
2018-12-04 13:39:51.530000,1.31908,1.31899,1500000,1000000
2018-12-04 13:39:52.070000,1.31909,1.31898,2250000,1000000
2018-12-04 13:39:52.379000,1.31905,1.31895,1500000,1000000
2018-12-04 13:39:52.580000,1.31905,1.31893,1870000,2250000
2018-12-04 13:39:53.189000,1.31904,1.31893,1000000,1500000
2018-12-04 13:39:53.286000,1.31901,1.31893,1000000,1000000
2018-12-04 13:39:53.594000,1.31902,1.3189,1500000,3000000
2018-12-04 13:39:54.393000,1.31901,1.3189,1500000,1000000
2018-12-04 13:39:54.905000,1.31902,1.3189,1570000,2250000
2018-12-04 13:39:56.863000,1.31903,1.31891,1500000,1000000
2018-12-04 13:39:56.915000,1.31901,1.31891,1500000,1500000
2018-12-04 13:40:00.887000,1.31899,1.31889,2250000,1000000
2018-12-04 13:40:01.147000,1.31901,1.31889,1500000,2250000
2018-12-04 13:40:01.676000,1.31902,1.3189,1570000,1500000
2018-12-04 13:40:03.496000,1.31903,1.31892,1500000,1000000
2018-12-04 13:40:04.009000,1.31903,1.31891,1870000,2250000
2018-12-04 13:40:04.320000,1.319,1.31889,2250000,1120000
2018-12-04 13:40:04.860000,1.31901,1.3189,1120000,1000000
2018-12-04 13:40:05.405000,1.319,1.3189,1120000,1000000
2018-12-04 13:40:05.917000,1.31901,1.3189,1200000,1000000
2018-12-04 13:40:06.527000,1.31902,1.31891,1970000,1000000
2018-12-04 13:40:07.076000,1.31902,1.31892,1500000,1000000
2018-12-04 13:40:07.337000,1.31902,1.3189,1500000,1500000
2018-12-04 13:40:07.389000,1.319,1.3189,1000000,1000000
2018-12-04 13:40:08.751000,1.31901,1.3189,1500000,1000000
2018-12-04 13:40:09.264000,1.31901,1.31891,1000000,1000000
2018-12-04 13:40:10.580000,1.31903,1.31895,1310000,1000000
2018-12-04 13:40:10.684000,1.319,1.31891,1000000,1000000
2018-12-04 13:40:11.118000,1.31903,1.31893,1350000,1000000
2018-12-04 13:40:11.224000,1.31907,1.31897,1500000,1000000
2018-12-04 13:40:11.276000,1.3191,1.31899,2100000,1500000
2018-12-04 13:40:11.328000,1.3191,1.319,3450000,1000000
2018-12-04 13:40:11.849000,1.31911,1.319,1000000,1500000
2018-12-04 13:40:12.369000,1.31912,1.319,2700000,2250000
2018-12-04 13:40:12.489000,1.3191,1.319,1000000,2250000
2018-12-04 13:40:13.182000,1.31909,1.319,1000000,1000000
2018-12-04 13:40:13.764000,1.3191,1.319,1000000,1000000
2018-12-04 13:40:14.407000,1.31912,1.31905,1500000,1000000
2018-12-04 13:40:14.513000,1.31916,1.31906,1120000,1500000
2018-12-04 13:40:14.565000,1.31912,1.31904,1000000,1000000
2018-12-04 13:40:14.617000,1.31912,1.31902,1000000,2250000
2018-12-04 13:40:15.150000,1.31911,1.31902,1000000,1000000
2018-12-04 13:40:15.672000,1.31913,1.31903,2250000,1500000
2018-12-04 13:40:15.725000,1.31916,1.31905,1970000,1000000
2018-12-04 13:40:16.122000,1.31918,1.31907,1000000,1000000
2018-12-04 13:40:16.329000,1.31916,1.31905,1000000,1000000
2018-12-04 13:40:16.743000,1.31916,1.31907,1000000,1000000
2018-12-04 13:40:16.795000,1.31918,1.31908,1000000,1000000
2018-12-04 13:40:17.139000,1.3192,1.3191,1870000,1000000
2018-12-04 13:40:18.053000,1.31918,1.3191,1000000,1000000
2018-12-04 13:40:18.157000,1.31918,1.31907,1000000,1000000
2018-12-04 13:40:18.208000,1.31918,1.31909,1570000,1000000
2018-12-04 13:40:18.415000,1.31915,1.31905,1500000,1500000
2018-12-04 13:40:19.001000,1.31915,1.31907,1000000,1000000
2018-12-04 13:40:19.054000,1.31918,1.31906,3120000,1500000
2018-12-04 13:40:19.187000,1.31919,1.31908,1100000,1000000
2018-12-04 13:40:19.705000,1.31918,1.31908,1000000,1000000
2018-12-04 13:40:20.032000,1.31911,1.31902,1000000,1000000
2018-12-04 13:40:20.882000,1.31911,1.31901,1620000,1000000
2018-12-04 13:40:21.920000,1.31911,1.31902,1500000,1000000
2018-12-04 13:40:22.462000,1.31911,1.31901,1500000,1500000
2018-12-04 13:40:23.164000,1.3191,1.31901,1000000,1000000
2018-12-04 13:40:25.881000,1.31914,1.31907,2470000,1000000
2018-12-04 13:40:25.934000,1.31918,1.31907,2100000,1000000
2018-12-04 13:40:26.133000,1.31919,1.31908,1000000,1000000
2018-12-04 13:40:26.185000,1.3192,1.3191,2250000,1500000
2018-12-04 13:40:26.736000,1.3192,1.31911,1000000,1000000
2018-12-04 13:40:27.044000,1.31925,1.31913,1500000,1500000
2018-12-04 13:40:27.594000,1.31924,1.31913,1120000,1000000
2018-12-04 13:40:28.117000,1.31923,1.31913,1000000,1000000
2018-12-04 13:40:28.527000,1.31925,1.31915,1000000,1500000
2018-12-04 13:40:28.631000,1.31927,1.31916,1500000,1000000
2018-12-04 13:40:28.769000,1.31925,1.31916,1000000,1000000
2018-12-04 13:40:28.925000,1.31928,1.31918,2250000,1000000
2018-12-04 13:40:29.441000,1.31929,1.31918,1120000,1000000
2018-12-04 13:40:30.461000,1.31927,1.31918,1000000,1000000
2018-12-04 13:40:30.514000,1.31928,1.31916,1970000,1500000
2018-12-04 13:40:30.618000,1.31928,1.31918,2620000,1000000
2018-12-04 13:40:30.930000,1.31921,1.31913,1000000,1000000
2018-12-04 13:40:30.983000,1.31921,1.31911,1500000,1000000
2018-12-04 13:40:31.523000,1.31922,1.31911,1000000,1000000
2018-12-04 13:40:32.374000,1.31921,1.31911,1000000,1000000
2018-12-04 13:40:32.923000,1.31921,1.31912,2250000,1000000
2018-12-04 13:40:33.377000,1.31923,1.31914,1200000,1000000
2018-12-04 13:40:33.690000,1.31924,1.31918,1000000,1000000
2018-12-04 13:40:34.204000,1.3193,1.31919,1800000,1500000
2018-12-04 13:40:34.307000,1.3193,1.31919,1000000,1500000
2018-12-04 13:40:35.052000,1.31929,1.31919,1000000,1500000
2018-12-04 13:40:36.957000,1.31928,1.31919,1000000,1000000
2018-12-04 13:40:37.061000,1.31929,1.31917,2250000,1500000
2018-12-04 13:40:37.319000,1.31926,1.31915,2250000,1000000
2018-12-04 13:40:37.826000,1.31926,1.31915,2370000,1000000
2018-12-04 13:40:38.331000,1.31928,1.31918,1000000,1500000
2018-12-04 13:40:44.661000,1.3193,1.31923,1000000,1000000
2018-12-04 13:40:44.817000,1.3194,1.3193,3000000,1000000
2018-12-04 13:40:44.870000,1.31942,1.31932,1000000,1500000
2018-12-04 13:40:45.558000,1.31943,1.31932,1950000,1500000
2018-12-04 13:40:46.432000,1.31943,1.31932,3200000,1500000
2018-12-04 13:40:47.108000,1.31941,1.31932,1000000,1000000
2018-12-04 13:40:47.161000,1.31939,1.31929,1000000,2250000
2018-12-04 13:40:47.370000,1.31941,1.31933,1200000,1000000
2018-12-04 13:40:47.602000,1.31944,1.31932,3940000,2250000
2018-12-04 13:40:48.155000,1.31943,1.31932,1250000,1500000
2018-12-04 13:40:48.259000,1.31941,1.3193,1500000,2620000
2018-12-04 13:40:48.815000,1.3194,1.3193,1000000,1500000
2018-12-04 13:40:49.574000,1.31938,1.31929,1500000,1000000
2018-12-04 13:40:49.753000,1.31937,1.31926,1120000,3000000
2018-12-04 13:40:50.536000,1.31938,1.31926,2700000,1500000
2018-12-04 13:40:50.588000,1.31938,1.3193,2250000,1000000
2018-12-04 13:40:50.640000,1.31941,1.31931,2250000,2250000
2018-12-04 13:40:50.763000,1.31943,1.31934,2250000,1500000
2018-12-04 13:40:50.919000,1.31946,1.31936,1000000,3000000
2018-12-04 13:40:51.022000,1.31944,1.31936,1000000,1000000
2018-12-04 13:40:51.277000,1.31943,1.31933,1000000,1500000
2018-12-04 13:40:51.380000,1.31945,1.31933,1500000,1500000
2018-12-04 13:40:51.431000,1.31943,1.31933,1000000,1500000
2018-12-04 13:40:52.445000,1.31943,1.31934,1000000,1000000
2018-12-04 13:40:52.993000,1.31943,1.31932,1870000,1000000
2018-12-04 13:40:53.046000,1.31939,1.3193,1000000,1500000
2018-12-04 13:40:53.099000,1.31938,1.31928,1000000,2250000
2018-12-04 13:40:53.256000,1.31939,1.3193,1000000,1000000
2018-12-04 13:40:53.389000,1.31942,1.3193,3470000,1500000
2018-12-04 13:40:53.597000,1.31942,1.31932,1500000,1000000
2018-12-04 13:40:53.860000,1.31944,1.31932,2620000,2250000
2018-12-04 13:40:53.914000,1.3194,1.31932,1000000,1000000
2018-12-04 13:40:54.197000,1.31943,1.31931,3470000,1500000
2018-12-04 13:40:54.732000,1.31943,1.31932,2320000,1000000
2018-12-04 13:40:55.283000,1.31943,1.31933,1000000,1000000
2018-12-04 13:40:55.823000,1.31942,1.31932,1000000,1500000
2018-12-04 13:40:56.426000,1.31939,1.31932,1000000,1000000
2018-12-04 13:40:56.478000,1.31938,1.3193,1000000,1000000
2018-12-04 13:40:56.995000,1.31938,1.31931,1000000,1000000
2018-12-04 13:40:57.562000,1.31938,1.3193,1000000,1000000
2018-12-04 13:40:58.523000,1.31938,1.31929,1500000,1000000
2018-12-04 13:40:59.075000,1.31938,1.31928,1500000,2250000
2018-12-04 13:41:00.052000,1.31938,1.31929,1000000,1000000
2018-12-04 13:41:00.476000,1.3194,1.31931,1000000,1500000
2018-12-04 13:41:00.529000,1.31942,1.31931,1500000,2250000
2018-12-04 13:41:00.582000,1.31942,1.31933,1000000,1000000
2018-12-04 13:41:02.543000,1.31939,1.31933,1000000,1000000
2018-12-04 13:41:02.596000,1.31939,1.31929,1000000,1000000
2018-12-04 13:41:02.649000,1.31937,1.31929,1000000,1000000
2018-12-04 13:41:03.163000,1.31937,1.3193,1000000,1000000
2018-12-04 13:41:04.116000,1.31938,1.3193,1000000,1000000
2018-12-04 13:41:05.237000,1.31938,1.31929,1000000,1000000
2018-12-04 13:41:05.920000,1.31938,1.31928,1000000,3000000
2018-12-04 13:41:06.330000,1.31932,1.31926,1000000,1000000
2018-12-04 13:41:06.504000,1.31929,1.31922,1000000,1000000
2018-12-04 13:41:06.659000,1.31931,1.31925,1500000,1000000
2018-12-04 13:41:06.814000,1.31934,1.31924,1000000,1000000
2018-12-04 13:41:06.918000,1.31935,1.31926,1500000,1000000
2018-12-04 13:41:07.022000,1.31938,1.31928,3820000,1500000
2018-12-04 13:41:08.500000,1.31938,1.31927,4500000,1500000
2018-12-04 13:41:09.008000,1.31937,1.31927,1000000,1500000
2018-12-04 13:41:09.529000,1.31933,1.31923,1000000,1100000
2018-12-04 13:41:10.066000,1.31932,1.31923,1500000,1000000
2018-12-04 13:41:10.582000,1.31933,1.31923,2620000,1000000
2018-12-04 13:41:12.085000,1.31932,1.31923,1000000,1000000
2018-12-04 13:41:12.500000,1.31932,1.31925,1000000,1000000
2018-12-04 13:41:12.656000,1.31935,1.31927,1500000,1000000
2018-12-04 13:41:12.860000,1.31935,1.31925,1500000,1000000
2018-12-04 13:41:13.031000,1.31933,1.31925,1000000,1000000
2018-12-04 13:41:13.086000,1.31932,1.31923,1000000,1000000
2018-12-04 13:41:13.138000,1.31928,1.31921,1000000,1000000
2018-12-04 13:41:13.190000,1.31928,1.31918,1500000,1000000
2018-12-04 13:41:13.242000,1.31929,1.3192,1500000,1000000
2018-12-04 13:41:13.501000,1.31928,1.31918,1500000,1000000
2018-12-04 13:41:13.553000,1.31928,1.31916,3000000,2250000
2018-12-04 13:41:13.702000,1.31926,1.31915,1500000,3000000
2018-12-04 13:41:14.248000,1.31926,1.31916,1000000,1000000
2018-12-04 13:41:15.127000,1.31928,1.31916,3000000,2250000
2018-12-04 13:41:15.179000,1.31928,1.31921,1000000,1000000
2018-12-04 13:41:15.231000,1.3193,1.31921,1000000,1500000
2018-12-04 13:41:15.489000,1.31932,1.31925,1500000,1000000
2018-12-04 13:41:15.541000,1.31934,1.31926,1950000,1000000
2018-12-04 13:41:15.753000,1.31933,1.31923,1000000,1000000
2018-12-04 13:41:15.806000,1.31934,1.31925,1120000,1500000
2018-12-04 13:41:16.012000,1.31934,1.31922,2250000,3000000
2018-12-04 13:41:16.064000,1.3193,1.31921,1000000,1000000
2018-12-04 13:41:16.117000,1.31932,1.31922,1000000,2250000
2018-12-04 13:41:16.665000,1.31933,1.31923,3070000,1000000
2018-12-04 13:41:16.925000,1.31931,1.31921,1000000,1500000
2018-12-04 13:41:17.861000,1.31928,1.3192,1000000,1000000
2018-12-04 13:41:17.913000,1.31928,1.31918,1000000,1000000
2018-12-04 13:41:17.966000,1.31926,1.31916,1000000,2250000
2018-12-04 13:41:18.404000,1.31928,1.31919,1000000,1000000
2018-12-04 13:41:18.937000,1.31928,1.31918,1000000,2250000
2018-12-04 13:41:19.442000,1.31929,1.31919,1000000,1000000
2018-12-04 13:41:20.060000,1.31931,1.31922,1500000,1000000
2018-12-04 13:41:20.113000,1.31931,1.3192,1000000,1000000
2018-12-04 13:41:20.165000,1.31931,1.31922,1000000,1000000
2018-12-04 13:41:20.728000,1.31932,1.31922,2250000,1500000
2018-12-04 13:41:21.617000,1.31929,1.31919,1500000,1000000
2018-12-04 13:41:22.162000,1.31929,1.3192,1500000,1000000
2018-12-04 13:41:22.687000,1.31929,1.31919,1500000,1000000
2018-12-04 13:41:23.882000,1.3193,1.3192,1000000,2250000
2018-12-04 13:41:24.246000,1.31932,1.3192,1500000,2250000
2018-12-04 13:41:24.298000,1.3193,1.3192,1000000,2250000
2018-12-04 13:41:24.799000,1.3193,1.31921,1000000,1000000
2018-12-04 13:41:28.164000,1.31929,1.31921,1120000,1000000
2018-12-04 13:41:28.248000,1.31929,1.31919,1120000,1000000
2018-12-04 13:41:28.766000,1.31929,1.31918,1000000,1500000
2018-12-04 13:41:29.558000,1.31928,1.31917,1000000,1500000
2018-12-04 13:41:30.089000,1.31929,1.31917,1500000,2250000
2018-12-04 13:41:32.315000,1.31929,1.31919,1500000,1000000
2018-12-04 13:41:35.508000,1.31928,1.31917,1000000,1500000
2018-12-04 13:41:36.514000,1.31928,1.31919,1000000,1000000
2018-12-04 13:41:37.034000,1.31929,1.3192,1000000,1000000
2018-12-04 13:41:37.542000,1.31929,1.31918,1000000,2250000
2018-12-04 13:41:39.840000,1.31929,1.31922,1000000,1000000
2018-12-04 13:41:40.352000,1.31929,1.31921,1000000,1000000
2018-12-04 13:41:40.986000,1.31929,1.31918,1500000,1000000
2018-12-04 13:41:41.517000,1.31929,1.31919,1000000,1000000
2018-12-04 13:41:42.020000,1.31928,1.31918,1000000,1000000
2018-12-04 13:41:42.586000,1.31928,1.31919,1000000,1000000
2018-12-04 13:41:42.846000,1.3193,1.3192,1000000,2250000
2018-12-04 13:41:42.899000,1.31932,1.31922,1500000,1000000
2018-12-04 13:41:43.228000,1.31935,1.31925,2250000,1000000
2018-12-04 13:41:43.976000,1.31934,1.31925,1000000,1000000
2018-12-04 13:41:45.641000,1.31935,1.31925,3000000,1000000
2018-12-04 13:41:46.192000,1.31934,1.31924,1000000,1000000
2018-12-04 13:41:47.112000,1.31935,1.31924,2250000,1000000
2018-12-04 13:41:47.455000,1.31939,1.31928,1000000,1500000
2018-12-04 13:41:47.926000,1.31939,1.3193,1500000,1000000
2018-12-04 13:41:48.132000,1.31941,1.31931,2250000,1000000
2018-12-04 13:41:48.494000,1.31939,1.3193,2250000,1000000
2018-12-04 13:41:48.550000,1.31939,1.31928,3000000,1000000
2018-12-04 13:41:49.058000,1.31938,1.31927,1500000,1500000
2018-12-04 13:41:49.110000,1.31936,1.31926,1000000,1000000
2018-12-04 13:41:49.422000,1.31933,1.31923,1500000,2250000
2018-12-04 13:41:49.852000,1.31934,1.31925,1500000,1000000
2018-12-04 13:41:49.903000,1.31936,1.31926,1500000,1000000
2018-12-04 13:41:50.415000,1.31936,1.31927,1500000,1000000
2018-12-04 13:41:50.933000,1.31935,1.31927,1000000,1500000
2018-12-04 13:41:50.986000,1.31937,1.31927,1500000,1500000
2018-12-04 13:41:54.306000,1.31935,1.31927,1000000,1000000
2018-12-04 13:41:54.359000,1.31933,1.31924,1000000,1500000
2018-12-04 13:41:54.514000,1.31932,1.31922,1000000,3000000
2018-12-04 13:41:54.566000,1.31931,1.3192,1500000,1500000
2018-12-04 13:41:54.705000,1.31931,1.31922,1500000,1000000
2018-12-04 13:41:55.219000,1.31931,1.31921,1500000,1000000
2018-12-04 13:41:55.793000,1.31932,1.31921,1500000,1000000
2018-12-04 13:41:57.654000,1.31931,1.31921,2250000,1000000
2018-12-04 13:41:58.018000,1.31928,1.31919,1000000,1500000
2018-12-04 13:41:58.551000,1.31928,1.3192,1000000,1000000
2018-12-04 13:42:00.014000,1.31928,1.31917,1000000,1500000
2018-12-04 13:42:00.066000,1.31926,1.31916,1000000,1500000
2018-12-04 13:42:00.891000,1.31926,1.31915,1000000,2250000
2018-12-04 13:42:01.204000,1.31927,1.31918,1500000,1000000
2018-12-04 13:42:05.937000,1.31926,1.31917,1500000,1000000
2018-12-04 13:42:06.400000,1.31924,1.31917,1500000,1000000
2018-12-04 13:42:06.452000,1.31924,1.31914,2250000,1500000
2018-12-04 13:42:06.683000,1.31921,1.31913,1000000,1000000
2018-12-04 13:42:06.735000,1.31921,1.31909,2250000,1970000
2018-12-04 13:42:06.790000,1.31919,1.31909,1000000,1000000
2018-12-04 13:42:08.626000,1.31918,1.31909,1000000,1000000
2018-12-04 13:42:09.141000,1.31919,1.31909,2250000,1000000
2018-12-04 13:42:12.093000,1.31921,1.31911,1500000,1000000
2018-12-04 13:42:12.145000,1.31921,1.31909,2250000,2250000
2018-12-04 13:42:12.197000,1.31921,1.31914,1000000,1000000
2018-12-04 13:42:12.301000,1.31923,1.31913,1000000,1000000
2018-12-04 13:42:12.463000,1.31924,1.31915,5250000,1000000
2018-12-04 13:42:12.618000,1.31926,1.31915,1000000,1000000
2018-12-04 13:42:12.724000,1.31924,1.31914,1000000,2250000
2018-12-04 13:42:13.246000,1.31922,1.31912,1500000,1500000
2018-12-04 13:42:13.811000,1.31922,1.31914,1000000,1000000
2018-12-04 13:42:14.121000,1.31924,1.31916,1000000,1000000
2018-12-04 13:42:14.375000,1.31926,1.31916,1000000,1500000
2018-12-04 13:42:15.045000,1.31925,1.31915,1000000,1000000
2018-12-04 13:42:15.504000,1.31926,1.31917,1000000,1000000
2018-12-04 13:42:17.710000,1.31926,1.31918,1000000,1000000
2018-12-04 13:42:18.041000,1.31924,1.31915,1000000,1000000
2018-12-04 13:42:18.565000,1.31924,1.31914,2250000,1000000
2018-12-04 13:42:18.617000,1.3192,1.31913,1800000,1000000
2018-12-04 13:42:18.669000,1.31917,1.31909,1000000,1000000
2018-12-04 13:42:18.851000,1.31917,1.31907,1500000,1000000
2018-12-04 13:42:19.111000,1.31916,1.3191,1000000,1000000
2018-12-04 13:42:19.742000,1.31917,1.3191,1000000,1000000
2018-12-04 13:42:20.802000,1.31918,1.3191,1500000,1000000
2018-12-04 13:42:25.044000,1.31918,1.31908,1000000,1500000
2018-12-04 13:42:26.313000,1.31919,1.31908,1500000,1500000
2018-12-04 13:42:26.570000,1.31919,1.3191,1500000,1000000
2018-12-04 13:42:27.240000,1.3192,1.3191,1500000,1000000
2018-12-04 13:42:29.957000,1.31921,1.3191,1000000,1500000
2018-12-04 13:42:30.270000,1.31924,1.31915,1500000,1000000
2018-12-04 13:42:30.477000,1.31926,1.31915,1500000,1000000
2018-12-04 13:42:30.580000,1.31927,1.31917,1500000,1000000
2018-12-04 13:42:32.169000,1.31926,1.31917,1000000,1000000
2018-12-04 13:42:32.221000,1.31926,1.31915,1500000,1500000
2018-12-04 13:42:32.273000,1.31924,1.31915,1000000,1500000
2018-12-04 13:42:32.815000,1.31924,1.31914,1500000,1000000
2018-12-04 13:42:33.331000,1.31924,1.31918,1000000,1000000
2018-12-04 13:42:33.892000,1.31924,1.31917,1000000,1000000
2018-12-04 13:42:33.945000,1.31927,1.31917,1000000,1000000
2018-12-04 13:42:34.049000,1.31927,1.31919,1000000,1000000
2018-12-04 13:42:34.566000,1.31928,1.3192,1000000,1000000
2018-12-04 13:42:35.093000,1.31929,1.3192,1500000,1000000
2018-12-04 13:42:35.869000,1.31927,1.31919,1000000,1000000
2018-12-04 13:42:36.475000,1.31927,1.31918,1000000,1000000
2018-12-04 13:42:38.640000,1.31925,1.31916,1000000,2250000
2018-12-04 13:42:38.796000,1.31926,1.31914,3000000,1500000
2018-12-04 13:42:39.333000,1.31925,1.31915,1000000,1000000
2018-12-04 13:42:39.880000,1.31926,1.31917,1000000,1000000
2018-12-04 13:42:40.427000,1.31927,1.31917,1500000,1000000
2018-12-04 13:42:44.109000,1.31925,1.31915,1500000,1000000
2018-12-04 13:42:45.317000,1.31926,1.31915,1000000,1500000
2018-12-04 13:42:45.658000,1.31926,1.31919,1000000,1000000
2018-12-04 13:42:45.966000,1.31926,1.31917,1000000,1000000
2018-12-04 13:42:46.241000,1.31927,1.31921,1500000,1500000
2018-12-04 13:42:46.293000,1.31929,1.31922,1000000,1000000
2018-12-04 13:42:46.396000,1.31929,1.31924,1000000,1000000
2018-12-04 13:42:46.448000,1.31929,1.31922,1000000,1000000
2018-12-04 13:42:46.604000,1.31931,1.31921,1000000,1620000
2018-12-04 13:42:46.707000,1.31933,1.31922,2250000,2250000
2018-12-04 13:42:46.760000,1.31936,1.31925,1500000,1000000
2018-12-04 13:42:47.282000,1.31936,1.31926,1000000,1000000
2018-12-04 13:42:47.591000,1.31936,1.31924,1500000,3000000
2018-12-04 13:42:47.643000,1.31936,1.31926,2250000,1000000
2018-12-04 13:42:48.435000,1.31936,1.31924,2250000,1500000
2018-12-04 13:42:48.487000,1.31934,1.31924,1000000,1500000
2018-12-04 13:42:48.803000,1.31932,1.31924,1000000,1000000
2018-12-04 13:42:49.611000,1.31932,1.31923,1000000,1500000
2018-12-04 13:42:50.231000,1.31932,1.31922,1500000,1500000
2018-12-04 13:42:50.334000,1.31931,1.3192,1500000,1000000
2018-12-04 13:42:50.386000,1.31931,1.31922,1500000,1000000
2018-12-04 13:42:50.584000,1.31933,1.31923,1000000,1000000
2018-12-04 13:42:50.841000,1.31935,1.31927,1000000,1000000
2018-12-04 13:42:51.355000,1.31936,1.31927,1500000,1000000
2018-12-04 13:42:54.356000,1.31938,1.3193,1000000,1000000
2018-12-04 13:42:54.877000,1.31939,1.31929,1000000,1000000
2018-12-04 13:42:55.621000,1.31937,1.31929,1000000,1000000
2018-12-04 13:42:56.334000,1.31936,1.31925,3000000,1500000
2018-12-04 13:42:56.387000,1.31934,1.31924,1000000,1200000
2018-12-04 13:42:57.363000,1.31936,1.31926,1000000,1000000
2018-12-04 13:42:57.868000,1.31935,1.31926,1000000,1000000
2018-12-04 13:42:58.870000,1.31936,1.31926,1000000,1000000
2018-12-04 13:42:59.395000,1.31937,1.31928,1000000,1000000
2018-12-04 13:42:59.448000,1.31939,1.31929,1500000,1000000
2018-12-04 13:42:59.501000,1.31937,1.31929,1000000,1000000
2018-12-04 13:42:59.604000,1.31937,1.31927,1000000,1000000
2018-12-04 13:43:01.422000,1.31936,1.31927,1000000,1000000
2018-12-04 13:43:02.836000,1.31935,1.31925,3750000,1000000
2018-12-04 13:43:02.889000,1.31933,1.31924,1000000,1000000
2018-12-04 13:43:03.842000,1.31933,1.31926,1000000,1000000
2018-12-04 13:43:03.895000,1.31936,1.31927,1500000,1000000
2018-12-04 13:43:03.947000,1.31934,1.31924,1000000,1120000
2018-12-04 13:43:03.999000,1.31933,1.31922,1500000,1950000
2018-12-04 13:43:04.051000,1.31931,1.31921,1000000,1600000
2018-12-04 13:43:04.262000,1.31927,1.31916,2250000,1000000
2018-12-04 13:43:04.418000,1.31916,1.31913,1000000,1000000
2018-12-04 13:43:04.471000,1.31913,1.31906,2120000,1500000
2018-12-04 13:43:04.527000,1.31911,1.31903,1000000,1000000
2018-12-04 13:43:04.580000,1.31909,1.319,1000000,1000000
2018-12-04 13:43:04.633000,1.31914,1.31904,1000000,1000000
2018-12-04 13:43:04.739000,1.31916,1.31906,1000000,1500000
2018-12-04 13:43:05.082000,1.31918,1.31908,1000000,1000000
2018-12-04 13:43:05.393000,1.3192,1.3191,1500000,1000000
2018-12-04 13:43:05.720000,1.31922,1.31912,1000000,1000000
2018-12-04 13:43:06.185000,1.31924,1.31912,2250000,2250000
2018-12-04 13:43:06.504000,1.31922,1.31912,1000000,1000000
2018-12-04 13:43:07.334000,1.31924,1.31914,1000000,1500000
2018-12-04 13:43:07.866000,1.31925,1.31915,1000000,1250000
2018-12-04 13:43:08.177000,1.31927,1.31917,1000000,1000000
2018-12-04 13:43:08.448000,1.31929,1.31918,1000000,1000000
2018-12-04 13:43:09.577000,1.31929,1.31917,2250000,2250000
2018-12-04 13:43:11.002000,1.31927,1.31917,1000000,1000000
2018-12-04 13:43:11.347000,1.31919,1.31909,1500000,1000000
2018-12-04 13:43:11.694000,1.3192,1.31911,1000000,1000000
2018-12-04 13:43:12.554000,1.3192,1.31912,1000000,1000000
2018-12-04 13:43:12.607000,1.31922,1.31911,1500000,1000000
2018-12-04 13:43:12.659000,1.3192,1.31911,1000000,1000000
2018-12-04 13:43:12.762000,1.31918,1.31908,1000000,1000000
2018-12-04 13:43:13.072000,1.31922,1.31914,1500000,1000000
2018-12-04 13:43:13.177000,1.31926,1.31915,2250000,1000000
2018-12-04 13:43:13.481000,1.31928,1.31918,1000000,1000000
2018-12-04 13:43:13.793000,1.3193,1.3192,1000000,1000000
2018-12-04 13:43:14.800000,1.31929,1.31919,1000000,2250000
2018-12-04 13:43:15.351000,1.31928,1.31918,1500000,2250000
2018-12-04 13:43:15.667000,1.31935,1.31924,1000000,1500000
2018-12-04 13:43:16.178000,1.31934,1.31923,1000000,2250000
2018-12-04 13:43:17.022000,1.31935,1.31923,5250000,2250000
2018-12-04 13:43:17.228000,1.31934,1.31925,1000000,1000000
2018-12-04 13:43:19.064000,1.31934,1.31924,1000000,1000000
2018-12-04 13:43:19.222000,1.31932,1.31921,2250000,1000000
2018-12-04 13:43:19.756000,1.31933,1.31921,1870000,1000000
2018-12-04 13:43:20.064000,1.31934,1.31924,1500000,1000000
2018-12-04 13:43:20.257000,1.31937,1.31925,4500000,1500000
2018-12-04 13:43:20.566000,1.31937,1.31927,1000000,1000000
2018-12-04 13:43:20.891000,1.31939,1.31929,1000000,1000000
2018-12-04 13:43:23.026000,1.31939,1.31928,1000000,1500000
2018-12-04 13:43:23.337000,1.31935,1.31926,1000000,1000000
2018-12-04 13:43:23.492000,1.31934,1.31924,2250000,1500000
2018-12-04 13:43:24.015000,1.31933,1.31924,1000000,1000000
2018-12-04 13:43:24.532000,1.31934,1.31924,3000000,1000000
2018-12-04 13:43:25.034000,1.31936,1.31925,1000000,1500000
2018-12-04 13:43:25.139000,1.31938,1.31928,1000000,2250000
2018-12-04 13:43:25.244000,1.3194,1.31929,1500000,1500000
2018-12-04 13:43:26.862000,1.31941,1.31929,2250000,1500000
