time,ask,bid,ask_volume,bid_volume
2021-02-18 13:25:03.594000,1.26728,1.2672,1000000,1000000
2021-02-18 13:25:05.421000,1.26728,1.26719,1000000,1000000
2021-02-18 13:25:07.209000,1.26728,1.2672,1000000,1000000
2021-02-18 13:25:19.384000,1.26729,1.26719,1000000,1690000
2021-02-18 13:25:19.435000,1.26735,1.26727,1000000,1000000
2021-02-18 13:25:19.536000,1.26736,1.26729,1120000,1000000
2021-02-18 13:25:20.251000,1.26735,1.26729,1000000,1000000
2021-02-18 13:25:20.454000,1.26735,1.26728,1000000,1000000
2021-02-18 13:25:24.414000,1.26736,1.26729,1000000,1000000
2021-02-18 13:25:25.267000,1.26739,1.2673,1500000,1000000
2021-02-18 13:25:25.318000,1.26739,1.26734,1000000,1000000
2021-02-18 13:25:25.419000,1.26746,1.26738,1100000,1000000
2021-02-18 13:25:25.521000,1.26747,1.26739,5320000,1000000
2021-02-18 13:25:25.623000,1.26747,1.2674,2250000,1000000
2021-02-18 13:25:25.903000,1.26749,1.26742,1000000,1000000
2021-02-18 13:25:26.519000,1.26751,1.26741,1000000,1000000
2021-02-18 13:25:29.507000,1.26752,1.26742,1500000,1000000
2021-02-18 13:25:29.608000,1.26749,1.26742,1000000,1000000
2021-02-18 13:25:29.710000,1.26749,1.26741,2320000,1000000
2021-02-18 13:25:29.811000,1.26748,1.26738,1500000,1500000
2021-02-18 13:25:30.015000,1.26747,1.26738,1000000,1000000
2021-02-18 13:25:32.930000,1.26747,1.26739,1570000,1000000
2021-02-18 13:25:37.808000,1.26749,1.2674,1000000,1000000
2021-02-18 13:25:45.046000,1.26749,1.26741,1500000,1000000
2021-02-18 13:25:47.637000,1.26752,1.26745,3070000,1500000
2021-02-18 13:25:47.890000,1.26754,1.26744,1000000,1500000
2021-02-18 13:25:54.924000,1.26755,1.26745,2250000,1000000
2021-02-18 13:25:59.262000,1.26754,1.26748,1500000,1000000
2021-02-18 13:26:07.497000,1.26751,1.26743,1000000,1000000
2021-02-18 13:26:07.548000,1.26751,1.26741,2350000,1000000
2021-02-18 13:26:07.700000,1.26749,1.26741,1000000,1000000
2021-02-18 13:26:08.206000,1.26749,1.2674,1500000,1000000
2021-02-18 13:26:08.905000,1.26748,1.2674,1000000,1000000
2021-02-18 13:26:13.285000,1.26748,1.26739,1000000,1500000
2021-02-18 13:26:24.624000,1.26749,1.26739,1500000,1000000
2021-02-18 13:26:24.674000,1.26751,1.26743,1100000,1000000
2021-02-18 13:26:24.776000,1.26751,1.26744,1000000,1000000
2021-02-18 13:26:24.878000,1.26754,1.26746,1000000,1000000
2021-02-18 13:26:24.980000,1.26755,1.26747,1500000,1000000
2021-02-18 13:26:25.649000,1.26755,1.26747,1500000,1000000
2021-02-18 13:26:29.263000,1.26756,1.26748,1000000,1000000
2021-02-18 13:26:32.902000,1.26756,1.26747,1500000,1500000
2021-02-18 13:26:35.277000,1.26758,1.26752,1100000,1000000
2021-02-18 13:26:35.379000,1.2676,1.26751,1500000,2350000
2021-02-18 13:26:35.480000,1.26763,1.26756,1000000,1000000
2021-02-18 13:26:35.530000,1.26765,1.26758,1000000,1000000
2021-02-18 13:26:39.407000,1.26765,1.2676,1120000,1000000
2021-02-18 13:26:40.445000,1.26765,1.26756,1100000,1000000
2021-02-18 13:26:40.547000,1.26758,1.2675,1100000,1000000
2021-02-18 13:26:40.699000,1.26757,1.26749,1000000,1000000
2021-02-18 13:26:41.696000,1.26757,1.26749,1750000,1000000
2021-02-18 13:26:44.418000,1.26755,1.26748,1000000,1000000
2021-02-18 13:26:48.158000,1.26756,1.26749,1570000,1000000
2021-02-18 13:26:51.186000,1.26755,1.26749,1000000,1000000
2021-02-18 13:26:51.237000,1.26754,1.26747,1000000,1000000
2021-02-18 13:26:52.350000,1.26754,1.26746,1000000,1000000
2021-02-18 13:26:52.451000,1.26754,1.26747,1000000,1000000
2021-02-18 13:26:52.552000,1.26754,1.26748,1000000,1000000
2021-02-18 13:26:54.992000,1.26755,1.26748,1000000,1000000
2021-02-18 13:26:59.090000,1.26757,1.26748,1250000,1000000
2021-02-18 13:26:59.242000,1.26756,1.2675,1000000,1000000
2021-02-18 13:26:59.293000,1.26762,1.26756,1500000,1000000
2021-02-18 13:27:17.406000,1.26763,1.26755,1600000,1000000
2021-02-18 13:27:17.507000,1.26762,1.26753,2250000,1000000
2021-02-18 13:27:17.762000,1.26762,1.26754,1000000,1000000
2021-02-18 13:27:17.863000,1.26763,1.26755,1000000,1000000
2021-02-18 13:27:17.964000,1.26764,1.26755,2250000,1000000
2021-02-18 13:27:23.238000,1.26763,1.26756,2350000,1000000
2021-02-18 13:27:23.339000,1.26763,1.26754,1100000,1000000
2021-02-18 13:27:23.440000,1.26764,1.26755,1000000,1000000
2021-02-18 13:27:26.554000,1.26763,1.26756,2350000,1000000
2021-02-18 13:27:26.655000,1.26764,1.26755,1600000,1000000
2021-02-18 13:27:26.756000,1.26763,1.26756,1000000,1000000
2021-02-18 13:27:33.348000,1.26761,1.26755,1570000,1000000
2021-02-18 13:27:33.551000,1.26763,1.26754,1000000,1500000
2021-02-18 13:27:34.905000,1.26764,1.26754,3820000,1500000
2021-02-18 13:27:37.027000,1.26763,1.26754,1500000,1500000
2021-02-18 13:27:37.129000,1.26761,1.26755,1000000,1000000
2021-02-18 13:27:43.962000,1.26756,1.26748,1000000,3000000
2021-02-18 13:27:44.063000,1.26755,1.26747,1000000,1000000
2021-02-18 13:27:44.165000,1.26756,1.26748,1500000,1000000
2021-02-18 13:27:50.712000,1.26756,1.26747,1120000,1000000
2021-02-18 13:27:55.228000,1.26756,1.26752,3000000,1000000
2021-02-18 13:27:55.278000,1.26759,1.26752,1100000,1000000
2021-02-18 13:27:55.430000,1.2676,1.26754,1500000,1500000
2021-02-18 13:27:56.228000,1.26763,1.26754,1500000,1000000
2021-02-18 13:27:56.430000,1.26764,1.26754,3000000,1000000
2021-02-18 13:27:59.046000,1.26764,1.26756,1500000,1000000
2021-02-18 13:28:00.119000,1.26765,1.26756,1000000,1000000
2021-02-18 13:28:00.481000,1.26765,1.26757,1000000,1000000
2021-02-18 13:28:00.652000,1.26765,1.26758,1000000,1000000
2021-02-18 13:28:00.754000,1.26766,1.26759,1000000,1000000
2021-02-18 13:28:00.804000,1.26768,1.26759,1500000,1000000
2021-02-18 13:28:11.965000,1.26768,1.26763,1000000,1000000
2021-02-18 13:28:12.167000,1.2677,1.26763,1000000,1000000
2021-02-18 13:28:16.392000,1.26771,1.26763,1000000,1570000
2021-02-18 13:28:16.444000,1.26778,1.26771,1700000,1000000
2021-02-18 13:28:16.546000,1.26779,1.26771,1000000,1000000
2021-02-18 13:28:21.043000,1.26776,1.26768,1100000,1000000
2021-02-18 13:28:21.194000,1.26776,1.26767,1000000,1000000
2021-02-18 13:28:21.932000,1.26777,1.26767,2320000,1000000
2021-02-18 13:28:26.060000,1.26777,1.26768,1510000,1000000
2021-02-18 13:28:26.161000,1.26777,1.26768,1100000,1000000
2021-02-18 13:28:29.405000,1.26776,1.26768,1000000,1000000
2021-02-18 13:28:35.402000,1.26778,1.2677,1500000,1000000
2021-02-18 13:28:35.554000,1.26778,1.26771,1500000,1000000
2021-02-18 13:28:35.756000,1.26777,1.26771,1000000,1500000
2021-02-18 13:28:37.405000,1.26778,1.26771,1500000,1500000
2021-02-18 13:28:44.918000,1.26778,1.2677,1000000,1000000
2021-02-18 13:28:45.185000,1.26777,1.26769,1000000,1500000
2021-02-18 13:28:46.548000,1.26778,1.26769,1000000,1000000
2021-02-18 13:28:48.267000,1.26778,1.2677,1000000,1000000
2021-02-18 13:28:51.769000,1.26779,1.2677,3000000,1000000
2021-02-18 13:29:00.069000,1.26779,1.26769,1500000,1000000
2021-02-18 13:29:00.170000,1.26778,1.26768,1000000,1500000
2021-02-18 13:29:05.073000,1.26779,1.26768,1000000,1000000
2021-02-18 13:29:05.174000,1.26779,1.26769,1100000,1000000
2021-02-18 13:29:08.236000,1.26779,1.26771,1600000,1000000
2021-02-18 13:29:09.415000,1.26779,1.2677,1100000,1000000
2021-02-18 13:29:12.578000,1.2678,1.26773,1100000,1000000
2021-02-18 13:29:12.628000,1.26781,1.26775,1220000,1000000
2021-02-18 13:29:12.679000,1.26783,1.26775,1700000,1000000
2021-02-18 13:29:12.730000,1.26786,1.26776,3170000,1000000
2021-02-18 13:29:13.033000,1.26786,1.26777,1610000,1000000
2021-02-18 13:29:14.320000,1.26788,1.26778,1950000,1000000
2021-02-18 13:29:15.168000,1.26785,1.26778,1100000,1000000
2021-02-18 13:29:15.269000,1.26788,1.26778,1950000,1000000
2021-02-18 13:29:19.130000,1.26787,1.26778,1100000,1000000
2021-02-18 13:29:22.834000,1.26788,1.26778,1100000,1000000
2021-02-18 13:29:26.491000,1.26788,1.26778,1600000,1000000
2021-02-18 13:29:26.592000,1.26787,1.26779,1970000,1000000
2021-02-18 13:29:28.197000,1.26788,1.26778,1570000,1000000
2021-02-18 13:29:29.059000,1.26788,1.26778,1600000,1000000
2021-02-18 13:29:30.217000,1.26786,1.26778,1750000,1000000
2021-02-18 13:29:31.078000,1.26787,1.26777,1010000,1000000
2021-02-18 13:29:35.889000,1.26788,1.26778,1570000,1000000
2021-02-18 13:29:37.052000,1.26787,1.26778,1500000,1000000
2021-02-18 13:29:37.204000,1.26788,1.26777,1600000,1000000
2021-02-18 13:29:37.305000,1.26788,1.26777,1570000,1000000
2021-02-18 13:29:37.680000,1.26788,1.26777,2250000,1000000
2021-02-18 13:29:43.531000,1.26788,1.26776,1750000,1000000
2021-02-18 13:29:44.360000,1.26788,1.26781,1000000,1000000
2021-02-18 13:29:44.827000,1.26789,1.26781,1500000,1000000
2021-02-18 13:29:45.287000,1.26791,1.2678,1870000,1000000
2021-02-18 13:29:46.302000,1.2679,1.2678,1000000,1000000
2021-02-18 13:29:46.581000,1.26791,1.2678,1870000,1000000
2021-02-18 13:29:47.073000,1.2679,1.2678,1000000,1690000
2021-02-18 13:29:47.175000,1.26793,1.26785,1000000,1000000
2021-02-18 13:29:47.427000,1.26794,1.26783,1000000,1000000
2021-02-18 13:29:50.452000,1.26792,1.26784,1000000,1000000
2021-02-18 13:29:55.119000,1.26794,1.26783,1000000,1000000
2021-02-18 13:29:55.220000,1.26794,1.26784,1000000,1000000
2021-02-18 13:29:55.765000,1.26795,1.26784,1500000,1000000
2021-02-18 13:29:57.092000,1.26796,1.26786,1000000,1000000
2021-02-18 13:29:57.193000,1.26795,1.26786,1000000,1000000
2021-02-18 13:29:57.590000,1.26795,1.26785,1000000,1000000
2021-02-18 13:29:57.993000,1.26795,1.26784,1000000,1000000
2021-02-18 13:29:58.095000,1.26794,1.26786,1000000,1000000
2021-02-18 13:29:58.518000,1.26796,1.26788,1750000,1000000
2021-02-18 13:29:59.303000,1.26798,1.26789,1750000,1000000
2021-02-18 13:29:59.914000,1.26798,1.26785,1750000,1500000
2021-02-18 13:30:00.066000,1.26799,1.26787,1750000,1000000
2021-02-18 13:30:00.167000,1.26794,1.26787,1000000,1250000
2021-02-18 13:30:00.217000,1.268,1.26791,2500000,1250000
2021-02-18 13:30:00.268000,1.26798,1.26788,1750000,1690000
2021-02-18 13:30:00.520000,1.26798,1.26789,1750000,1000000
2021-02-18 13:30:00.571000,1.26798,1.26787,2250000,1000000
2021-02-18 13:30:00.824000,1.26797,1.26785,1750000,1000000
2021-02-18 13:30:01.076000,1.26797,1.26786,1750000,2250000
2021-02-18 13:30:02.271000,1.26798,1.26784,1750000,3000000
2021-02-18 13:30:03.177000,1.26797,1.26786,1750000,1000000
2021-02-18 13:30:03.633000,1.26798,1.2679,1250000,1000000
2021-02-18 13:30:03.684000,1.26801,1.2679,1000000,1000000
2021-02-18 13:30:05.109000,1.26802,1.26791,1000000,1000000
2021-02-18 13:30:05.752000,1.26802,1.26793,1000000,1000000
2021-02-18 13:30:07.153000,1.26796,1.26787,1000000,1000000
2021-02-18 13:30:07.305000,1.26796,1.26785,1000000,1000000
2021-02-18 13:30:15.934000,1.26793,1.26785,1500000,1000000
2021-02-18 13:30:16.035000,1.26792,1.26783,1000000,1000000
2021-02-18 13:30:16.875000,1.26791,1.26782,1000000,1000000
2021-02-18 13:30:16.976000,1.2679,1.26784,1000000,1000000
2021-02-18 13:30:17.078000,1.2679,1.26783,1000000,1000000
2021-02-18 13:30:22.515000,1.26791,1.26783,1000000,1000000
2021-02-18 13:30:25.437000,1.2679,1.26784,1620000,1000000
2021-02-18 13:30:26.022000,1.26791,1.26783,1000000,1000000
2021-02-18 13:30:27.137000,1.26787,1.2678,1000000,1000000
2021-02-18 13:30:27.238000,1.26786,1.26779,2250000,1000000
2021-02-18 13:30:27.339000,1.26785,1.2678,1000000,1000000
2021-02-18 13:30:27.390000,1.26786,1.26776,1000000,1000000
2021-02-18 13:30:27.491000,1.26784,1.26772,1000000,1000000
2021-02-18 13:30:27.542000,1.26781,1.26772,1000000,1000000
2021-02-18 13:30:30.338000,1.2678,1.26774,1000000,1000000
2021-02-18 13:30:33.963000,1.26781,1.26771,1000000,1000000
2021-02-18 13:30:34.064000,1.26779,1.2677,1500000,1000000
2021-02-18 13:30:36.379000,1.26778,1.2677,1000000,1500000
2021-02-18 13:30:36.493000,1.26779,1.2677,1000000,1000000
2021-02-18 13:30:39.241000,1.26776,1.26769,1000000,1000000
2021-02-18 13:30:39.292000,1.26771,1.26764,1000000,1000000
2021-02-18 13:30:39.443000,1.2677,1.26764,1000000,1000000
2021-02-18 13:30:40.207000,1.26771,1.26762,1000000,1000000
2021-02-18 13:30:41.945000,1.2677,1.26762,1000000,1000000
2021-02-18 13:30:43.918000,1.26771,1.26763,1500000,1000000
2021-02-18 13:30:45.008000,1.26771,1.26762,1500000,1000000
2021-02-18 13:30:45.109000,1.26771,1.26763,1500000,1000000
2021-02-18 13:30:45.210000,1.2677,1.26763,1000000,1000000
2021-02-18 13:30:45.412000,1.26771,1.26763,1000000,1000000
2021-02-18 13:30:45.820000,1.26772,1.26763,3000000,1000000
2021-02-18 13:30:46.022000,1.2677,1.26763,1000000,1000000
2021-02-18 13:30:46.225000,1.26771,1.26763,1000000,1000000
2021-02-18 13:30:46.327000,1.26771,1.26762,1500000,1000000
2021-02-18 13:30:46.429000,1.26769,1.26763,1000000,1000000
2021-02-18 13:30:46.996000,1.26769,1.2676,1000000,1000000
2021-02-18 13:30:47.199000,1.26769,1.26762,1000000,1000000
2021-02-18 13:30:49.935000,1.26769,1.26761,1000000,1000000
2021-02-18 13:30:50.036000,1.2677,1.26765,1000000,1000000
2021-02-18 13:30:50.087000,1.26771,1.26761,1000000,1100000
2021-02-18 13:30:50.138000,1.26778,1.26769,1000000,1000000
2021-02-18 13:30:50.240000,1.26778,1.26769,3000000,1000000
2021-02-18 13:30:50.291000,1.26777,1.26768,3000000,1000000
2021-02-18 13:30:50.393000,1.26778,1.26768,1750000,1000000
2021-02-18 13:30:51.614000,1.26779,1.2677,1250000,1000000
2021-02-18 13:30:51.726000,1.26779,1.26772,1000000,1000000
2021-02-18 13:30:51.777000,1.26781,1.26772,1500000,1000000
2021-02-18 13:30:52.036000,1.2678,1.26775,1500000,1000000
2021-02-18 13:30:52.188000,1.26783,1.26776,2250000,1000000
2021-02-18 13:30:53.355000,1.26785,1.26777,1000000,1500000
2021-02-18 13:30:53.759000,1.26783,1.26777,1000000,1000000
2021-02-18 13:30:54.012000,1.26782,1.26772,1000000,1000000
2021-02-18 13:30:54.164000,1.26782,1.26773,1000000,1000000
2021-02-18 13:30:54.265000,1.2678,1.26774,1000000,1000000
2021-02-18 13:30:54.773000,1.26781,1.26774,1000000,1000000
2021-02-18 13:30:55.174000,1.26781,1.26773,1000000,1000000
2021-02-18 13:30:55.825000,1.2678,1.26775,1000000,1000000
2021-02-18 13:30:56.678000,1.26781,1.26773,1000000,1000000
2021-02-18 13:30:57.510000,1.2678,1.26775,1000000,1000000
2021-02-18 13:30:57.561000,1.2678,1.26772,1000000,1000000
2021-02-18 13:30:58.168000,1.2678,1.2677,1000000,1000000
2021-02-18 13:30:58.698000,1.2678,1.26771,1000000,1000000
2021-02-18 13:30:58.799000,1.26779,1.26773,1000000,1000000
2021-02-18 13:30:58.951000,1.26779,1.26774,1000000,1000000
2021-02-18 13:30:59.052000,1.2678,1.26772,1000000,1000000
2021-02-18 13:30:59.615000,1.2678,1.26773,1000000,1000000
2021-02-18 13:31:00.064000,1.2678,1.26774,1000000,1000000
2021-02-18 13:31:00.115000,1.26779,1.26771,1000000,1000000
2021-02-18 13:31:01.800000,1.26773,1.26767,1000000,1500000
2021-02-18 13:31:01.850000,1.26774,1.26764,1000000,1000000
2021-02-18 13:31:01.952000,1.26773,1.26765,1000000,1000000
2021-02-18 13:31:02.104000,1.26773,1.26766,1000000,1000000
2021-02-18 13:31:02.256000,1.26771,1.26765,1000000,1000000
2021-02-18 13:31:02.714000,1.26772,1.26765,1000000,1000000
2021-02-18 13:31:03.065000,1.26771,1.26765,1000000,1000000
2021-02-18 13:31:03.614000,1.26772,1.26763,1000000,1000000
2021-02-18 13:31:04.067000,1.26772,1.26765,1000000,1000000
2021-02-18 13:31:04.168000,1.26773,1.26766,1000000,1000000
2021-02-18 13:31:04.320000,1.26774,1.26764,1500000,1000000
2021-02-18 13:31:04.471000,1.26773,1.26766,1000000,1000000
2021-02-18 13:31:05.018000,1.26774,1.26767,1000000,1000000
2021-02-18 13:31:05.122000,1.26774,1.26768,1000000,1000000
2021-02-18 13:31:05.273000,1.26776,1.2677,1000000,1000000
2021-02-18 13:31:05.526000,1.26777,1.2677,1000000,1000000
2021-02-18 13:31:05.628000,1.26776,1.2677,1000000,1000000
2021-02-18 13:31:05.880000,1.26776,1.26771,1000000,1000000
2021-02-18 13:31:07.181000,1.26779,1.2677,1500000,1000000
2021-02-18 13:31:07.282000,1.26778,1.26772,1500000,1000000
2021-02-18 13:31:07.384000,1.26783,1.26775,1500000,1000000
2021-02-18 13:31:09.003000,1.26783,1.26776,1500000,1000000
2021-02-18 13:31:09.104000,1.26787,1.26779,1500000,1000000
2021-02-18 13:31:09.155000,1.26792,1.26781,1500000,1000000
2021-02-18 13:31:09.206000,1.2679,1.26782,1000000,1000000
2021-02-18 13:31:09.257000,1.26791,1.26784,1500000,1000000
2021-02-18 13:31:09.561000,1.26792,1.26784,1000000,1500000
2021-02-18 13:31:09.662000,1.26792,1.26785,1000000,1500000
2021-02-18 13:31:09.764000,1.26792,1.26786,1000000,1000000
2021-02-18 13:31:11.193000,1.26794,1.26785,1500000,1000000
2021-02-18 13:31:13.872000,1.26794,1.26784,1500000,1000000
2021-02-18 13:31:18.441000,1.26795,1.26788,1870000,1000000
2021-02-18 13:31:18.543000,1.26796,1.26788,1870000,1000000
2021-02-18 13:31:18.745000,1.26795,1.26788,1870000,1000000
2021-02-18 13:31:19.299000,1.26796,1.26788,1870000,1000000
2021-02-18 13:31:20.263000,1.26796,1.26789,1870000,1000000
2021-02-18 13:31:20.314000,1.26796,1.26787,1120000,1000000
2021-02-18 13:31:20.516000,1.26798,1.26788,1750000,1000000
2021-02-18 13:31:20.869000,1.26795,1.2679,1090000,1000000
2021-02-18 13:31:21.021000,1.26798,1.26789,1000000,1000000
2021-02-18 13:31:21.857000,1.26798,1.26791,1000000,1000000
2021-02-18 13:31:22.009000,1.26798,1.26793,1000000,1000000
2021-02-18 13:31:22.059000,1.268,1.26793,1000000,1000000
2021-02-18 13:31:22.417000,1.26801,1.26791,1000000,1000000
2021-02-18 13:31:22.856000,1.26801,1.26793,1000000,1000000
2021-02-18 13:31:24.905000,1.26801,1.26795,1000000,1000000
2021-02-18 13:31:25.006000,1.26802,1.26791,1500000,1000000
2021-02-18 13:31:25.107000,1.268,1.26791,1000000,1000000
2021-02-18 13:31:25.409000,1.26797,1.26791,1000000,1000000
2021-02-18 13:31:25.763000,1.26798,1.26791,2400000,1000000
2021-02-18 13:31:27.156000,1.26798,1.26792,1000000,1000000
2021-02-18 13:31:27.494000,1.268,1.26792,1500000,1000000
2021-02-18 13:31:28.448000,1.26797,1.26792,1000000,1000000
2021-02-18 13:31:28.549000,1.26796,1.26791,1000000,1000000
2021-02-18 13:31:28.651000,1.26798,1.2679,1000000,1000000
2021-02-18 13:31:28.853000,1.268,1.26791,1000000,1000000
2021-02-18 13:31:29.514000,1.26799,1.26794,1000000,1000000
2021-02-18 13:31:29.666000,1.26802,1.26795,1000000,1000000
2021-02-18 13:31:30.123000,1.26802,1.26794,1000000,1000000
2021-02-18 13:31:30.225000,1.26802,1.26793,1000000,1000000
2021-02-18 13:31:30.326000,1.268,1.26794,1000000,1000000
2021-02-18 13:31:33.299000,1.26801,1.26792,1000000,1000000
2021-02-18 13:31:33.400000,1.268,1.26791,1000000,1000000
2021-02-18 13:31:33.844000,1.26798,1.26792,1000000,1000000
2021-02-18 13:31:34.636000,1.26796,1.26786,1000000,1500000
2021-02-18 13:31:34.738000,1.26795,1.26788,1000000,1000000
2021-02-18 13:31:34.839000,1.26794,1.26787,1000000,1000000
2021-02-18 13:31:35.533000,1.26793,1.26785,1000000,1000000
2021-02-18 13:31:35.634000,1.26793,1.26786,1000000,1000000
2021-02-18 13:31:36.906000,1.26793,1.26787,1500000,1000000
2021-02-18 13:31:37.293000,1.26794,1.26787,1000000,1000000
2021-02-18 13:31:37.445000,1.26794,1.26789,1000000,1000000
2021-02-18 13:31:37.546000,1.26796,1.26788,1000000,1000000
2021-02-18 13:31:40.217000,1.26796,1.26787,1120000,1000000
2021-02-18 13:31:40.319000,1.26794,1.26788,1000000,1000000
2021-02-18 13:31:41.374000,1.26795,1.26788,1120000,1000000
2021-02-18 13:31:44.228000,1.26796,1.26788,1120000,1000000
2021-02-18 13:31:44.838000,1.26799,1.26787,1750000,1500000
2021-02-18 13:31:44.939000,1.26806,1.26794,4690000,1000000
2021-02-18 13:31:45.040000,1.26802,1.26795,1000000,1000000
2021-02-18 13:31:45.141000,1.26802,1.26794,1000000,1000000
2021-02-18 13:31:45.943000,1.26801,1.26796,1000000,1000000
2021-02-18 13:31:48.966000,1.26801,1.26793,1000000,1000000
2021-02-18 13:31:49.937000,1.26801,1.26792,1000000,1000000
2021-02-18 13:31:50.089000,1.26801,1.26796,1000000,1000000
2021-02-18 13:31:51.256000,1.26801,1.26792,1000000,1000000
2021-02-18 13:31:52.404000,1.26802,1.26792,1500000,1000000
2021-02-18 13:31:53.791000,1.26803,1.26792,1000000,1000000
2021-02-18 13:31:53.841000,1.26802,1.26797,1000000,1000000
2021-02-18 13:31:54.043000,1.26804,1.26797,1000000,1000000
2021-02-18 13:31:58.448000,1.26805,1.26798,1000000,1000000
2021-02-18 13:31:58.549000,1.26808,1.26799,1750000,1000000
2021-02-18 13:31:59.910000,1.26807,1.26799,1750000,1000000
2021-02-18 13:32:00.011000,1.26808,1.26799,1750000,1000000
2021-02-18 13:32:03.261000,1.26808,1.26797,1750000,1350000
2021-02-18 13:32:03.362000,1.26814,1.26805,1570000,1000000
2021-02-18 13:32:03.515000,1.2681,1.26801,1000000,1000000
2021-02-18 13:32:03.917000,1.2681,1.26799,1000000,1500000
2021-02-18 13:32:08.084000,1.2681,1.268,1500000,1500000
2021-02-18 13:32:08.522000,1.26811,1.26801,1500000,1000000
2021-02-18 13:32:09.066000,1.26807,1.26801,1500000,1000000
2021-02-18 13:32:10.097000,1.26806,1.26801,1000000,1000000
2021-02-18 13:32:12.137000,1.26807,1.26797,1750000,1000000
2021-02-18 13:32:14.915000,1.26807,1.268,1250000,1000000
2021-02-18 13:32:23.420000,1.26807,1.26801,1000000,1000000
2021-02-18 13:32:25.371000,1.26809,1.268,1000000,1000000
2021-02-18 13:32:25.731000,1.26806,1.26798,1000000,1000000
2021-02-18 13:32:25.832000,1.26807,1.26798,1000000,1000000
2021-02-18 13:32:25.990000,1.26807,1.26798,1500000,1000000
2021-02-18 13:32:26.091000,1.26807,1.26798,1690000,1000000
2021-02-18 13:32:26.371000,1.26806,1.26798,1000000,1000000
2021-02-18 13:32:26.696000,1.26804,1.26793,1000000,1000000
2021-02-18 13:32:26.898000,1.26801,1.26794,1000000,1000000
2021-02-18 13:32:27.510000,1.26797,1.26791,1000000,1000000
2021-02-18 13:32:27.611000,1.26798,1.26787,1000000,1100000
2021-02-18 13:32:27.662000,1.26799,1.26792,1000000,1000000
2021-02-18 13:32:27.814000,1.26801,1.26794,1500000,1000000
2021-02-18 13:32:27.915000,1.26801,1.26793,1500000,1000000
2021-02-18 13:32:29.182000,1.26801,1.26794,1000000,1000000
2021-02-18 13:32:30.767000,1.26802,1.26794,1000000,1000000
2021-02-18 13:32:30.868000,1.26803,1.26795,1000000,1000000
2021-02-18 13:32:33.437000,1.26802,1.26794,1000000,1000000
2021-02-18 13:32:36.389000,1.26803,1.26798,2250000,1000000
2021-02-18 13:32:36.793000,1.26806,1.26798,1000000,1000000
2021-02-18 13:32:36.894000,1.26804,1.26797,1000000,1000000
2021-02-18 13:32:37.599000,1.26807,1.26797,3820000,1000000
2021-02-18 13:32:37.993000,1.26805,1.26798,1000000,1000000
2021-02-18 13:32:43.869000,1.26806,1.26799,1500000,1000000
2021-02-18 13:32:43.920000,1.26807,1.268,1000000,1000000
2021-02-18 13:32:44.072000,1.26809,1.268,1000000,1000000
2021-02-18 13:32:44.595000,1.26811,1.26803,1500000,1000000
2021-02-18 13:32:46.662000,1.26811,1.26806,1500000,1000000
2021-02-18 13:32:46.965000,1.2681,1.26803,1500000,1000000
2021-02-18 13:32:47.016000,1.2681,1.26801,1000000,1000000
2021-02-18 13:32:47.167000,1.26811,1.26801,1000000,1000000
2021-02-18 13:32:49.586000,1.26813,1.26805,1500000,1000000
2021-02-18 13:32:49.687000,1.26813,1.26806,1500000,1000000
2021-02-18 13:32:51.214000,1.26813,1.26805,1500000,1000000
2021-02-18 13:32:51.315000,1.26812,1.26805,1000000,1000000
2021-02-18 13:32:51.416000,1.26812,1.26806,2250000,1000000
2021-02-18 13:32:54.906000,1.26811,1.26806,1000000,1000000
2021-02-18 13:32:55.159000,1.26812,1.26802,1000000,1000000
2021-02-18 13:32:56.773000,1.26812,1.26805,1000000,1000000
2021-02-18 13:32:56.975000,1.26812,1.26804,1500000,1000000
2021-02-18 13:32:57.076000,1.2681,1.26803,1000000,1000000
2021-02-18 13:32:58.822000,1.26812,1.26805,1500000,1000000
2021-02-18 13:33:00.261000,1.26812,1.26804,1500000,1000000
2021-02-18 13:33:02.231000,1.26812,1.26805,1500000,1000000
2021-02-18 13:33:02.704000,1.2681,1.26805,1000000,1000000
2021-02-18 13:33:02.805000,1.2681,1.26804,1000000,1000000
2021-02-18 13:33:03.995000,1.2681,1.26802,1000000,1000000
2021-02-18 13:33:04.147000,1.26809,1.26801,1000000,1000000
2021-02-18 13:33:04.794000,1.26809,1.26802,1000000,1000000
2021-02-18 13:33:05.132000,1.2681,1.26802,2250000,1000000
2021-02-18 13:33:07.417000,1.26811,1.26803,2250000,1000000
2021-02-18 13:33:07.699000,1.26811,1.26804,1500000,1000000
2021-02-18 13:33:08.390000,1.26811,1.26803,1000000,1000000
2021-02-18 13:33:09.371000,1.2681,1.26803,1000000,1000000
2021-02-18 13:33:09.472000,1.26812,1.26804,3070000,1000000
2021-02-18 13:33:09.573000,1.2681,1.26805,1500000,1000000
2021-02-18 13:33:09.759000,1.2681,1.26803,1000000,1000000
2021-02-18 13:33:10.022000,1.26808,1.26799,1500000,1000000
2021-02-18 13:33:10.073000,1.26806,1.26796,3000000,2250000
2021-02-18 13:33:10.124000,1.26804,1.26796,3750000,2250000
2021-02-18 13:33:10.226000,1.26802,1.26795,1500000,1000000
2021-02-18 13:33:11.077000,1.268,1.26793,1000000,1000000
2021-02-18 13:33:11.179000,1.26797,1.26787,2250000,1000000
2021-02-18 13:33:11.280000,1.26797,1.26788,2250000,1000000
2021-02-18 13:33:12.213000,1.26797,1.26789,1000000,1000000
2021-02-18 13:33:12.315000,1.26797,1.2679,1000000,1000000
2021-02-18 13:33:12.416000,1.26798,1.2679,1500000,1000000
2021-02-18 13:33:12.517000,1.26798,1.26789,2250000,1000000
2021-02-18 13:33:12.619000,1.26793,1.26786,1000000,1000000
2021-02-18 13:33:12.720000,1.26787,1.26778,1060000,3750000
2021-02-18 13:33:12.770000,1.26788,1.2678,1250000,1000000
2021-02-18 13:33:12.821000,1.26783,1.26777,1000000,1000000
2021-02-18 13:33:12.923000,1.26783,1.26776,1540000,1000000
2021-02-18 13:33:12.973000,1.2678,1.26773,1540000,1000000
2021-02-18 13:33:13.075000,1.2678,1.26771,3040000,1000000
2021-02-18 13:33:13.231000,1.2678,1.26773,3070000,1000000
2021-02-18 13:33:13.333000,1.26779,1.26773,1000000,1000000
2021-02-18 13:33:16.179000,1.26779,1.26772,1000000,1000000
2021-02-18 13:33:16.994000,1.2678,1.26772,3000000,1000000
2021-02-18 13:33:17.095000,1.2678,1.26773,1500000,1000000
2021-02-18 13:33:17.252000,1.26781,1.26773,1000000,1000000
2021-02-18 13:33:17.353000,1.2678,1.26775,1000000,1000000
2021-02-18 13:33:17.404000,1.26785,1.26777,1000000,1000000
2021-02-18 13:33:17.505000,1.26786,1.26777,1120000,1000000
2021-02-18 13:33:20.383000,1.26786,1.26776,3000000,1000000
2021-02-18 13:33:20.434000,1.26781,1.26775,1000000,1000000
2021-02-18 13:33:20.535000,1.26782,1.26772,2250000,1000000
2021-02-18 13:33:20.636000,1.26781,1.26773,1500000,1000000
2021-02-18 13:33:20.738000,1.2678,1.26772,1000000,1000000
2021-02-18 13:33:20.839000,1.26778,1.26773,1000000,1000000
2021-02-18 13:33:20.940000,1.26779,1.26771,1310000,1000000
2021-02-18 13:33:21.041000,1.26777,1.26769,1000000,1000000
2021-02-18 13:33:21.192000,1.26775,1.26765,1000000,1000000
2021-02-18 13:33:21.294000,1.26773,1.26765,1000000,1000000
2021-02-18 13:33:21.445000,1.26773,1.26766,1000000,1000000
2021-02-18 13:33:21.547000,1.26775,1.26766,1500000,1000000
2021-02-18 13:33:21.780000,1.26773,1.26766,1500000,1000000
2021-02-18 13:33:21.932000,1.26773,1.26765,1000000,1000000
2021-02-18 13:33:22.184000,1.26773,1.26764,1000000,1000000
2021-02-18 13:33:22.336000,1.26776,1.26767,1000000,1000000
2021-02-18 13:33:23.166000,1.26776,1.26768,1000000,1000000
2021-02-18 13:33:24.290000,1.26776,1.26767,1000000,1000000
2021-02-18 13:33:24.557000,1.26776,1.26769,1000000,1000000
2021-02-18 13:33:24.659000,1.26776,1.26768,1000000,1000000
2021-02-18 13:33:28.260000,1.26774,1.26766,2250000,1000000
2021-02-18 13:33:28.362000,1.26773,1.26766,3000000,1000000
2021-02-18 13:33:28.463000,1.26772,1.26765,1000000,1000000
2021-02-18 13:33:28.575000,1.26773,1.26766,1000000,1000000
2021-02-18 13:33:28.829000,1.26774,1.26767,1000000,1000000
2021-02-18 13:33:29.082000,1.26775,1.26768,1000000,1000000
2021-02-18 13:33:29.184000,1.26775,1.26767,1000000,1000000
2021-02-18 13:33:29.285000,1.26775,1.2677,1000000,1000000
2021-02-18 13:33:29.907000,1.26773,1.26765,1000000,1000000
2021-02-18 13:33:30.109000,1.26772,1.26765,1000000,1000000
2021-02-18 13:33:31.017000,1.26772,1.26764,1000000,1000000
2021-02-18 13:33:31.118000,1.26772,1.26765,1000000,1000000
2021-02-18 13:33:31.439000,1.26772,1.26767,1000000,1000000
2021-02-18 13:33:31.540000,1.26774,1.26765,1000000,1000000
2021-02-18 13:33:31.591000,1.26776,1.26769,1500000,1000000
2021-02-18 13:33:32.539000,1.26776,1.26771,2250000,1000000
2021-02-18 13:33:32.799000,1.26773,1.26766,1500000,1000000
2021-02-18 13:33:33.001000,1.26772,1.26766,1000000,1000000
2021-02-18 13:33:34.187000,1.26772,1.26765,1500000,1000000
2021-02-18 13:33:34.238000,1.2677,1.26763,1500000,1000000
2021-02-18 13:33:34.339000,1.26771,1.26761,2250000,1000000
2021-02-18 13:33:38.291000,1.2677,1.26764,1000000,1000000
2021-02-18 13:33:38.392000,1.26771,1.26764,1000000,1000000
2021-02-18 13:33:40.346000,1.26771,1.26762,1000000,1000000
2021-02-18 13:33:40.448000,1.2677,1.26762,1500000,1000000
2021-02-18 13:33:40.600000,1.26771,1.26764,1000000,1000000
2021-02-18 13:33:41.208000,1.26771,1.26763,1000000,1000000
2021-02-18 13:33:41.310000,1.2677,1.26762,1000000,1000000
2021-02-18 13:33:43.200000,1.26769,1.26762,1000000,1000000
2021-02-18 13:33:43.369000,1.26771,1.26761,2250000,1000000
2021-02-18 13:33:45.492000,1.26771,1.2676,3000000,1000000
2021-02-18 13:33:49.596000,1.2677,1.2676,1000000,1000000
2021-02-18 13:33:50.483000,1.26771,1.26763,1000000,1000000
2021-02-18 13:33:52.984000,1.2677,1.26761,1000000,1000000
2021-02-18 13:33:54.511000,1.26769,1.26761,2250000,1000000
2021-02-18 13:33:57.136000,1.2677,1.26759,2250000,1000000
2021-02-18 13:33:57.238000,1.2677,1.2676,1500000,1000000
2021-02-18 13:33:57.339000,1.26769,1.26762,1500000,1000000
2021-02-18 13:33:57.563000,1.2677,1.2676,3000000,1000000
2021-02-18 13:33:58.209000,1.26769,1.26762,3000000,1000000
2021-02-18 13:33:58.361000,1.2677,1.26762,1000000,1000000
2021-02-18 13:34:00.072000,1.26772,1.26763,1500000,1000000
2021-02-18 13:34:01.070000,1.26773,1.26766,1500000,1000000
2021-02-18 13:34:01.273000,1.26776,1.26768,1000000,1000000
2021-02-18 13:34:01.430000,1.26776,1.26766,2250000,1000000
2021-02-18 13:34:01.531000,1.26772,1.26764,1000000,1000000
2021-02-18 13:34:03.129000,1.26772,1.26765,1500000,1000000
2021-02-18 13:34:03.230000,1.26774,1.26769,1000000,1000000
2021-02-18 13:34:03.679000,1.26777,1.26768,3750000,1000000
2021-02-18 13:34:03.785000,1.26777,1.26769,1500000,1500000
2021-02-18 13:34:03.836000,1.26782,1.26774,1000000,1000000
2021-02-18 13:34:03.937000,1.26783,1.26774,1690000,1000000
2021-02-18 13:34:04.038000,1.26783,1.26775,1500000,1000000
2021-02-18 13:34:04.089000,1.26783,1.26772,1000000,3000000
2021-02-18 13:34:04.140000,1.26785,1.26778,1000000,1000000
2021-02-18 13:34:04.241000,1.26786,1.26779,1000000,1000000
2021-02-18 13:34:04.292000,1.26788,1.26781,1500000,1000000
2021-02-18 13:34:05.194000,1.2679,1.2678,2250000,1000000
2021-02-18 13:34:06.252000,1.2679,1.26784,1500000,1000000
2021-02-18 13:34:07.041000,1.26792,1.26785,2250000,1000000
2021-02-18 13:34:07.142000,1.26792,1.26784,1000000,1000000
2021-02-18 13:34:07.244000,1.26795,1.26787,1000000,1000000
2021-02-18 13:34:07.619000,1.26797,1.26787,1500000,1000000
2021-02-18 13:34:08.766000,1.26797,1.26788,1500000,1000000
2021-02-18 13:34:09.230000,1.26794,1.26789,1000000,1000000
2021-02-18 13:34:12.593000,1.26795,1.26787,1000000,1000000
2021-02-18 13:34:12.644000,1.26794,1.26785,1000000,1000000
2021-02-18 13:34:12.745000,1.26792,1.26782,1000000,1000000
2021-02-18 13:34:12.846000,1.26791,1.26782,1500000,1000000
2021-02-18 13:34:12.947000,1.26789,1.26783,1000000,1000000
2021-02-18 13:34:13.099000,1.26787,1.26782,1000000,1000000
2021-02-18 13:34:14.902000,1.26787,1.26781,1000000,1000000
2021-02-18 13:34:18.304000,1.26788,1.26779,1500000,1000000
2021-02-18 13:34:18.525000,1.26788,1.26781,1500000,1000000
2021-02-18 13:34:18.627000,1.26789,1.26784,1000000,1000000
2021-02-18 13:34:18.779000,1.26792,1.26785,1000000,1000000
2021-02-18 13:34:18.881000,1.26793,1.26785,1000000,1000000
2021-02-18 13:34:18.932000,1.26797,1.26788,1000000,1000000
2021-02-18 13:34:19.034000,1.26797,1.2679,1500000,1000000
2021-02-18 13:34:20.104000,1.26798,1.26791,2250000,1000000
2021-02-18 13:34:22,1.26798,1.26792,1000000,1000000
2021-02-18 13:34:22.253000,1.26799,1.26794,1500000,1000000
2021-02-18 13:34:22.616000,1.268,1.26792,1000000,1000000
2021-02-18 13:34:24.827000,1.26797,1.26789,1000000,1000000
2021-02-18 13:34:24.878000,1.26796,1.26787,1000000,1500000
2021-02-18 13:34:26.440000,1.26793,1.26787,1000000,1000000
2021-02-18 13:34:26.491000,1.26789,1.2678,1000000,1570000
2021-02-18 13:34:27.030000,1.26788,1.2678,1000000,1000000
2021-02-18 13:34:27.132000,1.26788,1.26779,1000000,1000000
2021-02-18 13:34:27.956000,1.26787,1.26777,1000000,2250000
2021-02-18 13:34:28.058000,1.26786,1.26777,1500000,1000000
2021-02-18 13:34:28.159000,1.26785,1.26777,1000000,1000000
2021-02-18 13:34:31.565000,1.26785,1.26776,1000000,1000000
2021-02-18 13:34:31.616000,1.2678,1.26773,1000000,1000000
2021-02-18 13:34:31.717000,1.26779,1.26773,1000000,1000000
2021-02-18 13:34:32.672000,1.26777,1.26769,1000000,1000000
2021-02-18 13:34:33.183000,1.26778,1.26771,1000000,1000000
2021-02-18 13:34:33.335000,1.26776,1.26769,1000000,1000000
2021-02-18 13:34:33.870000,1.26779,1.26771,1500000,1000000
2021-02-18 13:34:33.971000,1.26779,1.26772,1570000,1000000
2021-02-18 13:34:35.762000,1.26779,1.26774,1000000,1000000
2021-02-18 13:34:35.813000,1.26781,1.26774,2250000,1000000
2021-02-18 13:34:36.989000,1.26784,1.26776,1000000,1000000
2021-02-18 13:34:37.192000,1.26786,1.2678,1000000,1000000
2021-02-18 13:34:38.433000,1.26788,1.26781,1000000,1000000
2021-02-18 13:34:38.534000,1.26788,1.26779,1000000,1000000
2021-02-18 13:34:38.675000,1.26789,1.26779,1500000,1000000
2021-02-18 13:34:39.723000,1.26788,1.26779,3000000,1500000
2021-02-18 13:34:39.824000,1.26788,1.26778,1000000,1000000
2021-02-18 13:34:39.925000,1.26788,1.26777,1000000,2250000
2021-02-18 13:34:46.350000,1.2679,1.26784,1000000,1000000
2021-02-18 13:34:46.401000,1.26791,1.26782,1500000,1000000
2021-02-18 13:34:46.502000,1.26791,1.26781,1500000,1000000
2021-02-18 13:34:46.786000,1.26791,1.2678,1000000,1000000
2021-02-18 13:34:47.471000,1.26788,1.26778,1000000,1000000
2021-02-18 13:34:48.747000,1.26788,1.26777,2250000,2250000
2021-02-18 13:34:54.141000,1.26787,1.26779,1500000,1000000
2021-02-18 13:34:56.542000,1.26788,1.26779,1000000,1000000
2021-02-18 13:34:56.643000,1.26788,1.2678,1000000,1000000
2021-02-18 13:34:56.880000,1.2679,1.2678,5250000,1000000
2021-02-18 13:34:58.062000,1.26789,1.2678,1000000,1000000
2021-02-18 13:35:00.119000,1.26789,1.26778,3820000,1500000
2021-02-18 13:35:00.540000,1.26787,1.26779,1000000,1500000
2021-02-18 13:35:04.762000,1.26788,1.26779,1000000,1000000
2021-02-18 13:35:05.116000,1.26789,1.26779,3000000,1000000
2021-02-18 13:35:06.935000,1.26789,1.26778,3070000,1500000
2021-02-18 13:35:07.087000,1.26787,1.26779,1000000,1500000
2021-02-18 13:35:07.300000,1.26789,1.26778,3070000,1500000
2021-02-18 13:35:07.452000,1.26789,1.26779,1000000,1500000
2021-02-18 13:35:07.654000,1.2679,1.26779,3000000,1500000
2021-02-18 13:35:07.807000,1.2679,1.26782,1000000,1000000
2021-02-18 13:35:08.010000,1.26792,1.26782,2250000,1500000
2021-02-18 13:35:08.723000,1.2679,1.26778,3820000,2250000
2021-02-18 13:35:08.825000,1.26789,1.26778,1000000,1500000
2021-02-18 13:35:09.478000,1.26787,1.26778,1000000,1000000
2021-02-18 13:35:11.887000,1.26787,1.2678,1000000,1000000
2021-02-18 13:35:12.655000,1.2679,1.26781,4570000,1000000
2021-02-18 13:35:12.756000,1.2679,1.26783,1000000,1500000
2021-02-18 13:35:12.857000,1.26793,1.26784,3750000,1000000
2021-02-18 13:35:15.854000,1.26793,1.26786,1000000,1000000
2021-02-18 13:35:15.905000,1.26795,1.26786,1000000,1000000
2021-02-18 13:35:16.007000,1.26795,1.26788,1000000,1000000
2021-02-18 13:35:17.072000,1.26797,1.26788,1500000,1000000
2021-02-18 13:35:17.173000,1.26797,1.26791,1000000,1000000
2021-02-18 13:35:17.274000,1.26799,1.2679,1000000,1000000
2021-02-18 13:35:17.376000,1.26799,1.26791,1500000,1000000
2021-02-18 13:35:19.294000,1.26801,1.26793,1000000,1000000
2021-02-18 13:35:19.396000,1.26801,1.26794,1000000,1000000
2021-02-18 13:35:19.498000,1.26802,1.26795,1000000,1000000
2021-02-18 13:35:20.298000,1.26802,1.26794,1500000,1000000
2021-02-18 13:35:20.399000,1.26801,1.26793,1000000,1500000
2021-02-18 13:35:23.857000,1.26801,1.26792,1000000,1000000
2021-02-18 13:35:23.908000,1.268,1.2679,1000000,1000000
2021-02-18 13:35:24.009000,1.268,1.26789,1000000,1500000
2021-02-18 13:35:26.809000,1.26798,1.26788,2250000,1000000
2021-02-18 13:35:26.911000,1.26797,1.26787,1000000,1000000
2021-02-18 13:35:27.013000,1.26796,1.26787,1500000,1000000
2021-02-18 13:35:27.216000,1.26794,1.26787,1000000,1000000
2021-02-18 13:35:27.317000,1.26793,1.26786,1000000,1000000
2021-02-18 13:35:27.520000,1.26792,1.26783,1000000,1000000
2021-02-18 13:35:27.571000,1.2679,1.2678,2250000,1000000
2021-02-18 13:35:27.673000,1.26788,1.26779,1000000,1000000
2021-02-18 13:35:28.854000,1.26788,1.26778,1500000,1000000
2021-02-18 13:35:29.838000,1.26789,1.26778,4500000,1000000
2021-02-18 13:35:30.553000,1.26788,1.26778,1000000,1000000
2021-02-18 13:35:30.722000,1.26789,1.26778,5250000,1000000
2021-02-18 13:35:30.940000,1.26788,1.26778,1000000,1000000
2021-02-18 13:35:31.616000,1.26786,1.26777,1000000,1000000
2021-02-18 13:35:31.666000,1.26785,1.26774,1000000,2250000
2021-02-18 13:35:33.016000,1.26786,1.26778,1000000,1000000
2021-02-18 13:35:33.167000,1.26786,1.26779,2250000,1000000
2021-02-18 13:35:33.269000,1.26787,1.26777,1500000,1000000
2021-02-18 13:35:33.370000,1.26786,1.26777,1000000,1000000
2021-02-18 13:35:33.486000,1.26786,1.26776,1000000,1500000
2021-02-18 13:35:33.942000,1.26782,1.26773,1500000,1000000
2021-02-18 13:35:33.993000,1.26782,1.26771,1500000,1500000
2021-02-18 13:35:34.145000,1.26781,1.26771,1500000,1000000
2021-02-18 13:35:34.397000,1.26779,1.26771,1500000,1000000
2021-02-18 13:35:34.498000,1.26776,1.26767,2250000,1000000
2021-02-18 13:35:34.600000,1.26774,1.26769,1000000,1000000
2021-02-18 13:35:34.752000,1.26773,1.26765,1000000,1000000
2021-02-18 13:35:35.987000,1.26771,1.26765,1000000,1000000
2021-02-18 13:35:36.088000,1.2677,1.26763,1000000,1000000
2021-02-18 13:35:38.837000,1.2677,1.26762,1000000,1000000
2021-02-18 13:35:39.289000,1.26767,1.26762,1000000,1000000
2021-02-18 13:35:39.492000,1.26767,1.26759,1000000,1000000
2021-02-18 13:35:43.653000,1.26769,1.26761,1000000,1000000
2021-02-18 13:35:45.413000,1.2677,1.26762,1500000,1000000
2021-02-18 13:35:45.463000,1.26771,1.26764,1000000,1000000
2021-02-18 13:35:45.565000,1.26772,1.26764,1000000,1000000
2021-02-18 13:35:46.604000,1.26772,1.26765,1000000,1000000
2021-02-18 13:35:51.425000,1.26772,1.26764,1000000,1000000
2021-02-18 13:35:51.748000,1.26775,1.26769,1000000,1000000
2021-02-18 13:35:51.849000,1.26776,1.26769,1000000,1000000
2021-02-18 13:35:54.034000,1.26778,1.26769,1500000,1000000
2021-02-18 13:35:54.186000,1.26778,1.2677,1000000,1000000
2021-02-18 13:35:56.830000,1.26778,1.26771,1000000,1000000
2021-02-18 13:36:01.905000,1.26778,1.26772,1000000,1000000
2021-02-18 13:36:04.513000,1.26778,1.26773,1000000,1000000
2021-02-18 13:36:04.615000,1.26781,1.26772,2250000,1000000
2021-02-18 13:36:05.090000,1.2678,1.26774,1000000,1000000
2021-02-18 13:36:05.141000,1.26786,1.26778,1000000,1000000
2021-02-18 13:36:05.292000,1.26786,1.26779,1000000,1000000
2021-02-18 13:36:05.425000,1.26788,1.26779,1000000,1000000
2021-02-18 13:36:05.526000,1.26789,1.2678,1000000,1000000
2021-02-18 13:36:05.627000,1.2679,1.26781,2250000,1000000
2021-02-18 13:36:06.153000,1.2679,1.26782,1000000,1000000
2021-02-18 13:36:06.255000,1.26789,1.26784,1000000,1000000
2021-02-18 13:36:06.306000,1.26791,1.26785,1120000,1000000
2021-02-18 13:36:06.407000,1.26792,1.26785,1000000,1000000
2021-02-18 13:36:06.458000,1.26797,1.26787,1000000,2250000
2021-02-18 13:36:06.508000,1.26799,1.2679,1100000,1000000
2021-02-18 13:36:06.609000,1.26799,1.2679,1000000,1000000
2021-02-18 13:36:06.711000,1.26801,1.2679,3070000,1000000
2021-02-18 13:36:07.404000,1.26798,1.26791,1000000,1000000
2021-02-18 13:36:07.505000,1.26797,1.26788,1000000,1000000
2021-02-18 13:36:08.202000,1.26797,1.26789,1000000,1000000
2021-02-18 13:36:08.814000,1.26797,1.26788,1000000,1000000
2021-02-18 13:36:08.966000,1.26798,1.26788,1000000,1000000
2021-02-18 13:36:09.168000,1.26799,1.26789,1000000,1000000
2021-02-18 13:36:13.456000,1.26799,1.26791,1500000,1000000
2021-02-18 13:36:17.186000,1.26798,1.26789,1500000,1000000
2021-02-18 13:36:17.236000,1.26796,1.26788,1500000,1000000
2021-02-18 13:36:17.337000,1.26797,1.26786,2250000,2250000
2021-02-18 13:36:17.489000,1.26796,1.26786,1500000,1500000
2021-02-18 13:36:17.590000,1.26794,1.26786,1000000,1000000
2021-02-18 13:36:20.715000,1.26789,1.26782,1000000,1500000
2021-02-18 13:36:20.868000,1.26789,1.2678,1000000,1000000
2021-02-18 13:36:21.361000,1.26788,1.26777,1000000,1500000
2021-02-18 13:36:21.462000,1.26787,1.26776,1000000,1500000
2021-02-18 13:36:28.002000,1.26788,1.26777,3000000,1000000
2021-02-18 13:36:31.478000,1.26786,1.26777,1500000,1500000
2021-02-18 13:36:39.780000,1.26785,1.26777,1000000,1500000
2021-02-18 13:36:45.415000,1.26785,1.26775,1500000,1000000
2021-02-18 13:36:47.510000,1.26785,1.26776,1500000,1000000
2021-02-18 13:36:47.611000,1.26786,1.26777,1500000,1000000
2021-02-18 13:36:47.814000,1.26786,1.26779,1000000,1000000
2021-02-18 13:36:47.864000,1.26787,1.2678,1000000,1000000
2021-02-18 13:36:47.915000,1.2679,1.26781,1120000,1000000
2021-02-18 13:36:48.218000,1.26792,1.26781,2250000,1500000
2021-02-18 13:36:48.270000,1.26792,1.26783,1500000,1000000
2021-02-18 13:36:48.371000,1.26795,1.26785,1500000,1500000
2021-02-18 13:36:48.475000,1.26795,1.26786,1500000,1500000
2021-02-18 13:36:48.829000,1.26795,1.26787,1000000,1000000
2021-02-18 13:36:48.930000,1.26795,1.26784,1500000,1500000
2021-02-18 13:36:52.493000,1.26792,1.26782,1000000,1000000
2021-02-18 13:36:52.594000,1.26792,1.26781,1000000,1000000
2021-02-18 13:36:52.847000,1.26792,1.26781,2350000,1000000
2021-02-18 13:36:52.948000,1.26792,1.26781,2350000,1000000
2021-02-18 13:36:53.050000,1.26792,1.26781,2320000,1000000
2021-02-18 13:36:53.532000,1.26792,1.26782,2320000,1000000
2021-02-18 13:36:53.633000,1.26792,1.26783,1000000,1000000
2021-02-18 13:36:53.735000,1.26793,1.26783,1000000,1500000
2021-02-18 13:36:56.895000,1.26793,1.26784,1000000,1000000
2021-02-18 13:36:58.817000,1.26793,1.26785,3000000,1500000
2021-02-18 13:36:59.070000,1.26794,1.26785,1000000,1500000
2021-02-18 13:36:59.171000,1.26794,1.26787,1000000,1000000
2021-02-18 13:36:59.222000,1.26797,1.2679,1500000,1000000
2021-02-18 13:36:59.323000,1.26799,1.2679,1000000,1000000
2021-02-18 13:36:59.618000,1.268,1.26791,1000000,1000000
2021-02-18 13:36:59.720000,1.26802,1.26793,1000000,1000000
2021-02-18 13:36:59.871000,1.26802,1.26794,3000000,1000000
2021-02-18 13:37:03.257000,1.26803,1.26797,1000000,1000000
2021-02-18 13:37:03.308000,1.26803,1.26795,1000000,1500000
2021-02-18 13:37:03.359000,1.26806,1.26795,3000000,1500000
2021-02-18 13:37:03.460000,1.26804,1.26795,1000000,2250000
2021-02-18 13:37:04.019000,1.26805,1.26797,1000000,1500000
2021-02-18 13:37:04.120000,1.26806,1.26798,1000000,2250000
2021-02-18 13:37:04.222000,1.26808,1.26799,1000000,2250000
2021-02-18 13:37:04.382000,1.26809,1.26799,1000000,1000000
2021-02-18 13:37:05.316000,1.26808,1.26799,1000000,2250000
2021-02-18 13:37:06.341000,1.2681,1.26799,2250000,1000000
2021-02-18 13:37:10.448000,1.26808,1.268,1000000,1000000
2021-02-18 13:37:12.207000,1.2681,1.26799,2250000,1000000
2021-02-18 13:37:12.258000,1.2681,1.26801,2250000,1000000
2021-02-18 13:37:12.410000,1.26811,1.26801,1000000,1500000
2021-02-18 13:37:12.511000,1.2681,1.26804,1000000,1000000
2021-02-18 13:37:12.612000,1.26812,1.26803,1000000,1000000
2021-02-18 13:37:14.071000,1.2681,1.26802,1000000,1000000
2021-02-18 13:37:14.122000,1.26806,1.26797,1000000,1100000
2021-02-18 13:37:14.223000,1.26805,1.26797,2250000,1000000
2021-02-18 13:37:14.274000,1.26804,1.26795,1000000,2250000
2021-02-18 13:37:17.350000,1.26804,1.26796,1500000,1000000
2021-02-18 13:37:17.713000,1.26808,1.26801,1000000,1000000
2021-02-18 13:37:17.763000,1.2681,1.26802,1000000,1000000
2021-02-18 13:37:17.865000,1.2681,1.26803,1000000,1000000
2021-02-18 13:37:17.966000,1.26813,1.26806,1000000,1500000
2021-02-18 13:37:18.017000,1.26813,1.26803,1000000,1000000
2021-02-18 13:37:18.522000,1.26812,1.26803,1000000,1000000
2021-02-18 13:37:20.599000,1.26812,1.26804,1000000,1000000
2021-02-18 13:37:20.829000,1.26812,1.26803,1000000,1500000
2021-02-18 13:37:20.980000,1.26812,1.26804,1000000,1000000
2021-02-18 13:37:22.150000,1.26812,1.26803,1000000,1500000
2021-02-18 13:37:22.251000,1.26812,1.26804,1000000,1000000
2021-02-18 13:37:22.558000,1.26813,1.26805,2250000,1000000
2021-02-18 13:37:22.660000,1.26814,1.26805,1000000,1500000
2021-02-18 13:37:22.761000,1.26816,1.26809,1000000,1000000
2021-02-18 13:37:22.812000,1.26819,1.2681,1500000,1000000
2021-02-18 13:37:22.964000,1.2682,1.2681,1000000,1500000
2021-02-18 13:37:23.066000,1.26821,1.26811,2250000,1000000
2021-02-18 13:37:23.268000,1.26822,1.26816,1000000,1000000
2021-02-18 13:37:23.420000,1.26823,1.26816,1000000,1000000
2021-02-18 13:37:23.533000,1.26824,1.26816,1000000,1000000
2021-02-18 13:37:24.591000,1.26826,1.26818,1000000,1000000
2021-02-18 13:37:24.693000,1.26825,1.2682,1000000,1000000
2021-02-18 13:37:24.795000,1.26828,1.26819,1000000,1000000
2021-02-18 13:37:25.115000,1.26829,1.2682,1000000,1500000
2021-02-18 13:37:25.216000,1.26831,1.26821,1000000,1000000
2021-02-18 13:37:25.317000,1.26832,1.26822,2250000,1000000
2021-02-18 13:37:25.570000,1.26832,1.26821,1500000,1500000
2021-02-18 13:37:25.672000,1.2683,1.2682,1500000,1000000
2021-02-18 13:37:26.825000,1.2683,1.26819,3000000,1500000
2021-02-18 13:37:27.791000,1.26829,1.26819,1000000,1500000
2021-02-18 13:37:31.363000,1.2683,1.26822,3000000,2250000
2021-02-18 13:37:31.464000,1.26831,1.26822,1500000,1500000
2021-02-18 13:37:31.568000,1.26832,1.26822,1500000,1500000
2021-02-18 13:37:34.283000,1.2683,1.26822,3000000,1000000
2021-02-18 13:37:34.384000,1.26829,1.2682,1000000,1000000
2021-02-18 13:37:34.485000,1.26829,1.26819,1000000,1000000
2021-02-18 13:37:34.934000,1.26828,1.26819,1000000,1000000
2021-02-18 13:37:35.857000,1.26828,1.26818,1000000,1500000
2021-02-18 13:37:37.325000,1.26828,1.26819,1000000,1000000
2021-02-18 13:37:37.426000,1.26829,1.26821,1500000,1500000
2021-02-18 13:37:37.528000,1.26833,1.26824,1000000,1500000
2021-02-18 13:37:37.629000,1.26833,1.26825,1000000,1000000
2021-02-18 13:37:37.680000,1.26835,1.26825,1000000,1000000
2021-02-18 13:37:38.377000,1.26835,1.26826,1000000,1000000
2021-02-18 13:37:38.545000,1.26835,1.26827,1500000,1000000
2021-02-18 13:37:39.591000,1.26834,1.26824,1000000,1000000
2021-02-18 13:37:39.694000,1.26832,1.26822,1000000,1000000
2021-02-18 13:37:39.795000,1.26831,1.26824,1000000,1000000
2021-02-18 13:37:40.393000,1.26834,1.26823,1500000,1500000
2021-02-18 13:37:40.445000,1.26834,1.26827,1500000,1000000
2021-02-18 13:37:40.546000,1.26836,1.26826,1500000,1000000
2021-02-18 13:37:41.558000,1.26836,1.26831,1250000,1000000
2021-02-18 13:37:41.608000,1.26839,1.2683,1000000,1000000
2021-02-18 13:37:41.659000,1.26849,1.26841,1000000,1000000
2021-02-18 13:37:41.710000,1.26857,1.26848,1000000,1000000
2021-02-18 13:37:41.761000,1.26859,1.2685,1870000,1000000
2021-02-18 13:37:41.812000,1.26857,1.26846,1500000,1500000
2021-02-18 13:37:41.862000,1.26855,1.26846,1500000,1000000
2021-02-18 13:37:41.963000,1.26853,1.26845,1500000,1000000
2021-02-18 13:37:42.065000,1.26852,1.26843,1690000,1000000
2021-02-18 13:37:42.166000,1.26851,1.26842,1000000,1000000
2021-02-18 13:37:42.535000,1.26851,1.26843,1000000,1000000
2021-02-18 13:37:44.233000,1.26852,1.26845,1500000,1500000
2021-02-18 13:37:44.335000,1.26853,1.26843,1000000,1000000
2021-02-18 13:37:44.436000,1.26854,1.26843,1500000,1000000
2021-02-18 13:37:44.537000,1.26855,1.26844,1500000,1500000
2021-02-18 13:37:44.639000,1.26856,1.26845,1500000,1500000
2021-02-18 13:37:45.428000,1.26856,1.26846,1000000,1000000
2021-02-18 13:37:49.554000,1.26856,1.26848,1000000,1500000
2021-02-18 13:37:49.655000,1.26859,1.26849,1500000,1000000
2021-02-18 13:37:50.583000,1.26858,1.26849,1000000,1000000
2021-02-18 13:37:50.685000,1.26858,1.26848,2250000,1000000
2021-02-18 13:37:51.746000,1.26857,1.26847,1000000,1000000
2021-02-18 13:37:52.544000,1.26847,1.2684,3940000,1000000
2021-02-18 13:37:52.645000,1.26846,1.26837,1000000,1500000
2021-02-18 13:37:55.048000,1.26846,1.26838,1000000,1000000
2021-02-18 13:37:56.346000,1.26848,1.26838,1500000,1000000
2021-02-18 13:37:56.447000,1.26849,1.26839,2250000,1000000
2021-02-18 13:37:56.752000,1.2685,1.26839,1500000,1500000
2021-02-18 13:37:56.803000,1.2685,1.26841,1500000,1000000
2021-02-18 13:37:56.904000,1.26854,1.26844,1500000,2250000
2021-02-18 13:37:56.955000,1.26853,1.26847,1000000,1000000
2021-02-18 13:37:57.006000,1.26856,1.26846,1500000,1500000
2021-02-18 13:37:57.056000,1.26855,1.26849,1000000,1000000
2021-02-18 13:37:57.157000,1.26857,1.26848,1500000,1000000
2021-02-18 13:37:57.259000,1.26858,1.26849,1000000,1000000
2021-02-18 13:37:57.360000,1.26858,1.26848,1000000,1000000
2021-02-18 13:37:58.244000,1.26857,1.26848,1000000,1000000
2021-02-18 13:38:00.331000,1.26857,1.26849,1000000,1500000
2021-02-18 13:38:00.381000,1.26859,1.26849,1000000,1500000
2021-02-18 13:38:00.483000,1.26859,1.2685,1000000,1500000
2021-02-18 13:38:00.584000,1.26859,1.26851,1000000,1500000
2021-02-18 13:38:01.274000,1.26864,1.26855,2750000,1000000
2021-02-18 13:38:01.375000,1.26864,1.26857,1500000,1500000
2021-02-18 13:38:01.477000,1.26866,1.26858,1500000,1000000
2021-02-18 13:38:01.880000,1.26865,1.26856,1000000,1000000
2021-02-18 13:38:01.982000,1.26863,1.26856,1000000,1000000
2021-02-18 13:38:02.033000,1.26863,1.26852,1000000,1500000
2021-02-18 13:38:02.134000,1.26861,1.26853,1000000,1500000
2021-02-18 13:38:02.235000,1.26861,1.26852,1000000,1000000
2021-02-18 13:38:02.386000,1.26863,1.26853,1000000,1000000
2021-02-18 13:38:02.487000,1.26864,1.26854,1000000,1500000
2021-02-18 13:38:02.589000,1.26864,1.26856,1500000,1000000
2021-02-18 13:38:02.989000,1.26865,1.26857,1500000,1000000
2021-02-18 13:38:05.565000,1.26864,1.26856,1000000,1000000
2021-02-18 13:38:06.646000,1.26865,1.26854,1000000,1500000
2021-02-18 13:38:06.908000,1.26863,1.26855,1000000,1000000
2021-02-18 13:38:07.623000,1.26864,1.26855,1000000,1000000
2021-02-18 13:38:07.674000,1.26865,1.26859,1000000,1000000
2021-02-18 13:38:07.725000,1.26867,1.26856,1500000,1500000
2021-02-18 13:38:07.777000,1.26864,1.26856,1500000,1000000
2021-02-18 13:38:08.764000,1.26862,1.26852,1000000,1000000
2021-02-18 13:38:08.865000,1.26861,1.26852,1000000,1000000
2021-02-18 13:38:10.233000,1.26857,1.26847,1000000,1100000
2021-02-18 13:38:10.284000,1.26853,1.26845,1000000,1500000
2021-02-18 13:38:10.385000,1.26852,1.26844,1500000,1000000
2021-02-18 13:38:10.436000,1.26849,1.2684,1000000,1000000
2021-02-18 13:38:10.537000,1.26848,1.2684,1500000,1000000
2021-02-18 13:38:10.840000,1.26848,1.26839,1000000,1000000
2021-02-18 13:38:11.502000,1.26848,1.2684,2250000,1000000
2021-02-18 13:38:12.316000,1.26849,1.26839,1000000,1100000
2021-02-18 13:38:12.417000,1.26857,1.26852,1000000,1000000
2021-02-18 13:38:12.469000,1.2686,1.26852,1000000,1000000
2021-02-18 13:38:12.672000,1.26861,1.26852,2250000,1000000
2021-02-18 13:38:12.773000,1.26862,1.26852,1500000,1500000
2021-02-18 13:38:13.179000,1.26861,1.26852,1000000,1500000
2021-02-18 13:38:17.236000,1.26858,1.26848,1690000,1000000
2021-02-18 13:38:17.337000,1.26857,1.26847,1500000,1000000
2021-02-18 13:38:17.438000,1.26857,1.26846,2470000,1500000
2021-02-18 13:38:17.698000,1.26857,1.26846,2550000,1500000
2021-02-18 13:38:17.799000,1.26854,1.26844,3000000,1000000
2021-02-18 13:38:19.212000,1.26865,1.26859,13540000,1000000
2021-02-18 13:38:19.263000,1.26868,1.26861,1000000,1000000
2021-02-18 13:38:19.364000,1.2687,1.2686,1690000,1000000
2021-02-18 13:38:20.068000,1.26869,1.26859,4120000,1500000
2021-02-18 13:38:20.119000,1.26865,1.26859,1000000,1000000
2021-02-18 13:38:20.170000,1.26868,1.26858,1500000,1500000
2021-02-18 13:38:20.271000,1.26869,1.26859,2250000,1000000
2021-02-18 13:38:20.776000,1.26868,1.26859,1000000,1000000
2021-02-18 13:38:21.033000,1.26868,1.2686,1500000,1000000
2021-02-18 13:38:21.134000,1.26869,1.2686,1000000,1000000
2021-02-18 13:38:21.517000,1.26871,1.26861,2250000,1000000
2021-02-18 13:38:21.619000,1.26872,1.26862,2250000,1500000
2021-02-18 13:38:24.277000,1.26873,1.26866,1500000,1000000
2021-02-18 13:38:26.445000,1.26874,1.26867,1500000,1000000
2021-02-18 13:38:26.747000,1.26872,1.26866,1000000,1000000
2021-02-18 13:38:26.848000,1.26878,1.26871,1000000,1000000
2021-02-18 13:38:26.899000,1.2688,1.26871,1250000,1000000
2021-02-18 13:38:27,1.26881,1.26871,1500000,1000000
2021-02-18 13:38:27.606000,1.26882,1.26875,1000000,1000000
2021-02-18 13:38:29.184000,1.26882,1.26871,1000000,1100000
2021-02-18 13:38:29.235000,1.26884,1.26879,2320000,1000000
2021-02-18 13:38:29.957000,1.26885,1.26877,1500000,1000000
2021-02-18 13:38:30.474000,1.26884,1.26877,1000000,1000000
2021-02-18 13:38:30.576000,1.26882,1.26875,2060000,1000000
2021-02-18 13:38:30.677000,1.26881,1.26874,1000000,1000000
2021-02-18 13:38:33.897000,1.26878,1.2687,1500000,1000000
2021-02-18 13:38:34.099000,1.26876,1.26871,1000000,1000000
2021-02-18 13:38:35.374000,1.26876,1.26868,1000000,1000000
2021-02-18 13:38:35.476000,1.26875,1.26868,1500000,1000000
2021-02-18 13:38:37.365000,1.26878,1.26871,3750000,1500000
2021-02-18 13:38:37.416000,1.2688,1.26871,1000000,1500000
2021-02-18 13:38:37.467000,1.26887,1.26882,2510000,1500000
2021-02-18 13:38:37.517000,1.26894,1.26885,1220000,1000000
2021-02-18 13:38:37.619000,1.26895,1.26887,3470000,1000000
2021-02-18 13:38:37.720000,1.26894,1.26887,2250000,1000000
2021-02-18 13:38:37.923000,1.26894,1.26886,1000000,1000000
2021-02-18 13:38:38.075000,1.26895,1.26886,1100000,1000000
2021-02-18 13:38:38.176000,1.26893,1.26887,1000000,1000000
2021-02-18 13:38:39.952000,1.26892,1.26887,1000000,1000000
2021-02-18 13:38:41.062000,1.26894,1.26886,1000000,1000000
2021-02-18 13:38:41.696000,1.26887,1.26879,1000000,1000000
2021-02-18 13:38:41.747000,1.26886,1.26878,1000000,1000000
2021-02-18 13:38:41.798000,1.26883,1.26875,1330000,2440000
2021-02-18 13:38:41.849000,1.26884,1.26876,1000000,1000000
2021-02-18 13:38:41.950000,1.26883,1.26875,1000000,1000000
2021-02-18 13:38:42.152000,1.2688,1.26871,1000000,1000000
2021-02-18 13:38:42.253000,1.26879,1.26871,1000000,1000000
2021-02-18 13:38:42.355000,1.26879,1.2687,2250000,1000000
2021-02-18 13:38:42.557000,1.26878,1.2687,1000000,1000000
2021-02-18 13:38:43.703000,1.26876,1.2687,1500000,1000000
2021-02-18 13:38:45.446000,1.26876,1.26869,1000000,1000000
2021-02-18 13:38:45.497000,1.26871,1.26864,1000000,1000000
2021-02-18 13:38:45.547000,1.26871,1.26861,3750000,1000000
2021-02-18 13:38:45.598000,1.26865,1.26858,1000000,1000000
2021-02-18 13:38:45.700000,1.26866,1.26859,1000000,1000000
2021-02-18 13:38:45.802000,1.26865,1.26859,2940000,1000000
2021-02-18 13:38:45.903000,1.26864,1.26858,1000000,1000000
2021-02-18 13:38:46.055000,1.26864,1.26858,1000000,1000000
2021-02-18 13:38:46.680000,1.26866,1.26858,2250000,1000000
2021-02-18 13:38:47.136000,1.26865,1.26858,1000000,1000000
2021-02-18 13:38:47.489000,1.26866,1.26859,1000000,1000000
2021-02-18 13:38:47.590000,1.26867,1.26861,1000000,1000000
2021-02-18 13:38:47.843000,1.26868,1.26861,1000000,1000000
2021-02-18 13:38:47.945000,1.26869,1.26864,1000000,1000000
2021-02-18 13:38:48.563000,1.26868,1.26864,1000000,1000000
2021-02-18 13:38:48.664000,1.26869,1.26862,1000000,1000000
2021-02-18 13:38:48.766000,1.26867,1.2686,1500000,1000000
2021-02-18 13:38:48.867000,1.26866,1.26859,1120000,1000000
2021-02-18 13:38:48.968000,1.26867,1.26859,1500000,1000000
2021-02-18 13:38:49.152000,1.26866,1.26859,1500000,1000000
2021-02-18 13:38:50.031000,1.26866,1.2686,1500000,1000000
2021-02-18 13:38:50.519000,1.26865,1.26859,1000000,1000000
2021-02-18 13:38:50.621000,1.26865,1.26858,1500000,1000000
2021-02-18 13:38:50.722000,1.26862,1.26855,1000000,1000000
2021-02-18 13:38:51.710000,1.26857,1.26849,1500000,1000000
2021-02-18 13:38:51.761000,1.26858,1.26851,1500000,1000000
2021-02-18 13:38:51.864000,1.26855,1.2685,1000000,1000000
2021-02-18 13:38:52.167000,1.26856,1.26848,1500000,1000000
2021-02-18 13:38:52.318000,1.26856,1.26849,1000000,1000000
2021-02-18 13:38:52.783000,1.26855,1.26849,1000000,1000000
2021-02-18 13:38:54.370000,1.26856,1.26849,1000000,1000000
2021-02-18 13:38:54.471000,1.26856,1.26848,1000000,1000000
2021-02-18 13:38:54.623000,1.26858,1.26852,1100000,1000000
2021-02-18 13:38:54.724000,1.26858,1.26853,1000000,1000000
2021-02-18 13:38:55.813000,1.26859,1.2685,1000000,1000000
2021-02-18 13:38:55.864000,1.26861,1.26856,1000000,1000000
2021-02-18 13:38:58.198000,1.2686,1.26854,1000000,1000000
2021-02-18 13:38:58.704000,1.2686,1.26853,1000000,1000000
2021-02-18 13:38:58.856000,1.26859,1.26851,3070000,1000000
2021-02-18 13:38:58.957000,1.26857,1.2685,1500000,1000000
2021-02-18 13:38:59.963000,1.26853,1.26846,1000000,1000000
2021-02-18 13:39:00.166000,1.26854,1.26846,1500000,1000000
2021-02-18 13:39:00.520000,1.26852,1.26847,1000000,1000000
2021-02-18 13:39:01.788000,1.26853,1.26845,1000000,1000000
2021-02-18 13:39:01.990000,1.26852,1.26844,1000000,1000000
2021-02-18 13:39:05.084000,1.26852,1.26845,1500000,1000000
2021-02-18 13:39:05.412000,1.26852,1.26844,1500000,1000000
2021-02-18 13:39:05.513000,1.2685,1.26844,1000000,1000000
2021-02-18 13:39:07.653000,1.2685,1.26843,1000000,1000000
2021-02-18 13:39:09.957000,1.2685,1.26844,1000000,1000000
2021-02-18 13:39:10.243000,1.26849,1.26844,1000000,1000000
2021-02-18 13:39:10.597000,1.26849,1.26842,1000000,1000000
2021-02-18 13:39:12.245000,1.26844,1.26838,1500000,1000000
2021-02-18 13:39:12.447000,1.26844,1.26837,1000000,1000000
2021-02-18 13:39:12.599000,1.26844,1.26836,1000000,1000000
2021-02-18 13:39:12.700000,1.26844,1.26835,1500000,1000000
2021-02-18 13:39:14.215000,1.26844,1.26838,1000000,1000000
2021-02-18 13:39:14.518000,1.26845,1.26836,1000000,1000000
2021-02-18 13:39:15.687000,1.26842,1.26836,1000000,1000000
2021-02-18 13:39:15.788000,1.26842,1.26835,1000000,1000000
2021-02-18 13:39:16.316000,1.26841,1.26834,1000000,1500000
2021-02-18 13:39:16.985000,1.26837,1.26829,1500000,1000000
2021-02-18 13:39:17.137000,1.26836,1.26828,1500000,1500000
2021-02-18 13:39:17.583000,1.26837,1.26829,3000000,1000000
2021-02-18 13:39:17.684000,1.26835,1.26828,1000000,1500000
2021-02-18 13:39:21.641000,1.26834,1.26828,1000000,1000000
2021-02-18 13:39:21.748000,1.26834,1.26827,1000000,1000000
2021-02-18 13:39:23.666000,1.26832,1.26824,1000000,1000000
2021-02-18 13:39:23.716000,1.2683,1.26824,1000000,1000000
2021-02-18 13:39:24.279000,1.26831,1.26824,1000000,1000000
2021-02-18 13:39:24.380000,1.26832,1.26828,1000000,1000000
2021-02-18 13:39:26.779000,1.26834,1.26827,1000000,1000000
2021-02-18 13:39:32.265000,1.26836,1.26826,1250000,1100000
2021-02-18 13:39:32.315000,1.26838,1.2683,1000000,1000000
2021-02-18 13:39:32.366000,1.2684,1.26831,1500000,1000000
2021-02-18 13:39:32.518000,1.26842,1.26834,1500000,1000000
2021-02-18 13:39:33.902000,1.26841,1.26836,1500000,1000000
2021-02-18 13:39:34.003000,1.26842,1.26834,1500000,1000000
2021-02-18 13:39:34.603000,1.2684,1.26834,1000000,1000000
2021-02-18 13:39:34.704000,1.2684,1.26831,1500000,1000000
2021-02-18 13:39:40.513000,1.2684,1.26832,1500000,1000000
2021-02-18 13:39:43.950000,1.26839,1.26832,2320000,1000000
2021-02-18 13:39:44.335000,1.26835,1.26829,1000000,1000000
2021-02-18 13:39:46.751000,1.26838,1.26828,1570000,1000000
2021-02-18 13:39:46.852000,1.26837,1.26828,1000000,1000000
2021-02-18 13:39:47.587000,1.26837,1.26829,3820000,1000000
2021-02-18 13:39:48.604000,1.26836,1.26827,1000000,1000000
2021-02-18 13:39:49.834000,1.26831,1.26821,2250000,1000000
2021-02-18 13:39:49.885000,1.26827,1.26822,1000000,1000000
2021-02-18 13:39:49.986000,1.26829,1.26822,1000000,1000000
2021-02-18 13:39:51.612000,1.26828,1.26822,1000000,1000000
2021-02-18 13:39:52.628000,1.26826,1.2682,1000000,1000000
2021-02-18 13:39:52.882000,1.26826,1.26817,1000000,1000000
2021-02-18 13:39:52.984000,1.26828,1.26822,1000000,1000000
2021-02-18 13:39:53.086000,1.26831,1.26823,1000000,1000000
2021-02-18 13:39:53.187000,1.26832,1.26824,2250000,1000000
2021-02-18 13:39:55.536000,1.26831,1.26824,1000000,1000000
2021-02-18 13:39:55.586000,1.26826,1.26817,1000000,1600000
2021-02-18 13:39:55.688000,1.26826,1.26817,1000000,1000000
2021-02-18 13:39:57.098000,1.26825,1.26821,1000000,1000000
2021-02-18 13:39:57.199000,1.2682,1.26814,1000000,1000000
2021-02-18 13:39:57.300000,1.26818,1.26811,1000000,1500000
2021-02-18 13:39:57.554000,1.26819,1.26811,1000000,1000000
2021-02-18 13:39:58.095000,1.26817,1.26813,1000000,1000000
2021-02-18 13:39:58.146000,1.26817,1.26809,1000000,1000000
2021-02-18 13:39:59.042000,1.26823,1.26815,1000000,1000000
2021-02-18 13:39:59.144000,1.26824,1.26817,3000000,1000000
2021-02-18 13:39:59.346000,1.26824,1.26818,1000000,1000000
2021-02-18 13:39:59.497000,1.26826,1.26817,1570000,1000000
2021-02-18 13:39:59.873000,1.26823,1.26816,1000000,1000000
2021-02-18 13:39:59.974000,1.26823,1.26815,1000000,1000000
2021-02-18 13:40:00.076000,1.26823,1.26816,1000000,1000000
2021-02-18 13:40:00.227000,1.26823,1.26815,1000000,1000000
2021-02-18 13:40:00.328000,1.26822,1.26814,1000000,1000000
2021-02-18 13:40:00.456000,1.2682,1.26815,1000000,1000000
2021-02-18 13:40:00.508000,1.26823,1.26815,1000000,1000000
2021-02-18 13:40:00.609000,1.26826,1.26818,1500000,1000000
2021-02-18 13:40:00.710000,1.26826,1.26819,1570000,1000000
2021-02-18 13:40:01.594000,1.26827,1.26819,1000000,1000000
2021-02-18 13:40:03.469000,1.26828,1.2682,1000000,1000000
2021-02-18 13:40:03.571000,1.26829,1.26822,1000000,1000000
2021-02-18 13:40:03.621000,1.26831,1.26822,1500000,1100000
2021-02-18 13:40:03.672000,1.26833,1.26826,1000000,1000000
2021-02-18 13:40:03.983000,1.26833,1.26827,1000000,1000000
2021-02-18 13:40:05.100000,1.26836,1.26826,1570000,1000000
2021-02-18 13:40:05.499000,1.26836,1.26827,2320000,1000000
2021-02-18 13:40:06.562000,1.26836,1.26828,1000000,1000000
2021-02-18 13:40:06.664000,1.26837,1.26828,1570000,1000000
2021-02-18 13:40:07.311000,1.26835,1.26831,1000000,1000000
2021-02-18 13:40:07.361000,1.26839,1.26831,1500000,1000000
2021-02-18 13:40:07.462000,1.2684,1.26831,1500000,1000000
2021-02-18 13:40:09.173000,1.26836,1.2683,1000000,1000000
2021-02-18 13:40:09.275000,1.26837,1.26828,1100000,1000000
2021-02-18 13:40:09.376000,1.26837,1.26827,2350000,1000000
2021-02-18 13:40:09.972000,1.26835,1.26827,1000000,1000000
2021-02-18 13:40:10.074000,1.26831,1.26824,1100000,1000000
2021-02-18 13:40:10.175000,1.26828,1.26822,1000000,1000000
2021-02-18 13:40:10.276000,1.26831,1.26821,1570000,1000000
2021-02-18 13:40:10.378000,1.26826,1.2682,1000000,1000000
2021-02-18 13:40:10.637000,1.26829,1.2682,1570000,1000000
2021-02-18 13:40:10.839000,1.26829,1.2682,2350000,1000000
2021-02-18 13:40:10.940000,1.26825,1.26815,1000000,1000000
2021-02-18 13:40:11.695000,1.26826,1.26815,1000000,1500000
2021-02-18 13:40:11.897000,1.26826,1.2682,1000000,1000000
2021-02-18 13:40:13.665000,1.26826,1.26819,1000000,1000000
2021-02-18 13:40:14.386000,1.26827,1.26819,1000000,1000000
2021-02-18 13:40:15.402000,1.26825,1.26817,1000000,1000000
2021-02-18 13:40:15.504000,1.26824,1.26817,1000000,1000000
2021-02-18 13:40:20.327000,1.26824,1.26816,1000000,1000000
2021-02-18 13:40:21.229000,1.26821,1.26815,1000000,1000000
2021-02-18 13:40:21.280000,1.26821,1.26812,1000000,1000000
2021-02-18 13:40:23.347000,1.26819,1.26811,1000000,1000000
2021-02-18 13:40:23.448000,1.26818,1.26811,1000000,1000000
2021-02-18 13:40:25.581000,1.26822,1.26815,1100000,1000000
2021-02-18 13:40:25.631000,1.26825,1.26817,1000000,1000000
2021-02-18 13:40:25.784000,1.26826,1.26817,1000000,1000000
2021-02-18 13:40:26.209000,1.26824,1.26816,1000000,1000000
2021-02-18 13:40:27.192000,1.26823,1.26816,1000000,1000000
2021-02-18 13:40:28.482000,1.26824,1.26816,1000000,1000000
2021-02-18 13:40:30.182000,1.26824,1.26815,1000000,1000000
2021-02-18 13:40:30.756000,1.26823,1.26815,1500000,1000000
2021-02-18 13:40:30.857000,1.26824,1.26815,1000000,1000000
2021-02-18 13:40:30.959000,1.26821,1.26813,1000000,1000000
2021-02-18 13:40:31.010000,1.26821,1.26811,1000000,2250000
2021-02-18 13:40:31.111000,1.26819,1.26808,2510000,2250000
2021-02-18 13:40:31.212000,1.26817,1.26808,1000000,1000000
2021-02-18 13:40:31.314000,1.26813,1.26804,1500000,1000000
2021-02-18 13:40:31.415000,1.26812,1.26804,1000000,1500000
2021-02-18 13:40:31.566000,1.26814,1.26803,1500000,1500000
2021-02-18 13:40:31.617000,1.26812,1.26803,1000000,1000000
2021-02-18 13:40:31.718000,1.26811,1.26802,1000000,1000000
2021-02-18 13:40:31.819000,1.26809,1.26802,1000000,1000000
2021-02-18 13:40:32.628000,1.2681,1.268,1500000,1000000
2021-02-18 13:40:34.743000,1.26808,1.26799,1000000,1000000
2021-02-18 13:40:34.794000,1.26807,1.26798,2250000,1500000
2021-02-18 13:40:34.845000,1.26803,1.26794,1000000,3000000
2021-02-18 13:40:34.946000,1.26801,1.26793,1000000,1000000
2021-02-18 13:40:35.047000,1.26801,1.26794,1000000,1000000
2021-02-18 13:40:35.199000,1.26801,1.26792,1000000,1000000
2021-02-18 13:40:35.351000,1.26801,1.26793,1500000,1000000
2021-02-18 13:40:35.453000,1.26801,1.26791,1000000,1000000
2021-02-18 13:40:35.554000,1.268,1.26789,1500000,1500000
2021-02-18 13:40:39.127000,1.268,1.2679,1500000,1000000
2021-02-18 13:40:40.820000,1.26799,1.2679,1000000,1000000
2021-02-18 13:40:40.975000,1.268,1.2679,2320000,1000000
2021-02-18 13:40:43.150000,1.26801,1.26791,1500000,1500000
2021-02-18 13:40:43.201000,1.26801,1.26794,1000000,1000000
2021-02-18 13:40:43.302000,1.26802,1.26794,2250000,1000000
2021-02-18 13:40:43.700000,1.268,1.26792,1500000,1000000
2021-02-18 13:40:43.802000,1.26799,1.26789,1570000,1000000
2021-02-18 13:40:43.852000,1.26796,1.26785,1500000,1500000
2021-02-18 13:40:44.263000,1.26794,1.26786,1000000,1500000
2021-02-18 13:40:47.103000,1.26793,1.26784,2250000,1500000
2021-02-18 13:40:47.204000,1.26793,1.26785,1000000,1000000
2021-02-18 13:40:48.217000,1.26794,1.26785,1000000,1000000
2021-02-18 13:40:49.283000,1.26792,1.26784,1500000,1000000
2021-02-18 13:40:53.147000,1.26793,1.26782,1500000,1500000
2021-02-18 13:40:53.248000,1.26792,1.26782,1000000,1000000
2021-02-18 13:40:53.767000,1.26788,1.26779,1000000,1000000
2021-02-18 13:40:53.868000,1.26788,1.26778,1500000,1000000
2021-02-18 13:40:54.648000,1.26787,1.26777,1500000,1000000
2021-02-18 13:40:55.319000,1.26787,1.26776,1500000,1500000
2021-02-18 13:40:56.241000,1.26789,1.26782,1000000,1000000
2021-02-18 13:40:56.342000,1.26792,1.26784,1000000,1000000
2021-02-18 13:40:56.443000,1.26793,1.26784,1000000,1000000
2021-02-18 13:40:56.619000,1.26793,1.26785,2250000,1000000
2021-02-18 13:41:00.996000,1.26794,1.26785,1000000,1000000
2021-02-18 13:41:01.097000,1.26796,1.26786,1870000,1000000
2021-02-18 13:41:01.350000,1.26795,1.26786,1000000,1000000
2021-02-18 13:41:01.754000,1.26799,1.26788,3750000,1500000
2021-02-18 13:41:01.804000,1.26798,1.26791,1000000,1000000
2021-02-18 13:41:01.906000,1.26799,1.26791,1000000,1500000
2021-02-18 13:41:03.015000,1.26801,1.26794,1500000,1000000
2021-02-18 13:41:03.167000,1.26803,1.26793,2250000,1000000
2021-02-18 13:41:04.082000,1.26803,1.26796,1500000,1000000
2021-02-18 13:41:04.183000,1.26805,1.26796,1000000,1000000
2021-02-18 13:41:04.285000,1.26805,1.26795,1500000,1000000
2021-02-18 13:41:04.892000,1.26803,1.26795,1000000,1500000
2021-02-18 13:41:05.574000,1.26802,1.26792,1000000,1000000
2021-02-18 13:41:05.676000,1.26796,1.26789,1000000,1000000
2021-02-18 13:41:05.727000,1.26796,1.26786,1000000,1100000
2021-02-18 13:41:06.570000,1.26797,1.26787,1500000,1000000
2021-02-18 13:41:06.772000,1.26797,1.26788,1000000,1000000
2021-02-18 13:41:07.813000,1.26797,1.26787,1500000,1000000
2021-02-18 13:41:07.864000,1.26794,1.26787,1000000,1000000
2021-02-18 13:41:09.634000,1.26795,1.26789,1000000,1000000
2021-02-18 13:41:09.736000,1.268,1.26789,3820000,1000000
2021-02-18 13:41:10.190000,1.26799,1.26791,2250000,1000000
2021-02-18 13:41:13.365000,1.26795,1.26788,1000000,1000000
2021-02-18 13:41:13.466000,1.26794,1.26787,1000000,1000000
2021-02-18 13:41:17.398000,1.26801,1.26793,1300000,1000000
2021-02-18 13:41:17.449000,1.26802,1.26793,1500000,1000000
2021-02-18 13:41:17.550000,1.26799,1.26792,2250000,1000000
2021-02-18 13:41:17.651000,1.26796,1.26788,1000000,1000000
2021-02-18 13:41:17.702000,1.26799,1.26789,1500000,1000000
2021-02-18 13:41:18.915000,1.26795,1.26787,1000000,1000000
2021-02-18 13:41:19.876000,1.26795,1.26786,1000000,1000000
2021-02-18 13:41:19.977000,1.26793,1.26784,1500000,1000000
2021-02-18 13:41:20.079000,1.26788,1.2678,1000000,1000000
2021-02-18 13:41:20.129000,1.26787,1.26778,1000000,1500000
2021-02-18 13:41:20.823000,1.26787,1.26777,1000000,1000000
2021-02-18 13:41:22.248000,1.26787,1.26779,2250000,1000000
2021-02-18 13:41:22.349000,1.26789,1.26779,1000000,1500000
2021-02-18 13:41:22.551000,1.26787,1.26779,1000000,1000000
2021-02-18 13:41:24.096000,1.26787,1.26778,1000000,1000000
2021-02-18 13:41:24.197000,1.26787,1.26777,1000000,1000000
2021-02-18 13:41:24.852000,1.26786,1.26777,1000000,1000000
2021-02-18 13:41:25.307000,1.26785,1.26775,3000000,1000000
2021-02-18 13:41:26.284000,1.26781,1.26771,1000000,1500000
2021-02-18 13:41:26.924000,1.26781,1.26772,2320000,1500000
2021-02-18 13:41:28.323000,1.26782,1.26772,1500000,1000000
2021-02-18 13:41:28.527000,1.26782,1.26777,1000000,1000000
2021-02-18 13:41:28.578000,1.26785,1.26776,2320000,1000000
2021-02-18 13:41:28.730000,1.26785,1.26777,2250000,1000000
2021-02-18 13:41:34.624000,1.26782,1.26774,2320000,1000000
2021-02-18 13:41:34.676000,1.26781,1.26771,1000000,1500000
2021-02-18 13:41:35.494000,1.2678,1.26771,1500000,1000000
2021-02-18 13:41:35.595000,1.2678,1.26772,3000000,1000000
2021-02-18 13:41:37.749000,1.26781,1.26771,2350000,1000000
2021-02-18 13:41:39.373000,1.2678,1.26771,2350000,1000000
2021-02-18 13:41:39.962000,1.26781,1.26773,1000000,1000000
2021-02-18 13:41:40.063000,1.26784,1.26774,2320000,1000000
2021-02-18 13:41:41.434000,1.26785,1.26778,1120000,1000000
2021-02-18 13:41:42.304000,1.26787,1.26778,1000000,1000000
2021-02-18 13:41:44.686000,1.26786,1.26778,1000000,1000000
2021-02-18 13:41:45.438000,1.26786,1.26776,1500000,1000000
2021-02-18 13:41:45.539000,1.26785,1.26777,2000000,1000000
2021-02-18 13:41:45.799000,1.26786,1.26776,2000000,1000000
2021-02-18 13:41:45.900000,1.26786,1.26776,1500000,1000000
2021-02-18 13:41:51.037000,1.26785,1.26775,1000000,1500000
2021-02-18 13:41:53.324000,1.26786,1.26776,2250000,1000000
2021-02-18 13:41:54.223000,1.26786,1.26777,1500000,1500000
2021-02-18 13:41:56.499000,1.26786,1.26776,1000000,1000000
2021-02-18 13:41:56.600000,1.26784,1.26774,1000000,1500000
2021-02-18 13:41:58.705000,1.26782,1.26773,1000000,1000000
2021-02-18 13:41:58.756000,1.2678,1.2677,1000000,2250000
2021-02-18 13:42:00.956000,1.26777,1.26769,1000000,1000000
2021-02-18 13:42:01.057000,1.26773,1.26765,1000000,1500000
2021-02-18 13:42:01.158000,1.26771,1.26761,1500000,1000000
2021-02-18 13:42:03.076000,1.26773,1.26763,1000000,1500000
2021-02-18 13:42:03.177000,1.26773,1.26764,3000000,1500000
2021-02-18 13:42:04.727000,1.26773,1.26765,2250000,1000000
2021-02-18 13:42:04.828000,1.26772,1.26762,1500000,1000000
2021-02-18 13:42:05.181000,1.2677,1.26761,1570000,1500000
2021-02-18 13:42:05.658000,1.26769,1.26761,1000000,1000000
2021-02-18 13:42:05.860000,1.26769,1.26759,1000000,1000000
2021-02-18 13:42:13.153000,1.26769,1.26762,1000000,1000000
2021-02-18 13:42:13.406000,1.2677,1.26762,2250000,1000000
2021-02-18 13:42:14.268000,1.26768,1.2676,1500000,1000000
2021-02-18 13:42:14.370000,1.26769,1.2676,1000000,1500000
2021-02-18 13:42:14.521000,1.2677,1.26762,1500000,1000000
2021-02-18 13:42:16.449000,1.26772,1.26762,1500000,1000000
2021-02-18 13:42:16.500000,1.26772,1.26765,1000000,2250000
2021-02-18 13:42:16.602000,1.26772,1.26767,1000000,1000000
2021-02-18 13:42:16.653000,1.26777,1.26767,1500000,1000000
2021-02-18 13:42:16.855000,1.26777,1.26769,1500000,1000000
2021-02-18 13:42:17.709000,1.26776,1.26768,1000000,1000000
2021-02-18 13:42:17.810000,1.26776,1.26767,1500000,1500000
2021-02-18 13:42:25.208000,1.26779,1.26769,1000000,1500000
2021-02-18 13:42:25.309000,1.2678,1.26774,1000000,1000000
2021-02-18 13:42:25.410000,1.26784,1.26778,1000000,1000000
2021-02-18 13:42:25.562000,1.26786,1.26778,2320000,1000000
2021-02-18 13:42:27.458000,1.26785,1.26776,1500000,1000000
2021-02-18 13:42:27.509000,1.26783,1.26772,3000000,1500000
2021-02-18 13:42:27.559000,1.26781,1.26771,1500000,1500000
2021-02-18 13:42:28.542000,1.2678,1.26771,1500000,1000000
2021-02-18 13:42:28.644000,1.26777,1.2677,1000000,1000000
2021-02-18 13:42:28.745000,1.26776,1.26767,1000000,1000000
2021-02-18 13:42:28.847000,1.26773,1.26765,1000000,1000000
2021-02-18 13:42:28.948000,1.2677,1.26763,1000000,1000000
2021-02-18 13:42:29.312000,1.26771,1.26761,1500000,1000000
2021-02-18 13:42:29.963000,1.2677,1.2676,1000000,1000000
2021-02-18 13:42:30.119000,1.26766,1.26758,2250000,1000000
2021-02-18 13:42:30.170000,1.26763,1.26755,1500000,1500000
2021-02-18 13:42:30.321000,1.26763,1.26754,1000000,1000000
2021-02-18 13:42:31.853000,1.26763,1.26753,2250000,1000000
2021-02-18 13:42:32.004000,1.2676,1.26753,1000000,1000000
2021-02-18 13:42:32.055000,1.26763,1.26753,1500000,1000000
2021-02-18 13:42:32.156000,1.26763,1.26754,2250000,1500000
2021-02-18 13:42:32.560000,1.26763,1.26753,1000000,1500000
2021-02-18 13:42:32.661000,1.26764,1.26753,2250000,1500000
2021-02-18 13:42:33.134000,1.26762,1.26754,1000000,1500000
2021-02-18 13:42:33.235000,1.26764,1.26753,3750000,1500000
2021-02-18 13:42:33.982000,1.26763,1.26753,1000000,1500000
2021-02-18 13:42:34.235000,1.26761,1.26753,1000000,1000000
2021-02-18 13:42:34.494000,1.26761,1.26752,1000000,1000000
2021-02-18 13:42:34.851000,1.26756,1.2675,1000000,1000000
2021-02-18 13:42:34.901000,1.26759,1.2675,1000000,1000000
2021-02-18 13:42:35.003000,1.2676,1.26751,1000000,1000000
2021-02-18 13:42:35.205000,1.2676,1.26752,1000000,1000000
2021-02-18 13:42:36.489000,1.2676,1.26751,1000000,1000000
2021-02-18 13:42:42.695000,1.2676,1.26752,1000000,1000000
2021-02-18 13:42:42.896000,1.26757,1.26748,1500000,1000000
2021-02-18 13:42:42.998000,1.26759,1.26749,1500000,1000000
2021-02-18 13:42:43.099000,1.2676,1.2675,1500000,1000000
2021-02-18 13:42:44.973000,1.26759,1.2675,1000000,1000000
2021-02-18 13:42:45.328000,1.2676,1.2675,1500000,1000000
2021-02-18 13:42:45.480000,1.26757,1.26748,1000000,1000000
2021-02-18 13:42:45.581000,1.26754,1.26745,1000000,1500000
2021-02-18 13:42:45.682000,1.26754,1.26744,1000000,1500000
2021-02-18 13:42:45.783000,1.26755,1.26745,2250000,1000000
2021-02-18 13:42:45.935000,1.26753,1.26745,1000000,1500000
2021-02-18 13:42:46.036000,1.26753,1.26742,1500000,1500000
2021-02-18 13:42:46.289000,1.26753,1.26744,1500000,1000000
2021-02-18 13:42:46.390000,1.26757,1.2675,1500000,1000000
2021-02-18 13:42:48.687000,1.26756,1.2675,1000000,1000000
2021-02-18 13:42:48.839000,1.26754,1.2675,1000000,1000000
2021-02-18 13:42:50.054000,1.26757,1.26749,1000000,1000000
2021-02-18 13:42:50.389000,1.26758,1.26749,1000000,1000000
2021-02-18 13:42:52.040000,1.26759,1.26751,1000000,1000000
2021-02-18 13:42:52.515000,1.26759,1.2675,1000000,1000000
2021-02-18 13:42:52.616000,1.26759,1.26753,1000000,1000000
2021-02-18 13:42:53.663000,1.2676,1.26751,1000000,1000000
2021-02-18 13:42:54.017000,1.26761,1.26751,1000000,1500000
2021-02-18 13:42:54.118000,1.26761,1.26752,1000000,1000000
2021-02-18 13:42:56.349000,1.26761,1.26753,1000000,1000000
2021-02-18 13:42:57.248000,1.26761,1.26751,1000000,2320000
2021-02-18 13:42:57.349000,1.26761,1.26752,1000000,1500000
2021-02-18 13:42:57.400000,1.26764,1.26754,1000000,1000000
2021-02-18 13:42:57.551000,1.26763,1.26753,1000000,1500000
2021-02-18 13:42:58.308000,1.26762,1.26753,1000000,1000000
2021-02-18 13:42:58.410000,1.26761,1.26752,1000000,1500000
2021-02-18 13:42:58.989000,1.26761,1.26751,1000000,1000000
2021-02-18 13:42:59.654000,1.26761,1.26753,1000000,1000000
2021-02-18 13:43:00.312000,1.26762,1.26753,1000000,1000000
2021-02-18 13:43:00.913000,1.26762,1.26752,1500000,1000000
2021-02-18 13:43:01.953000,1.26765,1.26755,1500000,1570000
2021-02-18 13:43:02.055000,1.26765,1.26756,1500000,1100000
2021-02-18 13:43:02.406000,1.26768,1.26759,1000000,1000000
2021-02-18 13:43:10.384000,1.26769,1.2676,1000000,1000000
2021-02-18 13:43:10.490000,1.2677,1.26761,1000000,1000000
2021-02-18 13:43:11.096000,1.26769,1.26761,1500000,1000000
2021-02-18 13:43:13.663000,1.26769,1.26762,1000000,1000000
2021-02-18 13:43:14.729000,1.26771,1.26761,1500000,1000000
2021-02-18 13:43:17.703000,1.26771,1.26762,1000000,1000000
2021-02-18 13:43:18.236000,1.26773,1.26765,1500000,1000000
2021-02-18 13:43:18.337000,1.26774,1.26765,1000000,1000000
2021-02-18 13:43:20.477000,1.26775,1.26765,1000000,1500000
2021-02-18 13:43:21.413000,1.26773,1.26763,1000000,1500000
2021-02-18 13:43:21.514000,1.26773,1.26762,1500000,1500000
2021-02-18 13:43:22.893000,1.26772,1.26762,1000000,1500000
2021-02-18 13:43:24.103000,1.26773,1.26763,2250000,1000000
2021-02-18 13:43:24.204000,1.26774,1.26764,1500000,1000000
2021-02-18 13:43:28.408000,1.26775,1.26765,1500000,1000000
2021-02-18 13:43:30.484000,1.26777,1.2677,1000000,1000000
2021-02-18 13:43:30.585000,1.26778,1.2677,3000000,1000000
2021-02-18 13:43:34.867000,1.26778,1.26769,1000000,1000000
2021-02-18 13:43:35.554000,1.26779,1.26769,1500000,1500000
2021-02-18 13:43:35.807000,1.26779,1.26771,2250000,1000000
2021-02-18 13:43:36.666000,1.26778,1.2677,1000000,1000000
2021-02-18 13:43:39.024000,1.26779,1.26769,2250000,1000000
2021-02-18 13:43:41.404000,1.26778,1.26771,1000000,1000000
2021-02-18 13:43:41.922000,1.26778,1.2677,1500000,1500000
2021-02-18 13:43:42.024000,1.26778,1.26768,1500000,1000000
2021-02-18 13:43:44.012000,1.26775,1.26769,1000000,1000000
2021-02-18 13:43:45.396000,1.26771,1.26765,1000000,1000000
2021-02-18 13:43:45.498000,1.26771,1.26763,1000000,1000000
2021-02-18 13:43:45.599000,1.2677,1.26763,1000000,1000000
2021-02-18 13:43:46.209000,1.2677,1.26761,1000000,1000000
2021-02-18 13:43:46.513000,1.26769,1.26761,1000000,1000000
2021-02-18 13:43:46.615000,1.2677,1.26761,1000000,1000000
2021-02-18 13:43:46.717000,1.26769,1.2676,1000000,1000000
2021-02-18 13:43:46.819000,1.26768,1.2676,1000000,1000000
2021-02-18 13:43:47.551000,1.2677,1.26761,1000000,1000000
2021-02-18 13:43:48.026000,1.26771,1.26762,1000000,1000000
2021-02-18 13:43:48.128000,1.2677,1.26762,1000000,1000000
2021-02-18 13:43:49.346000,1.26769,1.26762,1000000,1000000
2021-02-18 13:43:51.909000,1.2677,1.26762,1000000,1000000
2021-02-18 13:43:52.214000,1.2677,1.26761,1000000,1000000
2021-02-18 13:43:55.315000,1.26769,1.26761,1000000,1000000
2021-02-18 13:43:55.416000,1.26768,1.26761,1000000,1000000
2021-02-18 13:43:56.498000,1.26768,1.2676,1000000,1000000
2021-02-18 13:43:56.549000,1.26764,1.26757,1000000,1000000
2021-02-18 13:43:56.650000,1.26764,1.26756,1000000,1000000
2021-02-18 13:43:56.890000,1.26764,1.26754,1000000,1100000
2021-02-18 13:43:56.940000,1.26762,1.26754,1000000,1000000
2021-02-18 13:43:59.684000,1.26763,1.26754,1000000,1000000
2021-02-18 13:43:59.786000,1.26763,1.26755,1000000,1000000
2021-02-18 13:43:59.887000,1.26763,1.26757,1000000,1000000
2021-02-18 13:44:00.309000,1.26762,1.26755,1000000,1000000
2021-02-18 13:44:00.411000,1.2676,1.26755,1000000,1000000
2021-02-18 13:44:03.637000,1.26762,1.26755,1000000,1000000
2021-02-18 13:44:03.688000,1.26763,1.26757,1000000,1000000
2021-02-18 13:44:04.042000,1.26765,1.26756,1000000,1000000
2021-02-18 13:44:04.721000,1.26766,1.26761,1000000,1000000
2021-02-18 13:44:04.822000,1.26768,1.26761,1000000,1000000
2021-02-18 13:44:05.872000,1.26769,1.26761,1000000,1000000
2021-02-18 13:44:08.306000,1.26768,1.26763,1000000,1000000
2021-02-18 13:44:08.842000,1.26768,1.26762,1000000,1000000
2021-02-18 13:44:09.039000,1.26767,1.26757,1870000,1690000
2021-02-18 13:44:09.089000,1.26761,1.26755,1000000,1000000
2021-02-18 13:44:09.190000,1.26761,1.26754,1000000,1000000
2021-02-18 13:44:09.241000,1.2676,1.26753,1000000,1000000
2021-02-18 13:44:09.292000,1.26757,1.26753,1000000,1000000
2021-02-18 13:44:09.393000,1.26759,1.26751,1000000,1100000
2021-02-18 13:44:09.494000,1.2676,1.26754,1000000,1000000
2021-02-18 13:44:09.545000,1.26765,1.26755,1000000,1000000
2021-02-18 13:44:09.646000,1.26766,1.26755,1000000,1500000
2021-02-18 13:44:10.227000,1.26765,1.26757,1000000,1000000
2021-02-18 13:44:10.328000,1.26766,1.26755,1000000,1570000
2021-02-18 13:44:10.581000,1.26762,1.26755,1000000,1570000
2021-02-18 13:44:10.881000,1.26765,1.26759,1000000,1000000
2021-02-18 13:44:10.982000,1.26766,1.2676,1000000,1000000
2021-02-18 13:44:11.900000,1.26767,1.2676,1000000,1000000
2021-02-18 13:44:12.443000,1.26767,1.26761,1000000,1000000
2021-02-18 13:44:15.925000,1.26766,1.2676,1000000,1000000
2021-02-18 13:44:16.922000,1.26766,1.26757,1000000,2320000
2021-02-18 13:44:16.973000,1.26767,1.26761,1000000,1000000
2021-02-18 13:44:18.064000,1.26769,1.26765,1000000,1000000
2021-02-18 13:44:18.165000,1.26771,1.26764,1000000,1000000
2021-02-18 13:44:20.068000,1.2677,1.26766,1000000,1000000
2021-02-18 13:44:20.169000,1.2677,1.26764,1000000,3070000
2021-02-18 13:44:20.271000,1.26771,1.26763,1000000,3100000
2021-02-18 13:44:20.809000,1.26771,1.26763,1000000,3070000
2021-02-18 13:44:21.526000,1.26768,1.26762,1000000,1000000
2021-02-18 13:44:21.678000,1.26769,1.2676,1000000,4040000
2021-02-18 13:44:21.779000,1.26769,1.26761,1000000,4600000
2021-02-18 13:44:22.065000,1.26769,1.26765,1000000,1000000
2021-02-18 13:44:22.429000,1.26771,1.26764,1000000,1000000
2021-02-18 13:44:22.532000,1.26772,1.26768,1000000,1000000
2021-02-18 13:44:24.400000,1.26773,1.26764,1000000,2320000
2021-02-18 13:44:24.501000,1.26773,1.26766,1000000,1000000
2021-02-18 13:44:24.603000,1.26773,1.26765,1000000,3070000
2021-02-18 13:44:24.705000,1.26773,1.26769,1000000,1000000
2021-02-18 13:44:24.856000,1.26775,1.26766,1000000,3100000
2021-02-18 13:44:27.705000,1.26775,1.26768,1000000,1000000
2021-02-18 13:44:27.807000,1.26775,1.26769,1000000,3070000
2021-02-18 13:44:29.273000,1.26778,1.26772,1000000,1000000
2021-02-18 13:44:30.235000,1.2678,1.26771,1000000,1000000
2021-02-18 13:44:30.341000,1.26782,1.26775,1000000,1000000
2021-02-18 13:44:30.443000,1.26785,1.26777,1000000,1000000
2021-02-18 13:44:30.544000,1.26785,1.26778,1000000,1000000
2021-02-18 13:44:30.646000,1.26786,1.26778,1000000,1500000
2021-02-18 13:44:30.864000,1.26786,1.26779,1000000,1000000
2021-02-18 13:44:31.403000,1.26787,1.26781,1000000,1000000
2021-02-18 13:44:31.505000,1.26791,1.26784,1000000,1000000
2021-02-18 13:44:31.657000,1.26791,1.26783,1000000,1100000
2021-02-18 13:44:31.758000,1.2679,1.26785,1000000,1000000
2021-02-18 13:44:31.860000,1.26794,1.26786,1000000,1000000
2021-02-18 13:44:33.469000,1.26792,1.26785,1500000,1000000
2021-02-18 13:44:33.571000,1.26791,1.26785,1000000,1000000
2021-02-18 13:44:34.344000,1.26792,1.26782,1000000,1500000
2021-02-18 13:44:34.395000,1.26792,1.26784,1000000,1000000
2021-02-18 13:44:34.547000,1.26793,1.26784,1000000,1000000
2021-02-18 13:44:36.029000,1.26794,1.26784,1000000,1500000
2021-02-18 13:44:36.130000,1.26792,1.26785,1000000,1000000
2021-02-18 13:44:46.342000,1.2679,1.26781,1000000,1000000
2021-02-18 13:44:46.444000,1.26788,1.26779,1000000,1000000
2021-02-18 13:44:47.261000,1.26788,1.2678,1000000,1000000
2021-02-18 13:44:47.362000,1.26789,1.2678,1000000,1000000
2021-02-18 13:44:47.463000,1.26789,1.26781,1000000,1000000
2021-02-18 13:44:47.564000,1.26791,1.26784,1000000,1000000
2021-02-18 13:44:47.665000,1.26792,1.26783,1000000,1000000
2021-02-18 13:44:48.146000,1.26793,1.26784,1000000,1000000
2021-02-18 13:44:48.196000,1.26792,1.26782,1000000,1000000
2021-02-18 13:44:48.298000,1.26793,1.26784,1000000,1000000
2021-02-18 13:44:48.837000,1.26794,1.26785,1500000,1000000
2021-02-18 13:44:51.784000,1.26795,1.26787,1000000,1000000
2021-02-18 13:44:53.688000,1.26797,1.26786,3070000,1000000
2021-02-18 13:44:55.383000,1.26794,1.26786,3070000,1000000
2021-02-18 13:44:55.485000,1.26793,1.26785,2250000,1000000
2021-02-18 13:44:55.587000,1.26793,1.26786,2250000,1000000
2021-02-18 13:44:59.350000,1.26793,1.26786,2350000,1000000
2021-02-18 13:44:59.546000,1.26795,1.26787,1100000,1500000
2021-02-18 13:44:59.647000,1.26797,1.26788,1100000,1000000
2021-02-18 13:44:59.698000,1.268,1.26793,1220000,1500000
2021-02-18 13:44:59.799000,1.26803,1.26796,1200000,1500000
2021-02-18 13:44:59.900000,1.26804,1.26797,1100000,1000000
2021-02-18 13:45:00.152000,1.26804,1.26796,1100000,1000000
