time,ask,bid,ask_volume,bid_volume
2017-11-28 13:25:00.567000,1.2793,1.27922,1450000,1000000
2017-11-28 13:25:00.618000,1.27931,1.27922,3750000,1000000
2017-11-28 13:25:00.752000,1.27931,1.27924,2250000,1000000
2017-11-28 13:25:00.856000,1.27936,1.27927,1000000,1870000
2017-11-28 13:25:00.908000,1.27938,1.27929,1500000,1000000
2017-11-28 13:25:01.426000,1.27938,1.2793,1500000,1000000
2017-11-28 13:25:08.206000,1.27939,1.27935,1000000,1000000
2017-11-28 13:25:08.258000,1.27943,1.27936,1100000,1000000
2017-11-28 13:25:08.499000,1.27945,1.27937,1950000,1000000
2017-11-28 13:25:31.433000,1.27947,1.27938,1950000,1870000
2017-11-28 13:25:34.163000,1.27951,1.27944,3450000,1000000
2017-11-28 13:25:34.317000,1.27949,1.27942,1200000,1000000
2017-11-28 13:25:34.471000,1.27949,1.2794,1450000,2250000
2017-11-28 13:25:36.409000,1.27946,1.2794,1500000,1000000
2017-11-28 13:25:36.512000,1.27946,1.27937,1950000,1500000
2017-11-28 13:25:37.198000,1.27945,1.27937,1000000,1500000
2017-11-28 13:25:37.735000,1.27946,1.27937,1950000,1500000
2017-11-28 13:25:38.252000,1.27945,1.27937,1000000,1500000
2017-11-28 13:25:39.958000,1.27946,1.27937,2320000,1500000
2017-11-28 13:25:41.464000,1.27946,1.27937,2620000,1500000
2017-11-28 13:25:42.435000,1.27945,1.27937,1000000,1500000
2017-11-28 13:25:42.994000,1.27946,1.27937,1870000,1500000
2017-11-28 13:25:43.517000,1.27945,1.27937,1000000,1500000
2017-11-28 13:25:44.056000,1.27946,1.27937,1870000,1500000
2017-11-28 13:25:45.163000,1.27945,1.27937,1000000,1500000
2017-11-28 13:25:45.746000,1.27946,1.27937,1870000,1500000
2017-11-28 13:25:46.340000,1.27945,1.27937,1000000,2250000
2017-11-28 13:25:46.929000,1.27946,1.27937,1870000,1000000
2017-11-28 13:25:47.480000,1.27945,1.27937,1000000,1000000
2017-11-28 13:25:48.021000,1.27946,1.27937,1870000,1000000
2017-11-28 13:25:49.215000,1.27945,1.27937,1000000,1000000
2017-11-28 13:25:49.758000,1.27946,1.27937,1870000,1000000
2017-11-28 13:25:50.317000,1.27945,1.27937,1000000,1000000
2017-11-28 13:25:50.369000,1.27943,1.27937,1000000,1000000
2017-11-28 13:25:50.474000,1.27943,1.27934,1500000,1000000
2017-11-28 13:25:50.918000,1.27941,1.27934,1500000,1500000
2017-11-28 13:25:50.972000,1.27941,1.27932,1500000,2250000
2017-11-28 13:25:51.026000,1.27941,1.27934,1500000,1000000
2017-11-28 13:25:51.079000,1.2794,1.27932,2250000,1000000
2017-11-28 13:25:51.653000,1.2794,1.27931,1500000,1000000
2017-11-28 13:25:55.201000,1.27941,1.27931,2250000,1000000
2017-11-28 13:25:55.733000,1.2794,1.27931,1000000,1000000
2017-11-28 13:25:55.786000,1.27941,1.27934,2250000,1000000
2017-11-28 13:25:55.994000,1.27944,1.27936,1500000,1500000
2017-11-28 13:25:56.097000,1.27944,1.27938,1000000,1000000
2017-11-28 13:26:01.067000,1.27945,1.27938,1000000,1000000
2017-11-28 13:26:01.579000,1.27944,1.27938,1000000,1000000
2017-11-28 13:26:02.140000,1.27945,1.27938,1000000,1000000
2017-11-28 13:26:02.742000,1.27946,1.27938,1870000,1000000
2017-11-28 13:26:06.131000,1.27948,1.27938,2250000,2250000
2017-11-28 13:26:06.234000,1.27949,1.2794,2250000,1000000
2017-11-28 13:26:06.751000,1.27949,1.27941,1000000,1000000
2017-11-28 13:26:07.160000,1.27946,1.27938,1000000,1500000
2017-11-28 13:26:08.171000,1.27945,1.27938,1000000,1000000
2017-11-28 13:26:08.812000,1.27946,1.27937,1500000,1500000
2017-11-28 13:26:09.670000,1.27945,1.27937,1000000,1500000
2017-11-28 13:26:10.237000,1.27946,1.27937,1500000,1500000
2017-11-28 13:26:11.437000,1.27945,1.27937,1000000,1500000
2017-11-28 13:26:11.958000,1.27946,1.27937,1000000,1500000
2017-11-28 13:26:17.722000,1.27945,1.27937,1000000,1500000
2017-11-28 13:26:32.013000,1.27946,1.27936,1500000,1000000
2017-11-28 13:26:32.530000,1.27945,1.27936,1000000,1500000
2017-11-28 13:26:33.801000,1.27946,1.27936,2250000,1000000
2017-11-28 13:26:34.755000,1.27945,1.27936,1000000,2250000
2017-11-28 13:26:35.758000,1.27946,1.27936,1500000,1500000
2017-11-28 13:26:37.262000,1.27946,1.27937,1500000,1000000
2017-11-28 13:26:38.334000,1.27945,1.27937,1000000,1000000
2017-11-28 13:26:38.968000,1.27946,1.27937,1690000,1000000
2017-11-28 13:26:39.526000,1.27945,1.27937,1000000,1000000
2017-11-28 13:26:43.919000,1.27945,1.27937,1200000,1000000
2017-11-28 13:26:43.971000,1.27944,1.27935,1570000,1500000
2017-11-28 13:26:44.074000,1.27942,1.27935,1000000,1500000
2017-11-28 13:26:44.228000,1.27944,1.27936,2700000,1000000
2017-11-28 13:26:46.261000,1.27945,1.27937,1950000,1000000
2017-11-28 13:26:46.316000,1.27947,1.27939,1450000,1000000
2017-11-28 13:26:46.368000,1.27947,1.27939,1200000,1000000
2017-11-28 13:26:46.918000,1.27947,1.27939,1450000,1000000
2017-11-28 13:26:47.452000,1.27948,1.27939,3820000,1000000
2017-11-28 13:26:48.900000,1.27945,1.27939,1000000,1000000
2017-11-28 13:26:49.439000,1.27945,1.27938,1200000,1500000
2017-11-28 13:26:49.695000,1.27944,1.27936,1000000,1500000
2017-11-28 13:26:50.269000,1.27944,1.27935,2140000,1500000
2017-11-28 13:26:51.377000,1.27943,1.27936,1100000,1000000
2017-11-28 13:26:52.106000,1.27944,1.27936,1950000,1000000
2017-11-28 13:26:52.731000,1.27943,1.27936,1000000,1000000
2017-11-28 13:26:53.544000,1.27944,1.27936,1950000,1000000
2017-11-28 13:26:54.084000,1.27945,1.27936,1450000,3370000
2017-11-28 13:26:54.247000,1.27947,1.27938,2700000,1000000
2017-11-28 13:26:54.299000,1.27947,1.27939,1450000,1000000
2017-11-28 13:26:54.811000,1.27948,1.2794,2700000,1000000
2017-11-28 13:26:55.334000,1.27948,1.2794,2700000,1000000
2017-11-28 13:26:57.260000,1.27948,1.2794,1950000,1000000
2017-11-28 13:27:00.106000,1.2795,1.27943,2320000,1000000
2017-11-28 13:27:00.464000,1.2795,1.27942,1000000,1000000
2017-11-28 13:27:00.671000,1.27948,1.27939,3000000,1500000
2017-11-28 13:27:01.013000,1.27945,1.27938,1450000,1000000
2017-11-28 13:27:02.907000,1.27946,1.27938,1950000,1000000
2017-11-28 13:27:03.452000,1.27946,1.27938,1500000,1000000
2017-11-28 13:27:03.957000,1.27947,1.27938,1950000,1500000
2017-11-28 13:27:04.924000,1.27946,1.27938,1950000,1000000
2017-11-28 13:27:05.266000,1.27946,1.27938,3450000,1000000
2017-11-28 13:27:06.310000,1.27947,1.27938,1570000,1500000
2017-11-28 13:27:06.362000,1.27947,1.2794,1450000,1000000
2017-11-28 13:27:06.884000,1.27947,1.27939,2700000,1000000
2017-11-28 13:27:10.714000,1.27947,1.27939,1950000,1000000
2017-11-28 13:27:10.765000,1.27947,1.27937,1950000,1500000
2017-11-28 13:27:10.817000,1.27948,1.2794,2700000,1500000
2017-11-28 13:27:10.972000,1.27949,1.27941,2700000,1000000
2017-11-28 13:27:11.024000,1.27949,1.27941,3450000,1000000
2017-11-28 13:27:11.128000,1.27949,1.27941,3000000,1000000
2017-11-28 13:27:11.669000,1.27948,1.27941,2250000,1000000
2017-11-28 13:27:12.208000,1.27949,1.27941,3750000,1000000
2017-11-28 13:27:12.394000,1.27949,1.27939,3750000,1500000
2017-11-28 13:27:12.890000,1.27949,1.27942,1500000,1500000
2017-11-28 13:27:13.302000,1.27949,1.2794,3000000,1500000
2017-11-28 13:27:13.818000,1.27948,1.2794,1000000,1000000
2017-11-28 13:27:16.827000,1.27949,1.2794,3000000,1000000
2017-11-28 13:27:17.388000,1.27949,1.27939,1000000,1500000
2017-11-28 13:27:19.854000,1.27948,1.27939,1500000,1500000
2017-11-28 13:27:20.719000,1.27949,1.2794,1500000,1000000
2017-11-28 13:27:20.771000,1.27949,1.27942,1500000,1500000
2017-11-28 13:27:21.151000,1.27951,1.27942,2850000,1500000
2017-11-28 13:27:21.719000,1.2795,1.27942,2250000,1500000
2017-11-28 13:27:22.337000,1.27951,1.27942,2850000,1500000
2017-11-28 13:27:22.952000,1.2795,1.27942,1500000,1500000
2017-11-28 13:27:24.069000,1.27951,1.27942,2850000,1500000
2017-11-28 13:27:24.683000,1.2795,1.27942,1000000,1500000
2017-11-28 13:27:25.830000,1.2795,1.27944,1000000,2250000
2017-11-28 13:27:26.331000,1.27951,1.27944,1500000,1500000
2017-11-28 13:27:26.857000,1.27949,1.27944,1000000,1000000
2017-11-28 13:27:27.375000,1.2795,1.27944,2250000,1000000
2017-11-28 13:27:28.966000,1.27949,1.27944,1000000,1500000
2017-11-28 13:27:29.504000,1.2795,1.27944,2700000,1500000
2017-11-28 13:27:33.138000,1.27951,1.27944,1500000,1000000
2017-11-28 13:27:33.716000,1.2795,1.27944,1000000,1000000
2017-11-28 13:27:35.697000,1.27951,1.27944,1500000,1000000
2017-11-28 13:27:36.217000,1.2795,1.27944,1000000,1000000
2017-11-28 13:27:37.050000,1.27951,1.27944,1500000,1000000
2017-11-28 13:27:37.643000,1.2795,1.27944,1000000,1000000
2017-11-28 13:27:38.177000,1.27951,1.27944,1500000,1000000
2017-11-28 13:27:38.938000,1.2795,1.27944,1000000,1000000
2017-11-28 13:27:40.524000,1.27951,1.27944,1500000,1000000
2017-11-28 13:27:41.177000,1.2795,1.27944,1000000,1000000
2017-11-28 13:27:41.697000,1.27951,1.27944,1500000,1000000
2017-11-28 13:27:42.360000,1.2795,1.27944,1000000,1000000
2017-11-28 13:27:43.841000,1.27951,1.27944,1500000,1000000
2017-11-28 13:27:44.387000,1.2795,1.27944,1000000,1000000
2017-11-28 13:27:45.515000,1.27951,1.27944,1500000,1000000
2017-11-28 13:27:46.154000,1.2795,1.27944,1000000,1000000
2017-11-28 13:27:47.255000,1.27951,1.27944,1000000,1000000
2017-11-28 13:27:47.875000,1.2795,1.27944,1000000,1000000
2017-11-28 13:27:48.630000,1.27951,1.27944,1000000,1000000
2017-11-28 13:27:49.291000,1.2795,1.27944,1000000,1000000
2017-11-28 13:27:49.906000,1.27951,1.27944,1000000,1000000
2017-11-28 13:27:50.677000,1.27952,1.27944,3000000,1000000
2017-11-28 13:27:51.422000,1.27951,1.27944,1500000,1000000
2017-11-28 13:27:53.173000,1.27949,1.27942,1000000,1000000
2017-11-28 13:27:53.378000,1.27948,1.27939,1500000,1570000
2017-11-28 13:27:53.430000,1.27946,1.27939,1000000,1000000
2017-11-28 13:27:53.482000,1.27947,1.27937,1000000,1870000
2017-11-28 13:27:53.738000,1.27949,1.27938,4010000,1570000
2017-11-28 13:27:53.789000,1.27945,1.27938,1000000,1500000
2017-11-28 13:27:53.841000,1.27947,1.27938,2250000,1500000
2017-11-28 13:27:54.313000,1.27949,1.27941,2850000,1000000
2017-11-28 13:27:54.623000,1.27951,1.27944,2250000,1500000
2017-11-28 13:27:55.193000,1.2795,1.27944,1000000,1500000
2017-11-28 13:27:56.246000,1.27949,1.27943,2250000,1000000
2017-11-28 13:27:56.349000,1.27948,1.27941,2250000,1000000
2017-11-28 13:27:56.750000,1.27948,1.27939,1500000,1000000
2017-11-28 13:27:56.955000,1.27948,1.27941,2250000,1000000
2017-11-28 13:27:58.009000,1.2795,1.27943,1000000,1000000
2017-11-28 13:28:00.315000,1.27953,1.27946,2250000,1500000
2017-11-28 13:28:00.652000,1.27961,1.27956,1000000,1000000
2017-11-28 13:28:01.165000,1.27962,1.27956,1000000,1000000
2017-11-28 13:28:01.800000,1.27961,1.27956,1000000,1000000
2017-11-28 13:28:05.357000,1.27969,1.27961,3000000,1000000
2017-11-28 13:28:05.666000,1.27967,1.2796,1000000,1000000
2017-11-28 13:28:06.182000,1.27968,1.2796,1500000,1000000
2017-11-28 13:28:06.728000,1.27968,1.27962,1000000,1000000
2017-11-28 13:28:11.278000,1.27968,1.27959,1000000,1000000
2017-11-28 13:28:13.405000,1.2797,1.2796,1500000,1120000
2017-11-28 13:28:13.510000,1.27966,1.27957,1000000,1570000
2017-11-28 13:28:13.562000,1.27967,1.27957,1500000,1200000
2017-11-28 13:28:13.665000,1.27964,1.27954,1500000,3370000
2017-11-28 13:28:13.717000,1.27963,1.27953,1500000,2320000
2017-11-28 13:28:14.220000,1.27963,1.27953,1500000,1950000
2017-11-28 13:28:15.376000,1.27963,1.27953,1500000,1570000
2017-11-28 13:28:16.508000,1.27965,1.27954,2250000,2250000
2017-11-28 13:28:22.817000,1.27967,1.27955,2700000,1570000
2017-11-28 13:28:23.330000,1.27967,1.27954,3000000,4950000
2017-11-28 13:28:23.857000,1.27966,1.27956,1000000,1100000
2017-11-28 13:28:24.157000,1.27969,1.27959,2700000,1870000
2017-11-28 13:28:24.958000,1.27969,1.27959,2250000,1120000
2017-11-28 13:28:26.275000,1.27969,1.27959,3450000,1120000
2017-11-28 13:28:27.024000,1.27969,1.27959,1390000,1120000
2017-11-28 13:28:27.915000,1.27968,1.27959,1450000,1120000
2017-11-28 13:28:29.614000,1.27969,1.27959,1950000,1120000
2017-11-28 13:28:30.121000,1.27969,1.27959,1200000,1120000
2017-11-28 13:28:32.098000,1.27971,1.27961,1570000,1870000
2017-11-28 13:28:32.151000,1.27971,1.27963,1200000,1000000
2017-11-28 13:28:32.203000,1.27974,1.27965,1450000,1000000
2017-11-28 13:28:32.255000,1.27975,1.27966,1450000,1000000
2017-11-28 13:28:32.308000,1.27978,1.27968,5700000,1000000
2017-11-28 13:28:32.487000,1.27977,1.27968,2140000,1000000
2017-11-28 13:28:33.029000,1.27978,1.27968,4200000,1000000
2017-11-28 13:28:33.540000,1.27977,1.27966,1390000,1500000
2017-11-28 13:28:34.084000,1.27977,1.27966,1700000,1500000
2017-11-28 13:28:38.824000,1.27977,1.27967,1200000,1120000
2017-11-28 13:28:39.540000,1.27978,1.27968,1950000,1000000
2017-11-28 13:28:40.591000,1.27978,1.27969,1450000,1000000
2017-11-28 13:28:41.115000,1.2798,1.27969,1950000,1000000
2017-11-28 13:28:41.322000,1.2798,1.2797,1450000,1370000
2017-11-28 13:28:41.853000,1.27978,1.27968,3450000,1000000
2017-11-28 13:28:42.397000,1.27977,1.27968,1450000,1120000
2017-11-28 13:28:48.142000,1.27978,1.27968,1200000,1870000
2017-11-28 13:28:49.785000,1.27978,1.27968,1450000,1120000
2017-11-28 13:28:49.888000,1.27978,1.27968,1000000,1120000
2017-11-28 13:28:51.172000,1.27977,1.27968,1500000,1120000
2017-11-28 13:28:51.274000,1.27974,1.27965,1120000,1500000
2017-11-28 13:28:51.429000,1.27972,1.27962,1350000,1000000
2017-11-28 13:28:51.570000,1.27972,1.2796,2320000,4500000
2017-11-28 13:28:51.826000,1.27969,1.27959,1000000,1050000
2017-11-28 13:28:52.186000,1.27971,1.27961,2700000,1000000
2017-11-28 13:28:53.469000,1.27969,1.27959,2700000,1000000
2017-11-28 13:28:53.572000,1.27968,1.27958,2700000,1000000
2017-11-28 13:28:53.954000,1.27971,1.27961,1950000,1500000
2017-11-28 13:28:54.006000,1.27971,1.27961,1450000,1500000
2017-11-28 13:28:54.518000,1.27971,1.27961,1200000,2250000
2017-11-28 13:28:55.076000,1.27971,1.27961,1200000,1500000
2017-11-28 13:28:55.528000,1.27972,1.27962,6070000,1000000
2017-11-28 13:28:55.631000,1.27972,1.27961,1950000,1000000
2017-11-28 13:28:56.171000,1.27972,1.27962,1450000,1000000
2017-11-28 13:28:57.013000,1.27972,1.27962,1450000,1500000
2017-11-28 13:28:57.612000,1.27972,1.27962,1200000,1870000
2017-11-28 13:28:57.714000,1.27972,1.27962,1450000,1870000
2017-11-28 13:28:57.977000,1.27972,1.27962,1000000,1870000
2017-11-28 13:28:58.397000,1.27973,1.27964,1500000,1000000
2017-11-28 13:28:58.524000,1.27976,1.27964,3450000,1000000
2017-11-28 13:28:59.050000,1.27976,1.27965,3070000,1100000
2017-11-28 13:28:59.578000,1.27976,1.27965,3000000,1200000
2017-11-28 13:29:00.087000,1.27976,1.27965,3450000,1000000
2017-11-28 13:29:00.190000,1.27973,1.27963,1000000,3000000
2017-11-28 13:29:00.929000,1.27975,1.27963,3070000,3370000
2017-11-28 13:29:01.290000,1.27974,1.27963,1200000,5870000
2017-11-28 13:29:01.924000,1.27975,1.27964,1200000,2320000
2017-11-28 13:29:02.439000,1.27976,1.27965,1100000,3000000
2017-11-28 13:29:02.878000,1.27977,1.27967,1200000,1120000
2017-11-28 13:29:03.414000,1.27977,1.27968,1450000,2250000
2017-11-28 13:29:03.960000,1.27977,1.27969,1100000,1000000
2017-11-28 13:29:05.278000,1.27977,1.27969,1200000,1000000
2017-11-28 13:29:05.834000,1.27977,1.27969,1100000,1000000
2017-11-28 13:29:11.202000,1.27977,1.27969,1450000,1000000
2017-11-28 13:29:11.965000,1.27977,1.27969,1200000,1000000
2017-11-28 13:29:18.086000,1.27977,1.27969,1450000,1000000
2017-11-28 13:29:18.827000,1.27977,1.27969,1200000,1000000
2017-11-28 13:29:19.686000,1.27977,1.27969,1200000,1000000
2017-11-28 13:29:20.278000,1.27977,1.27969,1200000,1000000
2017-11-28 13:29:21.542000,1.27977,1.27969,1200000,1000000
2017-11-28 13:29:23.077000,1.27977,1.27969,1100000,1000000
2017-11-28 13:29:30.048000,1.27979,1.27969,1450000,1000000
2017-11-28 13:29:30.152000,1.27979,1.27967,2700000,1500000
2017-11-28 13:29:30.668000,1.27979,1.27968,1450000,1000000
2017-11-28 13:29:31.194000,1.27979,1.2797,1200000,1000000
2017-11-28 13:29:31.721000,1.27979,1.2797,1200000,1000000
2017-11-28 13:29:33.020000,1.27979,1.2797,1450000,1000000
2017-11-28 13:29:33.690000,1.27979,1.27968,1450000,1690000
2017-11-28 13:29:34.590000,1.27979,1.27968,1200000,3190000
2017-11-28 13:29:35.212000,1.27979,1.27968,1450000,1250000
2017-11-28 13:29:36.167000,1.27978,1.27968,1200000,1000000
2017-11-28 13:29:36.745000,1.27978,1.27968,1200000,1000000
2017-11-28 13:29:39.049000,1.27978,1.27968,1570000,1500000
2017-11-28 13:29:39.714000,1.27978,1.27968,1570000,1500000
2017-11-28 13:29:40.219000,1.27976,1.27968,1120000,2250000
2017-11-28 13:29:43.091000,1.27977,1.27967,2700000,2440000
2017-11-28 13:29:43.921000,1.27971,1.27965,2700000,1000000
2017-11-28 13:29:43.977000,1.27967,1.27958,1000000,1570000
2017-11-28 13:29:44.620000,1.2797,1.27958,2700000,1690000
2017-11-28 13:29:46.270000,1.2797,1.27958,3820000,1000000
2017-11-28 13:29:47.914000,1.27969,1.27957,1950000,1690000
2017-11-28 13:29:48.427000,1.27969,1.27957,1450000,1690000
2017-11-28 13:29:49.340000,1.27969,1.27957,1450000,1690000
2017-11-28 13:29:49.644000,1.27962,1.27955,1000000,1190000
2017-11-28 13:29:49.696000,1.27962,1.27951,1000000,1190000
2017-11-28 13:29:49.953000,1.27961,1.2795,1200000,1000000
2017-11-28 13:29:50.365000,1.27963,1.27952,1450000,1000000
2017-11-28 13:29:50.469000,1.27964,1.27952,1950000,1250000
2017-11-28 13:29:54.986000,1.27964,1.27952,1450000,1000000
2017-11-28 13:29:56.411000,1.27963,1.27952,1950000,1500000
2017-11-28 13:29:56.463000,1.27961,1.27951,1000000,1500000
2017-11-28 13:29:57.028000,1.27961,1.27952,1200000,1000000
2017-11-28 13:29:57.594000,1.27962,1.27952,1200000,1500000
2017-11-28 13:29:58.395000,1.27961,1.27952,1000000,1000000
2017-11-28 13:29:59.007000,1.27962,1.27952,1200000,1000000
2017-11-28 13:29:59.963000,1.27962,1.27949,1200000,1000000
2017-11-28 13:30:00.015000,1.2796,1.27949,1000000,1000000
2017-11-28 13:30:00.531000,1.27962,1.27953,1200000,1000000
2017-11-28 13:30:00.942000,1.27961,1.27948,1000000,4690000
2017-11-28 13:30:01.582000,1.27963,1.27951,1450000,2250000
2017-11-28 13:30:02.268000,1.27961,1.27951,1000000,1000000
2017-11-28 13:30:02.783000,1.27958,1.27948,1200000,1000000
2017-11-28 13:30:02.837000,1.27959,1.27946,2700000,1500000
2017-11-28 13:30:02.890000,1.27956,1.27947,1000000,1500000
2017-11-28 13:30:02.994000,1.27954,1.27942,1000000,1500000
2017-11-28 13:30:03.046000,1.27951,1.2794,1200000,1000000
2017-11-28 13:30:03.356000,1.27946,1.27934,1450000,1120000
2017-11-28 13:30:03.667000,1.27951,1.27942,1000000,1000000
2017-11-28 13:30:03.771000,1.2795,1.27939,1000000,1000000
2017-11-28 13:30:03.824000,1.27945,1.27938,1000000,1500000
2017-11-28 13:30:03.876000,1.27946,1.27935,1200000,1000000
2017-11-28 13:30:04.126000,1.27946,1.27934,1450000,1000000
2017-11-28 13:30:04.230000,1.27946,1.27934,1200000,1500000
2017-11-28 13:30:04.996000,1.27943,1.27933,1000000,1500000
2017-11-28 13:30:05.304000,1.27944,1.2793,1700000,3190000
2017-11-28 13:30:05.356000,1.27942,1.2793,1390000,3190000
2017-11-28 13:30:05.729000,1.27944,1.2793,1700000,2810000
2017-11-28 13:30:06.146000,1.27944,1.2793,2700000,1000000
2017-11-28 13:30:06.303000,1.27939,1.2793,1690000,1000000
2017-11-28 13:30:06.644000,1.27936,1.27926,1390000,1000000
2017-11-28 13:30:06.747000,1.27931,1.27922,2700000,1120000
2017-11-28 13:30:06.799000,1.2793,1.27919,1100000,1000000
2017-11-28 13:30:06.851000,1.2793,1.27919,1450000,1000000
2017-11-28 13:30:07.160000,1.27935,1.27925,4390000,1000000
2017-11-28 13:30:07.469000,1.27938,1.27926,1570000,1000000
2017-11-28 13:30:07.935000,1.27935,1.27923,1450000,1000000
2017-11-28 13:30:08.514000,1.27936,1.27923,2890000,1000000
2017-11-28 13:30:08.565000,1.2793,1.27923,1000000,1000000
2017-11-28 13:30:08.875000,1.27928,1.27921,1000000,3750000
2017-11-28 13:30:09.857000,1.27926,1.27921,1000000,2250000
2017-11-28 13:30:09.909000,1.27925,1.27918,1000000,1000000
2017-11-28 13:30:10.165000,1.27928,1.27921,1200000,1000000
2017-11-28 13:30:10.306000,1.27929,1.27922,1000000,1000000
2017-11-28 13:30:10.819000,1.27928,1.27921,1000000,1000000
2017-11-28 13:30:11.129000,1.27932,1.27924,1450000,1000000
2017-11-28 13:30:11.438000,1.27929,1.27922,1000000,4500000
2017-11-28 13:30:11.879000,1.27926,1.27922,1000000,2250000
2017-11-28 13:30:11.983000,1.27924,1.27918,1000000,1000000
2017-11-28 13:30:12.138000,1.2792,1.27916,1000000,1500000
2017-11-28 13:30:12.606000,1.27922,1.27916,1100000,1500000
2017-11-28 13:30:13.120000,1.27922,1.27915,1000000,1870000
2017-11-28 13:30:14.120000,1.27921,1.27912,1200000,1870000
2017-11-28 13:30:14.248000,1.27916,1.27909,1200000,2850000
2017-11-28 13:30:14.357000,1.27903,1.27896,1000000,1000000
2017-11-28 13:30:14.565000,1.27901,1.27894,1000000,2810000
2017-11-28 13:30:14.823000,1.27903,1.27894,1000000,2060000
2017-11-28 13:30:15.360000,1.27903,1.27894,1000000,1190000
2017-11-28 13:30:15.673000,1.27906,1.27894,1950000,2440000
2017-11-28 13:30:15.777000,1.27906,1.27894,1570000,2250000
2017-11-28 13:30:16.085000,1.27903,1.27894,1450000,1000000
2017-11-28 13:30:16.699000,1.27905,1.27901,1120000,1000000
2017-11-28 13:30:16.750000,1.27911,1.27902,1450000,2250000
2017-11-28 13:30:16.803000,1.27914,1.27906,3820000,1000000
2017-11-28 13:30:16.906000,1.27916,1.27907,1200000,1500000
2017-11-28 13:30:16.958000,1.27912,1.27903,1950000,1000000
2017-11-28 13:30:17.011000,1.2791,1.27901,1000000,2250000
2017-11-28 13:30:17.063000,1.27909,1.27899,1450000,2250000
2017-11-28 13:30:17.395000,1.27908,1.27898,1950000,1000000
2017-11-28 13:30:17.448000,1.27909,1.27901,1450000,1000000
2017-11-28 13:30:17.756000,1.27913,1.27902,3070000,1000000
2017-11-28 13:30:17.809000,1.27906,1.279,1000000,1950000
2017-11-28 13:30:17.939000,1.27905,1.27896,1000000,1570000
2017-11-28 13:30:17.991000,1.27904,1.27893,1500000,1200000
2017-11-28 13:30:18.095000,1.27902,1.27892,1000000,2320000
2017-11-28 13:30:18.403000,1.27899,1.27892,1000000,1870000
2017-11-28 13:30:18.736000,1.27896,1.27889,1000000,1000000
2017-11-28 13:30:18.788000,1.27896,1.27886,1000000,2700000
2017-11-28 13:30:18.840000,1.27893,1.27887,1000000,1100000
2017-11-28 13:30:18.944000,1.27893,1.27884,1000000,2700000
2017-11-28 13:30:19.493000,1.27893,1.27888,1100000,1000000
2017-11-28 13:30:19.698000,1.27893,1.27885,1000000,2620000
2017-11-28 13:30:19.802000,1.27892,1.27884,1000000,1000000
2017-11-28 13:30:19.956000,1.27886,1.27883,8250000,1000000
2017-11-28 13:30:20.010000,1.27883,1.27879,1000000,1500000
2017-11-28 13:30:20.063000,1.27875,1.27869,1500000,2250000
2017-11-28 13:30:20.166000,1.27876,1.27867,8250000,2250000
2017-11-28 13:30:20.219000,1.2787,1.27864,1000000,3370000
2017-11-28 13:30:20.321000,1.27872,1.27864,2250000,3370000
2017-11-28 13:30:20.374000,1.27869,1.2786,1200000,1500000
2017-11-28 13:30:20.528000,1.27869,1.27858,1200000,4500000
2017-11-28 13:30:20.580000,1.27869,1.2786,1450000,1500000
2017-11-28 13:30:20.939000,1.2787,1.27861,1200000,4070000
2017-11-28 13:30:21.320000,1.27874,1.27866,1570000,1000000
2017-11-28 13:30:21.476000,1.27877,1.2787,1200000,1000000
2017-11-28 13:30:21.529000,1.27879,1.27872,1100000,1500000
2017-11-28 13:30:21.790000,1.27891,1.27883,1100000,1000000
2017-11-28 13:30:22.114000,1.27894,1.27885,1950000,1000000
2017-11-28 13:30:22.165000,1.27894,1.27885,1950000,1000000
2017-11-28 13:30:22.559000,1.27887,1.2788,1000000,3070000
2017-11-28 13:30:22.662000,1.27887,1.27877,1200000,2250000
2017-11-28 13:30:23.192000,1.27883,1.27878,1000000,1000000
2017-11-28 13:30:23.245000,1.27881,1.27875,1000000,1000000
2017-11-28 13:30:23.298000,1.27878,1.27871,1000000,1000000
2017-11-28 13:30:23.350000,1.27879,1.27869,1000000,6000000
2017-11-28 13:30:23.452000,1.27876,1.27869,1000000,1000000
2017-11-28 13:30:23.812000,1.27879,1.27872,1200000,1000000
2017-11-28 13:30:24.117000,1.27884,1.27876,1000000,2620000
2017-11-28 13:30:24.220000,1.27884,1.27878,1000000,1000000
2017-11-28 13:30:24.641000,1.27886,1.27876,1000000,2620000
2017-11-28 13:30:24.847000,1.27878,1.27874,1000000,1000000
2017-11-28 13:30:24.899000,1.27877,1.27868,1000000,1450000
2017-11-28 13:30:25.448000,1.27877,1.27868,1000000,3000000
2017-11-28 13:30:25.991000,1.27876,1.27868,1000000,1500000
2017-11-28 13:30:26.507000,1.2788,1.27867,2320000,1000000
2017-11-28 13:30:27.168000,1.2788,1.27866,1950000,3750000
2017-11-28 13:30:27.792000,1.27876,1.27866,1450000,2250000
2017-11-28 13:30:27.947000,1.27873,1.27862,1450000,1000000
2017-11-28 13:30:28.381000,1.27873,1.27863,1950000,1000000
2017-11-28 13:30:28.805000,1.27873,1.27861,1450000,1500000
2017-11-28 13:30:29.746000,1.27868,1.27858,2320000,1000000
2017-11-28 13:30:29.850000,1.27869,1.27859,1450000,1000000
2017-11-28 13:30:30.055000,1.27872,1.27859,1950000,1000000
2017-11-28 13:30:30.260000,1.27871,1.27859,1000000,1200000
2017-11-28 13:30:30.807000,1.27871,1.27859,1100000,1930000
2017-11-28 13:30:31.407000,1.27872,1.27858,1570000,4560000
2017-11-28 13:30:31.459000,1.2787,1.27861,1000000,1860000
2017-11-28 13:30:31.511000,1.27872,1.27861,1000000,2610000
2017-11-28 13:30:32.036000,1.27873,1.27861,1200000,1930000
2017-11-28 13:30:32.548000,1.27873,1.27861,1100000,3000000
2017-11-28 13:30:33.354000,1.27873,1.27863,1000000,1000000
2017-11-28 13:30:33.611000,1.27875,1.27865,1000000,1000000
2017-11-28 13:30:33.765000,1.27878,1.27866,1100000,3000000
2017-11-28 13:30:33.869000,1.27876,1.27867,1500000,1000000
2017-11-28 13:30:34.035000,1.27872,1.2786,1870000,1450000
2017-11-28 13:30:34.087000,1.27871,1.27859,1100000,1070000
2017-11-28 13:30:34.138000,1.27869,1.27858,1000000,1950000
2017-11-28 13:30:34.295000,1.27866,1.27855,1500000,1570000
2017-11-28 13:30:34.502000,1.27866,1.27859,1120000,1000000
2017-11-28 13:30:34.659000,1.27877,1.27866,1070000,1870000
2017-11-28 13:30:34.801000,1.27875,1.27866,3450000,1000000
2017-11-28 13:30:34.853000,1.27872,1.27861,1000000,1200000
2017-11-28 13:30:35.680000,1.27871,1.27861,1000000,1570000
2017-11-28 13:30:35.936000,1.27873,1.27861,3070000,1500000
2017-11-28 13:30:36.100000,1.27868,1.27856,1950000,1870000
2017-11-28 13:30:36.414000,1.27864,1.27853,1000000,1570000
2017-11-28 13:30:36.960000,1.27864,1.27854,1100000,1000000
2017-11-28 13:30:37.474000,1.27864,1.27852,1100000,3070000
2017-11-28 13:30:39.714000,1.27863,1.27853,1000000,1000000
2017-11-28 13:30:40.033000,1.27861,1.27852,1000000,1000000
2017-11-28 13:30:40.417000,1.27859,1.27852,1000000,1000000
2017-11-28 13:30:40.979000,1.27861,1.27853,1000000,1000000
2017-11-28 13:30:41.034000,1.27864,1.27858,1000000,1000000
2017-11-28 13:30:41.086000,1.27866,1.27858,1000000,1000000
2017-11-28 13:30:41.189000,1.27867,1.2786,1000000,1000000
2017-11-28 13:30:42.653000,1.27869,1.2786,1000000,1500000
2017-11-28 13:30:45.870000,1.27869,1.27861,1000000,1000000
2017-11-28 13:30:46.415000,1.27869,1.27862,1000000,1000000
2017-11-28 13:30:46.671000,1.27865,1.27858,1000000,1070000
2017-11-28 13:30:46.775000,1.27865,1.27856,1000000,2320000
2017-11-28 13:30:46.878000,1.2786,1.27854,1000000,1200000
2017-11-28 13:30:47.409000,1.2786,1.27853,1000000,1000000
2017-11-28 13:30:47.585000,1.27864,1.27855,1000000,2250000
2017-11-28 13:30:47.842000,1.27862,1.27854,1000000,1200000
2017-11-28 13:30:47.998000,1.27868,1.27859,3070000,1120000
2017-11-28 13:30:48.426000,1.27868,1.2786,1000000,1570000
2017-11-28 13:30:50.061000,1.27868,1.27861,1000000,1450000
2017-11-28 13:30:51.361000,1.2787,1.27861,1000000,2700000
2017-11-28 13:30:51.414000,1.27871,1.27864,1120000,1000000
2017-11-28 13:30:51.768000,1.27875,1.27868,1000000,1200000
2017-11-28 13:30:52.283000,1.27875,1.27868,1000000,1000000
2017-11-28 13:30:55.924000,1.27876,1.27869,1000000,1000000
2017-11-28 13:30:56.258000,1.27881,1.27875,1000000,1500000
2017-11-28 13:30:56.310000,1.27878,1.27871,1000000,1950000
2017-11-28 13:30:56.362000,1.27883,1.27877,1100000,1000000
2017-11-28 13:30:56.414000,1.27883,1.27875,1200000,1000000
2017-11-28 13:30:56.466000,1.27883,1.27872,1120000,1000000
2017-11-28 13:30:56.518000,1.27879,1.2787,1000000,3450000
2017-11-28 13:30:56.673000,1.27879,1.27869,1500000,1000000
2017-11-28 13:30:57.032000,1.27877,1.27869,1000000,2250000
2017-11-28 13:30:57.481000,1.27879,1.27869,1500000,1000000
2017-11-28 13:30:58.236000,1.27878,1.27869,1000000,1100000
2017-11-28 13:30:58.874000,1.27879,1.27869,1500000,1000000
2017-11-28 13:31:00.347000,1.27879,1.2787,1500000,2250000
2017-11-28 13:31:00.849000,1.27878,1.27871,1000000,1370000
2017-11-28 13:31:01.187000,1.27887,1.27878,1000000,3820000
2017-11-28 13:31:02.031000,1.27889,1.2788,1000000,1950000
2017-11-28 13:31:02.342000,1.27891,1.27883,1100000,1000000
2017-11-28 13:31:02.395000,1.2789,1.2788,1000000,3820000
2017-11-28 13:31:02.447000,1.27891,1.27882,1500000,1000000
2017-11-28 13:31:02.755000,1.27892,1.27884,1500000,1000000
2017-11-28 13:31:03.235000,1.27888,1.27878,1500000,1000000
2017-11-28 13:31:03.699000,1.27887,1.27876,1120000,1570000
2017-11-28 13:31:04.749000,1.27887,1.27876,1120000,1570000
2017-11-28 13:31:04.962000,1.27882,1.27875,2250000,1950000
2017-11-28 13:31:05.017000,1.27881,1.27872,1120000,1120000
2017-11-28 13:31:05.074000,1.2788,1.27871,1120000,1100000
2017-11-28 13:31:05.129000,1.2788,1.27869,2620000,1570000
2017-11-28 13:31:05.669000,1.27879,1.27869,1120000,1000000
2017-11-28 13:31:09.285000,1.27879,1.27868,4120000,2620000
2017-11-28 13:31:09.338000,1.27879,1.27868,3000000,2620000
2017-11-28 13:31:09.964000,1.27879,1.27868,3070000,2620000
2017-11-28 13:31:10.425000,1.27873,1.27866,1000000,1570000
2017-11-28 13:31:10.479000,1.27872,1.27864,1500000,1120000
2017-11-28 13:31:11.014000,1.27872,1.27863,1000000,1000000
2017-11-28 13:31:11.175000,1.27874,1.27866,1100000,1000000
2017-11-28 13:31:11.388000,1.27876,1.27867,1000000,1000000
2017-11-28 13:31:11.898000,1.27877,1.27867,1120000,1000000
2017-11-28 13:31:12.108000,1.27878,1.27869,1000000,1000000
2017-11-28 13:31:12.625000,1.27878,1.27868,1100000,2620000
2017-11-28 13:31:13.652000,1.27879,1.27871,3000000,1000000
2017-11-28 13:31:14.165000,1.27878,1.27871,1350000,1000000
2017-11-28 13:31:14.679000,1.27878,1.2787,2250000,1000000
2017-11-28 13:31:18.809000,1.27876,1.27867,2250000,1200000
2017-11-28 13:31:18.862000,1.27873,1.27864,1000000,1100000
2017-11-28 13:31:20.388000,1.27873,1.27863,1000000,2700000
2017-11-28 13:31:20.571000,1.2787,1.27863,1000000,1000000
2017-11-28 13:31:21.100000,1.2787,1.27862,1500000,1000000
2017-11-28 13:31:27.965000,1.27871,1.27863,1000000,1500000
2017-11-28 13:31:28.120000,1.27876,1.27867,1120000,1000000
2017-11-28 13:31:28.172000,1.27877,1.27869,1870000,1000000
2017-11-28 13:31:28.481000,1.27878,1.27871,1000000,1000000
2017-11-28 13:31:29.031000,1.27879,1.27871,1000000,1000000
2017-11-28 13:31:30.099000,1.27878,1.27871,1000000,1000000
2017-11-28 13:31:30.678000,1.27879,1.27871,1000000,1000000
2017-11-28 13:31:31.478000,1.27878,1.27871,1000000,1000000
2017-11-28 13:31:32.002000,1.27879,1.2787,1000000,1000000
2017-11-28 13:31:32.525000,1.27878,1.2787,1000000,1000000
2017-11-28 13:31:32.935000,1.2788,1.27872,2250000,1000000
2017-11-28 13:31:33.468000,1.2788,1.27871,1500000,2250000
2017-11-28 13:31:33.825000,1.27878,1.27872,1000000,1000000
2017-11-28 13:31:36.115000,1.27878,1.27871,1000000,1000000
2017-11-28 13:31:40.846000,1.27879,1.27872,1000000,2250000
2017-11-28 13:31:40.898000,1.27881,1.27873,1000000,1000000
2017-11-28 13:31:41.309000,1.27879,1.27872,1000000,1000000
2017-11-28 13:31:42.027000,1.2788,1.27872,2100000,1000000
2017-11-28 13:31:42.609000,1.27879,1.27872,1000000,1000000
2017-11-28 13:31:43.134000,1.2788,1.27872,2850000,1000000
2017-11-28 13:31:44.720000,1.27879,1.27872,1000000,1000000
2017-11-28 13:31:45.251000,1.27878,1.27872,1000000,1000000
2017-11-28 13:31:45.819000,1.27879,1.27872,1500000,1000000
2017-11-28 13:31:47.039000,1.27878,1.27872,1000000,1000000
2017-11-28 13:31:47.601000,1.27879,1.27872,1500000,1000000
2017-11-28 13:31:47.653000,1.27877,1.27869,1000000,1500000
2017-11-28 13:31:48.164000,1.27878,1.27869,1500000,1500000
2017-11-28 13:31:49.292000,1.27877,1.27869,1000000,1500000
2017-11-28 13:31:49.805000,1.27878,1.27869,2620000,1500000
2017-11-28 13:31:50.625000,1.27877,1.27869,1000000,1500000
2017-11-28 13:31:51.198000,1.27876,1.27869,1000000,1000000
2017-11-28 13:31:53.717000,1.27873,1.27867,1000000,1100000
2017-11-28 13:31:54.029000,1.27875,1.27871,1000000,1000000
2017-11-28 13:31:54.601000,1.27876,1.27871,1000000,1000000
2017-11-28 13:31:55.088000,1.27877,1.27873,1000000,1000000
2017-11-28 13:31:55.924000,1.27877,1.27873,1500000,1000000
2017-11-28 13:31:56.272000,1.27872,1.27867,1000000,1000000
2017-11-28 13:31:56.324000,1.27875,1.27871,1500000,1000000
2017-11-28 13:32:01.787000,1.27876,1.27872,1000000,1000000
2017-11-28 13:32:02.401000,1.27875,1.27871,1000000,1000000
2017-11-28 13:32:02.505000,1.27876,1.27872,1000000,1000000
2017-11-28 13:32:02.557000,1.27872,1.27868,1000000,2250000
2017-11-28 13:32:02.662000,1.2787,1.27866,1000000,1000000
2017-11-28 13:32:02.837000,1.2787,1.27863,1000000,2320000
2017-11-28 13:32:03.348000,1.27869,1.27863,1000000,1000000
2017-11-28 13:32:03.622000,1.27871,1.27867,1000000,1000000
2017-11-28 13:32:04.233000,1.2787,1.27866,1000000,1000000
2017-11-28 13:32:08.103000,1.27872,1.27866,1100000,1000000
2017-11-28 13:32:08.157000,1.27876,1.27867,4350000,1000000
2017-11-28 13:32:08.671000,1.27877,1.27868,1500000,1000000
2017-11-28 13:32:09.089000,1.27873,1.27868,1000000,1000000
2017-11-28 13:32:09.141000,1.27872,1.27868,1000000,1000000
2017-11-28 13:32:09.398000,1.27869,1.27865,1000000,1000000
2017-11-28 13:32:09.746000,1.27869,1.27865,1000000,1000000
2017-11-28 13:32:10.257000,1.27868,1.27864,1000000,1000000
2017-11-28 13:32:12.068000,1.27869,1.27865,1000000,1000000
2017-11-28 13:32:12.561000,1.27868,1.27864,1000000,1000000
2017-11-28 13:32:13.088000,1.2787,1.27866,2250000,1000000
2017-11-28 13:32:13.607000,1.27868,1.27864,1000000,1000000
2017-11-28 13:32:14.105000,1.2787,1.27866,1000000,1000000
2017-11-28 13:32:16.670000,1.2787,1.27866,1500000,1000000
2017-11-28 13:32:17.213000,1.27869,1.27865,1000000,1000000
2017-11-28 13:32:17.737000,1.27869,1.27865,1000000,1000000
2017-11-28 13:32:19.371000,1.27867,1.27863,1000000,1000000
2017-11-28 13:32:20.555000,1.27867,1.27863,1000000,1500000
2017-11-28 13:32:20.967000,1.27872,1.27868,1570000,1000000
2017-11-28 13:32:21.072000,1.27874,1.27869,1120000,1000000
2017-11-28 13:32:21.383000,1.27873,1.27869,1000000,1000000
2017-11-28 13:32:21.895000,1.27875,1.27871,1120000,1000000
2017-11-28 13:32:21.998000,1.27872,1.27868,1000000,1000000
2017-11-28 13:32:22.490000,1.27873,1.27869,1000000,1000000
2017-11-28 13:32:22.875000,1.27872,1.27868,1120000,1000000
2017-11-28 13:32:23.183000,1.2787,1.27866,1000000,1000000
2017-11-28 13:32:23.685000,1.27871,1.27867,2250000,1000000
2017-11-28 13:32:24.247000,1.27871,1.27867,1500000,1000000
2017-11-28 13:32:27.350000,1.27877,1.27872,1500000,1000000
2017-11-28 13:32:28.328000,1.27878,1.27873,3820000,1000000
2017-11-28 13:32:28.688000,1.27878,1.2787,3070000,1000000
2017-11-28 13:32:28.740000,1.27876,1.27868,1000000,1500000
2017-11-28 13:32:29.684000,1.27878,1.27868,3000000,1120000
2017-11-28 13:32:29.787000,1.27877,1.27872,1000000,1500000
2017-11-28 13:32:29.956000,1.27881,1.27873,1000000,2250000
2017-11-28 13:32:30.468000,1.2788,1.27873,1000000,1000000
2017-11-28 13:32:32.885000,1.27882,1.27874,2250000,1000000
2017-11-28 13:32:33.394000,1.27882,1.27875,1500000,1000000
2017-11-28 13:32:34.102000,1.27881,1.27875,1000000,1660000
2017-11-28 13:32:34.833000,1.27882,1.27875,1500000,1000000
2017-11-28 13:32:35.363000,1.27881,1.27875,1000000,1660000
2017-11-28 13:32:35.626000,1.2788,1.27872,1000000,1470000
2017-11-28 13:32:35.678000,1.27879,1.27871,1000000,1000000
2017-11-28 13:32:36.825000,1.27879,1.2787,1500000,1200000
2017-11-28 13:32:37.373000,1.27878,1.27869,1000000,1950000
2017-11-28 13:32:38.050000,1.27879,1.27869,1500000,2700000
2017-11-28 13:32:38.552000,1.27879,1.27869,1500000,2700000
2017-11-28 13:32:39.175000,1.27878,1.27869,1000000,1950000
2017-11-28 13:32:40.854000,1.27877,1.27868,1500000,1500000
2017-11-28 13:32:44.637000,1.27878,1.27871,2250000,1000000
2017-11-28 13:32:45.149000,1.27878,1.2787,1000000,1000000
2017-11-28 13:32:45.652000,1.27878,1.27871,1500000,1000000
2017-11-28 13:32:45.948000,1.2788,1.27871,3450000,1000000
2017-11-28 13:32:46.468000,1.27879,1.27871,1350000,1000000
2017-11-28 13:32:48.756000,1.27879,1.27871,4350000,1000000
2017-11-28 13:32:48.859000,1.27878,1.27868,2850000,1100000
2017-11-28 13:32:49.789000,1.27877,1.27868,1120000,1000000
2017-11-28 13:32:50.841000,1.27878,1.2787,1100000,1500000
2017-11-28 13:32:51.149000,1.2788,1.27872,1870000,1000000
2017-11-28 13:32:51.252000,1.2788,1.2787,4120000,1950000
2017-11-28 13:32:51.769000,1.27879,1.2787,1000000,2620000
2017-11-28 13:32:52.285000,1.2788,1.2787,5470000,1870000
2017-11-28 13:32:52.709000,1.27878,1.2787,1000000,2620000
2017-11-28 13:32:53.042000,1.27881,1.27873,1000000,1500000
2017-11-28 13:32:53.768000,1.2788,1.27873,1000000,1000000
2017-11-28 13:32:54.647000,1.27878,1.2787,1500000,1200000
2017-11-28 13:32:55.218000,1.27879,1.2787,1000000,1500000
2017-11-28 13:32:55.724000,1.27878,1.2787,1000000,1000000
2017-11-28 13:32:59.362000,1.27877,1.27869,1000000,2320000
2017-11-28 13:33:00.639000,1.27877,1.27871,1000000,1000000
2017-11-28 13:33:00.896000,1.27877,1.27869,1500000,1200000
2017-11-28 13:33:01.310000,1.27877,1.27872,1500000,1000000
2017-11-28 13:33:01.823000,1.27878,1.2787,1500000,1000000
2017-11-28 13:33:02.034000,1.2788,1.27874,1000000,1120000
2017-11-28 13:33:02.094000,1.27884,1.27877,1000000,1000000
2017-11-28 13:33:02.146000,1.27887,1.27878,1000000,3070000
2017-11-28 13:33:02.249000,1.27889,1.2788,2250000,1120000
2017-11-28 13:33:02.506000,1.27887,1.27879,1000000,1100000
2017-11-28 13:33:02.609000,1.27887,1.27877,3750000,1100000
2017-11-28 13:33:02.661000,1.27887,1.27879,2250000,1000000
2017-11-28 13:33:15.118000,1.27888,1.27878,1000000,2620000
2017-11-28 13:33:15.271000,1.27893,1.27882,1200000,1950000
2017-11-28 13:33:15.323000,1.27893,1.27884,1000000,1000000
2017-11-28 13:33:15.479000,1.27896,1.27886,2170000,1000000
2017-11-28 13:33:16.679000,1.27896,1.27888,1500000,1000000
2017-11-28 13:33:17.222000,1.27896,1.27887,1000000,1500000
2017-11-28 13:33:17.790000,1.27896,1.27888,1000000,1000000
2017-11-28 13:33:18.480000,1.27896,1.27887,1000000,3000000
2017-11-28 13:33:23.634000,1.279,1.27894,1000000,1870000
2017-11-28 13:33:23.686000,1.27903,1.27894,1570000,1500000
2017-11-28 13:33:23.840000,1.27903,1.27894,1000000,2320000
2017-11-28 13:33:25.503000,1.27903,1.27894,1000000,6450000
2017-11-28 13:33:26.148000,1.27904,1.27895,1000000,1100000
2017-11-28 13:33:28.764000,1.27906,1.27896,1000000,1120000
2017-11-28 13:33:29.604000,1.27909,1.279,1070000,2250000
2017-11-28 13:33:29.707000,1.27911,1.27901,1000000,1200000
2017-11-28 13:33:30.015000,1.27908,1.279,1000000,1000000
2017-11-28 13:33:30.221000,1.27907,1.27898,1000000,1500000
2017-11-28 13:33:30.767000,1.27908,1.27898,2250000,1000000
2017-11-28 13:33:31.287000,1.27907,1.27899,1000000,1000000
2017-11-28 13:33:31.799000,1.27907,1.27898,1870000,1500000
2017-11-28 13:33:32.406000,1.27907,1.27897,1870000,2250000
2017-11-28 13:33:38.122000,1.27906,1.27897,1000000,1000000
2017-11-28 13:33:38.225000,1.27904,1.27897,1000000,1000000
2017-11-28 13:33:38.499000,1.27904,1.27894,1000000,3820000
2017-11-28 13:33:39.502000,1.27904,1.27894,1000000,1500000
2017-11-28 13:33:40.034000,1.27902,1.27893,1000000,1570000
2017-11-28 13:33:40.195000,1.27904,1.27894,1500000,1870000
2017-11-28 13:33:40.351000,1.27904,1.27898,1000000,1000000
2017-11-28 13:33:40.521000,1.27907,1.27897,1120000,1000000
2017-11-28 13:33:40.629000,1.27907,1.27899,1200000,1000000
2017-11-28 13:33:41.217000,1.27909,1.279,1950000,1000000
2017-11-28 13:33:41.805000,1.27909,1.27898,1000000,1950000
2017-11-28 13:33:41.857000,1.2791,1.27901,1000000,1000000
2017-11-28 13:33:41.961000,1.27913,1.27903,2250000,1000000
2017-11-28 13:33:42.472000,1.27913,1.27904,2250000,1000000
2017-11-28 13:33:42.678000,1.2791,1.27903,1000000,1000000
2017-11-28 13:33:43.042000,1.2791,1.27901,1500000,1000000
2017-11-28 13:33:43.935000,1.27911,1.27901,1000000,1000000
2017-11-28 13:33:44.222000,1.27913,1.27904,2700000,1000000
2017-11-28 13:33:44.735000,1.27913,1.27903,1500000,1000000
2017-11-28 13:33:47,1.27913,1.27904,1500000,1000000
2017-11-28 13:33:52.654000,1.27912,1.27903,1000000,1100000
2017-11-28 13:33:53.202000,1.27912,1.27902,1500000,2250000
2017-11-28 13:33:54.188000,1.27913,1.27902,1870000,2250000
2017-11-28 13:33:54.779000,1.27913,1.27903,1870000,1000000
2017-11-28 13:33:55.449000,1.27915,1.27906,1450000,1500000
2017-11-28 13:33:55.689000,1.27921,1.27912,1000000,1500000
2017-11-28 13:33:56.209000,1.27925,1.27917,1000000,1000000
2017-11-28 13:33:56.444000,1.27929,1.2792,2100000,1000000
2017-11-28 13:33:56.957000,1.27929,1.2792,1000000,3070000
2017-11-28 13:33:57.498000,1.27929,1.2792,1000000,1570000
2017-11-28 13:34:00.463000,1.27929,1.27919,3970000,1000000
2017-11-28 13:34:00.668000,1.27928,1.27918,3370000,1000000
2017-11-28 13:34:01.189000,1.27928,1.27919,1000000,1000000
2017-11-28 13:34:01.696000,1.27929,1.27919,4200000,1000000
2017-11-28 13:34:03.053000,1.27929,1.27919,6670000,1000000
2017-11-28 13:34:03.362000,1.27921,1.27912,1000000,1950000
2017-11-28 13:34:03.413000,1.27921,1.27912,1000000,1000000
2017-11-28 13:34:03.921000,1.2792,1.27912,1000000,1000000
2017-11-28 13:34:06.513000,1.2792,1.27912,1470000,1000000
2017-11-28 13:34:06.568000,1.27915,1.27906,2250000,2320000
2017-11-28 13:34:06.624000,1.27912,1.27903,1000000,1950000
2017-11-28 13:34:06.679000,1.27912,1.27902,1000000,5250000
2017-11-28 13:34:06.937000,1.2791,1.27902,1000000,1000000
2017-11-28 13:34:10.097000,1.2791,1.279,1000000,3450000
2017-11-28 13:34:10.663000,1.27909,1.279,1000000,1500000
2017-11-28 13:34:11.214000,1.2791,1.27901,1100000,1500000
2017-11-28 13:34:11.643000,1.27912,1.27902,1570000,1000000
2017-11-28 13:34:11.747000,1.27915,1.27907,1450000,1120000
2017-11-28 13:34:11.799000,1.27915,1.27907,1000000,1500000
2017-11-28 13:34:11.852000,1.27915,1.27909,1000000,1000000
2017-11-28 13:34:11.903000,1.27918,1.27909,1100000,1000000
2017-11-28 13:34:12.108000,1.2792,1.27911,1570000,1000000
2017-11-28 13:34:17.042000,1.27919,1.27911,1000000,1000000
2017-11-28 13:34:19.336000,1.27923,1.27914,1570000,1000000
2017-11-28 13:34:19.388000,1.27924,1.27916,1000000,1500000
2017-11-28 13:34:19.440000,1.27926,1.27917,1000000,1500000
2017-11-28 13:34:19.595000,1.27925,1.27914,1000000,1950000
2017-11-28 13:34:20.118000,1.27924,1.27914,1000000,1070000
2017-11-28 13:34:21.395000,1.27922,1.27913,1000000,1200000
2017-11-28 13:34:21.916000,1.27922,1.27913,1000000,1500000
2017-11-28 13:34:22.430000,1.27923,1.27912,1000000,2320000
2017-11-28 13:34:24.705000,1.2792,1.27913,1000000,1570000
2017-11-28 13:34:25.625000,1.27919,1.27912,1000000,1100000
2017-11-28 13:34:26.423000,1.27919,1.2791,1000000,1950000
2017-11-28 13:34:28.295000,1.27919,1.27909,1000000,1000000
2017-11-28 13:34:28.347000,1.27917,1.27909,1000000,1000000
2017-11-28 13:34:29.757000,1.27914,1.27908,1000000,1100000
2017-11-28 13:34:29.983000,1.27913,1.27905,1000000,1000000
2017-11-28 13:34:30.487000,1.27913,1.27904,1000000,1000000
2017-11-28 13:34:31.026000,1.27912,1.27905,1000000,1000000
2017-11-28 13:34:31.282000,1.27912,1.27903,1000000,1000000
2017-11-28 13:34:31.728000,1.27913,1.27906,1500000,1000000
2017-11-28 13:34:31.780000,1.27913,1.27904,1000000,2550000
2017-11-28 13:34:31.831000,1.27914,1.27907,1000000,1000000
2017-11-28 13:34:31.935000,1.27918,1.27909,1120000,1000000
2017-11-28 13:34:32.191000,1.27919,1.27911,2250000,1000000
2017-11-28 13:34:32.701000,1.27919,1.27911,1500000,1000000
2017-11-28 13:34:34.395000,1.27919,1.2791,1000000,1000000
2017-11-28 13:34:36.289000,1.27919,1.27911,1000000,1000000
2017-11-28 13:34:36.824000,1.2792,1.27911,1500000,1000000
2017-11-28 13:34:37.331000,1.2792,1.2791,1500000,1120000
2017-11-28 13:34:37.965000,1.2792,1.27912,1000000,1000000
2017-11-28 13:34:38.491000,1.2792,1.27913,1000000,1000000
2017-11-28 13:34:39.017000,1.2792,1.27912,1000000,1000000
2017-11-28 13:34:48.308000,1.27921,1.27916,1000000,1000000
2017-11-28 13:34:49.038000,1.27921,1.27917,1000000,1000000
2017-11-28 13:34:50.502000,1.27924,1.27918,3070000,1000000
2017-11-28 13:34:50.556000,1.27924,1.2792,1200000,1000000
2017-11-28 13:34:50.608000,1.27926,1.27921,1570000,1000000
2017-11-28 13:34:50.743000,1.27928,1.27923,2250000,1000000
2017-11-28 13:34:50.797000,1.27929,1.27925,1000000,1000000
2017-11-28 13:34:55.742000,1.27929,1.27924,1000000,1000000
2017-11-28 13:34:56.297000,1.27931,1.27924,1500000,1000000
2017-11-28 13:34:57.391000,1.2793,1.27924,1000000,1000000
2017-11-28 13:34:57.704000,1.27932,1.27928,1950000,1000000
2017-11-28 13:34:57.860000,1.27933,1.27927,1000000,1000000
2017-11-28 13:34:57.912000,1.27934,1.27929,1570000,1000000
2017-11-28 13:34:59.484000,1.27932,1.27927,1000000,1000000
2017-11-28 13:35:00.008000,1.27933,1.27929,1500000,1000000
2017-11-28 13:35:00.264000,1.27934,1.27929,1100000,1000000
2017-11-28 13:35:00.418000,1.27935,1.27931,1000000,1000000
2017-11-28 13:35:00.804000,1.27937,1.27932,1500000,1000000
2017-11-28 13:35:00.908000,1.27939,1.27934,1000000,1000000
2017-11-28 13:35:01.217000,1.27941,1.27936,1500000,1000000
2017-11-28 13:35:01.741000,1.27941,1.27937,1000000,1000000
2017-11-28 13:35:02.276000,1.27941,1.27937,1000000,1000000
2017-11-28 13:35:02.864000,1.27942,1.27938,1000000,1000000
2017-11-28 13:35:03.407000,1.27943,1.27939,1100000,1000000
2017-11-28 13:35:04.808000,1.27942,1.27938,1000000,1000000
2017-11-28 13:35:05.337000,1.27943,1.27939,1500000,1000000
2017-11-28 13:35:05.544000,1.27944,1.27939,1100000,1000000
2017-11-28 13:35:05.647000,1.27945,1.27941,1000000,1000000
2017-11-28 13:35:06.067000,1.27948,1.27944,3450000,1000000
2017-11-28 13:35:06.716000,1.27947,1.27941,1000000,1000000
2017-11-28 13:35:09.427000,1.27948,1.27941,1000000,1500000
2017-11-28 13:35:09.479000,1.2795,1.27946,1100000,1000000
2017-11-28 13:35:09.795000,1.27952,1.27948,1000000,1000000
2017-11-28 13:35:10.308000,1.27953,1.27949,1000000,1000000
2017-11-28 13:35:11.319000,1.27954,1.27949,1000000,1000000
2017-11-28 13:35:11.823000,1.27954,1.2795,1000000,1000000
2017-11-28 13:35:13.149000,1.27957,1.27953,1100000,1000000
2017-11-28 13:35:13.202000,1.27958,1.27953,1000000,1000000
2017-11-28 13:35:13.254000,1.27959,1.27954,3300000,1000000
2017-11-28 13:35:13.896000,1.27959,1.27955,1000000,1000000
2017-11-28 13:35:15.071000,1.2796,1.27956,1500000,1000000
2017-11-28 13:35:15.424000,1.27959,1.27954,1000000,1000000
2017-11-28 13:35:15.527000,1.27958,1.27949,3670000,1000000
2017-11-28 13:35:15.579000,1.27954,1.27949,1000000,1000000
2017-11-28 13:35:15.683000,1.27954,1.27947,1000000,1000000
2017-11-28 13:35:15.812000,1.27955,1.27949,1000000,1000000
2017-11-28 13:35:16.360000,1.27955,1.27948,1000000,1000000
2017-11-28 13:35:16.672000,1.27955,1.2795,1000000,1000000
2017-11-28 13:35:17.294000,1.27953,1.27948,1000000,1000000
2017-11-28 13:35:17.909000,1.27951,1.27947,1000000,1000000
2017-11-28 13:35:18.009000,1.2795,1.27942,1350000,1100000
2017-11-28 13:35:18.061000,1.27949,1.2794,1950000,1000000
2017-11-28 13:35:18.368000,1.27949,1.27942,1950000,1000000
2017-11-28 13:35:18.470000,1.27949,1.27938,1570000,1120000
2017-11-28 13:35:21.988000,1.27949,1.27939,1200000,1000000
2017-11-28 13:35:23.190000,1.27949,1.27938,1100000,1500000
2017-11-28 13:35:23.420000,1.27948,1.27937,2920000,2250000
2017-11-28 13:35:23.931000,1.27945,1.27936,1000000,1000000
2017-11-28 13:35:24.289000,1.27944,1.27934,3070000,1000000
2017-11-28 13:35:25.067000,1.27943,1.27934,1000000,1000000
2017-11-28 13:35:25.728000,1.27944,1.27934,3000000,1000000
2017-11-28 13:35:26.262000,1.27943,1.27934,1000000,1000000
2017-11-28 13:35:26.549000,1.27945,1.27937,1570000,1000000
2017-11-28 13:35:26.924000,1.27944,1.27935,1000000,1100000
2017-11-28 13:35:27.982000,1.27944,1.27933,2250000,1000000
2017-11-28 13:35:28.298000,1.27944,1.27935,1500000,1000000
2017-11-28 13:35:29.228000,1.27944,1.27934,3450000,1500000
2017-11-28 13:35:30.980000,1.27944,1.27933,3640000,1000000
2017-11-28 13:35:31.474000,1.27942,1.27933,1500000,1000000
2017-11-28 13:35:31.992000,1.27941,1.27933,1000000,1000000
2017-11-28 13:35:32.498000,1.27942,1.27933,1120000,1000000
2017-11-28 13:35:33.736000,1.27941,1.27933,1000000,1000000
2017-11-28 13:35:34.359000,1.27942,1.27933,1000000,1000000
2017-11-28 13:35:34.738000,1.27942,1.27937,2620000,1000000
2017-11-28 13:35:34.841000,1.27945,1.27939,1000000,1870000
2017-11-28 13:35:34.894000,1.27949,1.27941,2320000,1000000
2017-11-28 13:35:35.080000,1.27947,1.27937,1000000,1870000
2017-11-28 13:35:35.388000,1.27945,1.27936,1000000,1000000
2017-11-28 13:35:37.168000,1.27946,1.27937,1000000,1500000
2017-11-28 13:35:37.552000,1.27949,1.2794,1570000,1500000
2017-11-28 13:35:38.645000,1.27949,1.2794,1950000,1500000
2017-11-28 13:35:39.186000,1.27949,1.2794,1500000,1500000
2017-11-28 13:35:42.797000,1.27946,1.27938,1000000,1000000
2017-11-28 13:35:42.905000,1.27946,1.27936,3450000,1000000
2017-11-28 13:35:43.632000,1.27945,1.27936,1950000,1000000
2017-11-28 13:35:44.292000,1.27945,1.27936,1100000,1000000
2017-11-28 13:35:46.283000,1.27946,1.27936,1100000,1000000
2017-11-28 13:35:47.883000,1.27946,1.27936,1200000,1000000
2017-11-28 13:35:49.172000,1.27946,1.27936,1000000,1120000
2017-11-28 13:35:49.224000,1.27945,1.27938,1000000,1000000
2017-11-28 13:35:49.276000,1.27947,1.27939,2250000,1500000
2017-11-28 13:35:49.328000,1.27949,1.27941,1200000,1000000
2017-11-28 13:35:49.511000,1.27951,1.27942,1950000,1000000
2017-11-28 13:35:50.021000,1.2795,1.27941,1570000,1000000
2017-11-28 13:35:50.490000,1.27948,1.2794,1000000,1500000
2017-11-28 13:35:50.933000,1.27945,1.27939,1000000,1000000
2017-11-28 13:35:53.788000,1.27946,1.27942,1000000,1000000
2017-11-28 13:35:53.943000,1.27947,1.27941,1000000,1000000
2017-11-28 13:35:53.996000,1.27945,1.27938,1000000,1870000
2017-11-28 13:35:54.049000,1.27943,1.27938,1000000,1870000
2017-11-28 13:35:54.562000,1.27942,1.27937,1000000,1000000
2017-11-28 13:35:54.870000,1.2794,1.27936,1000000,1000000
2017-11-28 13:35:57.546000,1.27942,1.27937,1000000,1000000
2017-11-28 13:36:00.625000,1.27941,1.27935,1000000,1500000
2017-11-28 13:36:01.430000,1.27942,1.27935,1000000,1000000
2017-11-28 13:36:06.070000,1.27943,1.27935,1000000,1000000
2017-11-28 13:36:06.725000,1.27941,1.27935,1000000,1500000
2017-11-28 13:36:08.177000,1.27943,1.27935,1000000,1000000
2017-11-28 13:36:08.744000,1.27942,1.27935,1500000,1000000
2017-11-28 13:36:10.507000,1.27939,1.27935,1000000,1000000
2017-11-28 13:36:11.519000,1.27942,1.27938,1500000,1000000
2017-11-28 13:36:11.571000,1.27941,1.27937,1000000,1000000
2017-11-28 13:36:11.624000,1.27941,1.27936,1000000,1500000
2017-11-28 13:36:14.639000,1.27945,1.27941,1500000,1000000
2017-11-28 13:36:14.691000,1.27946,1.27941,1000000,1500000
2017-11-28 13:36:15.223000,1.27946,1.2794,1000000,1000000
2017-11-28 13:36:18.498000,1.27945,1.2794,1000000,1000000
2017-11-28 13:36:21.008000,1.27945,1.27938,1000000,1100000
2017-11-28 13:36:21.634000,1.27944,1.27937,1000000,1870000
2017-11-28 13:36:22.350000,1.27942,1.27937,1000000,1120000
2017-11-28 13:36:22.996000,1.27942,1.27937,1000000,1870000
2017-11-28 13:36:23.688000,1.27945,1.2794,1000000,1500000
2017-11-28 13:36:23.740000,1.27947,1.2794,1000000,1000000
2017-11-28 13:36:24.276000,1.27946,1.2794,1000000,1000000
2017-11-28 13:36:25.470000,1.27945,1.2794,1000000,1000000
2017-11-28 13:36:25.573000,1.27945,1.27938,1000000,1500000
2017-11-28 13:36:26.461000,1.27945,1.27937,1000000,2250000
2017-11-28 13:36:28.266000,1.27945,1.27937,1000000,2250000
2017-11-28 13:36:29.013000,1.27942,1.27938,1000000,1000000
2017-11-28 13:36:29.536000,1.27942,1.27937,1000000,2250000
2017-11-28 13:36:30.097000,1.27945,1.27937,1000000,1500000
2017-11-28 13:36:30.625000,1.27945,1.27937,1000000,3750000
2017-11-28 13:36:31.150000,1.27944,1.27937,1000000,2250000
2017-11-28 13:36:31.755000,1.27944,1.27939,1000000,1000000
2017-11-28 13:36:33.294000,1.27946,1.27941,1000000,1000000
2017-11-28 13:36:33.551000,1.27948,1.27941,1000000,1000000
2017-11-28 13:36:33.758000,1.27948,1.27943,1000000,1000000
2017-11-28 13:36:34.937000,1.27947,1.27939,1000000,1570000
2017-11-28 13:36:34.992000,1.27945,1.27939,1000000,1000000
2017-11-28 13:36:35.513000,1.27945,1.27938,1000000,3000000
2017-11-28 13:36:36.568000,1.27944,1.27939,1000000,1000000
2017-11-28 13:36:36.880000,1.27955,1.27951,1000000,1120000
2017-11-28 13:36:37.010000,1.27952,1.27947,1000000,1200000
2017-11-28 13:36:37.062000,1.27956,1.27947,1000000,4500000
2017-11-28 13:36:37.575000,1.27957,1.27947,1100000,1500000
2017-11-28 13:36:38.925000,1.27958,1.27947,1000000,1500000
2017-11-28 13:36:39.459000,1.27958,1.27947,2320000,1000000
2017-11-28 13:36:40.214000,1.27957,1.27947,1200000,1000000
2017-11-28 13:36:40.317000,1.27956,1.27945,2170000,1000000
2017-11-28 13:36:40.368000,1.27954,1.27944,1000000,1500000
2017-11-28 13:36:40.721000,1.27956,1.27947,1100000,1000000
2017-11-28 13:36:41.232000,1.27957,1.27947,1420000,1500000
2017-11-28 13:36:41.737000,1.27956,1.27946,1000000,1870000
2017-11-28 13:36:42.255000,1.27956,1.27947,1500000,1000000
2017-11-28 13:36:42.906000,1.27956,1.27946,1570000,1000000
2017-11-28 13:36:43.485000,1.27955,1.27945,1000000,4500000
2017-11-28 13:36:44.003000,1.27955,1.27946,1000000,2620000
2017-11-28 13:36:45.368000,1.27957,1.27949,1100000,4120000
2017-11-28 13:36:45.576000,1.27961,1.27951,1000000,2250000
2017-11-28 13:36:46.197000,1.27961,1.27952,1100000,1000000
2017-11-28 13:36:47.106000,1.27964,1.27953,3450000,1500000
2017-11-28 13:36:47.158000,1.27964,1.27954,3070000,1500000
2017-11-28 13:36:47.676000,1.27964,1.27953,1950000,1870000
2017-11-28 13:36:48.226000,1.27964,1.27954,1000000,1000000
2017-11-28 13:36:48.758000,1.27965,1.27953,1950000,3450000
2017-11-28 13:36:48.964000,1.27965,1.27955,1000000,1000000
2017-11-28 13:36:49.274000,1.27966,1.27957,1000000,1000000
2017-11-28 13:36:49.785000,1.27966,1.27956,1000000,2250000
2017-11-28 13:36:50.299000,1.27966,1.27957,1100000,1000000
2017-11-28 13:36:51.091000,1.27967,1.27956,4200000,1000000
2017-11-28 13:36:51.398000,1.27964,1.27954,1120000,1500000
2017-11-28 13:36:52.615000,1.27966,1.27961,1000000,2250000
2017-11-28 13:36:52.667000,1.2797,1.27964,1500000,1570000
2017-11-28 13:36:52.719000,1.27972,1.27964,1120000,1950000
2017-11-28 13:36:52.875000,1.27974,1.27969,1000000,1000000
2017-11-28 13:36:52.978000,1.27987,1.27977,1500000,1570000
2017-11-28 13:36:53.030000,1.27988,1.27983,2620000,1200000
2017-11-28 13:36:53.082000,1.2799,1.27984,1500000,1100000
2017-11-28 13:36:53.281000,1.27987,1.27982,1000000,2250000
2017-11-28 13:36:53.488000,1.27987,1.27976,1500000,4950000
2017-11-28 13:36:54.014000,1.27985,1.27976,1000000,1450000
2017-11-28 13:36:54.067000,1.27985,1.27975,1000000,2320000
2017-11-28 13:36:54.579000,1.27984,1.27974,1500000,1450000
2017-11-28 13:36:55.216000,1.27983,1.27973,1000000,3070000
2017-11-28 13:36:55.742000,1.27984,1.27975,1500000,1450000
2017-11-28 13:36:56.282000,1.27987,1.27977,2620000,1000000
2017-11-28 13:36:56.386000,1.27987,1.27977,2620000,1450000
2017-11-28 13:36:57.560000,1.27985,1.27974,1500000,3070000
2017-11-28 13:36:57.664000,1.27985,1.27975,1500000,1450000
2017-11-28 13:36:58.696000,1.27986,1.27975,3790000,1950000
2017-11-28 13:36:59.579000,1.27983,1.27974,1600000,1450000
2017-11-28 13:36:59.684000,1.27982,1.27973,1000000,1450000
2017-11-28 13:36:59.788000,1.2798,1.27971,1000000,1450000
2017-11-28 13:37:00.329000,1.27981,1.27971,2770000,1200000
2017-11-28 13:37:00.636000,1.27979,1.2797,1000000,1950000
2017-11-28 13:37:01.189000,1.2798,1.27971,1190000,1200000
2017-11-28 13:37:01.501000,1.2798,1.27971,1640000,1450000
2017-11-28 13:37:02.029000,1.2798,1.27971,1000000,1450000
2017-11-28 13:37:02.827000,1.27981,1.27971,1190000,2700000
2017-11-28 13:37:03.138000,1.27983,1.27973,3140000,1950000
2017-11-28 13:37:03.348000,1.27984,1.27975,1000000,1470000
2017-11-28 13:37:03.400000,1.27987,1.27977,2100000,1100000
2017-11-28 13:37:03.453000,1.27988,1.27977,1570000,2700000
2017-11-28 13:37:03.983000,1.27989,1.27985,1000000,1500000
2017-11-28 13:37:04.035000,1.27994,1.27986,1500000,1500000
2017-11-28 13:37:04.586000,1.27993,1.27986,1000000,1570000
2017-11-28 13:37:05.122000,1.27994,1.27986,1500000,1200000
2017-11-28 13:37:05.793000,1.27992,1.27982,1500000,2320000
2017-11-28 13:37:05.930000,1.27991,1.27981,1500000,1820000
2017-11-28 13:37:06.476000,1.27991,1.27982,1000000,1100000
2017-11-28 13:37:06.936000,1.27991,1.27984,1000000,1100000
2017-11-28 13:37:07.468000,1.27991,1.27984,1000000,1100000
2017-11-28 13:37:07.804000,1.27991,1.27981,1000000,1950000
2017-11-28 13:37:08.326000,1.27991,1.27981,1000000,1120000
2017-11-28 13:37:09.275000,1.27991,1.27982,1000000,1000000
2017-11-28 13:37:09.539000,1.27992,1.27982,1000000,2250000
2017-11-28 13:37:10.062000,1.27992,1.27981,2250000,2250000
2017-11-28 13:37:10.567000,1.27991,1.27981,1000000,3000000
2017-11-28 13:37:11.082000,1.27991,1.27983,1000000,1000000
2017-11-28 13:37:11.378000,1.27994,1.27985,1000000,1120000
2017-11-28 13:37:13.089000,1.27995,1.27987,1000000,2250000
2017-11-28 13:37:13.193000,1.28,1.27991,1000000,1500000
2017-11-28 13:37:15.410000,1.27999,1.27991,1000000,1000000
2017-11-28 13:37:16.034000,1.28,1.27991,2250000,1000000
2017-11-28 13:37:16.692000,1.27999,1.27991,1000000,1000000
2017-11-28 13:37:16.948000,1.27999,1.27989,1600000,1000000
2017-11-28 13:37:17.449000,1.28,1.27991,1500000,1000000
2017-11-28 13:37:17.815000,1.27994,1.27988,1000000,1200000
2017-11-28 13:37:17.868000,1.27995,1.27985,2620000,2250000
2017-11-28 13:37:18.385000,1.27994,1.27985,2250000,1000000
2017-11-28 13:37:19.290000,1.27993,1.27985,1000000,1000000
2017-11-28 13:37:19.444000,1.27993,1.27982,1500000,3070000
2017-11-28 13:37:20.312000,1.27992,1.27983,1000000,1120000
2017-11-28 13:37:21.351000,1.27992,1.27982,1000000,2320000
2017-11-28 13:37:21.506000,1.27995,1.27985,2320000,4120000
2017-11-28 13:37:22.019000,1.27994,1.27984,1000000,1120000
2017-11-28 13:37:22.620000,1.27993,1.27983,1000000,1870000
2017-11-28 13:37:23.719000,1.27992,1.27983,1000000,1120000
2017-11-28 13:37:24.242000,1.27993,1.27983,1570000,1000000
2017-11-28 13:37:24.779000,1.27992,1.27983,1000000,1000000
2017-11-28 13:37:26.077000,1.27991,1.27981,1000000,1950000
2017-11-28 13:37:26.365000,1.27993,1.27982,1870000,2620000
2017-11-28 13:37:26.827000,1.27994,1.27985,2700000,1000000
2017-11-28 13:37:27.516000,1.27994,1.27985,1000000,2320000
2017-11-28 13:37:28.082000,1.27994,1.27984,1500000,1120000
2017-11-28 13:37:28.766000,1.27992,1.27983,1000000,1000000
2017-11-28 13:37:29.310000,1.27992,1.27982,2250000,1500000
2017-11-28 13:37:29.747000,1.27994,1.27987,1500000,4350000
2017-11-28 13:37:29.799000,1.27998,1.27993,1000000,1000000
2017-11-28 13:37:29.903000,1.28003,1.27994,1500000,1120000
2017-11-28 13:37:29.957000,1.28003,1.27997,1500000,2250000
2017-11-28 13:37:30.165000,1.28005,1.27997,1100000,3000000
2017-11-28 13:37:30.674000,1.28004,1.27997,1090000,2250000
2017-11-28 13:37:31.183000,1.28004,1.27997,1340000,2250000
2017-11-28 13:37:31.817000,1.28003,1.27994,1500000,1070000
2017-11-28 13:37:32.174000,1.28003,1.27993,2590000,1500000
2017-11-28 13:37:32.678000,1.28,1.27993,1000000,1000000
2017-11-28 13:37:32.946000,1.27997,1.27988,1500000,1100000
2017-11-28 13:37:33.050000,1.27995,1.27987,1000000,1000000
2017-11-28 13:37:33.358000,1.27997,1.27992,1000000,1000000
2017-11-28 13:37:33.938000,1.28001,1.27994,4570000,1000000
2017-11-28 13:37:34.621000,1.27999,1.27994,1000000,1000000
2017-11-28 13:37:34.675000,1.28002,1.27997,1000000,1000000
2017-11-28 13:37:35.296000,1.28004,1.27997,1000000,1000000
2017-11-28 13:37:36.197000,1.28004,1.27999,1000000,1000000
2017-11-28 13:37:36.813000,1.28002,1.27997,1000000,1000000
2017-11-28 13:37:36.916000,1.28001,1.27995,1500000,1000000
2017-11-28 13:37:37.424000,1.28,1.27995,1000000,1000000
2017-11-28 13:37:38.101000,1.28001,1.27995,2250000,1000000
2017-11-28 13:37:38.712000,1.28,1.27995,1000000,1000000
2017-11-28 13:37:39.006000,1.28002,1.27995,1500000,1000000
2017-11-28 13:37:39.264000,1.28002,1.27998,1000000,1000000
2017-11-28 13:37:39.368000,1.28006,1.28001,1570000,1000000
2017-11-28 13:37:39.419000,1.28004,1.28,1000000,1000000
2017-11-28 13:37:39.472000,1.28009,1.28003,3070000,1000000
2017-11-28 13:37:39.575000,1.28011,1.28007,2250000,1000000
2017-11-28 13:37:39.677000,1.28011,1.28004,2170000,1000000
2017-11-28 13:37:39.883000,1.28009,1.28004,1000000,1000000
2017-11-28 13:37:40.079000,1.28007,1.28,1500000,1000000
2017-11-28 13:37:40.284000,1.28007,1.28002,1570000,1000000
2017-11-28 13:37:40.907000,1.28004,1.28,1000000,1000000
2017-11-28 13:37:40.959000,1.28004,1.27997,1000000,2320000
2017-11-28 13:37:41.455000,1.28004,1.27999,1870000,1000000
2017-11-28 13:37:41.766000,1.28006,1.28002,1120000,1000000
2017-11-28 13:37:41.820000,1.28007,1.28002,1100000,1000000
2017-11-28 13:37:42.128000,1.28007,1.28,1000000,1500000
2017-11-28 13:37:42.262000,1.28007,1.28002,1000000,1000000
2017-11-28 13:37:42.581000,1.28009,1.28005,3070000,1000000
2017-11-28 13:37:43.093000,1.28008,1.28004,1350000,1000000
2017-11-28 13:37:43.726000,1.28007,1.28001,1000000,1000000
2017-11-28 13:37:43.930000,1.28007,1.27998,1500000,1000000
2017-11-28 13:37:44.615000,1.28007,1.27999,1000000,1000000
2017-11-28 13:37:45.306000,1.28007,1.27998,1500000,1000000
2017-11-28 13:37:45.357000,1.28005,1.27998,1000000,1000000
2017-11-28 13:37:45.871000,1.28004,1.27996,1000000,1570000
2017-11-28 13:37:46.391000,1.28005,1.27996,1950000,1000000
2017-11-28 13:37:46.897000,1.28004,1.27996,1500000,1000000
2017-11-28 13:37:52.950000,1.28005,1.27998,1500000,1000000
2017-11-28 13:37:53.053000,1.28005,1.27996,1000000,3000000
2017-11-28 13:37:53.595000,1.28004,1.27996,2250000,1000000
2017-11-28 13:37:54.657000,1.28007,1.28,1570000,1000000
2017-11-28 13:37:55.602000,1.28007,1.27998,1000000,1870000
2017-11-28 13:37:56.365000,1.28007,1.27999,1570000,1000000
2017-11-28 13:37:56.867000,1.28006,1.27999,1000000,1000000
2017-11-28 13:37:59.580000,1.28007,1.27997,2250000,1950000
2017-11-28 13:37:59.634000,1.28007,1.27999,2250000,1000000
2017-11-28 13:38:00.052000,1.2801,1.28001,1500000,1000000
2017-11-28 13:38:00.605000,1.28011,1.28001,2620000,1500000
2017-11-28 13:38:01.216000,1.2801,1.28001,1000000,1500000
2017-11-28 13:38:02.079000,1.28011,1.28001,1500000,1000000
2017-11-28 13:38:02.638000,1.2801,1.28001,1500000,1500000
2017-11-28 13:38:11.162000,1.28012,1.28002,2320000,1000000
2017-11-28 13:38:12.547000,1.28013,1.28004,6670000,1000000
2017-11-28 13:38:12.703000,1.28015,1.28005,2620000,1000000
2017-11-28 13:38:12.849000,1.28016,1.28008,1000000,1500000
2017-11-28 13:38:13.362000,1.28016,1.28009,1000000,1500000
2017-11-28 13:38:13.755000,1.2802,1.28009,3820000,1500000
2017-11-28 13:38:14.296000,1.2802,1.28009,1100000,1000000
2017-11-28 13:38:15.266000,1.28019,1.28009,1350000,1100000
2017-11-28 13:38:15.777000,1.2802,1.2801,2320000,1000000
2017-11-28 13:38:17.550000,1.28019,1.2801,1000000,1500000
2017-11-28 13:38:19.922000,1.28019,1.28012,1000000,1000000
2017-11-28 13:38:20.898000,1.28019,1.2801,1000000,1000000
2017-11-28 13:38:21.752000,1.2802,1.28011,1120000,1000000
2017-11-28 13:38:23.235000,1.28021,1.28013,3000000,1000000
2017-11-28 13:38:23.486000,1.28021,1.28011,1000000,1000000
2017-11-28 13:38:25.744000,1.28021,1.28012,3070000,1000000
2017-11-28 13:38:26.255000,1.28021,1.28011,2250000,1500000
2017-11-28 13:38:26.688000,1.28021,1.28013,1000000,1500000
2017-11-28 13:38:26.911000,1.28021,1.28011,1500000,3000000
2017-11-28 13:38:27.065000,1.28022,1.28014,1500000,1000000
2017-11-28 13:38:27.274000,1.2803,1.28019,1000000,3750000
2017-11-28 13:38:27.787000,1.28016,1.28014,2620000,1000000
2017-11-28 13:38:27.839000,1.28012,1.28005,1500000,1450000
2017-11-28 13:38:27.990000,1.28008,1.28002,1350000,3000000
2017-11-28 13:38:28.042000,1.28005,1.27997,2620000,1200000
2017-11-28 13:38:28.145000,1.28004,1.27994,1370000,1950000
2017-11-28 13:38:28.557000,1.28003,1.27993,2060000,1100000
2017-11-28 13:38:28.660000,1.28001,1.27991,1000000,1570000
2017-11-28 13:38:28.814000,1.28003,1.27994,2250000,1000000
2017-11-28 13:38:29.857000,1.28003,1.27995,1500000,1000000
2017-11-28 13:38:30.420000,1.28003,1.27995,1730000,1500000
2017-11-28 13:38:31.033000,1.28003,1.27995,1140000,1500000
2017-11-28 13:38:31.563000,1.28003,1.27995,1100000,1000000
2017-11-28 13:38:32.132000,1.28003,1.27995,1140000,1000000
2017-11-28 13:38:32.343000,1.28,1.27995,1000000,1200000
2017-11-28 13:38:32.502000,1.27998,1.2799,1000000,1500000
2017-11-28 13:38:33.320000,1.27998,1.2799,1100000,1000000
2017-11-28 13:38:33.492000,1.27998,1.27992,1140000,1000000
2017-11-28 13:38:34.006000,1.27998,1.27992,1100000,1000000
2017-11-28 13:38:34.587000,1.27998,1.27992,1000000,1000000
2017-11-28 13:38:34.692000,1.28,1.27993,1000000,1000000
2017-11-28 13:38:34.796000,1.28001,1.27991,1500000,1000000
2017-11-28 13:38:35.207000,1.28001,1.27994,1000000,1000000
2017-11-28 13:38:35.723000,1.28,1.27991,1000000,1200000
2017-11-28 13:38:36.246000,1.28,1.27991,1120000,1100000
2017-11-28 13:38:36.451000,1.28001,1.27993,1000000,1000000
2017-11-28 13:38:36.992000,1.28,1.27993,1000000,1000000
2017-11-28 13:38:38.038000,1.28,1.27991,1000000,1950000
2017-11-28 13:38:38.596000,1.28001,1.27992,1500000,1500000
2017-11-28 13:38:38.650000,1.27999,1.2799,1000000,1570000
2017-11-28 13:38:38.806000,1.27999,1.27988,1350000,3820000
2017-11-28 13:38:39.267000,1.27999,1.27991,1000000,1000000
2017-11-28 13:38:39.624000,1.28001,1.27992,1000000,2250000
2017-11-28 13:38:39.727000,1.28001,1.27994,1000000,1120000
2017-11-28 13:38:40.256000,1.28002,1.27994,1000000,1000000
2017-11-28 13:38:41.762000,1.28002,1.27993,1000000,1870000
2017-11-28 13:38:42.239000,1.28004,1.27993,1000000,2620000
2017-11-28 13:38:42.746000,1.28003,1.27993,1000000,1120000
2017-11-28 13:38:43.037000,1.28008,1.28,1870000,1000000
2017-11-28 13:38:43.549000,1.2801,1.28001,3000000,1500000
2017-11-28 13:38:43.956000,1.28011,1.28001,2550000,1000000
2017-11-28 13:38:44.467000,1.2801,1.28,1000000,1120000
2017-11-28 13:38:45.025000,1.28011,1.28,2550000,1120000
2017-11-28 13:38:46.314000,1.2801,1.28,1100000,1120000
2017-11-28 13:38:46.825000,1.28011,1.28,3300000,1120000
2017-11-28 13:38:47.921000,1.2801,1.28,1000000,1120000
2017-11-28 13:38:48.389000,1.28012,1.28004,1200000,1000000
2017-11-28 13:38:48.742000,1.28012,1.28002,1000000,1200000
2017-11-28 13:38:49.289000,1.28011,1.28003,1000000,1000000
2017-11-28 13:38:53.946000,1.28011,1.28002,1000000,1500000
2017-11-28 13:38:56.254000,1.28013,1.28004,1000000,1000000
2017-11-28 13:38:56.764000,1.28014,1.28004,1000000,1000000
2017-11-28 13:38:58.148000,1.28016,1.28008,1950000,1000000
2017-11-28 13:38:58.201000,1.28018,1.28007,1120000,1950000
2017-11-28 13:38:58.255000,1.28018,1.2801,1000000,1000000
2017-11-28 13:38:58.871000,1.28019,1.2801,1000000,1120000
2017-11-28 13:38:59.097000,1.28021,1.28011,1500000,1000000
2017-11-28 13:39:00.642000,1.28024,1.28017,1570000,1000000
2017-11-28 13:39:00.695000,1.28026,1.28018,1000000,1000000
2017-11-28 13:39:00.799000,1.28028,1.28021,1500000,1120000
2017-11-28 13:39:00.852000,1.2803,1.28019,1510000,3000000
2017-11-28 13:39:01.382000,1.2803,1.2802,1500000,1000000
2017-11-28 13:39:01.984000,1.28029,1.2802,1000000,1000000
2017-11-28 13:39:02.635000,1.28028,1.2802,1000000,1000000
2017-11-28 13:39:07.152000,1.28028,1.2802,2850000,1000000
2017-11-28 13:39:07.254000,1.28028,1.28018,3600000,1500000
2017-11-28 13:39:07.788000,1.28028,1.28019,1500000,1000000
2017-11-28 13:39:08.198000,1.2803,1.2802,3600000,1000000
2017-11-28 13:39:10.320000,1.28032,1.28024,1000000,1500000
2017-11-28 13:39:10.527000,1.28031,1.28022,2100000,1120000
2017-11-28 13:39:11.039000,1.2803,1.28021,1000000,1000000
2017-11-28 13:39:11.662000,1.2803,1.28021,2250000,1370000
2017-11-28 13:39:12.259000,1.2803,1.28021,1500000,1120000
2017-11-28 13:39:16.315000,1.28029,1.28021,1350000,1000000
2017-11-28 13:39:16.863000,1.28029,1.2802,1350000,1120000
2017-11-28 13:39:17.222000,1.28022,1.28017,2100000,2320000
2017-11-28 13:39:17.616000,1.2802,1.28017,2250000,1000000
2017-11-28 13:39:17.874000,1.2802,1.28014,1000000,1000000
2017-11-28 13:39:17.977000,1.28018,1.2801,1500000,1000000
2017-11-28 13:39:18.674000,1.28018,1.28009,2850000,1120000
2017-11-28 13:39:19.220000,1.28017,1.2801,1350000,1000000
2017-11-28 13:39:20.706000,1.28018,1.28009,3600000,3370000
2017-11-28 13:39:21.610000,1.28018,1.28011,1350000,1000000
2017-11-28 13:39:22.177000,1.28019,1.28011,2850000,1000000
2017-11-28 13:39:22.701000,1.28018,1.2801,1000000,3370000
2017-11-28 13:39:24.088000,1.28019,1.2801,2850000,3370000
2017-11-28 13:39:24.734000,1.28018,1.2801,1000000,3370000
2017-11-28 13:39:25.396000,1.28019,1.28011,2850000,1000000
2017-11-28 13:39:25.972000,1.28018,1.28011,1500000,1000000
2017-11-28 13:39:26.703000,1.28019,1.28011,2850000,1500000
2017-11-28 13:39:26.756000,1.28018,1.28012,1000000,1370000
2017-11-28 13:39:27.165000,1.28017,1.28011,2100000,1500000
2017-11-28 13:39:27.668000,1.28017,1.28011,2100000,1000000
2017-11-28 13:39:28.217000,1.28017,1.2801,2100000,1120000
2017-11-28 13:39:29.101000,1.28018,1.2801,1350000,1120000
2017-11-28 13:39:29.742000,1.28019,1.2801,2100000,1120000
2017-11-28 13:39:30.264000,1.28018,1.2801,1500000,1120000
2017-11-28 13:39:30.581000,1.28018,1.28012,1000000,1000000
2017-11-28 13:39:31.112000,1.28019,1.28012,2100000,1000000
2017-11-28 13:39:31.647000,1.28018,1.28012,2100000,1000000
2017-11-28 13:39:32.651000,1.28017,1.28012,1000000,1000000
2017-11-28 13:39:33.268000,1.28018,1.28012,2100000,1000000
2017-11-28 13:39:35.054000,1.28017,1.28012,1000000,1000000
2017-11-28 13:39:35.698000,1.28018,1.28012,1350000,1000000
2017-11-28 13:39:36.239000,1.28017,1.28012,1000000,1000000
2017-11-28 13:39:37.172000,1.28018,1.28012,2100000,1000000
2017-11-28 13:39:37.718000,1.28017,1.28012,1000000,1000000
2017-11-28 13:39:38.020000,1.28019,1.28012,1350000,1000000
2017-11-28 13:39:38.580000,1.28018,1.28012,1500000,1500000
2017-11-28 13:39:39.225000,1.28019,1.28012,2100000,1500000
2017-11-28 13:39:40.065000,1.28018,1.28012,1000000,1500000
2017-11-28 13:39:40.965000,1.28019,1.28012,2100000,1500000
2017-11-28 13:39:41.903000,1.28018,1.28012,1000000,1500000
2017-11-28 13:39:42.428000,1.28019,1.28012,2100000,1500000
2017-11-28 13:39:42.984000,1.28018,1.28012,1000000,1500000
2017-11-28 13:39:43.516000,1.28017,1.28012,1000000,1500000
2017-11-28 13:39:44.085000,1.28018,1.28012,2100000,1500000
2017-11-28 13:39:44.611000,1.28017,1.28012,1000000,1500000
2017-11-28 13:39:45.226000,1.28018,1.28012,1000000,1500000
2017-11-28 13:39:47.985000,1.28019,1.28012,2100000,1500000
2017-11-28 13:39:48.505000,1.28018,1.28012,1000000,1500000
2017-11-28 13:39:49.017000,1.28017,1.28011,1000000,1000000
2017-11-28 13:39:49.556000,1.28018,1.28011,2850000,1500000
2017-11-28 13:39:50.214000,1.28017,1.28011,1000000,1000000
2017-11-28 13:39:51.242000,1.28018,1.28012,1000000,1000000
2017-11-28 13:39:51.294000,1.28021,1.28013,1000000,1200000
2017-11-28 13:39:51.346000,1.28022,1.28015,1000000,1500000
2017-11-28 13:39:51.666000,1.28021,1.28013,2100000,1950000
2017-11-28 13:39:51.871000,1.28021,1.28015,2100000,1000000
2017-11-28 13:39:52.417000,1.2802,1.28015,1500000,1000000
2017-11-28 13:39:53.297000,1.28021,1.28015,2100000,1000000
2017-11-28 13:39:53.805000,1.2802,1.28015,1000000,1000000
2017-11-28 13:39:54.358000,1.2802,1.28013,1000000,1500000
2017-11-28 13:39:54.909000,1.28021,1.28013,1000000,1000000
2017-11-28 13:39:55.558000,1.2802,1.28013,1000000,1000000
2017-11-28 13:39:56.004000,1.28021,1.28015,1000000,1000000
2017-11-28 13:39:56.057000,1.28023,1.28015,1350000,1120000
2017-11-28 13:39:56.564000,1.28023,1.28016,1350000,1500000
2017-11-28 13:39:57.188000,1.28022,1.28016,1000000,1000000
2017-11-28 13:39:57.343000,1.28021,1.28014,1500000,1000000
2017-11-28 13:39:57.875000,1.28022,1.28013,3600000,2250000
2017-11-28 13:39:58.632000,1.28024,1.28014,6600000,1000000
2017-11-28 13:39:59.201000,1.28023,1.28013,1000000,1500000
2017-11-28 13:39:59.829000,1.28024,1.28017,1000000,1000000
2017-11-28 13:39:59.932000,1.28027,1.28017,2100000,3070000
2017-11-28 13:39:59.983000,1.28027,1.28019,1350000,1000000
2017-11-28 13:40:00.573000,1.28028,1.28019,2850000,1000000
2017-11-28 13:40:01.433000,1.28027,1.28019,1000000,1000000
2017-11-28 13:40:01.954000,1.28028,1.28019,2250000,1000000
2017-11-28 13:40:02.890000,1.28029,1.28019,4350000,1000000
2017-11-28 13:40:03.531000,1.28029,1.2802,4350000,1000000
2017-11-28 13:40:04.948000,1.2803,1.2802,2250000,1000000
2017-11-28 13:40:05.559000,1.28029,1.2802,1500000,1000000
2017-11-28 13:40:06.200000,1.2803,1.2802,3000000,1000000
2017-11-28 13:40:06.786000,1.28029,1.2802,1000000,1000000
2017-11-28 13:40:07.428000,1.2803,1.2802,3000000,1000000
2017-11-28 13:40:07.986000,1.28028,1.2802,1000000,1000000
2017-11-28 13:40:08.863000,1.28028,1.28019,1500000,1000000
2017-11-28 13:40:09.409000,1.28028,1.2802,1000000,1000000
2017-11-28 13:40:09.967000,1.28029,1.2802,1120000,1000000
2017-11-28 13:40:10.498000,1.28028,1.2802,1000000,1000000
2017-11-28 13:40:10.961000,1.2803,1.2802,2850000,1000000
2017-11-28 13:40:11.501000,1.28029,1.2802,1000000,1000000
2017-11-28 13:40:12.284000,1.2803,1.2802,2850000,1000000
2017-11-28 13:40:12.837000,1.28029,1.2802,1500000,1000000
2017-11-28 13:40:13.660000,1.2803,1.2802,3600000,1000000
2017-11-28 13:40:14.923000,1.28029,1.2802,1000000,1000000
2017-11-28 13:40:15.471000,1.2803,1.28021,2250000,1000000
2017-11-28 13:40:15.524000,1.28031,1.28023,1000000,1500000
2017-11-28 13:40:15.841000,1.28032,1.28025,1000000,1000000
2017-11-28 13:40:16.681000,1.28032,1.28024,1000000,1000000
2017-11-28 13:40:17.238000,1.2803,1.28023,1000000,1000000
2017-11-28 13:40:17.290000,1.28032,1.28023,1000000,1500000
2017-11-28 13:40:17.445000,1.28032,1.28025,1500000,1000000
2017-11-28 13:40:17.985000,1.28034,1.28024,4120000,1000000
2017-11-28 13:40:18.347000,1.28031,1.28022,1000000,1870000
2017-11-28 13:40:20.385000,1.28032,1.28023,1000000,1000000
2017-11-28 13:40:20.693000,1.2803,1.28023,1000000,3000000
2017-11-28 13:40:21.216000,1.28031,1.28023,1000000,3000000
2017-11-28 13:40:21.550000,1.28033,1.28025,3220000,1000000
2017-11-28 13:40:22.301000,1.28032,1.28025,1000000,1000000
2017-11-28 13:40:25.796000,1.28031,1.28025,1000000,1000000
2017-11-28 13:40:26.330000,1.2803,1.28024,1000000,1000000
2017-11-28 13:40:26.641000,1.28032,1.28024,1000000,1000000
2017-11-28 13:40:26.744000,1.28032,1.28021,3970000,2250000
2017-11-28 13:40:26.796000,1.2803,1.28022,1000000,1000000
2017-11-28 13:40:27.333000,1.2803,1.28021,1870000,1000000
2017-11-28 13:40:29.333000,1.28029,1.28021,1000000,1000000
2017-11-28 13:40:30.498000,1.2803,1.28021,2320000,1000000
2017-11-28 13:40:32.071000,1.28029,1.28021,1000000,1000000
2017-11-28 13:40:32.811000,1.28029,1.2802,1000000,2250000
2017-11-28 13:40:36.433000,1.28028,1.2802,1000000,1000000
2017-11-28 13:40:36.536000,1.28027,1.28018,1000000,4120000
2017-11-28 13:40:36.998000,1.28023,1.28018,1350000,1500000
2017-11-28 13:40:37.049000,1.28022,1.28016,1000000,1870000
2017-11-28 13:40:38.324000,1.28022,1.28017,1500000,1000000
2017-11-28 13:40:38.989000,1.28021,1.28017,1000000,1000000
2017-11-28 13:40:42.928000,1.28022,1.28016,1000000,1500000
2017-11-28 13:40:49.370000,1.2802,1.28011,2850000,4200000
2017-11-28 13:40:49.422000,1.2802,1.28011,2850000,1500000
2017-11-28 13:40:49.474000,1.2802,1.28013,2100000,1000000
2017-11-28 13:40:49.604000,1.2802,1.28011,1500000,1120000
2017-11-28 13:40:49.708000,1.28022,1.28012,3600000,1000000
2017-11-28 13:40:50.015000,1.2802,1.28013,1000000,1000000
2017-11-28 13:40:50.120000,1.28022,1.28011,2550000,1000000
2017-11-28 13:40:50.797000,1.28023,1.28013,4420000,1500000
2017-11-28 13:40:51.391000,1.28021,1.28012,1000000,1000000
2017-11-28 13:40:52.126000,1.28022,1.28012,2250000,1000000
2017-11-28 13:40:52.776000,1.28021,1.28012,2250000,1000000
2017-11-28 13:40:53.287000,1.2802,1.28012,1000000,1000000
2017-11-28 13:40:53.827000,1.28021,1.28011,2250000,1000000
2017-11-28 13:40:54.537000,1.2802,1.28011,1000000,1000000
2017-11-28 13:40:54.753000,1.2802,1.28009,2850000,1870000
2017-11-28 13:40:55.283000,1.28021,1.28009,2620000,4500000
2017-11-28 13:40:55.334000,1.28021,1.28011,1950000,1000000
2017-11-28 13:40:55.863000,1.2802,1.28011,1000000,1500000
2017-11-28 13:40:56.385000,1.28021,1.28011,2250000,1000000
2017-11-28 13:40:56.900000,1.2802,1.28011,1000000,1000000
2017-11-28 13:40:57.442000,1.28021,1.28011,2620000,1000000
2017-11-28 13:40:57.948000,1.28021,1.28009,4420000,4570000
2017-11-28 13:40:58.274000,1.28019,1.28009,1000000,4570000
2017-11-28 13:40:58.780000,1.28019,1.28009,1000000,2320000
2017-11-28 13:40:59.335000,1.2802,1.2801,1500000,1000000
2017-11-28 13:41:01.033000,1.2802,1.28011,1000000,1000000
2017-11-28 13:41:01.559000,1.28021,1.28011,1000000,1000000
2017-11-28 13:41:02.588000,1.28023,1.28013,1950000,3750000
2017-11-28 13:41:02.896000,1.28023,1.28016,2250000,1000000
2017-11-28 13:41:03.050000,1.28022,1.28014,1000000,1000000
2017-11-28 13:41:03.155000,1.28022,1.28012,1870000,1000000
2017-11-28 13:41:03.568000,1.28022,1.28014,1500000,3370000
2017-11-28 13:41:04.113000,1.28022,1.28015,1000000,1500000
2017-11-28 13:41:04.629000,1.28023,1.28014,1500000,1120000
2017-11-28 13:41:04.682000,1.28022,1.28012,2620000,1500000
2017-11-28 13:41:05.307000,1.28022,1.28011,3070000,1500000
2017-11-28 13:41:05.888000,1.28021,1.28011,1000000,1000000
2017-11-28 13:41:07.239000,1.28021,1.2801,1000000,4950000
2017-11-28 13:41:07.866000,1.28021,1.28011,1000000,1000000
2017-11-28 13:41:08.369000,1.28021,1.2801,1000000,4200000
2017-11-28 13:41:08.877000,1.28021,1.28011,1000000,1000000
2017-11-28 13:41:09.556000,1.28023,1.28013,3070000,1000000
2017-11-28 13:41:10.076000,1.28022,1.28011,1000000,2250000
2017-11-28 13:41:10.231000,1.28022,1.28013,1500000,1000000
2017-11-28 13:41:10.804000,1.28023,1.28013,1870000,1000000
2017-11-28 13:41:11.110000,1.28022,1.28011,1500000,3070000
2017-11-28 13:41:12.262000,1.28022,1.28012,1000000,1000000
2017-11-28 13:41:12.788000,1.28021,1.28011,1000000,3750000
2017-11-28 13:41:12.943000,1.28023,1.28014,1500000,1000000
2017-11-28 13:41:13.413000,1.28021,1.28011,1000000,1200000
2017-11-28 13:41:14.667000,1.28021,1.28012,1500000,1000000
2017-11-28 13:41:15.316000,1.28021,1.2801,1000000,1570000
2017-11-28 13:41:16.391000,1.28021,1.28013,1000000,1000000
2017-11-28 13:41:16.902000,1.28022,1.28012,1500000,1570000
2017-11-28 13:41:17.338000,1.28021,1.2801,1500000,5320000
2017-11-28 13:41:18.189000,1.28022,1.28012,1500000,1000000
2017-11-28 13:41:18.822000,1.28023,1.28012,4350000,1500000
2017-11-28 13:41:19.129000,1.28021,1.28012,1000000,1000000
2017-11-28 13:41:19.641000,1.28022,1.28011,1500000,2700000
2017-11-28 13:41:20.228000,1.28022,1.28012,2250000,1000000
2017-11-28 13:41:20.640000,1.28023,1.28014,1570000,1500000
2017-11-28 13:41:21.228000,1.28022,1.28014,1000000,1000000
2017-11-28 13:41:22.154000,1.28023,1.28013,3000000,2620000
2017-11-28 13:41:22.702000,1.28021,1.28012,1000000,1000000
2017-11-28 13:41:22.910000,1.28021,1.2801,1500000,1950000
2017-11-28 13:41:23.842000,1.28021,1.28011,1500000,1000000
2017-11-28 13:41:26.773000,1.28021,1.2801,1500000,1950000
2017-11-28 13:41:27.385000,1.2802,1.28011,1000000,1000000
2017-11-28 13:41:34.060000,1.2802,1.28008,1500000,4570000
2017-11-28 13:41:35.228000,1.2802,1.2801,1000000,1000000
2017-11-28 13:41:35.886000,1.2802,1.28009,1000000,1120000
2017-11-28 13:41:39.510000,1.28022,1.28013,1570000,1000000
2017-11-28 13:41:39.664000,1.28021,1.28011,1570000,1000000
2017-11-28 13:41:40.177000,1.28021,1.2801,2250000,1570000
2017-11-28 13:41:41.558000,1.28021,1.28013,3000000,1000000
2017-11-28 13:41:42.764000,1.28021,1.28009,2250000,4200000
2017-11-28 13:41:43.276000,1.2802,1.28008,2320000,2320000
2017-11-28 13:41:43.806000,1.28019,1.28008,1500000,1200000
2017-11-28 13:41:44.841000,1.2802,1.28008,3070000,1100000
2017-11-28 13:41:45.397000,1.28019,1.28008,1000000,1570000
2017-11-28 13:41:45.950000,1.2802,1.28008,3070000,1100000
2017-11-28 13:41:47.573000,1.28019,1.28008,1000000,1570000
2017-11-28 13:41:48.564000,1.28019,1.28007,1000000,6450000
2017-11-28 13:41:48.871000,1.28019,1.28009,1000000,1000000
2017-11-28 13:41:49.382000,1.28019,1.2801,1000000,1000000
2017-11-28 13:41:49.690000,1.28019,1.28008,1000000,3450000
2017-11-28 13:41:50.910000,1.28019,1.28009,2250000,2250000
2017-11-28 13:41:52.276000,1.28019,1.28008,1500000,4500000
2017-11-28 13:41:52.575000,1.28019,1.2801,1500000,1000000
2017-11-28 13:41:53.289000,1.28019,1.28009,1500000,1000000
2017-11-28 13:41:53.811000,1.28019,1.2801,1500000,1000000
2017-11-28 13:41:54.119000,1.28013,1.28005,1500000,1000000
2017-11-28 13:41:54.171000,1.28013,1.28002,1500000,1570000
2017-11-28 13:41:54.222000,1.28013,1.28004,1000000,1000000
2017-11-28 13:41:54.797000,1.28014,1.28002,1500000,4570000
2017-11-28 13:41:55.729000,1.28014,1.28002,2620000,1500000
2017-11-28 13:41:56.038000,1.28012,1.28001,1500000,1570000
2017-11-28 13:41:57.368000,1.28011,1.28,1000000,1950000
2017-11-28 13:41:57.677000,1.28009,1.28,1000000,1000000
2017-11-28 13:41:58.213000,1.2801,1.28001,1000000,1000000
2017-11-28 13:41:58.748000,1.2801,1.28,1000000,1870000
2017-11-28 13:41:59.265000,1.2801,1.28001,1000000,1000000
2017-11-28 13:42:00.367000,1.2801,1.28002,1000000,1000000
2017-11-28 13:42:00.933000,1.2801,1.28,1000000,4950000
2017-11-28 13:42:01.906000,1.2801,1.28,1000000,5320000
2017-11-28 13:42:02.574000,1.2801,1.28001,1000000,1000000
2017-11-28 13:42:03.088000,1.28011,1.28002,1500000,1500000
2017-11-28 13:42:08.244000,1.28016,1.28004,5320000,3220000
2017-11-28 13:42:08.296000,1.28016,1.28004,2250000,4120000
2017-11-28 13:42:11.522000,1.28017,1.28007,1200000,1870000
2017-11-28 13:42:11.574000,1.28018,1.28007,1000000,2250000
2017-11-28 13:42:12.075000,1.28019,1.28008,2320000,1000000
2017-11-28 13:42:17.992000,1.28018,1.28008,1000000,1120000
2017-11-28 13:42:27.222000,1.28019,1.28008,1500000,1120000
2017-11-28 13:42:29.621000,1.28019,1.28009,1000000,1000000
2017-11-28 13:42:30.132000,1.28019,1.28008,1000000,1500000
2017-11-28 13:42:31.186000,1.28017,1.28008,1000000,1000000
2017-11-28 13:42:38.945000,1.28017,1.28009,1000000,1000000
2017-11-28 13:42:41.149000,1.28017,1.28008,1000000,1870000
2017-11-28 13:42:42.272000,1.28017,1.28009,1000000,1000000
2017-11-28 13:42:42.779000,1.28017,1.28008,1000000,4500000
2017-11-28 13:42:45.368000,1.28017,1.28009,1000000,1000000
2017-11-28 13:42:46.645000,1.28017,1.28008,1000000,2620000
2017-11-28 13:42:49.022000,1.28017,1.28009,1000000,1000000
2017-11-28 13:42:50.245000,1.28017,1.28008,1000000,1870000
2017-11-28 13:42:51.166000,1.28017,1.28009,1000000,1000000
2017-11-28 13:42:52.077000,1.28017,1.28008,1000000,4120000
2017-11-28 13:42:53.883000,1.28017,1.28009,1000000,1000000
2017-11-28 13:42:55.633000,1.28017,1.28008,1000000,2620000
2017-11-28 13:42:56.325000,1.28017,1.28009,1000000,1000000
2017-11-28 13:42:57.051000,1.28017,1.28008,1000000,1120000
2017-11-28 13:42:58.050000,1.28017,1.28009,1000000,1000000
2017-11-28 13:43:03.073000,1.28018,1.28008,2250000,1500000
2017-11-28 13:43:04.346000,1.28018,1.28009,1500000,1000000
2017-11-28 13:43:04.661000,1.28022,1.28013,2250000,2250000
2017-11-28 13:43:04.965000,1.28023,1.28015,2620000,1000000
2017-11-28 13:43:05.474000,1.28022,1.28015,1000000,1000000
2017-11-28 13:43:06.489000,1.28022,1.28014,1000000,1000000
2017-11-28 13:43:08.216000,1.28019,1.28011,1000000,1100000
2017-11-28 13:43:08.371000,1.28018,1.28009,1500000,1870000
2017-11-28 13:43:08.916000,1.28018,1.2801,2250000,1000000
2017-11-28 13:43:09.413000,1.28016,1.2801,1000000,1000000
2017-11-28 13:43:09.941000,1.28016,1.28009,1000000,3000000
2017-11-28 13:43:11.195000,1.2802,1.28012,1000000,3000000
2017-11-28 13:43:12.334000,1.28017,1.2801,1000000,3000000
2017-11-28 13:43:13.036000,1.28016,1.28009,1000000,1570000
2017-11-28 13:43:14.390000,1.28017,1.28009,1000000,1000000
2017-11-28 13:43:14.955000,1.28017,1.28008,1000000,3070000
2017-11-28 13:43:16.182000,1.28017,1.2801,1000000,1000000
2017-11-28 13:43:16.755000,1.28017,1.28009,1000000,1000000
2017-11-28 13:43:17.395000,1.28017,1.28008,1000000,3000000
2017-11-28 13:43:19.763000,1.28017,1.28009,1500000,1000000
2017-11-28 13:43:21.446000,1.28017,1.28008,1500000,4200000
2017-11-28 13:43:21.984000,1.28017,1.2801,1500000,1000000
2017-11-28 13:43:22.337000,1.28021,1.28013,1500000,1500000
2017-11-28 13:43:22.885000,1.28021,1.28014,1000000,1500000
2017-11-28 13:43:23.740000,1.28022,1.28014,1000000,1000000
2017-11-28 13:43:24.821000,1.28022,1.28015,1000000,1000000
2017-11-28 13:43:28.320000,1.28023,1.28015,2250000,1000000
2017-11-28 13:43:28.627000,1.28023,1.28013,2250000,6000000
2017-11-28 13:43:29.129000,1.28023,1.28014,2620000,1500000
2017-11-28 13:43:29.485000,1.28021,1.28013,1500000,1000000
2017-11-28 13:43:29.537000,1.2802,1.28011,2250000,1100000
2017-11-28 13:43:30.068000,1.28018,1.2801,1500000,1870000
2017-11-28 13:43:30.586000,1.28019,1.2801,1120000,1120000
2017-11-28 13:43:33.036000,1.28019,1.28009,3000000,1000000
2017-11-28 13:43:33.812000,1.28018,1.28009,1000000,1000000
2017-11-28 13:43:35.598000,1.28019,1.28009,2700000,1000000
2017-11-28 13:43:36.112000,1.28019,1.2801,1570000,1500000
2017-11-28 13:43:36.695000,1.2802,1.2801,3750000,2250000
2017-11-28 13:43:37.027000,1.2802,1.28012,1000000,1000000
2017-11-28 13:43:37.678000,1.2802,1.28011,1200000,1120000
2017-11-28 13:43:38.227000,1.2802,1.2801,1200000,4500000
2017-11-28 13:43:38.790000,1.2802,1.2801,3000000,2250000
2017-11-28 13:43:39.332000,1.2802,1.28011,3450000,1000000
2017-11-28 13:43:39.851000,1.2802,1.2801,3450000,3750000
2017-11-28 13:43:40.352000,1.2802,1.2801,3070000,3750000
2017-11-28 13:43:48.677000,1.28022,1.28015,1200000,1000000
2017-11-28 13:43:48.781000,1.28024,1.28015,1370000,1500000
2017-11-28 13:43:48.833000,1.28025,1.28016,1000000,1870000
2017-11-28 13:43:51.244000,1.28026,1.28017,1870000,1120000
2017-11-28 13:43:57.630000,1.28027,1.28016,3000000,1500000
2017-11-28 13:43:57.937000,1.28018,1.2801,1120000,1870000
2017-11-28 13:43:59.054000,1.28019,1.2801,1000000,1120000
2017-11-28 13:44:00.648000,1.28019,1.2801,1000000,2250000
2017-11-28 13:44:01.197000,1.2802,1.28012,2250000,1000000
2017-11-28 13:44:01.352000,1.28021,1.28012,1120000,1870000
2017-11-28 13:44:01.976000,1.28022,1.28012,1000000,1870000
2017-11-28 13:44:02.401000,1.28023,1.28015,1870000,2620000
2017-11-28 13:44:02.505000,1.28025,1.28016,1000000,1870000
2017-11-28 13:44:02.662000,1.28019,1.28015,1120000,1000000
2017-11-28 13:44:02.916000,1.28019,1.2801,1370000,3000000
2017-11-28 13:44:03.777000,1.28019,1.28009,1950000,1500000
2017-11-28 13:44:04.321000,1.28019,1.2801,2700000,1000000
2017-11-28 13:44:04.842000,1.28019,1.2801,3450000,1000000
2017-11-28 13:44:05.991000,1.28018,1.2801,1500000,1000000
2017-11-28 13:44:09.450000,1.28017,1.2801,1000000,1000000
2017-11-28 13:44:09.502000,1.28011,1.28004,1000000,1370000
2017-11-28 13:44:09.605000,1.28013,1.28005,3000000,1000000
2017-11-28 13:44:09.659000,1.28011,1.28001,1120000,1370000
2017-11-28 13:44:10.593000,1.28011,1.28003,1000000,1000000
2017-11-28 13:44:10.695000,1.28009,1.28003,1000000,1000000
2017-11-28 13:44:10.951000,1.28011,1.28003,1870000,1000000
2017-11-28 13:44:13.639000,1.28011,1.28001,1870000,1870000
2017-11-28 13:44:14.415000,1.28011,1.28002,1870000,1000000
2017-11-28 13:44:14.822000,1.28009,1.28002,1120000,1000000
2017-11-28 13:44:14.873000,1.28011,1.28002,1870000,1000000
2017-11-28 13:44:18.628000,1.28011,1.28003,1000000,1000000
2017-11-28 13:44:19.629000,1.28011,1.28002,1120000,1000000
2017-11-28 13:44:20.052000,1.28009,1.28001,1000000,1000000
2017-11-28 13:44:20.566000,1.28009,1.28,1000000,2250000
2017-11-28 13:44:21.175000,1.2801,1.28,2470000,2250000
2017-11-28 13:44:22.421000,1.2801,1.28,1500000,1370000
2017-11-28 13:44:25.618000,1.28009,1.27999,1100000,2620000
2017-11-28 13:44:26.926000,1.2801,1.28001,2250000,1500000
2017-11-28 13:44:27.488000,1.2801,1.28,1500000,1870000
2017-11-28 13:44:31.758000,1.2801,1.28001,1000000,1000000
2017-11-28 13:44:32.313000,1.2801,1.28002,1000000,1000000
2017-11-28 13:44:32.907000,1.28012,1.28007,1000000,2250000
2017-11-28 13:44:32.960000,1.28017,1.2801,1000000,1000000
2017-11-28 13:44:33.013000,1.28019,1.28009,3070000,1500000
2017-11-28 13:44:33.551000,1.28019,1.2801,1370000,1000000
2017-11-28 13:44:34.237000,1.28019,1.2801,1000000,1000000
2017-11-28 13:44:34.811000,1.28019,1.28009,1100000,1500000
2017-11-28 13:44:34.914000,1.28022,1.28015,1000000,1000000
2017-11-28 13:44:35.019000,1.28024,1.28015,2250000,1000000
2017-11-28 13:44:36.913000,1.28024,1.28018,1500000,1000000
2017-11-28 13:44:37.068000,1.28027,1.28019,2320000,1500000
2017-11-28 13:44:37.751000,1.28027,1.2802,1000000,1000000
2017-11-28 13:44:37.956000,1.28027,1.28018,1000000,1500000
2017-11-28 13:44:39.622000,1.28027,1.28019,1000000,1000000
2017-11-28 13:44:41.977000,1.2803,1.2802,3370000,1000000
2017-11-28 13:44:42.233000,1.28029,1.28018,2250000,2320000
2017-11-28 13:44:44.179000,1.28029,1.28018,2250000,1200000
2017-11-28 13:44:44.685000,1.28028,1.28019,1000000,1100000
2017-11-28 13:44:45.223000,1.28028,1.2802,1000000,1000000
2017-11-28 13:44:48.868000,1.28027,1.2802,1000000,1000000
2017-11-28 13:44:49.177000,1.28027,1.28018,1000000,1120000
2017-11-28 13:44:49.682000,1.28028,1.28017,4120000,1570000
2017-11-28 13:44:55.218000,1.28027,1.28018,1000000,1000000
2017-11-28 13:44:56.005000,1.28028,1.28018,3000000,1000000
2017-11-28 13:44:56.668000,1.28027,1.28018,1000000,1000000
2017-11-28 13:44:57.366000,1.28028,1.28018,3370000,1000000
2017-11-28 13:44:58.405000,1.28027,1.28018,1000000,1000000
2017-11-28 13:44:58.929000,1.28028,1.28018,2250000,1500000
2017-11-28 13:44:59.549000,1.28027,1.28018,1000000,1500000
2017-11-28 13:45:00.188000,1.28028,1.28018,2250000,1500000
