time,ask,bid,ask_volume,bid_volume
2018-10-19 12:25:00.209000,1.30361,1.30352,1000000,1000000
2018-10-19 12:25:00.365000,1.30361,1.30354,1000000,1000000
2018-10-19 12:25:00.726000,1.3036,1.30352,1500000,1500000
2018-10-19 12:25:01.869000,1.30361,1.30354,1000000,1000000
2018-10-19 12:25:02.417000,1.30362,1.30354,1000000,1000000
2018-10-19 12:25:05.101000,1.30363,1.30354,2250000,1000000
2018-10-19 12:25:05.361000,1.30371,1.30361,2250000,1000000
2018-10-19 12:25:05.799000,1.30368,1.30361,1000000,1000000
2018-10-19 12:25:05.903000,1.3037,1.30361,1000000,1000000
2018-10-19 12:25:06.420000,1.30369,1.30361,1000000,1000000
2018-10-19 12:25:06.930000,1.3037,1.30361,1500000,1000000
2018-10-19 12:25:11.786000,1.30372,1.30361,4950000,2250000
2018-10-19 12:25:11.883000,1.30372,1.30366,2700000,1000000
2018-10-19 12:25:11.989000,1.30374,1.30367,1870000,1000000
2018-10-19 12:25:12.041000,1.30377,1.30367,1500000,1000000
2018-10-19 12:25:12.093000,1.30378,1.30369,1950000,1000000
2018-10-19 12:25:12.451000,1.30378,1.30367,1000000,3450000
2018-10-19 12:25:12.556000,1.30378,1.30369,1000000,1000000
2018-10-19 12:25:12.931000,1.30378,1.30367,4500000,2700000
2018-10-19 12:25:13.381000,1.30376,1.30367,1000000,1120000
2018-10-19 12:25:13.923000,1.30374,1.30365,1500000,2470000
2018-10-19 12:25:14.234000,1.30376,1.30367,1200000,1000000
2018-10-19 12:25:14.749000,1.30377,1.30368,2250000,1000000
2018-10-19 12:25:16.475000,1.30376,1.30367,1500000,1000000
2018-10-19 12:25:16.788000,1.30378,1.30367,1000000,4870000
2018-10-19 12:25:17.133000,1.30378,1.30372,1500000,1000000
2018-10-19 12:25:17.240000,1.3038,1.30372,1000000,1000000
2018-10-19 12:25:17.353000,1.3038,1.3037,1500000,1000000
2018-10-19 12:25:17.873000,1.30378,1.30369,1000000,1000000
2018-10-19 12:25:18.212000,1.30378,1.30367,1870000,3750000
2018-10-19 12:25:18.476000,1.30378,1.3037,1000000,1000000
2018-10-19 12:25:19.024000,1.30378,1.30371,1000000,1500000
2018-10-19 12:25:19.488000,1.3038,1.30372,1500000,1000000
2018-10-19 12:25:20.163000,1.30381,1.30372,2250000,1000000
2018-10-19 12:25:20.670000,1.30382,1.30373,1500000,1000000
2018-10-19 12:25:21.522000,1.30381,1.30373,1500000,1000000
2018-10-19 12:25:22.106000,1.30384,1.30374,1500000,1000000
2018-10-19 12:25:22.497000,1.30381,1.30373,1000000,1000000
2018-10-19 12:25:22.652000,1.30383,1.30373,2250000,1000000
2018-10-19 12:25:22.942000,1.30381,1.30372,1000000,1500000
2018-10-19 12:25:23.521000,1.30381,1.30373,1000000,1000000
2018-10-19 12:25:24.059000,1.30382,1.30373,1500000,1000000
2018-10-19 12:25:24.621000,1.3038,1.30373,1000000,1000000
2018-10-19 12:25:24.931000,1.3038,1.3037,1500000,2850000
2018-10-19 12:25:25.540000,1.30379,1.30369,1000000,2100000
2018-10-19 12:25:26.150000,1.3038,1.3037,1950000,1350000
2018-10-19 12:25:26.870000,1.30379,1.3037,1000000,1350000
2018-10-19 12:25:27.522000,1.30379,1.30371,1000000,1000000
2018-10-19 12:25:28.716000,1.30377,1.30371,1000000,1000000
2018-10-19 12:25:29.232000,1.30378,1.30371,1000000,1000000
2018-10-19 12:25:29.760000,1.30379,1.30371,1000000,1000000
2018-10-19 12:25:30.282000,1.30378,1.30371,1000000,1000000
2018-10-19 12:25:30.802000,1.30378,1.3037,1000000,1500000
2018-10-19 12:25:31.351000,1.30377,1.30369,1500000,1500000
2018-10-19 12:25:31.670000,1.30371,1.30364,1000000,1000000
2018-10-19 12:25:31.881000,1.30379,1.30369,2250000,1000000
2018-10-19 12:25:32.049000,1.30377,1.30368,1000000,1000000
2018-10-19 12:25:32.569000,1.30377,1.30367,2700000,1000000
2018-10-19 12:25:32.865000,1.30374,1.30363,2250000,3750000
2018-10-19 12:25:33.126000,1.30372,1.30363,1000000,2250000
2018-10-19 12:25:33.611000,1.3037,1.30362,1000000,1000000
2018-10-19 12:25:36.670000,1.30364,1.30359,1000000,1000000
2018-10-19 12:25:36.775000,1.30364,1.30356,1500000,2100000
2018-10-19 12:25:37.685000,1.30365,1.30356,1000000,2100000
2018-10-19 12:25:37.789000,1.30367,1.30359,1950000,1000000
2018-10-19 12:25:38.337000,1.30368,1.30359,2250000,1000000
2018-10-19 12:25:38.882000,1.30368,1.3036,2250000,1120000
2018-10-19 12:25:39.304000,1.30368,1.30361,2250000,1500000
2018-10-19 12:25:41.013000,1.30368,1.30361,1000000,1500000
2018-10-19 12:25:41.540000,1.30368,1.3036,1000000,1500000
2018-10-19 12:25:42.051000,1.30369,1.3036,1000000,1500000
2018-10-19 12:25:43.029000,1.3037,1.30361,1950000,1000000
2018-10-19 12:25:43.563000,1.30369,1.30361,1000000,1000000
2018-10-19 12:25:43.985000,1.30367,1.30361,1000000,1000000
2018-10-19 12:25:44.048000,1.30367,1.30359,1500000,1000000
2018-10-19 12:25:44.101000,1.30365,1.30358,2250000,1750000
2018-10-19 12:25:44.363000,1.30368,1.30359,5250000,2250000
2018-10-19 12:25:44.918000,1.30367,1.30359,3750000,1500000
2018-10-19 12:25:45.318000,1.30368,1.30359,1500000,3000000
2018-10-19 12:25:45.476000,1.30368,1.30359,2250000,1500000
2018-10-19 12:25:45.530000,1.30368,1.30359,2250000,2250000
2018-10-19 12:25:46.326000,1.30369,1.30361,1000000,1120000
2018-10-19 12:25:51.034000,1.3037,1.30362,1000000,1000000
2018-10-19 12:25:51.575000,1.30371,1.30362,1000000,1000000
2018-10-19 12:25:52.119000,1.30374,1.30365,1950000,1000000
2018-10-19 12:25:52.435000,1.30377,1.30371,3600000,1000000
2018-10-19 12:25:53.001000,1.30377,1.3037,2850000,1870000
2018-10-19 12:25:53.415000,1.30377,1.30372,2100000,1500000
2018-10-19 12:25:53.571000,1.30377,1.3037,1950000,1500000
2018-10-19 12:25:53.754000,1.30377,1.30368,2700000,1000000
2018-10-19 12:25:54.334000,1.30374,1.30366,1000000,1500000
2018-10-19 12:25:54.803000,1.30374,1.30366,1000000,3000000
2018-10-19 12:25:55.346000,1.30375,1.30367,1200000,1750000
2018-10-19 12:25:55.910000,1.30375,1.30367,1200000,1000000
2018-10-19 12:25:56.342000,1.30377,1.3037,2400000,1000000
2018-10-19 12:25:56.775000,1.30376,1.30373,1500000,1000000
2018-10-19 12:25:56.827000,1.30381,1.30373,1950000,1000000
2018-10-19 12:25:56.881000,1.30381,1.30374,1200000,2250000
2018-10-19 12:25:56.933000,1.30383,1.30376,1000000,1500000
2018-10-19 12:25:57.037000,1.30385,1.30376,1500000,1750000
2018-10-19 12:25:57.162000,1.30384,1.30376,1000000,1000000
2018-10-19 12:25:57.215000,1.30386,1.30377,1000000,1000000
2018-10-19 12:25:58.378000,1.30386,1.30378,1000000,1000000
2018-10-19 12:25:58.886000,1.30385,1.30378,1000000,1000000
2018-10-19 12:25:59.389000,1.30385,1.30377,1000000,1000000
2018-10-19 12:25:59.771000,1.30383,1.30376,1000000,1000000
2018-10-19 12:25:59.981000,1.30381,1.30373,1000000,1000000
2018-10-19 12:26:00.528000,1.3038,1.30372,1500000,1000000
2018-10-19 12:26:01.058000,1.30381,1.30372,5250000,1000000
2018-10-19 12:26:01.112000,1.30379,1.30372,1000000,1000000
2018-10-19 12:26:01.629000,1.3038,1.30372,1500000,1000000
2018-10-19 12:26:02.155000,1.30381,1.30372,4500000,1000000
2018-10-19 12:26:02.767000,1.3038,1.30371,1500000,1000000
2018-10-19 12:26:03.297000,1.3038,1.30372,1500000,1000000
2018-10-19 12:26:04.019000,1.3038,1.30371,3750000,1500000
2018-10-19 12:26:04.692000,1.30379,1.30371,1000000,1000000
2018-10-19 12:26:05.212000,1.3038,1.30371,5250000,1000000
2018-10-19 12:26:05.987000,1.30379,1.30371,1000000,1000000
2018-10-19 12:26:06.535000,1.30379,1.3037,1000000,1500000
2018-10-19 12:26:07.041000,1.3038,1.3037,1000000,1500000
2018-10-19 12:26:07.349000,1.3038,1.3037,1500000,2250000
2018-10-19 12:26:09.113000,1.3038,1.30371,2250000,1870000
2018-10-19 12:26:09.639000,1.3038,1.30371,1000000,2250000
2018-10-19 12:26:13.118000,1.3038,1.30375,1000000,5250000
2018-10-19 12:26:13.171000,1.30384,1.30377,1000000,1500000
2018-10-19 12:26:13.223000,1.30386,1.30379,1600000,1000000
2018-10-19 12:26:13.660000,1.30383,1.30378,1000000,1000000
2018-10-19 12:26:13.785000,1.30379,1.30373,1000000,4500000
2018-10-19 12:26:14.919000,1.3038,1.30374,1000000,3000000
2018-10-19 12:26:15.117000,1.30383,1.30375,1000000,1120000
2018-10-19 12:26:15.221000,1.30382,1.30376,1000000,2250000
2018-10-19 12:26:16.125000,1.30382,1.30376,1000000,1500000
2018-10-19 12:26:16.177000,1.30384,1.30376,1000000,1500000
2018-10-19 12:26:17.678000,1.30384,1.30377,1000000,3750000
2018-10-19 12:26:18.203000,1.30384,1.30376,1000000,3750000
2018-10-19 12:26:22.887000,1.30384,1.30377,1000000,1000000
2018-10-19 12:26:23.282000,1.30386,1.3038,1000000,4870000
2018-10-19 12:26:23.799000,1.30385,1.30377,1000000,5250000
2018-10-19 12:26:24.101000,1.30385,1.3038,1000000,1000000
2018-10-19 12:26:24.614000,1.30386,1.3038,1000000,1500000
2018-10-19 12:26:25.250000,1.30386,1.30379,1000000,1000000
2018-10-19 12:26:25.779000,1.30386,1.30378,1000000,3000000
2018-10-19 12:26:26.363000,1.30386,1.30379,1000000,2250000
2018-10-19 12:26:26.946000,1.30387,1.3038,1000000,1000000
2018-10-19 12:26:27.456000,1.30387,1.3038,1000000,1750000
2018-10-19 12:26:28.386000,1.30387,1.3038,1000000,4500000
2018-10-19 12:26:33.926000,1.30388,1.3038,1500000,3000000
2018-10-19 12:26:34.449000,1.30388,1.30381,1500000,1000000
2018-10-19 12:26:34.979000,1.30391,1.30385,1000000,1000000
2018-10-19 12:26:35.137000,1.3039,1.30382,1000000,1500000
2018-10-19 12:26:35.646000,1.30391,1.30382,1500000,1000000
2018-10-19 12:26:36.155000,1.30391,1.30383,1500000,3000000
2018-10-19 12:26:36.259000,1.30389,1.30383,1000000,3000000
2018-10-19 12:26:36.312000,1.30391,1.30383,1000000,4500000
2018-10-19 12:26:36.674000,1.30394,1.30386,1000000,1000000
2018-10-19 12:26:37.227000,1.30393,1.30385,1000000,1500000
2018-10-19 12:26:37.807000,1.30393,1.30384,1000000,3000000
2018-10-19 12:26:38.320000,1.30392,1.30384,1000000,1500000
2018-10-19 12:26:38.681000,1.30394,1.30386,1000000,1000000
2018-10-19 12:26:39.210000,1.30393,1.30386,1000000,1000000
2018-10-19 12:26:39.984000,1.30393,1.30385,1000000,1000000
2018-10-19 12:26:40.564000,1.30393,1.30384,1000000,5250000
2018-10-19 12:26:41.425000,1.30393,1.30385,1000000,1000000
2018-10-19 12:26:42.099000,1.30393,1.30384,1000000,4500000
2018-10-19 12:26:42.603000,1.30393,1.30385,1000000,3750000
2018-10-19 12:26:45.084000,1.30393,1.30384,1500000,2250000
2018-10-19 12:26:47.696000,1.30389,1.30382,1000000,1000000
2018-10-19 12:26:48.048000,1.30382,1.30375,1000000,1000000
2018-10-19 12:26:48.728000,1.30382,1.30375,1000000,2250000
2018-10-19 12:26:49.779000,1.30382,1.30375,1000000,1120000
2018-10-19 12:26:50.882000,1.30379,1.30371,1000000,2700000
2018-10-19 12:26:50.935000,1.30378,1.30369,1000000,1000000
2018-10-19 12:26:51.451000,1.30378,1.3037,1000000,1000000
2018-10-19 12:26:52.116000,1.30379,1.3037,2250000,3000000
2018-10-19 12:26:52.174000,1.30379,1.30372,1500000,1000000
2018-10-19 12:26:52.494000,1.30382,1.30375,1000000,1000000
2018-10-19 12:26:53.016000,1.30378,1.30371,1000000,2620000
2018-10-19 12:26:56.240000,1.30379,1.30371,1000000,1000000
2018-10-19 12:26:56.790000,1.30378,1.3037,1500000,1000000
2018-10-19 12:26:57.581000,1.30377,1.3037,1000000,1000000
2018-10-19 12:27:01.154000,1.30378,1.30371,1000000,1000000
2018-10-19 12:27:02.554000,1.30378,1.3037,1500000,1000000
2018-10-19 12:27:08.830000,1.30378,1.30369,1500000,1500000
2018-10-19 12:27:09.585000,1.30378,1.3037,1500000,1000000
2018-10-19 12:27:10.089000,1.30378,1.30369,1500000,1500000
2018-10-19 12:27:15.337000,1.30378,1.30371,1500000,1000000
2018-10-19 12:27:18.339000,1.30378,1.30372,1500000,1000000
2018-10-19 12:27:18.687000,1.30378,1.3037,1000000,1500000
2018-10-19 12:27:19.309000,1.30378,1.30371,1000000,1000000
2018-10-19 12:27:27.690000,1.30379,1.30371,1500000,1000000
2018-10-19 12:27:27.889000,1.3038,1.30373,1000000,1000000
2018-10-19 12:27:27.941000,1.30383,1.30374,1000000,1000000
2018-10-19 12:27:28.045000,1.30383,1.30376,1000000,1000000
2018-10-19 12:27:29.325000,1.30383,1.30374,1000000,1950000
2018-10-19 12:27:31.642000,1.30384,1.30376,1500000,1000000
2018-10-19 12:27:32.160000,1.30385,1.30376,1000000,1000000
2018-10-19 12:27:33.879000,1.30383,1.30376,1000000,1000000
2018-10-19 12:27:36.146000,1.30385,1.30376,1500000,2250000
2018-10-19 12:27:36.903000,1.30385,1.30377,1000000,1000000
2018-10-19 12:27:38.924000,1.30388,1.30379,2250000,1000000
2018-10-19 12:27:39.238000,1.30385,1.30379,1000000,1000000
2018-10-19 12:27:40.116000,1.30385,1.30377,1000000,1000000
2018-10-19 12:27:41.811000,1.30384,1.30377,1000000,1000000
2018-10-19 12:27:42.360000,1.30385,1.30377,1000000,1000000
2018-10-19 12:27:42.980000,1.30385,1.30376,1000000,2250000
2018-10-19 12:27:45.375000,1.30385,1.30377,1500000,1000000
2018-10-19 12:27:45.928000,1.30386,1.30378,1000000,1500000
2018-10-19 12:27:46.477000,1.30387,1.30379,1500000,1000000
2018-10-19 12:27:46.633000,1.30386,1.30377,1000000,1500000
2018-10-19 12:27:47.146000,1.30387,1.30378,1000000,1000000
2018-10-19 12:27:48.060000,1.30387,1.30379,1870000,1000000
2018-10-19 12:27:49.240000,1.30386,1.30379,1000000,1000000
2018-10-19 12:27:49.292000,1.30388,1.30379,2250000,1000000
2018-10-19 12:27:50.527000,1.30387,1.30379,1000000,1000000
2018-10-19 12:27:50.581000,1.30388,1.30382,1000000,1000000
2018-10-19 12:27:50.634000,1.30392,1.30385,1200000,1000000
2018-10-19 12:27:50.687000,1.30395,1.30386,1000000,1000000
2018-10-19 12:27:50.896000,1.30394,1.30388,1000000,1370000
2018-10-19 12:27:50.948000,1.30399,1.30392,1000000,1500000
2018-10-19 12:27:51.474000,1.304,1.30392,1000000,1000000
2018-10-19 12:27:53.278000,1.30395,1.3039,1000000,1000000
2018-10-19 12:27:53.329000,1.30395,1.30387,1000000,1500000
2018-10-19 12:27:54.112000,1.30395,1.30386,1000000,1500000
2018-10-19 12:27:54.663000,1.30393,1.30386,1000000,1000000
2018-10-19 12:27:55.277000,1.30395,1.30386,1000000,1000000
2018-10-19 12:27:55.797000,1.30394,1.30386,1000000,1500000
2018-10-19 12:27:57.728000,1.30395,1.30386,1500000,1120000
2018-10-19 12:27:57.783000,1.30393,1.30386,1000000,1120000
2018-10-19 12:27:58.549000,1.30393,1.30385,1000000,4120000
2018-10-19 12:27:59.597000,1.30395,1.30386,1500000,1000000
2018-10-19 12:27:59.907000,1.30393,1.30384,1000000,1950000
2018-10-19 12:28:00.198000,1.30399,1.30389,1500000,1500000
2018-10-19 12:28:01.344000,1.304,1.30389,1000000,3000000
2018-10-19 12:28:01.604000,1.30398,1.30389,1000000,3000000
2018-10-19 12:28:02.065000,1.30392,1.30387,1500000,1500000
2018-10-19 12:28:02.171000,1.30394,1.30385,1120000,1000000
2018-10-19 12:28:02.703000,1.30394,1.30384,1000000,1950000
2018-10-19 12:28:03.321000,1.30393,1.30384,1000000,1500000
2018-10-19 12:28:04.296000,1.30393,1.30386,1000000,1000000
2018-10-19 12:28:04.655000,1.3039,1.30386,1000000,1000000
2018-10-19 12:28:04.785000,1.3039,1.30384,1000000,1000000
2018-10-19 12:28:04.839000,1.30387,1.30382,1000000,1200000
2018-10-19 12:28:04.943000,1.30385,1.30379,1000000,1000000
2018-10-19 12:28:04.994000,1.30385,1.30377,1000000,1500000
2018-10-19 12:28:05.498000,1.30386,1.30377,1000000,1500000
2018-10-19 12:28:05.759000,1.30387,1.3038,1000000,1000000
2018-10-19 12:28:05.812000,1.30389,1.30381,1000000,1000000
2018-10-19 12:28:06.332000,1.3039,1.30381,1500000,1500000
2018-10-19 12:28:08.205000,1.30389,1.30381,1000000,1000000
2018-10-19 12:28:08.744000,1.30389,1.3038,1500000,1000000
2018-10-19 12:28:09.264000,1.30388,1.30379,1000000,2250000
2018-10-19 12:28:10.461000,1.30387,1.30379,1000000,1000000
2018-10-19 12:28:11.291000,1.30387,1.30378,1500000,4500000
2018-10-19 12:28:13.009000,1.30388,1.30378,1500000,2320000
2018-10-19 12:28:14.080000,1.30388,1.30379,1500000,1000000
2018-10-19 12:28:15.059000,1.30391,1.30383,1000000,1000000
2018-10-19 12:28:15.582000,1.30392,1.30383,1500000,2700000
2018-10-19 12:28:16.752000,1.30391,1.30383,1000000,1500000
2018-10-19 12:28:16.804000,1.30393,1.30384,1120000,1500000
2018-10-19 12:28:17.063000,1.30393,1.30386,1000000,1000000
2018-10-19 12:28:18.894000,1.30393,1.30385,1500000,1000000
2018-10-19 12:28:20.563000,1.30393,1.30384,1500000,1000000
2018-10-19 12:28:20.889000,1.30388,1.3038,1500000,1000000
2018-10-19 12:28:21.432000,1.30388,1.30379,2250000,1500000
2018-10-19 12:28:22.815000,1.30387,1.30379,1000000,1000000
2018-10-19 12:28:23.320000,1.30386,1.30378,1000000,1000000
2018-10-19 12:28:23.826000,1.30385,1.30378,1000000,1000000
2018-10-19 12:28:23.878000,1.30387,1.30378,1000000,1000000
2018-10-19 12:28:23.931000,1.30385,1.30376,1500000,2250000
2018-10-19 12:28:24.437000,1.30384,1.30375,1000000,1500000
2018-10-19 12:28:25.049000,1.30384,1.30375,1500000,1870000
2018-10-19 12:28:26.142000,1.30384,1.30375,2250000,1870000
2018-10-19 12:28:26.972000,1.30384,1.30375,1500000,1870000
2018-10-19 12:28:27.513000,1.30384,1.30375,1500000,2620000
2018-10-19 12:28:27.896000,1.30384,1.30377,1000000,1750000
2018-10-19 12:28:27.948000,1.30385,1.30377,1000000,1000000
2018-10-19 12:28:28.830000,1.30384,1.30377,1000000,1000000
2018-10-19 12:28:29.879000,1.30384,1.30376,1000000,1200000
2018-10-19 12:28:30.291000,1.30385,1.30378,1000000,1000000
2018-10-19 12:28:31.634000,1.30385,1.30377,1000000,1000000
2018-10-19 12:28:32.216000,1.30386,1.30378,1000000,1500000
2018-10-19 12:28:32.763000,1.30386,1.30377,1500000,1000000
2018-10-19 12:28:33.085000,1.30387,1.30379,1500000,1000000
2018-10-19 12:28:33.425000,1.30387,1.30376,2250000,3750000
2018-10-19 12:28:33.683000,1.30385,1.30376,1000000,3000000
2018-10-19 12:28:35.866000,1.30386,1.30378,1000000,1500000
2018-10-19 12:28:37.412000,1.30387,1.30378,2250000,1000000
2018-10-19 12:28:38.854000,1.30385,1.30376,1000000,1500000
2018-10-19 12:28:39.361000,1.30386,1.30376,1000000,1500000
2018-10-19 12:28:42.413000,1.30385,1.30375,1000000,2250000
2018-10-19 12:28:42.760000,1.30385,1.30377,1000000,1000000
2018-10-19 12:28:43.265000,1.30384,1.30376,1000000,1500000
2018-10-19 12:28:43.862000,1.30384,1.30377,1000000,1000000
2018-10-19 12:28:46.201000,1.30384,1.30376,1000000,1000000
2018-10-19 12:28:46.500000,1.30386,1.30376,1000000,1500000
2018-10-19 12:28:47.104000,1.30384,1.30376,1000000,1500000
2018-10-19 12:28:47.642000,1.30385,1.30376,1000000,1500000
2018-10-19 12:28:48.235000,1.30384,1.30376,1000000,1000000
2018-10-19 12:28:48.844000,1.30384,1.30375,1500000,1500000
2018-10-19 12:28:50.324000,1.3038,1.30375,1000000,1000000
2018-10-19 12:28:50.415000,1.3038,1.30373,1000000,2250000
2018-10-19 12:28:50.468000,1.30378,1.30372,1500000,1000000
2018-10-19 12:28:50.571000,1.30377,1.30368,1000000,1000000
2018-10-19 12:28:51.117000,1.30376,1.30367,1000000,2440000
2018-10-19 12:28:51.221000,1.30377,1.30369,1000000,1000000
2018-10-19 12:28:51.482000,1.30377,1.30367,1000000,3560000
2018-10-19 12:28:51.586000,1.30378,1.30369,1500000,1000000
2018-10-19 12:28:52.803000,1.30378,1.3037,1000000,1000000
2018-10-19 12:28:53.337000,1.30377,1.30372,1000000,1000000
2018-10-19 12:28:53.388000,1.30379,1.30372,1000000,1000000
2018-10-19 12:28:53.939000,1.30379,1.30373,1000000,1000000
2018-10-19 12:28:56.019000,1.30379,1.30372,2250000,1000000
2018-10-19 12:28:56.664000,1.30379,1.30373,2250000,1000000
2018-10-19 12:28:57.174000,1.30379,1.30372,2250000,1000000
2018-10-19 12:28:57.483000,1.30383,1.30378,1000000,1500000
2018-10-19 12:28:57.602000,1.30386,1.30378,1200000,1000000
2018-10-19 12:28:58.123000,1.30385,1.30377,1000000,1000000
2018-10-19 12:28:58.227000,1.30385,1.30375,1000000,1500000
2018-10-19 12:28:59.033000,1.30385,1.30374,1500000,1000000
2018-10-19 12:28:59.505000,1.30382,1.30373,1000000,1000000
2018-10-19 12:28:59.705000,1.30384,1.30374,1000000,1500000
2018-10-19 12:29:00.075000,1.30383,1.30372,1000000,1870000
2018-10-19 12:29:00.908000,1.30385,1.30373,1500000,1000000
2018-10-19 12:29:01.691000,1.30385,1.30375,1000000,1120000
2018-10-19 12:29:01.743000,1.30387,1.30375,2250000,1870000
2018-10-19 12:29:01.898000,1.30387,1.30376,1000000,3000000
2018-10-19 12:29:02.434000,1.30387,1.30376,1000000,1500000
2018-10-19 12:29:02.976000,1.30387,1.30376,1000000,1000000
2018-10-19 12:29:03.304000,1.30383,1.30374,1000000,3000000
2018-10-19 12:29:03.357000,1.30381,1.3037,1500000,2620000
2018-10-19 12:29:03.757000,1.30383,1.30371,1500000,2250000
2018-10-19 12:29:04.016000,1.3038,1.30371,1000000,1250000
2018-10-19 12:29:04.378000,1.30384,1.30374,1000000,2250000
2018-10-19 12:29:04.591000,1.30387,1.30376,1000000,1500000
2018-10-19 12:29:04.900000,1.30387,1.30375,1000000,1870000
2018-10-19 12:29:05.723000,1.30388,1.30376,1870000,1000000
2018-10-19 12:29:06.449000,1.30388,1.30376,3370000,1500000
2018-10-19 12:29:07.241000,1.30388,1.30376,2250000,1120000
2018-10-19 12:29:08.209000,1.30385,1.30376,1000000,1120000
2018-10-19 12:29:08.753000,1.30386,1.30376,1000000,1500000
2018-10-19 12:29:09.539000,1.3039,1.30384,1000000,1000000
2018-10-19 12:29:09.591000,1.30395,1.30384,1450000,1500000
2018-10-19 12:29:09.726000,1.30396,1.30384,1120000,1870000
2018-10-19 12:29:10.644000,1.30397,1.30386,1500000,1000000
2018-10-19 12:29:12.133000,1.30393,1.30384,1000000,1120000
2018-10-19 12:29:12.655000,1.30393,1.30383,1000000,1500000
2018-10-19 12:29:13.171000,1.30393,1.30383,2250000,1000000
2018-10-19 12:29:13.431000,1.30394,1.30383,1500000,1000000
2018-10-19 12:29:13.534000,1.30394,1.30386,1000000,1000000
2018-10-19 12:29:14.946000,1.30396,1.30386,1500000,1000000
2018-10-19 12:29:16.056000,1.30395,1.30385,1000000,1000000
2018-10-19 12:29:16.836000,1.30396,1.30383,1000000,3750000
2018-10-19 12:29:20.080000,1.30396,1.30383,1000000,4870000
2018-10-19 12:29:20.148000,1.30394,1.30382,1000000,1870000
2018-10-19 12:29:20.660000,1.30395,1.30382,3000000,1000000
2018-10-19 12:29:21.184000,1.30395,1.3038,2250000,2250000
2018-10-19 12:29:21.741000,1.30394,1.30382,1000000,3000000
2018-10-19 12:29:21.948000,1.30395,1.30383,1000000,2620000
2018-10-19 12:29:24.494000,1.30396,1.30384,1000000,1500000
2018-10-19 12:29:24.908000,1.30397,1.30386,1000000,2250000
2018-10-19 12:29:25.277000,1.30397,1.30386,1000000,1000000
2018-10-19 12:29:25.805000,1.30397,1.30385,1000000,1000000
2018-10-19 12:29:25.857000,1.30397,1.30387,1000000,1000000
2018-10-19 12:29:26.822000,1.30397,1.30387,1000000,2250000
2018-10-19 12:29:27.503000,1.30394,1.30384,1000000,1120000
2018-10-19 12:29:27.782000,1.30391,1.30383,1000000,1120000
2018-10-19 12:29:28.300000,1.30391,1.30382,1000000,3560000
2018-10-19 12:29:28.492000,1.30393,1.30382,1000000,1870000
2018-10-19 12:29:28.546000,1.30395,1.30382,1000000,3370000
2018-10-19 12:29:28.778000,1.30395,1.30385,1000000,1000000
2018-10-19 12:29:29.316000,1.30396,1.30385,1120000,1000000
2018-10-19 12:29:29.899000,1.30397,1.30384,2250000,1000000
2018-10-19 12:29:30.229000,1.30402,1.30393,1000000,1500000
2018-10-19 12:29:30.283000,1.30406,1.30393,1000000,3000000
2018-10-19 12:29:30.336000,1.30408,1.30395,1000000,1500000
2018-10-19 12:29:30.527000,1.30411,1.30396,1880000,1000000
2018-10-19 12:29:30.683000,1.30411,1.30395,1880000,1870000
2018-10-19 12:29:31.205000,1.30412,1.30396,2190000,1370000
2018-10-19 12:29:31.727000,1.30413,1.30398,2250000,1120000
2018-10-19 12:29:32.259000,1.30412,1.30398,1440000,1120000
2018-10-19 12:29:32.851000,1.30412,1.30398,2440000,1000000
2018-10-19 12:29:33.170000,1.30412,1.30399,2630000,1750000
2018-10-19 12:29:33.712000,1.30412,1.30402,1690000,1000000
2018-10-19 12:29:34.245000,1.30412,1.30401,1500000,1000000
2018-10-19 12:29:34.506000,1.30411,1.30396,1000000,1120000
2018-10-19 12:29:34.762000,1.30407,1.30396,1000000,1370000
2018-10-19 12:29:34.867000,1.30398,1.30386,1500000,1000000
2018-10-19 12:29:35.060000,1.30394,1.30384,1000000,1370000
2018-10-19 12:29:35.112000,1.30393,1.3038,1000000,1000000
2018-10-19 12:29:35.169000,1.30391,1.30375,1000000,1370000
2018-10-19 12:29:35.223000,1.30396,1.30377,1500000,2250000
2018-10-19 12:29:35.432000,1.30394,1.30376,1000000,1880000
2018-10-19 12:29:35.485000,1.30395,1.30378,1120000,1370000
2018-10-19 12:29:36.019000,1.30395,1.30379,1120000,1120000
2018-10-19 12:29:36.558000,1.30396,1.30377,3000000,2250000
2018-10-19 12:29:37.292000,1.30396,1.30379,2620000,1370000
2018-10-19 12:29:38.001000,1.30394,1.30378,1500000,1370000
2018-10-19 12:29:38.316000,1.30392,1.30376,1500000,1620000
2018-10-19 12:29:38.693000,1.30386,1.30377,1000000,1120000
2018-10-19 12:29:38.744000,1.30393,1.30377,1500000,1120000
2018-10-19 12:29:38.903000,1.30393,1.30379,1000000,2250000
2018-10-19 12:29:39.111000,1.30396,1.30379,1500000,2620000
2018-10-19 12:29:39.340000,1.30393,1.30379,1000000,1370000
2018-10-19 12:29:39.597000,1.30396,1.30379,1000000,2810000
2018-10-19 12:29:40.643000,1.30396,1.30379,1500000,3000000
2018-10-19 12:29:41.223000,1.30393,1.30379,2250000,1000000
2018-10-19 12:29:41.433000,1.30391,1.30377,1000000,1120000
2018-10-19 12:29:41.634000,1.30387,1.30373,1000000,2060000
2018-10-19 12:29:41.686000,1.3039,1.30374,1000000,1120000
2018-10-19 12:29:41.844000,1.3039,1.30373,1000000,1810000
2018-10-19 12:29:41.896000,1.30392,1.30373,1120000,1750000
2018-10-19 12:29:42.208000,1.30391,1.30373,1500000,1500000
2018-10-19 12:29:42.260000,1.30391,1.30373,1870000,1620000
2018-10-19 12:29:42.764000,1.30391,1.30373,1000000,1500000
2018-10-19 12:29:43.611000,1.30389,1.30374,1000000,1630000
2018-10-19 12:29:44.186000,1.30389,1.30373,1000000,2250000
2018-10-19 12:29:44.536000,1.30388,1.30373,1500000,2810000
2018-10-19 12:29:44.746000,1.3039,1.30373,1000000,1370000
2018-10-19 12:29:44.886000,1.30388,1.30373,1000000,1370000
2018-10-19 12:29:45.425000,1.30389,1.30371,1000000,1870000
2018-10-19 12:29:46,1.30389,1.30372,1000000,1370000
2018-10-19 12:29:46.440000,1.30389,1.30372,1250000,1370000
2018-10-19 12:29:46.676000,1.30389,1.30375,1000000,1000000
2018-10-19 12:29:46.729000,1.30393,1.30373,1870000,1370000
2018-10-19 12:29:46.782000,1.30393,1.30372,1500000,1370000
2018-10-19 12:29:46.834000,1.30397,1.30372,1120000,1750000
2018-10-19 12:29:46.938000,1.304,1.30376,1500000,1500000
2018-10-19 12:29:47.486000,1.30402,1.30379,1500000,1750000
2018-10-19 12:29:47.538000,1.30404,1.30384,1500000,1000000
2018-10-19 12:29:47.590000,1.30397,1.30379,1000000,2250000
2018-10-19 12:29:47.643000,1.30401,1.30378,1000000,2620000
2018-10-19 12:29:47.695000,1.30401,1.30378,1630000,2620000
2018-10-19 12:29:47.799000,1.30401,1.30378,1500000,2620000
2018-10-19 12:29:48.805000,1.304,1.30379,1500000,1750000
2018-10-19 12:29:49.012000,1.304,1.30374,1500000,1950000
2018-10-19 12:29:49.192000,1.30396,1.30374,1130000,1370000
2018-10-19 12:29:49.244000,1.30397,1.30373,1870000,1370000
2018-10-19 12:29:49.296000,1.30397,1.30373,1000000,1750000
2018-10-19 12:29:49.658000,1.30399,1.30374,1750000,1750000
2018-10-19 12:29:50.148000,1.30399,1.30375,1370000,1370000
2018-10-19 12:29:51.234000,1.30398,1.30373,1120000,1160000
2018-10-19 12:29:51.608000,1.30398,1.30376,1120000,1100000
2018-10-19 12:29:52.965000,1.30406,1.30386,1000000,1870000
2018-10-19 12:29:53.017000,1.30406,1.30388,1000000,1870000
2018-10-19 12:29:53.122000,1.30408,1.30389,1000000,1000000
2018-10-19 12:29:53.174000,1.30407,1.30395,1000000,1000000
2018-10-19 12:29:53.279000,1.30424,1.30396,1750000,1620000
2018-10-19 12:29:53.587000,1.30429,1.30397,1120000,2060000
2018-10-19 12:29:53.640000,1.3043,1.30399,1120000,1310000
2018-10-19 12:29:53.861000,1.30421,1.30396,1120000,2620000
2018-10-19 12:29:53.913000,1.30419,1.30396,1500000,1870000
2018-10-19 12:29:54.016000,1.30426,1.30396,1370000,1560000
2018-10-19 12:29:54.068000,1.30424,1.30394,1690000,2620000
2018-10-19 12:29:54.171000,1.30425,1.30389,1880000,1370000
2018-10-19 12:29:54.224000,1.30425,1.30385,1880000,1500000
2018-10-19 12:29:54.719000,1.30409,1.30385,1120000,1690000
2018-10-19 12:29:54.771000,1.30414,1.30385,1000000,1500000
2018-10-19 12:29:54.823000,1.30418,1.30384,1560000,1010000
2018-10-19 12:29:54.875000,1.30414,1.30384,1570000,1010000
2018-10-19 12:29:55.131000,1.30422,1.30387,1910000,1190000
2018-10-19 12:29:55.323000,1.3042,1.30383,2060000,1840000
2018-10-19 12:29:55.854000,1.3042,1.30383,2060000,1700000
2018-10-19 12:29:56.112000,1.30409,1.30386,1870000,1120000
2018-10-19 12:29:56.164000,1.30415,1.30386,1000000,1120000
2018-10-19 12:29:56.282000,1.30409,1.30377,1000000,2190000
2018-10-19 12:29:56.606000,1.30409,1.30371,1190000,1350000
2018-10-19 12:29:56.709000,1.30411,1.30378,1120000,1380000
2018-10-19 12:29:57.044000,1.3041,1.30379,1120000,1000000
2018-10-19 12:29:57.555000,1.30409,1.30379,1000000,1000000
2018-10-19 12:29:58.220000,1.30409,1.30372,1000000,2640000
2018-10-19 12:29:58.973000,1.30398,1.30375,1870000,1010000
2018-10-19 12:29:59.077000,1.30406,1.30377,1000000,1310000
2018-10-19 12:29:59.286000,1.30409,1.30377,1000000,1310000
2018-10-19 12:29:59.409000,1.3041,1.30384,2250000,1000000
2018-10-19 12:29:59.514000,1.30417,1.30384,1870000,1000000
2018-10-19 12:29:59.566000,1.30419,1.30382,1120000,1000000
2018-10-19 12:30:00.061000,1.30397,1.30379,750000,1250000
2018-10-19 12:30:00.117000,1.30405,1.30378,1000000,1000000
2018-10-19 12:30:00.169000,1.30408,1.30378,1870000,1000000
2018-10-19 12:30:00.226000,1.30397,1.30378,1000000,1000000
2018-10-19 12:30:00.386000,1.30403,1.30373,1000000,4310000
2018-10-19 12:30:00.490000,1.30404,1.30371,1000000,1870000
2018-10-19 12:30:00.542000,1.30408,1.30372,1000000,1310000
2018-10-19 12:30:00.815000,1.30419,1.30377,1870000,1120000
2018-10-19 12:30:00.921000,1.30914,1.30834,750000,750000
2018-10-19 12:30:00.978000,1.30844,1.30791,750000,750000
2018-10-19 12:30:01.031000,1.3083,1.30767,750000,370000
2018-10-19 12:30:01.143000,1.30863,1.30838,1000000,1000000
2018-10-19 12:30:01.196000,1.3085,1.30822,1000000,1000000
2018-10-19 12:30:01.348000,1.30805,1.30791,1500000,1000000
2018-10-19 12:30:01.595000,1.30806,1.30787,1500000,1000000
2018-10-19 12:30:01.647000,1.30807,1.30784,1500000,1370000
2018-10-19 12:30:01.699000,1.30844,1.30783,1120000,1750000
2018-10-19 12:30:01.751000,1.30837,1.30794,750000,1370000
2018-10-19 12:30:01.802000,1.30835,1.30789,370000,1000000
2018-10-19 12:30:01.977000,1.30816,1.30796,1000000,1000000
2018-10-19 12:30:02.028000,1.30816,1.30785,750000,1120000
2018-10-19 12:30:02.080000,1.30834,1.30821,1000000,1000000
2018-10-19 12:30:02.132000,1.30836,1.30811,1870000,1000000
2018-10-19 12:30:02.183000,1.3082,1.3081,750000,1000000
2018-10-19 12:30:02.235000,1.30842,1.30817,1000000,1370000
2018-10-19 12:30:02.329000,1.30842,1.30802,1600000,1000000
2018-10-19 12:30:02.383000,1.30854,1.30826,1820000,3370000
2018-10-19 12:30:02.436000,1.30865,1.30826,1200000,1000000
2018-10-19 12:30:02.489000,1.3087,1.30812,1970000,1450000
2018-10-19 12:30:02.547000,1.30881,1.30815,1200000,1250000
2018-10-19 12:30:02.599000,1.30847,1.30825,1000000,1000000
2018-10-19 12:30:02.707000,1.30864,1.30834,1000000,1370000
2018-10-19 12:30:02.759000,1.3087,1.30858,1120000,1000000
2018-10-19 12:30:02.811000,1.3087,1.30853,1120000,1500000
2018-10-19 12:30:02.864000,1.30885,1.30861,1500000,1500000
2018-10-19 12:30:02.920000,1.30885,1.30863,1500000,1500000
2018-10-19 12:30:03.096000,1.30887,1.3085,1000000,1000000
2018-10-19 12:30:03.147000,1.30865,1.30861,1870000,1000000
2018-10-19 12:30:03.199000,1.30869,1.30855,1870000,2620000
2018-10-19 12:30:03.250000,1.3087,1.30857,1870000,1000000
2018-10-19 12:30:03.302000,1.30879,1.30849,750000,1500000
2018-10-19 12:30:03.354000,1.30839,1.30834,1000000,1000000
2018-10-19 12:30:03.424000,1.30837,1.30821,1120000,1370000
2018-10-19 12:30:03.477000,1.30859,1.30832,1370000,1000000
2018-10-19 12:30:03.529000,1.30861,1.30832,3750000,1000000
2018-10-19 12:30:03.581000,1.30861,1.30835,2400000,1000000
2018-10-19 12:30:03.828000,1.30879,1.30855,3000000,1000000
2018-10-19 12:30:03.879000,1.30865,1.30837,900000,3000000
2018-10-19 12:30:04.169000,1.30883,1.30861,1000000,1000000
2018-10-19 12:30:04.221000,1.30873,1.30858,1000000,1500000
2018-10-19 12:30:04.273000,1.30879,1.30851,1000000,1370000
2018-10-19 12:30:04.324000,1.30882,1.30842,1120000,1450000
2018-10-19 12:30:04.377000,1.30879,1.3084,1120000,1500000
2018-10-19 12:30:04.428000,1.30879,1.30844,1120000,1000000
2018-10-19 12:30:04.737000,1.30896,1.30867,1350000,1000000
2018-10-19 12:30:05.074000,1.30896,1.30877,1000000,1750000
2018-10-19 12:30:05.127000,1.30904,1.30894,1000000,1500000
2018-10-19 12:30:05.179000,1.30913,1.30895,1500000,1000000
2018-10-19 12:30:05.231000,1.30913,1.30893,2500000,1250000
2018-10-19 12:30:05.337000,1.30914,1.30894,1870000,1000000
2018-10-19 12:30:05.389000,1.30928,1.30903,1000000,1000000
2018-10-19 12:30:05.441000,1.30931,1.30909,2250000,1000000
2018-10-19 12:30:05.760000,1.30935,1.30912,1000000,2250000
2018-10-19 12:30:05.812000,1.30935,1.30915,1000000,1000000
2018-10-19 12:30:06.101000,1.30982,1.3096,2620000,1000000
2018-10-19 12:30:06.154000,1.30984,1.30975,1000000,1000000
2018-10-19 12:30:06.258000,1.30978,1.30963,1000000,1000000
2018-10-19 12:30:06.309000,1.30982,1.3096,1000000,1000000
2018-10-19 12:30:06.361000,1.30979,1.30958,1000000,2100000
2018-10-19 12:30:06.540000,1.30975,1.30954,1500000,1000000
2018-10-19 12:30:06.594000,1.30975,1.30961,1000000,1000000
2018-10-19 12:30:06.647000,1.30975,1.30955,1000000,1000000
2018-10-19 12:30:06.700000,1.30975,1.30954,1000000,1000000
2018-10-19 12:30:06.992000,1.30956,1.30931,1120000,1870000
2018-10-19 12:30:07.044000,1.30953,1.30944,450000,1000000
2018-10-19 12:30:07.096000,1.30985,1.30967,1870000,1370000
2018-10-19 12:30:07.148000,1.30985,1.30968,1500000,1000000
2018-10-19 12:30:07.199000,1.30984,1.30977,1500000,1500000
2018-10-19 12:30:07.251000,1.30991,1.30968,1000000,1690000
2018-10-19 12:30:07.303000,1.30991,1.30967,1000000,1190000
2018-10-19 12:30:07.354000,1.30992,1.30964,1370000,1000000
2018-10-19 12:30:07.535000,1.30992,1.30962,1500000,1370000
2018-10-19 12:30:07.586000,1.30995,1.3098,1000000,1000000
2018-10-19 12:30:07.637000,1.30997,1.3098,1120000,1690000
2018-10-19 12:30:07.688000,1.31002,1.30978,1500000,1000000
2018-10-19 12:30:07.739000,1.30995,1.30979,1000000,1000000
2018-10-19 12:30:08.015000,1.31001,1.30981,1370000,1000000
2018-10-19 12:30:08.067000,1.30998,1.30982,1000000,1000000
2018-10-19 12:30:08.221000,1.30999,1.30976,1000000,1500000
2018-10-19 12:30:08.272000,1.30994,1.30974,1120000,1250000
2018-10-19 12:30:08.426000,1.30985,1.30963,1150000,1000000
2018-10-19 12:30:08.535000,1.30981,1.3096,1000000,1500000
2018-10-19 12:30:08.637000,1.30986,1.3096,1120000,1500000
2018-10-19 12:30:08.689000,1.3098,1.30956,1000000,1000000
2018-10-19 12:30:08.946000,1.30978,1.30951,1000000,1000000
2018-10-19 12:30:09.067000,1.30981,1.30975,1120000,1000000
2018-10-19 12:30:09.121000,1.30997,1.30972,1000000,1370000
2018-10-19 12:30:09.173000,1.30998,1.30976,1500000,1000000
2018-10-19 12:30:09.276000,1.31,1.30968,1000000,1750000
2018-10-19 12:30:09.328000,1.30995,1.30964,1000000,1000000
2018-10-19 12:30:09.379000,1.30995,1.30961,2250000,1000000
2018-10-19 12:30:09.430000,1.30995,1.30959,1500000,1870000
2018-10-19 12:30:09.482000,1.30995,1.30959,1500000,2060000
2018-10-19 12:30:09.583000,1.30983,1.30957,1000000,1370000
2018-10-19 12:30:09.635000,1.30983,1.30954,1000000,1690000
2018-10-19 12:30:09.687000,1.30985,1.30956,1000000,1000000
2018-10-19 12:30:10.002000,1.30983,1.30955,1500000,1000000
2018-10-19 12:30:10.338000,1.30974,1.30953,1120000,1250000
2018-10-19 12:30:10.493000,1.3098,1.30951,1970000,1000000
2018-10-19 12:30:10.667000,1.30982,1.30978,1500000,1000000
2018-10-19 12:30:10.719000,1.30997,1.30983,1000000,1000000
2018-10-19 12:30:10.771000,1.30996,1.30976,1500000,1310000
2018-10-19 12:30:10.824000,1.30994,1.30976,1000000,1500000
2018-10-19 12:30:11.032000,1.31003,1.30971,1370000,2250000
2018-10-19 12:30:11.084000,1.31004,1.30976,2020000,1370000
2018-10-19 12:30:11.434000,1.31004,1.30984,1370000,1500000
2018-10-19 12:30:11.748000,1.31003,1.30989,1000000,1990000
2018-10-19 12:30:11.852000,1.31002,1.30978,1000000,1120000
2018-10-19 12:30:11.904000,1.31,1.3098,1500000,1370000
2018-10-19 12:30:11.956000,1.31003,1.30982,1150000,1000000
2018-10-19 12:30:12.009000,1.31002,1.3098,1370000,1370000
2018-10-19 12:30:12.324000,1.30993,1.30972,1000000,1570000
2018-10-19 12:30:12.376000,1.30984,1.30967,1000000,2070000
2018-10-19 12:30:12.429000,1.30982,1.30972,1000000,1000000
2018-10-19 12:30:12.482000,1.30985,1.30959,1500000,1120000
2018-10-19 12:30:12.534000,1.30978,1.30961,1000000,1000000
2018-10-19 12:30:12.870000,1.31008,1.30999,1000000,1000000
2018-10-19 12:30:13.186000,1.3103,1.31019,1000000,1000000
2018-10-19 12:30:13.380000,1.31024,1.31011,1000000,1370000
2018-10-19 12:30:13.476000,1.3103,1.31009,1000000,1500000
2018-10-19 12:30:13.529000,1.31026,1.31015,1120000,1000000
2018-10-19 12:30:13.868000,1.3103,1.31009,1370000,1500000
2018-10-19 12:30:13.921000,1.31026,1.31009,1000000,1500000
2018-10-19 12:30:14.076000,1.31023,1.31002,1120000,1120000
2018-10-19 12:30:14.128000,1.31021,1.31002,1000000,1120000
2018-10-19 12:30:14.479000,1.31022,1.31003,1450000,1120000
2018-10-19 12:30:14.532000,1.31022,1.31003,1000000,1120000
2018-10-19 12:30:14.739000,1.31021,1.31005,1000000,1000000
2018-10-19 12:30:15.115000,1.31019,1.31001,1000000,1370000
2018-10-19 12:30:15.324000,1.31012,1.30996,1000000,1120000
2018-10-19 12:30:15.480000,1.31012,1.31001,1000000,1000000
2018-10-19 12:30:15.535000,1.31021,1.31004,1370000,1500000
2018-10-19 12:30:15.588000,1.31022,1.31006,1500000,1370000
2018-10-19 12:30:15.786000,1.3102,1.31002,1000000,1120000
2018-10-19 12:30:15.941000,1.31017,1.31001,1000000,1000000
2018-10-19 12:30:16.258000,1.31014,1.30999,1000000,1000000
2018-10-19 12:30:16.503000,1.31017,1.31,1120000,1000000
2018-10-19 12:30:16.556000,1.31016,1.31006,1570000,1000000
2018-10-19 12:30:16.609000,1.31019,1.31006,1120000,1000000
2018-10-19 12:30:16.917000,1.3102,1.31008,1000000,1000000
2018-10-19 12:30:16.970000,1.3102,1.31006,1000000,1000000
2018-10-19 12:30:17.229000,1.31018,1.31004,1000000,1370000
2018-10-19 12:30:17.628000,1.31016,1.31005,1000000,1000000
2018-10-19 12:30:17.936000,1.31006,1.30999,6000000,1000000
2018-10-19 12:30:17.987000,1.31008,1.30999,1370000,1000000
2018-10-19 12:30:18.039000,1.31007,1.31001,1200000,1000000
2018-10-19 12:30:18.271000,1.31009,1.31001,1000000,1000000
2018-10-19 12:30:18.425000,1.31003,1.30998,1000000,1000000
2018-10-19 12:30:18.579000,1.30995,1.30988,1000000,2700000
2018-10-19 12:30:18.630000,1.31006,1.30997,1200000,1000000
2018-10-19 12:30:18.682000,1.31007,1.30997,1470000,1000000
2018-10-19 12:30:18.733000,1.31002,1.30996,1000000,1000000
2018-10-19 12:30:18.877000,1.31001,1.30992,1370000,1000000
2018-10-19 12:30:18.929000,1.31004,1.3099,1500000,1120000
2018-10-19 12:30:18.981000,1.31004,1.3099,1000000,1370000
2018-10-19 12:30:19.032000,1.31004,1.3099,1000000,1000000
2018-10-19 12:30:19.084000,1.30995,1.30988,1000000,1000000
2018-10-19 12:30:19.416000,1.30985,1.3098,1000000,1000000
2018-10-19 12:30:19.469000,1.30989,1.30964,1370000,2250000
2018-10-19 12:30:19.521000,1.30983,1.30961,1000000,1370000
2018-10-19 12:30:19.573000,1.30982,1.30961,1070000,1870000
2018-10-19 12:30:19.626000,1.3098,1.3096,1000000,1990000
2018-10-19 12:30:20.084000,1.30974,1.30962,1500000,1940000
2018-10-19 12:30:20.136000,1.3098,1.30964,1690000,2250000
2018-10-19 12:30:20.189000,1.3098,1.30967,1000000,1250000
2018-10-19 12:30:20.293000,1.30981,1.30961,1000000,2440000
2018-10-19 12:30:20.345000,1.30976,1.30961,1000000,1940000
2018-10-19 12:30:20.450000,1.30973,1.30956,1000000,1870000
2018-10-19 12:30:20.586000,1.30969,1.30955,1000000,1500000
2018-10-19 12:30:20.639000,1.30971,1.30955,1000000,1120000
2018-10-19 12:30:20.744000,1.3098,1.30955,1870000,1000000
2018-10-19 12:30:20.796000,1.30983,1.30967,3000000,1000000
2018-10-19 12:30:20.849000,1.30986,1.30969,1370000,1000000
2018-10-19 12:30:20.902000,1.30982,1.30969,1000000,1000000
2018-10-19 12:30:21.313000,1.30976,1.30965,1000000,1870000
2018-10-19 12:30:21.419000,1.30968,1.3095,1120000,1520000
2018-10-19 12:30:21.472000,1.30967,1.30949,1000000,1520000
2018-10-19 12:30:21.524000,1.30968,1.30949,1120000,1000000
2018-10-19 12:30:21.628000,1.30969,1.30949,1370000,2060000
2018-10-19 12:30:21.960000,1.30968,1.30951,1000000,1370000
2018-10-19 12:30:22.074000,1.30964,1.30948,1000000,1870000
2018-10-19 12:30:22.126000,1.3096,1.30948,1000000,1120000
2018-10-19 12:30:22.231000,1.30966,1.3095,1450000,1000000
2018-10-19 12:30:22.392000,1.30967,1.3095,1000000,3710000
2018-10-19 12:30:22.705000,1.30952,1.30935,1000000,1630000
2018-10-19 12:30:23.006000,1.30944,1.3093,1000000,2250000
2018-10-19 12:30:23.269000,1.30939,1.3092,1000000,1630000
2018-10-19 12:30:23.374000,1.30946,1.30938,1870000,4500000
2018-10-19 12:30:23.426000,1.30948,1.30935,1370000,2250000
2018-10-19 12:30:23.478000,1.30939,1.30931,1000000,1870000
2018-10-19 12:30:23.580000,1.3094,1.3092,1000000,1870000
2018-10-19 12:30:23.633000,1.30933,1.30919,1000000,1500000
2018-10-19 12:30:23.686000,1.30933,1.30918,1000000,1870000
2018-10-19 12:30:23.738000,1.30931,1.30918,1000000,1880000
2018-10-19 12:30:23.791000,1.30931,1.30918,1000000,4130000
2018-10-19 12:30:23.946000,1.30923,1.30919,1000000,1310000
2018-10-19 12:30:24,1.30919,1.30905,1000000,3000000
2018-10-19 12:30:24.104000,1.30919,1.30905,1000000,1370000
2018-10-19 12:30:24.230000,1.30918,1.30905,1000000,1000000
2018-10-19 12:30:24.594000,1.30918,1.30903,1000000,1120000
2018-10-19 12:30:24.647000,1.30924,1.3092,1500000,1000000
2018-10-19 12:30:24.699000,1.30928,1.30918,2250000,2250000
2018-10-19 12:30:24.835000,1.30923,1.3091,1000000,1000000
2018-10-19 12:30:24.888000,1.30924,1.30904,1000000,3190000
2018-10-19 12:30:24.940000,1.30921,1.30904,1000000,1560000
2018-10-19 12:30:25.097000,1.30914,1.30896,1000000,1870000
2018-10-19 12:30:25.150000,1.30916,1.30899,1500000,2440000
2018-10-19 12:30:25.522000,1.30918,1.30901,1120000,1370000
2018-10-19 12:30:25.576000,1.3094,1.30924,1000000,1450000
2018-10-19 12:30:25.680000,1.30944,1.30929,1000000,2250000
2018-10-19 12:30:25.733000,1.3095,1.30941,1370000,1370000
2018-10-19 12:30:26.022000,1.30964,1.30949,1000000,1000000
2018-10-19 12:30:26.074000,1.30966,1.30948,1500000,1500000
2018-10-19 12:30:26.127000,1.30966,1.30953,1000000,1120000
2018-10-19 12:30:26.391000,1.30965,1.3095,1000000,1630000
2018-10-19 12:30:26.444000,1.30966,1.30954,1000000,1370000
2018-10-19 12:30:26.647000,1.30966,1.30951,1000000,1870000
2018-10-19 12:30:26.750000,1.30964,1.30952,1000000,1370000
2018-10-19 12:30:26.803000,1.30963,1.30947,1500000,1870000
2018-10-19 12:30:26.856000,1.30963,1.30947,1000000,1870000
2018-10-19 12:30:27.165000,1.30961,1.30946,1370000,1690000
2018-10-19 12:30:27.497000,1.30959,1.30946,1000000,1250000
2018-10-19 12:30:27.704000,1.30959,1.30947,1000000,1370000
2018-10-19 12:30:27.860000,1.30967,1.30954,1500000,1000000
2018-10-19 12:30:27.913000,1.30968,1.30957,1000000,1120000
2018-10-19 12:30:27.966000,1.30971,1.30957,1000000,1000000
2018-10-19 12:30:28.067000,1.30971,1.30963,1000000,1000000
2018-10-19 12:30:28.121000,1.30982,1.30973,1000000,1000000
2018-10-19 12:30:28.173000,1.30984,1.30975,1000000,1000000
2018-10-19 12:30:28.225000,1.30987,1.30975,1000000,1000000
2018-10-19 12:30:28.278000,1.30991,1.30983,1120000,1000000
2018-10-19 12:30:28.330000,1.30994,1.30983,1000000,1000000
2018-10-19 12:30:28.383000,1.30996,1.30983,1000000,1000000
2018-10-19 12:30:28.540000,1.31001,1.30987,1120000,1500000
2018-10-19 12:30:28.696000,1.30998,1.30989,1000000,1000000
2018-10-19 12:30:28.837000,1.30997,1.30984,1000000,1370000
2018-10-19 12:30:29.044000,1.30992,1.30981,1000000,1370000
2018-10-19 12:30:29.095000,1.30992,1.30981,1000000,1120000
2018-10-19 12:30:29.147000,1.30992,1.30976,1000000,1370000
2018-10-19 12:30:29.198000,1.30992,1.30976,1000000,1120000
2018-10-19 12:30:29.529000,1.30999,1.30977,1370000,1370000
2018-10-19 12:30:29.633000,1.30999,1.30977,1000000,1370000
2018-10-19 12:30:29.946000,1.30993,1.30974,1500000,1870000
2018-10-19 12:30:30,1.30992,1.30974,1000000,1370000
2018-10-19 12:30:30.053000,1.30992,1.30971,1870000,1370000
2018-10-19 12:30:30.106000,1.30994,1.30973,1000000,1370000
2018-10-19 12:30:30.238000,1.30997,1.30976,1000000,1370000
2018-10-19 12:30:30.395000,1.30999,1.30979,1100000,1120000
2018-10-19 12:30:30.706000,1.30967,1.30959,1000000,1370000
2018-10-19 12:30:30.849000,1.30978,1.30961,1000000,1000000
2018-10-19 12:30:30.902000,1.30973,1.30961,1000000,1370000
2018-10-19 12:30:31.007000,1.30969,1.3095,1370000,1000000
2018-10-19 12:30:31.060000,1.30969,1.30951,1450000,1000000
2018-10-19 12:30:31.163000,1.30969,1.3095,1000000,1370000
2018-10-19 12:30:31.434000,1.30969,1.3095,1000000,1370000
2018-10-19 12:30:31.486000,1.30968,1.30951,1000000,1120000
2018-10-19 12:30:31.590000,1.30968,1.30951,1000000,1820000
2018-10-19 12:30:31.642000,1.30968,1.30951,1000000,1120000
2018-10-19 12:30:31.747000,1.30968,1.30948,1450000,1820000
2018-10-19 12:30:31.799000,1.30968,1.30948,1000000,1870000
2018-10-19 12:30:31.852000,1.30968,1.30948,1000000,7390000
2018-10-19 12:30:31.958000,1.30967,1.30948,1450000,1820000
2018-10-19 12:30:32.062000,1.30962,1.30947,1200000,1570000
2018-10-19 12:30:32.265000,1.30965,1.30947,1100000,2320000
2018-10-19 12:30:32.319000,1.30968,1.30951,1500000,1370000
2018-10-19 12:30:32.904000,1.30968,1.30952,1500000,1370000
2018-10-19 12:30:33.218000,1.30963,1.3095,1000000,1100000
2018-10-19 12:30:33.528000,1.30954,1.30941,1000000,1420000
2018-10-19 12:30:33.720000,1.3096,1.30947,1000000,1000000
2018-10-19 12:30:33.772000,1.30958,1.30946,1000000,1370000
2018-10-19 12:30:33.824000,1.30958,1.3094,1000000,3640000
2018-10-19 12:30:33.876000,1.3096,1.30945,1000000,1370000
2018-10-19 12:30:34.137000,1.30962,1.30944,1500000,1460000
2018-10-19 12:30:34.189000,1.3096,1.30943,1500000,1650000
2018-10-19 12:30:34.241000,1.30964,1.30947,1000000,1870000
2018-10-19 12:30:34.293000,1.30964,1.30948,2250000,1370000
2018-10-19 12:30:34.462000,1.30962,1.30945,1000000,2770000
2018-10-19 12:30:34.515000,1.30963,1.30946,1000000,1750000
2018-10-19 12:30:34.672000,1.3096,1.30942,1500000,2620000
2018-10-19 12:30:34.929000,1.30958,1.30942,1000000,1500000
2018-10-19 12:30:35.084000,1.3096,1.30944,1500000,3750000
2018-10-19 12:30:35.137000,1.3096,1.30945,1000000,1370000
2018-10-19 12:30:35.483000,1.30952,1.30937,1000000,1000000
2018-10-19 12:30:35.535000,1.30956,1.30942,1000000,1000000
2018-10-19 12:30:35.595000,1.30961,1.30944,1500000,1000000
2018-10-19 12:30:35.693000,1.30954,1.30942,1000000,1370000
2018-10-19 12:30:35.745000,1.30956,1.30943,1000000,1370000
2018-10-19 12:30:35.848000,1.30961,1.30945,1500000,1120000
2018-10-19 12:30:35.901000,1.30954,1.30941,1000000,1500000
2018-10-19 12:30:36.010000,1.30959,1.30941,1000000,1370000
2018-10-19 12:30:36.063000,1.30959,1.30943,1000000,1370000
2018-10-19 12:30:36.426000,1.30961,1.30944,1690000,1370000
2018-10-19 12:30:36.555000,1.30959,1.30943,1000000,2060000
2018-10-19 12:30:37.099000,1.3096,1.30944,1000000,1370000
2018-10-19 12:30:37.446000,1.30959,1.30946,1500000,1370000
2018-10-19 12:30:37.550000,1.30954,1.30942,1000000,1120000
2018-10-19 12:30:38.089000,1.30954,1.30942,1950000,1000000
2018-10-19 12:30:38.294000,1.30954,1.30946,1000000,1000000
2018-10-19 12:30:38.348000,1.3096,1.30949,1000000,1500000
2018-10-19 12:30:38.556000,1.3096,1.3095,1000000,1370000
2018-10-19 12:30:38.704000,1.30967,1.30956,1000000,1000000
2018-10-19 12:30:38.809000,1.30972,1.30959,1000000,1000000
2018-10-19 12:30:38.862000,1.30976,1.30959,1000000,1120000
2018-10-19 12:30:38.918000,1.30972,1.30959,1000000,1000000
2018-10-19 12:30:38.971000,1.30974,1.30957,1000000,3370000
2018-10-19 12:30:39.024000,1.30971,1.30957,1000000,1370000
2018-10-19 12:30:39.283000,1.30978,1.30963,3000000,1500000
2018-10-19 12:30:39.417000,1.30976,1.30965,1000000,1000000
2018-10-19 12:30:39.469000,1.30978,1.30965,1500000,1000000
2018-10-19 12:30:39.732000,1.30978,1.30967,1500000,1000000
2018-10-19 12:30:39.785000,1.3098,1.30967,1500000,1000000
2018-10-19 12:30:39.993000,1.30984,1.3097,1000000,1000000
2018-10-19 12:30:40.047000,1.30986,1.30973,1000000,1000000
2018-10-19 12:30:40.230000,1.30988,1.30974,1500000,1120000
2018-10-19 12:30:40.287000,1.30988,1.3098,1000000,1000000
2018-10-19 12:30:40.346000,1.31009,1.30996,1500000,1000000
2018-10-19 12:30:40.399000,1.31006,1.30997,1000000,1000000
2018-10-19 12:30:40.451000,1.31018,1.31003,1500000,1000000
2018-10-19 12:30:40.504000,1.31012,1.31006,1000000,1000000
2018-10-19 12:30:40.557000,1.31017,1.31006,1000000,1500000
2018-10-19 12:30:40.609000,1.31019,1.3101,1000000,1000000
2018-10-19 12:30:40.661000,1.31022,1.31008,1500000,1000000
2018-10-19 12:30:40.801000,1.31026,1.31015,2700000,1000000
2018-10-19 12:30:40.855000,1.31028,1.31016,1870000,1000000
2018-10-19 12:30:40.959000,1.31024,1.31017,1000000,1000000
2018-10-19 12:30:41.063000,1.31024,1.31013,1000000,1000000
2018-10-19 12:30:41.115000,1.31021,1.31009,1000000,1370000
2018-10-19 12:30:41.168000,1.3102,1.31004,1500000,2060000
2018-10-19 12:30:41.272000,1.31022,1.31006,1500000,1000000
2018-10-19 12:30:41.531000,1.31019,1.31007,1000000,1870000
2018-10-19 12:30:41.738000,1.31022,1.31007,1000000,1870000
2018-10-19 12:30:42.190000,1.31021,1.31009,1000000,1000000
2018-10-19 12:30:42.294000,1.31029,1.31016,3370000,1000000
2018-10-19 12:30:42.398000,1.3103,1.31019,1000000,1000000
2018-10-19 12:30:42.553000,1.3103,1.31017,1500000,2250000
2018-10-19 12:30:42.656000,1.31026,1.31017,1000000,1500000
2018-10-19 12:30:42.875000,1.3103,1.3102,1500000,1000000
2018-10-19 12:30:43.082000,1.31033,1.31021,1000000,1000000
2018-10-19 12:30:43.237000,1.31035,1.31021,1000000,1500000
2018-10-19 12:30:43.290000,1.31035,1.31024,1450000,1000000
2018-10-19 12:30:43.479000,1.31037,1.31025,1250000,2250000
2018-10-19 12:30:43.574000,1.31037,1.31023,1000000,2250000
2018-10-19 12:30:43.781000,1.31038,1.3103,1450000,1000000
2018-10-19 12:30:43.834000,1.31048,1.31033,1500000,1690000
2018-10-19 12:30:43.938000,1.31051,1.31037,1000000,2250000
2018-10-19 12:30:44.289000,1.31044,1.31033,1820000,1200000
2018-10-19 12:30:44.342000,1.31047,1.31035,1120000,1450000
2018-10-19 12:30:44.447000,1.31046,1.31031,1500000,1870000
2018-10-19 12:30:44.631000,1.31043,1.31026,1950000,1370000
2018-10-19 12:30:44.684000,1.31039,1.31027,1000000,1000000
2018-10-19 12:30:44.894000,1.31038,1.31021,1120000,1870000
2018-10-19 12:30:44.948000,1.31036,1.3102,1000000,1870000
2018-10-19 12:30:45.298000,1.31042,1.31032,1270000,1000000
2018-10-19 12:30:45.456000,1.31043,1.31033,1000000,1370000
2018-10-19 12:30:45.561000,1.31043,1.31029,1000000,1370000
2018-10-19 12:30:45.614000,1.31042,1.31029,1560000,1120000
2018-10-19 12:30:45.790000,1.31041,1.31025,1250000,1870000
2018-10-19 12:30:46.008000,1.31039,1.31027,1050000,1000000
2018-10-19 12:30:46.217000,1.31039,1.31025,1050000,2620000
2018-10-19 12:30:46.270000,1.31039,1.31027,1050000,1000000
2018-10-19 12:30:46.497000,1.31039,1.31025,1000000,1000000
2018-10-19 12:30:46.915000,1.31033,1.3102,1000000,1470000
2018-10-19 12:30:46.967000,1.31033,1.31018,1370000,1000000
2018-10-19 12:30:47.020000,1.31034,1.31022,1370000,1500000
2018-10-19 12:30:47.164000,1.31037,1.31024,1120000,1000000
2018-10-19 12:30:47.217000,1.3104,1.31024,1000000,1500000
2018-10-19 12:30:47.270000,1.3104,1.31026,1000000,1000000
2018-10-19 12:30:47.594000,1.31046,1.31035,3000000,1000000
2018-10-19 12:30:48.129000,1.31044,1.31032,1000000,1120000
2018-10-19 12:30:48.233000,1.31043,1.31029,1500000,1000000
2018-10-19 12:30:48.534000,1.31043,1.31031,1000000,1000000
2018-10-19 12:30:48.845000,1.31041,1.3103,1000000,1000000
2018-10-19 12:30:49,1.31041,1.31027,1000000,1000000
2018-10-19 12:30:49.386000,1.31035,1.31024,1000000,1370000
2018-10-19 12:30:49.438000,1.31032,1.3102,1000000,1500000
2018-10-19 12:30:49.490000,1.31034,1.31019,1000000,1500000
2018-10-19 12:30:49.543000,1.31037,1.31021,1000000,1000000
2018-10-19 12:30:49.595000,1.31038,1.31023,1500000,1000000
2018-10-19 12:30:49.937000,1.31044,1.31029,1000000,1000000
2018-10-19 12:30:50.253000,1.31043,1.31029,1000000,2620000
2018-10-19 12:30:50.305000,1.31043,1.31029,1000000,1000000
2018-10-19 12:30:50.365000,1.31042,1.31031,1000000,1000000
2018-10-19 12:30:50.417000,1.31045,1.3103,1000000,1000000
2018-10-19 12:30:50.655000,1.31047,1.31034,1000000,1000000
2018-10-19 12:30:50.966000,1.31047,1.31036,1450000,1000000
2018-10-19 12:30:51.069000,1.31047,1.31037,1200000,1000000
2018-10-19 12:30:51.122000,1.3105,1.31035,1450000,3000000
2018-10-19 12:30:51.174000,1.31051,1.3104,3070000,1000000
2018-10-19 12:30:51.226000,1.31051,1.3104,1200000,1000000
2018-10-19 12:30:51.496000,1.31054,1.31042,1500000,1000000
2018-10-19 12:30:51.548000,1.31059,1.31044,1750000,1450000
2018-10-19 12:30:51.756000,1.31058,1.3104,1950000,2620000
2018-10-19 12:30:51.810000,1.31058,1.31044,1950000,1000000
2018-10-19 12:30:51.916000,1.3106,1.31043,1000000,1000000
2018-10-19 12:30:52.053000,1.31056,1.31045,1000000,1000000
2018-10-19 12:30:52.157000,1.31053,1.31041,1500000,1000000
2018-10-19 12:30:52.311000,1.31053,1.31038,1000000,1120000
2018-10-19 12:30:52.364000,1.31055,1.3104,1000000,1000000
2018-10-19 12:30:52.726000,1.31058,1.31041,1500000,1000000
2018-10-19 12:30:52.778000,1.31056,1.31041,1000000,1120000
2018-10-19 12:30:53.098000,1.31053,1.3104,1450000,1000000
2018-10-19 12:30:53.150000,1.31057,1.31044,3000000,1000000
2018-10-19 12:30:53.253000,1.31057,1.31042,1000000,1000000
2018-10-19 12:30:53.307000,1.31055,1.31043,1500000,1000000
2018-10-19 12:30:53.450000,1.31056,1.31041,1500000,1000000
2018-10-19 12:30:53.611000,1.31055,1.31043,1000000,1120000
2018-10-19 12:30:53.952000,1.31072,1.31061,1200000,1000000
2018-10-19 12:30:54.115000,1.31077,1.31063,2400000,1000000
2018-10-19 12:30:54.168000,1.31077,1.31068,1000000,1000000
2018-10-19 12:30:54.496000,1.31081,1.31071,1000000,1000000
2018-10-19 12:30:54.808000,1.31083,1.31073,1450000,1000000
2018-10-19 12:30:54.861000,1.31083,1.3107,1950000,1000000
2018-10-19 12:30:55.017000,1.3108,1.3107,1000000,1450000
2018-10-19 12:30:55.332000,1.31064,1.31056,1500000,1000000
2018-10-19 12:30:55.670000,1.31067,1.31057,2400000,2250000
2018-10-19 12:30:55.775000,1.31068,1.31058,1000000,1000000
2018-10-19 12:30:55.881000,1.31074,1.31058,1500000,1000000
2018-10-19 12:30:55.933000,1.31074,1.31065,1500000,1000000
2018-10-19 12:30:55.987000,1.31075,1.31063,1000000,1500000
2018-10-19 12:30:56.122000,1.3107,1.31061,1000000,1120000
2018-10-19 12:30:56.175000,1.31074,1.31058,1000000,1000000
2018-10-19 12:30:56.487000,1.3107,1.31057,1000000,1500000
2018-10-19 12:30:56.763000,1.31076,1.31062,1500000,1000000
2018-10-19 12:30:56.816000,1.31071,1.31061,1500000,1120000
2018-10-19 12:30:57.216000,1.31063,1.31053,1200000,1000000
2018-10-19 12:30:57.527000,1.31072,1.31058,1450000,1000000
2018-10-19 12:30:57.885000,1.31072,1.31058,1450000,1000000
2018-10-19 12:30:57.991000,1.31072,1.31058,1450000,1000000
2018-10-19 12:30:58.096000,1.31073,1.31058,1870000,1000000
2018-10-19 12:30:58.202000,1.3107,1.31058,1200000,1000000
2018-10-19 12:30:58.549000,1.31073,1.31065,1450000,1000000
2018-10-19 12:30:58.601000,1.31074,1.31065,1200000,1000000
2018-10-19 12:30:59.258000,1.31076,1.31071,1000000,1000000
2018-10-19 12:30:59.764000,1.31075,1.31071,1000000,1000000
2018-10-19 12:31:00.062000,1.31075,1.3107,2700000,1000000
2018-10-19 12:31:00.115000,1.31071,1.3106,1450000,1000000
2018-10-19 12:31:00.168000,1.31068,1.31058,1000000,1000000
2018-10-19 12:31:00.473000,1.31065,1.31056,1000000,1000000
2018-10-19 12:31:00.843000,1.31076,1.31066,1450000,1000000
2018-10-19 12:31:00.913000,1.31079,1.31067,1450000,2250000
2018-10-19 12:31:01.120000,1.31083,1.31067,1450000,2440000
2018-10-19 12:31:01.276000,1.31085,1.31072,1200000,1000000
2018-10-19 12:31:01.451000,1.31087,1.31072,1000000,1120000
2018-10-19 12:31:01.556000,1.31086,1.31069,1000000,3000000
2018-10-19 12:31:01.609000,1.31084,1.3107,1200000,1000000
2018-10-19 12:31:01.819000,1.31085,1.31068,1950000,2250000
2018-10-19 12:31:01.925000,1.31085,1.31068,1500000,2250000
2018-10-19 12:31:02.155000,1.31087,1.31072,1450000,1500000
2018-10-19 12:31:02.469000,1.31082,1.31069,1200000,1000000
2018-10-19 12:31:02.815000,1.31085,1.3107,1000000,1000000
2018-10-19 12:31:02.972000,1.31083,1.31068,1450000,1870000
2018-10-19 12:31:03.292000,1.31083,1.31069,1950000,3000000
2018-10-19 12:31:03.464000,1.31085,1.31072,1450000,2250000
2018-10-19 12:31:03.517000,1.31086,1.31072,1000000,1000000
2018-10-19 12:31:04.185000,1.31084,1.3107,2700000,1000000
2018-10-19 12:31:04.446000,1.31081,1.31066,1950000,4580000
2018-10-19 12:31:04.779000,1.3108,1.3107,1000000,1000000
2018-10-19 12:31:05.093000,1.31078,1.31069,1000000,1000000
2018-10-19 12:31:05.250000,1.31077,1.31066,1000000,1950000
2018-10-19 12:31:05.356000,1.31075,1.31065,1000000,1000000
2018-10-19 12:31:05.527000,1.31076,1.31062,1000000,2700000
2018-10-19 12:31:05.579000,1.31079,1.31068,1950000,1000000
2018-10-19 12:31:05.631000,1.31079,1.31068,1200000,1000000
2018-10-19 12:31:05.684000,1.31075,1.31064,1000000,1570000
2018-10-19 12:31:05.743000,1.31074,1.31063,1200000,1000000
2018-10-19 12:31:05.797000,1.31076,1.31069,4570000,1000000
2018-10-19 12:31:06.008000,1.3108,1.31072,1000000,1000000
2018-10-19 12:31:06.061000,1.31078,1.3107,1000000,1000000
2018-10-19 12:31:06.194000,1.31085,1.31076,1000000,1000000
2018-10-19 12:31:06.247000,1.31083,1.31078,1000000,1000000
2018-10-19 12:31:06.299000,1.31086,1.31078,1200000,1120000
2018-10-19 12:31:06.453000,1.31085,1.31076,1000000,1000000
2018-10-19 12:31:06.641000,1.31078,1.31074,1000000,1000000
2018-10-19 12:31:06.695000,1.31079,1.31071,1000000,1250000
2018-10-19 12:31:06.853000,1.31079,1.31065,1000000,1450000
2018-10-19 12:31:06.955000,1.31079,1.31065,1000000,1950000
2018-10-19 12:31:07.057000,1.31076,1.3107,1500000,1000000
2018-10-19 12:31:07.160000,1.31076,1.31063,1000000,1820000
2018-10-19 12:31:07.281000,1.31077,1.31061,1500000,1950000
2018-10-19 12:31:07.637000,1.31075,1.3106,1000000,5700000
2018-10-19 12:31:07.743000,1.31078,1.31063,1450000,1000000
2018-10-19 12:31:07.796000,1.31078,1.31066,1200000,1000000
2018-10-19 12:31:08.128000,1.31073,1.31063,1000000,1000000
2018-10-19 12:31:08.230000,1.31075,1.31063,1000000,1000000
2018-10-19 12:31:08.437000,1.31073,1.31062,1000000,2700000
2018-10-19 12:31:08.938000,1.31069,1.31058,1000000,2700000
2018-10-19 12:31:09.044000,1.31069,1.31058,1000000,1690000
2018-10-19 12:31:09.478000,1.31069,1.31056,1200000,2140000
2018-10-19 12:31:09.788000,1.31067,1.31056,1000000,1950000
2018-10-19 12:31:09.902000,1.31067,1.31055,1000000,3070000
2018-10-19 12:31:10.436000,1.31065,1.31055,1000000,1200000
2018-10-19 12:31:10.630000,1.31067,1.31056,1000000,1000000
2018-10-19 12:31:10.682000,1.31069,1.31055,1000000,1200000
2018-10-19 12:31:10.786000,1.3107,1.31056,1950000,2700000
2018-10-19 12:31:11.545000,1.3107,1.31056,1000000,6080000
2018-10-19 12:31:11.972000,1.31075,1.31065,1000000,1000000
2018-10-19 12:31:12.223000,1.31071,1.3106,1000000,1200000
2018-10-19 12:31:12.275000,1.31075,1.31063,1500000,1500000
2018-10-19 12:31:12.329000,1.31075,1.31065,1000000,1500000
2018-10-19 12:31:12.540000,1.31073,1.31062,1000000,1100000
2018-10-19 12:31:13.045000,1.31071,1.31059,1000000,1950000
2018-10-19 12:31:13.200000,1.31071,1.31059,1000000,1200000
2018-10-19 12:31:13.637000,1.31074,1.31063,1120000,1000000
2018-10-19 12:31:13.955000,1.31075,1.3106,1950000,4120000
2018-10-19 12:31:14.008000,1.31071,1.31063,1000000,1000000
2018-10-19 12:31:14.143000,1.31071,1.3106,1000000,1010000
2018-10-19 12:31:14.253000,1.31066,1.31062,1000000,1000000
2018-10-19 12:31:14.306000,1.31062,1.31056,1000000,1870000
2018-10-19 12:31:14.618000,1.3106,1.31052,1000000,1000000
2018-10-19 12:31:14.670000,1.3106,1.31049,1000000,1950000
2018-10-19 12:31:14.775000,1.31058,1.31049,1000000,1450000
2018-10-19 12:31:14.827000,1.31058,1.31047,1000000,2250000
2018-10-19 12:31:15.188000,1.31057,1.31049,1000000,1000000
2018-10-19 12:31:15.293000,1.31062,1.31053,1000000,1000000
2018-10-19 12:31:15.398000,1.31062,1.31048,1000000,2330000
2018-10-19 12:31:15.807000,1.31067,1.31055,1000000,1000000
2018-10-19 12:31:16.226000,1.31069,1.31059,1000000,1950000
2018-10-19 12:31:16.278000,1.31069,1.31056,1500000,1950000
2018-10-19 12:31:16.433000,1.31069,1.31056,1000000,1950000
2018-10-19 12:31:16.485000,1.31071,1.31057,3750000,1450000
2018-10-19 12:31:16.538000,1.31069,1.31056,1000000,2700000
2018-10-19 12:31:16.951000,1.3107,1.31056,1000000,1950000
2018-10-19 12:31:17.107000,1.3107,1.31058,1000000,1450000
2018-10-19 12:31:17.614000,1.3107,1.31058,1000000,1200000
2018-10-19 12:31:18.145000,1.31069,1.31058,1500000,1950000
2018-10-19 12:31:18.675000,1.31071,1.31059,1000000,1200000
2018-10-19 12:31:18.733000,1.31068,1.31057,1500000,1950000
2018-10-19 12:31:19.067000,1.31064,1.31053,1000000,1950000
2018-10-19 12:31:19.383000,1.31074,1.31064,1000000,1000000
2018-10-19 12:31:19.436000,1.31075,1.31066,1000000,1000000
2018-10-19 12:31:19.712000,1.31074,1.31062,1500000,1200000
2018-10-19 12:31:19.816000,1.31073,1.31062,1000000,1450000
2018-10-19 12:31:19.868000,1.31075,1.31062,1000000,1450000
2018-10-19 12:31:20.371000,1.31076,1.31063,1200000,1950000
2018-10-19 12:31:20.579000,1.31072,1.31063,1000000,1470000
2018-10-19 12:31:20.632000,1.31076,1.31064,1000000,1000000
2018-10-19 12:31:21.299000,1.31071,1.31063,1000000,1450000
2018-10-19 12:31:21.403000,1.31072,1.31061,1000000,1450000
2018-10-19 12:31:21.508000,1.31076,1.31071,6000000,1000000
2018-10-19 12:31:21.561000,1.31076,1.3107,3750000,1100000
2018-10-19 12:31:21.615000,1.3108,1.3107,1000000,1570000
2018-10-19 12:31:22.161000,1.3108,1.31069,1000000,2700000
2018-10-19 12:31:22.485000,1.31081,1.3107,1000000,3450000
2018-10-19 12:31:22.898000,1.31078,1.3107,1000000,1450000
2018-10-19 12:31:23.140000,1.31078,1.31068,1000000,1450000
2018-10-19 12:31:23.246000,1.3108,1.31067,1880000,1450000
2018-10-19 12:31:23.505000,1.31081,1.31066,1500000,4200000
2018-10-19 12:31:23.609000,1.3108,1.31068,1000000,1450000
2018-10-19 12:31:23.941000,1.31081,1.31068,1500000,1450000
2018-10-19 12:31:24.150000,1.3109,1.31077,1200000,1500000
2018-10-19 12:31:24.461000,1.31091,1.31078,1000000,1950000
2018-10-19 12:31:24.794000,1.31089,1.31079,1000000,1000000
2018-10-19 12:31:24.952000,1.31091,1.31079,1880000,1000000
2018-10-19 12:31:25.005000,1.31088,1.3108,1000000,1000000
2018-10-19 12:31:25.211000,1.3109,1.31079,1000000,1450000
2018-10-19 12:31:25.457000,1.3109,1.31079,1000000,2700000
2018-10-19 12:31:25.716000,1.31092,1.31083,1000000,2250000
2018-10-19 12:31:25.772000,1.31094,1.31083,1000000,2320000
2018-10-19 12:31:25.826000,1.31088,1.31078,1380000,1070000
2018-10-19 12:31:26.019000,1.31087,1.31077,1000000,1000000
2018-10-19 12:31:26.175000,1.31089,1.31077,1000000,1100000
2018-10-19 12:31:26.438000,1.31089,1.31075,1000000,1570000
2018-10-19 12:31:26.990000,1.31089,1.31074,1460000,2700000
2018-10-19 12:31:27.497000,1.31088,1.31078,1000000,1570000
2018-10-19 12:31:27.706000,1.31092,1.31079,1120000,1000000
2018-10-19 12:31:27.759000,1.3109,1.31079,1000000,1000000
2018-10-19 12:31:28.065000,1.31094,1.31086,1000000,1000000
2018-10-19 12:31:28.223000,1.31099,1.31089,1870000,1000000
2018-10-19 12:31:28.276000,1.31099,1.31094,1000000,1000000
2018-10-19 12:31:28.434000,1.31101,1.31095,1120000,1570000
2018-10-19 12:31:28.522000,1.31104,1.31097,1500000,1000000
2018-10-19 12:31:28.576000,1.31112,1.311,1500000,2700000
2018-10-19 12:31:28.735000,1.31113,1.31103,1450000,1000000
2018-10-19 12:31:28.788000,1.31115,1.31105,1500000,1000000
2018-10-19 12:31:29.102000,1.31114,1.31107,1500000,1000000
2018-10-19 12:31:29.390000,1.31132,1.31123,1000000,1000000
2018-10-19 12:31:29.442000,1.31135,1.31131,1500000,1000000
2018-10-19 12:31:29.496000,1.31138,1.3113,1870000,1000000
2018-10-19 12:31:29.549000,1.31133,1.31126,1000000,1950000
2018-10-19 12:31:29.697000,1.31136,1.31125,2250000,2510000
2018-10-19 12:31:29.749000,1.31139,1.31127,1370000,1290000
2018-10-19 12:31:29.802000,1.3114,1.31125,3750000,2700000
2018-10-19 12:31:29.854000,1.31138,1.31125,1000000,1950000
2018-10-19 12:31:30.171000,1.31139,1.31127,1000000,2700000
2018-10-19 12:31:30.522000,1.31145,1.31135,1690000,1000000
2018-10-19 12:31:30.574000,1.31143,1.31132,2330000,1000000
2018-10-19 12:31:30.677000,1.31141,1.31129,1000000,1200000
2018-10-19 12:31:30.972000,1.31138,1.31128,1000000,1000000
2018-10-19 12:31:31.288000,1.31147,1.31137,1200000,1500000
2018-10-19 12:31:31.341000,1.31148,1.31139,1100000,1000000
2018-10-19 12:31:31.489000,1.31147,1.31136,1970000,1500000
2018-10-19 12:31:31.591000,1.31148,1.31137,1200000,1000000
2018-10-19 12:31:31.796000,1.31151,1.31139,1950000,1000000
2018-10-19 12:31:32.117000,1.31141,1.31133,1000000,1500000
2018-10-19 12:31:32.330000,1.31135,1.31126,1000000,1000000
2018-10-19 12:31:32.382000,1.31137,1.31127,1200000,1000000
2018-10-19 12:31:32.434000,1.31137,1.31131,1000000,1000000
2018-10-19 12:31:32.486000,1.3114,1.3113,1000000,1000000
2018-10-19 12:31:32.538000,1.31141,1.31132,1000000,1000000
2018-10-19 12:31:32.746000,1.31149,1.31139,1000000,1000000
2018-10-19 12:31:32.849000,1.31143,1.31134,1000000,1120000
2018-10-19 12:31:32.901000,1.31147,1.31136,1000000,1000000
2018-10-19 12:31:33.178000,1.31149,1.31137,1570000,1000000
2018-10-19 12:31:33.229000,1.31149,1.31139,1570000,1000000
2018-10-19 12:31:33.537000,1.31151,1.31143,1000000,1000000
2018-10-19 12:31:33.833000,1.31149,1.31139,1500000,1000000
2018-10-19 12:31:34.038000,1.3115,1.31142,1000000,1000000
2018-10-19 12:31:34.089000,1.3115,1.3114,1000000,1000000
2018-10-19 12:31:34.141000,1.31148,1.3114,1000000,1000000
2018-10-19 12:31:34.244000,1.31152,1.31141,1450000,1000000
2018-10-19 12:31:34.483000,1.31155,1.31147,1200000,1000000
2018-10-19 12:31:34.697000,1.31158,1.31147,1950000,1000000
2018-10-19 12:31:34.954000,1.31154,1.31147,1000000,1000000
2018-10-19 12:31:35.007000,1.31153,1.31142,2250000,1500000
2018-10-19 12:31:35.175000,1.31154,1.31148,2700000,1000000
2018-10-19 12:31:35.227000,1.31154,1.31146,1000000,1000000
2018-10-19 12:31:35.383000,1.31155,1.31144,1000000,1000000
2018-10-19 12:31:35.591000,1.31155,1.31146,1950000,1000000
2018-10-19 12:31:35.921000,1.31146,1.31137,1000000,1370000
2018-10-19 12:31:36.025000,1.31146,1.31134,1650000,2250000
2018-10-19 12:31:36.077000,1.31146,1.31134,1650000,1000000
2018-10-19 12:31:36.346000,1.31149,1.31138,1270000,1000000
2018-10-19 12:31:36.399000,1.31147,1.31137,1000000,1000000
2018-10-19 12:31:36.647000,1.31148,1.3114,1200000,1000000
2018-10-19 12:31:37.163000,1.31149,1.3114,2810000,1000000
2018-10-19 12:31:37.216000,1.31148,1.31138,1500000,1000000
2018-10-19 12:31:37.327000,1.31144,1.31134,1500000,1450000
2018-10-19 12:31:37.542000,1.31146,1.31133,4200000,1000000
2018-10-19 12:31:37.601000,1.31146,1.31137,1450000,1000000
2018-10-19 12:31:37.918000,1.31148,1.31142,1950000,1000000
2018-10-19 12:31:37.971000,1.31143,1.31135,1000000,1000000
2018-10-19 12:31:38.024000,1.31146,1.31135,2250000,1450000
2018-10-19 12:31:38.183000,1.31148,1.31136,3750000,1000000
2018-10-19 12:31:38.338000,1.31149,1.31136,1000000,1450000
2018-10-19 12:31:38.684000,1.31152,1.31142,1000000,1000000
2018-10-19 12:31:39.045000,1.31154,1.31144,1950000,1000000
2018-10-19 12:31:39.366000,1.31158,1.31151,1450000,1000000
2018-10-19 12:31:39.419000,1.31159,1.31152,1000000,1000000
2018-10-19 12:31:39.523000,1.31157,1.31152,1000000,1000000
2018-10-19 12:31:40.054000,1.31158,1.31152,1000000,1000000
2018-10-19 12:31:40.267000,1.31166,1.31156,1200000,1000000
2018-10-19 12:31:40.320000,1.31166,1.31154,1000000,1000000
2018-10-19 12:31:40.548000,1.31166,1.31152,1950000,1000000
2018-10-19 12:31:40.654000,1.31164,1.31153,2210000,1000000
2018-10-19 12:31:40.968000,1.31157,1.31151,1000000,1000000
2018-10-19 12:31:41.358000,1.31163,1.31151,2770000,1000000
2018-10-19 12:31:41.564000,1.31164,1.31151,4840000,1500000
2018-10-19 12:31:41.951000,1.31164,1.31153,2590000,1000000
2018-10-19 12:31:42.562000,1.31163,1.31153,1450000,1000000
2018-10-19 12:31:43.113000,1.31163,1.31154,1000000,1000000
2018-10-19 12:31:43.448000,1.31159,1.3115,1120000,1000000
2018-10-19 12:31:43.607000,1.31157,1.31145,1200000,1000000
2018-10-19 12:31:43.972000,1.31158,1.31147,2700000,1000000
2018-10-19 12:31:44.300000,1.31156,1.31146,1500000,1000000
2018-10-19 12:31:44.862000,1.31149,1.31145,1000000,1000000
2018-10-19 12:31:44.914000,1.31151,1.3114,1000000,1000000
2018-10-19 12:31:45.069000,1.31149,1.3114,1000000,1000000
2018-10-19 12:31:45.608000,1.31149,1.31139,1500000,1500000
2018-10-19 12:31:46.120000,1.31148,1.31139,1000000,1000000
2018-10-19 12:31:46.407000,1.31148,1.31136,4120000,1000000
2018-10-19 12:31:46.510000,1.31148,1.31138,1100000,1000000
2018-10-19 12:31:46.839000,1.31146,1.31138,1000000,1000000
2018-10-19 12:31:46.902000,1.31143,1.31132,3000000,1200000
2018-10-19 12:31:46.954000,1.3114,1.31132,1000000,1000000
2018-10-19 12:31:47.538000,1.31139,1.31131,1000000,1000000
2018-10-19 12:31:47.846000,1.31132,1.31123,2320000,1000000
2018-10-19 12:31:47.898000,1.31131,1.31123,1950000,1000000
2018-10-19 12:31:48.109000,1.31131,1.31123,1950000,1000000
2018-10-19 12:31:48.571000,1.3113,1.31119,1100000,1000000
2018-10-19 12:31:48.816000,1.3113,1.31119,2020000,1000000
2018-10-19 12:31:49.291000,1.3113,1.31121,1450000,1000000
2018-10-19 12:31:49.343000,1.3113,1.31121,1450000,1000000
2018-10-19 12:31:49.590000,1.31123,1.31116,1500000,2250000
2018-10-19 12:31:49.696000,1.31122,1.31111,1950000,1000000
2018-10-19 12:31:49.748000,1.31116,1.3111,1000000,1000000
2018-10-19 12:31:49.801000,1.31119,1.31109,1950000,1500000
2018-10-19 12:31:49.956000,1.31119,1.31112,1000000,1000000
2018-10-19 12:31:50.204000,1.3112,1.31109,1450000,1000000
2018-10-19 12:31:50.728000,1.31119,1.31107,1450000,1000000
2018-10-19 12:31:50.832000,1.31119,1.31107,1450000,1500000
2018-10-19 12:31:50.964000,1.31118,1.31107,1450000,1500000
2018-10-19 12:31:51.474000,1.31118,1.31107,1450000,1000000
2018-10-19 12:31:51.979000,1.31121,1.31119,2700000,1000000
2018-10-19 12:31:52.032000,1.31131,1.31124,1950000,1500000
2018-10-19 12:31:52.086000,1.31138,1.31129,1000000,1000000
2018-10-19 12:31:52.139000,1.31135,1.31126,1000000,1500000
2018-10-19 12:31:52.192000,1.31141,1.31129,1450000,1000000
2018-10-19 12:31:52.245000,1.31139,1.31126,1950000,1000000
2018-10-19 12:31:52.509000,1.31139,1.31126,1000000,1000000
2018-10-19 12:31:52.871000,1.3114,1.31129,4200000,1000000
2018-10-19 12:31:53.849000,1.31131,1.3112,1000000,2620000
2018-10-19 12:31:53.902000,1.31131,1.3112,2250000,1500000
2018-10-19 12:31:54.336000,1.3113,1.31118,1200000,1500000
2018-10-19 12:31:54.543000,1.31129,1.31117,1450000,1000000
2018-10-19 12:31:54.648000,1.31129,1.31116,1200000,1000000
2018-10-19 12:31:54.979000,1.31126,1.31115,1000000,1000000
2018-10-19 12:31:55.327000,1.31124,1.31113,1200000,1000000
2018-10-19 12:31:55.642000,1.3112,1.3111,1000000,1500000
2018-10-19 12:31:56.124000,1.31122,1.31114,1950000,1000000
2018-10-19 12:31:56.432000,1.31125,1.31121,1000000,1000000
2018-10-19 12:31:56.484000,1.31128,1.31122,1950000,1000000
2018-10-19 12:31:56.659000,1.31131,1.31124,2140000,1000000
2018-10-19 12:31:57.068000,1.31135,1.31131,1870000,1000000
2018-10-19 12:31:57.119000,1.31138,1.31131,1950000,1000000
2018-10-19 12:31:57.170000,1.31139,1.31131,1200000,1000000
2018-10-19 12:31:57.703000,1.31141,1.31131,3450000,1000000
2018-10-19 12:31:57.805000,1.3114,1.31129,3450000,1000000
2018-10-19 12:31:58.320000,1.3114,1.3113,1950000,1000000
2018-10-19 12:31:58.693000,1.31128,1.31118,1500000,1370000
2018-10-19 12:31:58.798000,1.31135,1.31126,1000000,1000000
2018-10-19 12:31:58.851000,1.31132,1.31122,1000000,1500000
2018-10-19 12:31:58.903000,1.3113,1.31119,1000000,1200000
2018-10-19 12:31:59.162000,1.31129,1.31117,1500000,1000000
2018-10-19 12:31:59.282000,1.31127,1.31117,1000000,1000000
2018-10-19 12:31:59.661000,1.31124,1.31116,1000000,1000000
2018-10-19 12:31:59.714000,1.31124,1.31114,1500000,1000000
2018-10-19 12:32:00.206000,1.31127,1.31117,1000000,1000000
2018-10-19 12:32:00.310000,1.31133,1.31122,1500000,1000000
2018-10-19 12:32:00.364000,1.31136,1.3113,1500000,1000000
2018-10-19 12:32:00.417000,1.31141,1.31131,2250000,1000000
2018-10-19 12:32:00.471000,1.31146,1.31134,1500000,2320000
2018-10-19 12:32:00.524000,1.31144,1.31136,1000000,1000000
2018-10-19 12:32:00.837000,1.31147,1.31138,1190000,1000000
2018-10-19 12:32:00.994000,1.31148,1.3114,2250000,1000000
2018-10-19 12:32:01.154000,1.31152,1.31146,1000000,1000000
2018-10-19 12:32:01.262000,1.31156,1.31149,1000000,1000000
2018-10-19 12:32:01.753000,1.31158,1.31148,1870000,1000000
2018-10-19 12:32:02.168000,1.31158,1.3115,1570000,1000000
2018-10-19 12:32:02.220000,1.31158,1.31148,1200000,1000000
2018-10-19 12:32:02.657000,1.31154,1.31147,1000000,1000000
2018-10-19 12:32:02.814000,1.31156,1.31146,1000000,1000000
2018-10-19 12:32:02.867000,1.31154,1.31145,1000000,1000000
2018-10-19 12:32:03.187000,1.31151,1.31142,1500000,1000000
2018-10-19 12:32:03.508000,1.31149,1.31142,1000000,1000000
2018-10-19 12:32:03.561000,1.31149,1.31139,3000000,1000000
2018-10-19 12:32:03.614000,1.31146,1.31138,1000000,1000000
2018-10-19 12:32:03.667000,1.31146,1.31136,1000000,1000000
2018-10-19 12:32:03.719000,1.31146,1.31139,1000000,1000000
2018-10-19 12:32:04.017000,1.31146,1.31137,1000000,1000000
2018-10-19 12:32:04.070000,1.31144,1.31134,1000000,2620000
2018-10-19 12:32:04.123000,1.31145,1.31137,1450000,1000000
2018-10-19 12:32:04.956000,1.31145,1.31137,1000000,1000000
2018-10-19 12:32:05.269000,1.31146,1.31139,1000000,1000000
2018-10-19 12:32:05.922000,1.31151,1.31147,1000000,1000000
2018-10-19 12:32:05.975000,1.31156,1.31145,1200000,1500000
2018-10-19 12:32:06.027000,1.31156,1.31152,1200000,1000000
2018-10-19 12:32:06.080000,1.31164,1.31152,1450000,1000000
2018-10-19 12:32:06.133000,1.31165,1.31153,2700000,1000000
2018-10-19 12:32:06.240000,1.31161,1.31153,1000000,1500000
2018-10-19 12:32:06.344000,1.31163,1.31153,1200000,1500000
2018-10-19 12:32:06.396000,1.31162,1.31151,1000000,1000000
2018-10-19 12:32:06.626000,1.31163,1.31153,2250000,1000000
2018-10-19 12:32:06.742000,1.31161,1.31149,1950000,1500000
2018-10-19 12:32:06.846000,1.31161,1.31151,1000000,1000000
2018-10-19 12:32:07.160000,1.31161,1.31156,1200000,1000000
2018-10-19 12:32:07.360000,1.31161,1.31151,1950000,1000000
2018-10-19 12:32:07.635000,1.31159,1.3115,1000000,1000000
2018-10-19 12:32:08.128000,1.3116,1.31153,1200000,1000000
2018-10-19 12:32:08.445000,1.31168,1.31159,1450000,1000000
2018-10-19 12:32:08.498000,1.31167,1.31159,1000000,1000000
2018-10-19 12:32:08.935000,1.31171,1.3116,1450000,1000000
2018-10-19 12:32:09.301000,1.31166,1.3116,1000000,1000000
2018-10-19 12:32:09.774000,1.31158,1.31153,1000000,1000000
2018-10-19 12:32:09.827000,1.3115,1.31138,1450000,1000000
2018-10-19 12:32:09.881000,1.31147,1.31137,2250000,1500000
2018-10-19 12:32:10.194000,1.31152,1.31143,1450000,1000000
2018-10-19 12:32:10.516000,1.31154,1.31142,1950000,1000000
2018-10-19 12:32:11.100000,1.31154,1.31142,1950000,1000000
2018-10-19 12:32:11.421000,1.31154,1.31142,1450000,1000000
2018-10-19 12:32:11.998000,1.31154,1.31142,1950000,1000000
2018-10-19 12:32:12.484000,1.31155,1.31148,1450000,1000000
2018-10-19 12:32:12.647000,1.31155,1.31147,1000000,1000000
2018-10-19 12:32:13.009000,1.31155,1.31145,2330000,1000000
2018-10-19 12:32:13.062000,1.3115,1.31143,1000000,1120000
2018-10-19 12:32:13.169000,1.3115,1.31141,1000000,1000000
2018-10-19 12:32:13.475000,1.31152,1.31146,1000000,1000000
2018-10-19 12:32:13.579000,1.31154,1.31146,1000000,1000000
2018-10-19 12:32:14.573000,1.31154,1.31145,1000000,1000000
2018-10-19 12:32:15.073000,1.31157,1.31153,1500000,1000000
2018-10-19 12:32:15.127000,1.31161,1.31153,1000000,1000000
2018-10-19 12:32:15.180000,1.31163,1.31159,1200000,1000000
2018-10-19 12:32:15.234000,1.31163,1.31154,1000000,1000000
2018-10-19 12:32:15.779000,1.31166,1.31155,1000000,1000000
2018-10-19 12:32:15.831000,1.31166,1.31158,1000000,1000000
2018-10-19 12:32:16.143000,1.31162,1.31154,1000000,1000000
2018-10-19 12:32:16.645000,1.31166,1.31161,1000000,1000000
2018-10-19 12:32:17.042000,1.31164,1.31157,1000000,1000000
2018-10-19 12:32:17.094000,1.31166,1.3116,1000000,1000000
2018-10-19 12:32:17.515000,1.31164,1.31155,1000000,1000000
2018-10-19 12:32:17.568000,1.31165,1.3116,1000000,1000000
2018-10-19 12:32:17.807000,1.31162,1.31156,1000000,1000000
2018-10-19 12:32:18.458000,1.31165,1.31157,2250000,1000000
2018-10-19 12:32:18.609000,1.3117,1.31166,1000000,1000000
2018-10-19 12:32:18.662000,1.3117,1.31164,1000000,1000000
2018-10-19 12:32:18.715000,1.3117,1.31162,1000000,1000000
2018-10-19 12:32:18.871000,1.3117,1.31164,1000000,1000000
2018-10-19 12:32:19.435000,1.31169,1.31164,1000000,1000000
2018-10-19 12:32:19.554000,1.31173,1.31167,1000000,1000000
2018-10-19 12:32:19.607000,1.31172,1.31165,1000000,1000000
2018-10-19 12:32:19.938000,1.31171,1.31163,1000000,1000000
2018-10-19 12:32:20.598000,1.31174,1.31163,1200000,1000000
2018-10-19 12:32:21.356000,1.31173,1.31162,1200000,1500000
2018-10-19 12:32:21.410000,1.31171,1.31161,1500000,1000000
2018-10-19 12:32:21.566000,1.31166,1.31154,2250000,1000000
2018-10-19 12:32:21.816000,1.31173,1.3117,1000000,1000000
2018-10-19 12:32:21.869000,1.3118,1.3117,1450000,1000000
2018-10-19 12:32:22.024000,1.31182,1.3117,2330000,1000000
2018-10-19 12:32:22.696000,1.31178,1.3117,1000000,1000000
2018-10-19 12:32:22.800000,1.31181,1.3117,1200000,1000000
2018-10-19 12:32:23.411000,1.31179,1.3117,1000000,1000000
2018-10-19 12:32:23.959000,1.3118,1.3117,1000000,1000000
2018-10-19 12:32:24.279000,1.31199,1.31189,2250000,1000000
2018-10-19 12:32:24.797000,1.312,1.3119,1000000,1000000
2018-10-19 12:32:25.331000,1.312,1.3119,2700000,1000000
2018-10-19 12:32:25.986000,1.312,1.3119,1450000,1000000
2018-10-19 12:32:26.248000,1.31202,1.3119,1450000,4270000
2018-10-19 12:32:26.300000,1.31204,1.31193,1950000,2250000
2018-10-19 12:32:26.353000,1.31206,1.31197,1500000,1500000
2018-10-19 12:32:26.503000,1.31203,1.31193,1000000,1500000
2018-10-19 12:32:26.555000,1.312,1.31192,1000000,1000000
2018-10-19 12:32:26.659000,1.31202,1.31192,1000000,1000000
2018-10-19 12:32:26.763000,1.31204,1.31192,1000000,1000000
2018-10-19 12:32:26.970000,1.31201,1.31192,1000000,1000000
2018-10-19 12:32:27.023000,1.31203,1.31193,1000000,1200000
2018-10-19 12:32:27.172000,1.31198,1.31188,1000000,3260000
2018-10-19 12:32:27.275000,1.31196,1.31186,1000000,4390000
2018-10-19 12:32:27.379000,1.3119,1.31181,1000000,5320000
2018-10-19 12:32:27.483000,1.31188,1.31179,1000000,1000000
2018-10-19 12:32:27.587000,1.31184,1.31174,1000000,1450000
2018-10-19 12:32:27.779000,1.31182,1.31173,1000000,1200000
2018-10-19 12:32:28.246000,1.3118,1.3117,1000000,1200000
2018-10-19 12:32:28.352000,1.31177,1.31166,1000000,1200000
2018-10-19 12:32:28.405000,1.31175,1.31166,1000000,1200000
2018-10-19 12:32:28.750000,1.31175,1.31163,1500000,3150000
2018-10-19 12:32:28.855000,1.31173,1.31163,1000000,1500000
2018-10-19 12:32:29.178000,1.31171,1.31161,1000000,1200000
2018-10-19 12:32:29.543000,1.31172,1.31163,1000000,2250000
2018-10-19 12:32:29.792000,1.31171,1.3116,1000000,1500000
2018-10-19 12:32:29.844000,1.31172,1.31162,1950000,1000000
2018-10-19 12:32:30.159000,1.31172,1.3116,1000000,2250000
2018-10-19 12:32:30.472000,1.31173,1.31163,1950000,1000000
2018-10-19 12:32:30.687000,1.31169,1.31158,1500000,3000000
2018-10-19 12:32:30.739000,1.31165,1.31156,1000000,1120000
2018-10-19 12:32:30.792000,1.31164,1.31153,1870000,1000000
2018-10-19 12:32:30.895000,1.31162,1.31155,1200000,1000000
2018-10-19 12:32:30.946000,1.31162,1.31152,1200000,1000000
2018-10-19 12:32:31.219000,1.3116,1.3115,1000000,1500000
2018-10-19 12:32:31.581000,1.31157,1.31151,1000000,1000000
2018-10-19 12:32:31.634000,1.31159,1.31148,1000000,2250000
2018-10-19 12:32:31.754000,1.31155,1.31145,1000000,1500000
2018-10-19 12:32:32.121000,1.31156,1.31147,1000000,1500000
2018-10-19 12:32:32.438000,1.31151,1.31143,1000000,1120000
2018-10-19 12:32:32.591000,1.3115,1.31141,1000000,1000000
2018-10-19 12:32:32.643000,1.31148,1.3114,1000000,1000000
2018-10-19 12:32:32.746000,1.31151,1.31141,1450000,1500000
2018-10-19 12:32:32.994000,1.31151,1.31143,1000000,1500000
2018-10-19 12:32:33.358000,1.31158,1.31149,1570000,1500000
2018-10-19 12:32:33.668000,1.31159,1.31152,1000000,1000000
2018-10-19 12:32:33.827000,1.31158,1.31147,1950000,1000000
2018-10-19 12:32:33.880000,1.31156,1.31145,1200000,1500000
2018-10-19 12:32:34.260000,1.31155,1.31146,1950000,1000000
2018-10-19 12:32:34.365000,1.31157,1.31146,1950000,1000000
2018-10-19 12:32:34.625000,1.31155,1.31144,1200000,2250000
2018-10-19 12:32:35.166000,1.31155,1.31145,1000000,1000000
2018-10-19 12:32:35.480000,1.31138,1.31128,1200000,1000000
2018-10-19 12:32:36.006000,1.31135,1.31125,1000000,2250000
2018-10-19 12:32:36.350000,1.31126,1.31118,1000000,1000000
2018-10-19 12:32:36.554000,1.31126,1.31116,1000000,1000000
2018-10-19 12:32:37.083000,1.31125,1.31115,1000000,1000000
2018-10-19 12:32:37.287000,1.31123,1.31114,1000000,1000000
2018-10-19 12:32:37.338000,1.31125,1.31115,1200000,1500000
2018-10-19 12:32:37.595000,1.31127,1.31115,1200000,2250000
2018-10-19 12:32:37.646000,1.31125,1.31115,1000000,3190000
2018-10-19 12:32:38.487000,1.31125,1.31116,1000000,1500000
2018-10-19 12:32:38.954000,1.31122,1.31115,1000000,1000000
2018-10-19 12:32:39.007000,1.3112,1.31108,1000000,1950000
2018-10-19 12:32:39.112000,1.31126,1.31115,1450000,3000000
2018-10-19 12:32:39.455000,1.31128,1.31118,1000000,1000000
2018-10-19 12:32:39.769000,1.31134,1.31124,1000000,3000000
2018-10-19 12:32:40.458000,1.31136,1.31124,1450000,1000000
2018-10-19 12:32:41.025000,1.31136,1.31126,1000000,1000000
2018-10-19 12:32:41.590000,1.31136,1.31132,1000000,1000000
2018-10-19 12:32:41.643000,1.31152,1.31142,1000000,1000000
2018-10-19 12:32:41.696000,1.31153,1.31143,1000000,1950000
2018-10-19 12:32:41.906000,1.31157,1.31145,1000000,1200000
2018-10-19 12:32:42.164000,1.3115,1.31144,1500000,2250000
2018-10-19 12:32:42.378000,1.3112,1.31112,1000000,2320000
2018-10-19 12:32:42.485000,1.3112,1.31115,1000000,1000000
2018-10-19 12:32:42.537000,1.31122,1.31116,1000000,1000000
2018-10-19 12:32:42.749000,1.31122,1.31114,1000000,1000000
2018-10-19 12:32:42.976000,1.31122,1.31111,1000000,1000000
2018-10-19 12:32:43.290000,1.31124,1.31115,1450000,1000000
2018-10-19 12:32:43.500000,1.3112,1.3111,1000000,1000000
2018-10-19 12:32:43.994000,1.3112,1.31108,1000000,3000000
2018-10-19 12:32:44.150000,1.3112,1.31111,1000000,1000000
2018-10-19 12:32:44.202000,1.3112,1.31109,1000000,1500000
2018-10-19 12:32:44.357000,1.31118,1.31108,1000000,1500000
2018-10-19 12:32:44.460000,1.31119,1.31106,1200000,1500000
2018-10-19 12:32:44.513000,1.31118,1.31108,1000000,1000000
2018-10-19 12:32:44.875000,1.31113,1.31106,1000000,1120000
2018-10-19 12:32:44.927000,1.31114,1.31104,1000000,1000000
2018-10-19 12:32:45.069000,1.31117,1.31106,1950000,1000000
2018-10-19 12:32:45.257000,1.31118,1.31106,1000000,1500000
2018-10-19 12:32:45.713000,1.31116,1.31104,1000000,1500000
2018-10-19 12:32:46.127000,1.31112,1.31105,1000000,1000000
2018-10-19 12:32:46.180000,1.31112,1.311,1000000,3450000
2018-10-19 12:32:46.402000,1.31114,1.31101,2250000,1200000
2018-10-19 12:32:46.506000,1.31117,1.31108,1000000,1500000
2018-10-19 12:32:46.610000,1.31121,1.31108,1000000,1950000
2018-10-19 12:32:47.159000,1.31122,1.3111,1000000,1500000
2018-10-19 12:32:47.373000,1.31116,1.31108,1000000,1200000
2018-10-19 12:32:47.427000,1.31113,1.31104,1000000,1000000
2018-10-19 12:32:47.668000,1.31118,1.31109,1450000,1000000
2018-10-19 12:32:47.721000,1.3112,1.31109,1000000,1200000
2018-10-19 12:32:48.031000,1.3112,1.31111,1000000,1000000
2018-10-19 12:32:48.546000,1.3112,1.3111,1000000,1500000
2018-10-19 12:32:50.157000,1.31117,1.31108,1000000,1000000
2018-10-19 12:32:50.210000,1.31116,1.31106,1000000,1000000
2018-10-19 12:32:50.315000,1.31119,1.31106,1950000,1500000
2018-10-19 12:32:50.376000,1.3112,1.31108,1500000,1500000
2018-10-19 12:32:51.067000,1.31118,1.31108,2250000,1000000
2018-10-19 12:32:51.257000,1.31113,1.31102,1000000,2140000
2018-10-19 12:32:51.362000,1.31112,1.31101,1000000,1390000
2018-10-19 12:32:51.623000,1.31112,1.31099,1500000,4760000
2018-10-19 12:32:51.677000,1.31112,1.31102,1500000,1000000
2018-10-19 12:32:51.856000,1.31114,1.31103,3000000,1130000
2018-10-19 12:32:52.378000,1.31115,1.31102,2700000,1000000
2018-10-19 12:32:52.572000,1.31111,1.31102,1000000,1000000
2018-10-19 12:32:52.890000,1.31083,1.31073,1200000,1000000
2018-10-19 12:32:52.943000,1.31084,1.31075,1450000,1000000
2018-10-19 12:32:53.232000,1.31085,1.31074,3070000,1000000
2018-10-19 12:32:53.706000,1.31086,1.31074,1200000,1000000
2018-10-19 12:32:53.863000,1.31086,1.31076,1200000,1000000
2018-10-19 12:32:54.173000,1.31085,1.31074,1000000,1000000
2018-10-19 12:32:54.692000,1.31084,1.31074,1000000,1200000
2018-10-19 12:32:55.162000,1.31082,1.31073,1000000,1120000
2018-10-19 12:32:55.677000,1.31076,1.3107,1000000,1120000
2018-10-19 12:32:55.875000,1.31075,1.31064,1500000,1000000
2018-10-19 12:32:56.191000,1.31071,1.31059,1000000,2700000
2018-10-19 12:32:56.399000,1.31075,1.31063,1000000,1000000
2018-10-19 12:32:56.736000,1.31073,1.31061,1000000,2700000
2018-10-19 12:32:57.275000,1.31071,1.31061,1000000,1200000
2018-10-19 12:32:57.327000,1.31069,1.31058,1000000,1500000
2018-10-19 12:32:57.482000,1.31071,1.31058,1200000,1500000
2018-10-19 12:32:57.968000,1.31069,1.31059,1000000,1000000
2018-10-19 12:32:58.124000,1.31077,1.31065,1450000,1000000
2018-10-19 12:32:58.281000,1.31078,1.31066,1000000,1000000
2018-10-19 12:32:58.488000,1.31078,1.31066,1450000,1000000
2018-10-19 12:32:58.813000,1.31069,1.31059,1000000,1000000
2018-10-19 12:32:59.124000,1.31072,1.31062,1200000,1000000
2018-10-19 12:32:59.437000,1.31068,1.31058,1000000,1000000
2018-10-19 12:32:59.993000,1.31067,1.31055,1000000,2620000
2018-10-19 12:33:00.099000,1.31064,1.31054,1000000,1870000
2018-10-19 12:33:00.205000,1.31068,1.31056,1000000,2700000
2018-10-19 12:33:00.259000,1.31069,1.31058,1000000,1000000
2018-10-19 12:33:00.606000,1.3106,1.31051,1000000,1000000
2018-10-19 12:33:00.658000,1.31062,1.31051,1500000,1000000
2018-10-19 12:33:00.817000,1.3106,1.31051,1000000,1000000
2018-10-19 12:33:01.136000,1.31062,1.31056,1000000,1000000
2018-10-19 12:33:01.190000,1.31063,1.31053,1000000,1000000
2018-10-19 12:33:01.243000,1.31066,1.31053,1870000,1200000
2018-10-19 12:33:01.347000,1.31067,1.31056,1500000,1000000
2018-10-19 12:33:01.732000,1.31068,1.31058,1000000,1000000
2018-10-19 12:33:01.785000,1.31068,1.31056,1000000,1200000
2018-10-19 12:33:01.891000,1.31068,1.31059,1000000,1000000
2018-10-19 12:33:01.997000,1.3107,1.31059,1000000,1000000
2018-10-19 12:33:02.220000,1.31067,1.31056,1500000,1000000
2018-10-19 12:33:02.586000,1.31065,1.31052,1000000,3070000
2018-10-19 12:33:02.891000,1.31061,1.3105,1000000,1450000
2018-10-19 12:33:03.100000,1.31063,1.31051,1500000,1450000
2018-10-19 12:33:03.208000,1.31063,1.3105,1500000,2700000
2018-10-19 12:33:03.478000,1.31061,1.3105,1000000,1450000
2018-10-19 12:33:04.008000,1.31062,1.31049,1000000,1450000
2018-10-19 12:33:04.545000,1.31062,1.31049,1000000,1570000
2018-10-19 12:33:04.976000,1.31057,1.31048,2250000,2320000
2018-10-19 12:33:05.029000,1.31061,1.31049,1000000,1000000
2018-10-19 12:33:05.134000,1.31059,1.31049,1500000,1200000
2018-10-19 12:33:05.678000,1.31061,1.3105,1450000,1000000
2018-10-19 12:33:05.995000,1.31063,1.3106,1000000,1000000
2018-10-19 12:33:06.063000,1.3107,1.3106,1450000,1000000
2018-10-19 12:33:06.117000,1.3107,1.31061,1500000,1000000
2018-10-19 12:33:06.171000,1.31073,1.31063,1450000,1000000
2018-10-19 12:33:06.383000,1.31072,1.31061,1950000,1000000
2018-10-19 12:33:06.490000,1.31068,1.31058,1450000,1000000
2018-10-19 12:33:06.700000,1.31063,1.31054,1000000,1000000
2018-10-19 12:33:06.753000,1.31065,1.31054,1200000,1000000
2018-10-19 12:33:06.980000,1.31064,1.31053,1450000,1000000
2018-10-19 12:33:07.291000,1.31065,1.31056,1200000,1000000
2018-10-19 12:33:07.602000,1.3107,1.31062,1200000,1000000
2018-10-19 12:33:07.854000,1.3108,1.31069,1950000,1500000
2018-10-19 12:33:07.959000,1.3108,1.3107,1200000,1000000
2018-10-19 12:33:08.553000,1.3108,1.31069,1200000,1500000
2018-10-19 12:33:08.760000,1.3108,1.3107,2700000,1000000
2018-10-19 12:33:08.865000,1.3108,1.3107,1000000,1500000
2018-10-19 12:33:09.252000,1.31085,1.31073,2320000,1000000
2018-10-19 12:33:09.566000,1.31087,1.31077,1650000,1500000
2018-10-19 12:33:09.762000,1.31088,1.31077,1200000,2250000
2018-10-19 12:33:10.023000,1.31088,1.31079,1000000,1000000
2018-10-19 12:33:10.376000,1.31083,1.31073,1450000,1000000
2018-10-19 12:33:10.428000,1.31084,1.31073,1450000,1000000
2018-10-19 12:33:10.480000,1.31084,1.31075,1450000,1000000
2018-10-19 12:33:10.749000,1.31089,1.3108,1950000,1000000
2018-10-19 12:33:11.261000,1.31088,1.3108,1200000,1000000
2018-10-19 12:33:11.954000,1.31088,1.31079,1500000,1500000
2018-10-19 12:33:12.519000,1.31089,1.31078,3640000,1000000
2018-10-19 12:33:12.753000,1.31091,1.31086,1040000,1000000
2018-10-19 12:33:12.909000,1.31101,1.31094,1000000,1500000
2018-10-19 12:33:13.160000,1.31104,1.31094,1500000,1500000
2018-10-19 12:33:13.367000,1.31102,1.31094,1000000,1500000
2018-10-19 12:33:13.421000,1.31099,1.31089,1000000,1950000
2018-10-19 12:33:13.474000,1.31097,1.31089,1000000,1500000
2018-10-19 12:33:13.648000,1.31094,1.31085,1500000,1000000
2018-10-19 12:33:14.276000,1.31095,1.31086,2700000,1000000
2018-10-19 12:33:15.064000,1.31094,1.31086,1500000,1000000
2018-10-19 12:33:15.271000,1.31093,1.31084,1500000,1000000
2018-10-19 12:33:15.375000,1.31091,1.31083,1500000,1000000
2018-10-19 12:33:15.690000,1.31089,1.31082,1000000,1000000
2018-10-19 12:33:16.207000,1.31089,1.31081,1200000,1000000
2018-10-19 12:33:16.365000,1.31097,1.31088,1000000,1000000
2018-10-19 12:33:16.689000,1.31095,1.31088,1000000,1000000
2018-10-19 12:33:16.794000,1.31093,1.31084,1500000,1950000
2018-10-19 12:33:16.847000,1.31093,1.31083,1500000,1000000
2018-10-19 12:33:17.005000,1.31088,1.3108,1000000,1950000
2018-10-19 12:33:17.552000,1.31088,1.31081,1000000,1000000
2018-10-19 12:33:17.981000,1.31085,1.31075,1870000,1950000
2018-10-19 12:33:18.033000,1.31087,1.31076,1000000,1000000
2018-10-19 12:33:18.858000,1.31086,1.31076,1000000,1000000
2018-10-19 12:33:19.028000,1.31083,1.31072,2250000,1450000
2018-10-19 12:33:19.183000,1.31081,1.3107,1000000,1950000
2018-10-19 12:33:19.853000,1.3108,1.3107,1500000,1500000
2018-10-19 12:33:20.105000,1.31076,1.3107,1000000,1000000
2018-10-19 12:33:20.159000,1.31078,1.31068,1000000,1500000
2018-10-19 12:33:20.264000,1.3108,1.31071,1000000,2250000
2018-10-19 12:33:20.425000,1.31087,1.31077,1120000,1500000
2018-10-19 12:33:20.947000,1.31088,1.31078,1000000,1500000
2018-10-19 12:33:22.175000,1.31087,1.31078,1000000,2250000
2018-10-19 12:33:22.228000,1.31089,1.31078,2250000,2700000
2018-10-19 12:33:22.280000,1.31088,1.3108,1000000,1500000
2018-10-19 12:33:22.436000,1.31096,1.31087,1120000,1000000
2018-10-19 12:33:22.540000,1.31098,1.31091,1870000,1000000
2018-10-19 12:33:22.592000,1.31102,1.31093,1000000,1500000
2018-10-19 12:33:22.710000,1.31102,1.31095,1000000,1000000
2018-10-19 12:33:24.223000,1.31101,1.31095,1000000,1000000
2018-10-19 12:33:24.744000,1.31102,1.31095,1000000,1000000
2018-10-19 12:33:25.288000,1.31101,1.31095,1000000,1000000
2018-10-19 12:33:25.342000,1.31106,1.31095,1870000,1000000
2018-10-19 12:33:25.395000,1.31108,1.31104,1000000,1000000
2018-10-19 12:33:25.448000,1.31112,1.31104,3000000,1000000
2018-10-19 12:33:25.957000,1.31113,1.31103,1500000,1500000
2018-10-19 12:33:26.461000,1.31112,1.31103,1000000,1950000
2018-10-19 12:33:26.564000,1.31112,1.31105,1000000,1000000
2018-10-19 12:33:27.114000,1.31112,1.31106,1000000,1000000
2018-10-19 12:33:27.664000,1.31112,1.31105,1000000,1500000
2018-10-19 12:33:28.169000,1.31112,1.31104,1000000,1000000
2018-10-19 12:33:29.705000,1.3111,1.31104,1000000,1000000
2018-10-19 12:33:30.461000,1.3111,1.31105,1000000,1500000
2018-10-19 12:33:31.149000,1.3111,1.31101,1000000,1000000
2018-10-19 12:33:33.317000,1.31109,1.311,1000000,1000000
2018-10-19 12:33:33.381000,1.31111,1.311,2250000,1000000
2018-10-19 12:33:33.958000,1.31111,1.31099,2250000,1950000
2018-10-19 12:33:34.496000,1.31104,1.31096,1000000,2770000
2018-10-19 12:33:34.549000,1.31101,1.31094,1000000,1120000
2018-10-19 12:33:34.696000,1.311,1.31092,1500000,1200000
2018-10-19 12:33:34.853000,1.31102,1.31093,1000000,1500000
2018-10-19 12:33:35.424000,1.31103,1.31093,1000000,1450000
2018-10-19 12:33:35.733000,1.31101,1.31093,1000000,1950000
2018-10-19 12:33:36.064000,1.31093,1.31087,1000000,1000000
2018-10-19 12:33:36.120000,1.31093,1.31084,1500000,1000000
2018-10-19 12:33:36.693000,1.31093,1.31083,1000000,1950000
2018-10-19 12:33:37.098000,1.31093,1.31086,1500000,1000000
2018-10-19 12:33:38.082000,1.31093,1.31087,1000000,1000000
2018-10-19 12:33:38.397000,1.31099,1.31095,1000000,1000000
2018-10-19 12:33:39.086000,1.31099,1.31094,1000000,1000000
2018-10-19 12:33:39.447000,1.31102,1.31098,1000000,1000000
2018-10-19 12:33:39.500000,1.31101,1.31095,1000000,1000000
2018-10-19 12:33:40.382000,1.31101,1.31094,1000000,1000000
2018-10-19 12:33:40.827000,1.31101,1.31092,1000000,1500000
2018-10-19 12:33:41.037000,1.31094,1.3109,1000000,1000000
2018-10-19 12:33:41.089000,1.31091,1.31087,1000000,1000000
2018-10-19 12:33:41.141000,1.31091,1.31082,1500000,2620000
2018-10-19 12:33:41.737000,1.31091,1.31083,1000000,1500000
2018-10-19 12:33:42.242000,1.31092,1.31082,1500000,1000000
2018-10-19 12:33:43.161000,1.31091,1.31083,1000000,1000000
2018-10-19 12:33:43.691000,1.31091,1.31082,1000000,3070000
2018-10-19 12:33:44.217000,1.31091,1.31083,1000000,1500000
2018-10-19 12:33:44.530000,1.3109,1.31081,1500000,1200000
2018-10-19 12:33:44.583000,1.31089,1.31078,1500000,2700000
2018-10-19 12:33:45.099000,1.31088,1.31079,1000000,1000000
2018-10-19 12:33:45.637000,1.31087,1.31079,1120000,1000000
2018-10-19 12:33:45.771000,1.31086,1.31076,1000000,1500000
2018-10-19 12:33:46.403000,1.31086,1.31075,1000000,3450000
2018-10-19 12:33:46.959000,1.31086,1.31076,1120000,1000000
2018-10-19 12:33:47.090000,1.31084,1.31075,1000000,2700000
2018-10-19 12:33:47.196000,1.31082,1.31071,1500000,1950000
2018-10-19 12:33:47.559000,1.3108,1.31071,1000000,1000000
2018-10-19 12:33:48.140000,1.31076,1.31071,1000000,1000000
2018-10-19 12:33:48.244000,1.31074,1.31068,1000000,1000000
2018-10-19 12:33:48.405000,1.31072,1.31068,1000000,1000000
2018-10-19 12:33:48.777000,1.31072,1.31063,1500000,1580000
2018-10-19 12:33:48.881000,1.31073,1.31063,1000000,1500000
2018-10-19 12:33:49.415000,1.31073,1.31062,1000000,1000000
2018-10-19 12:33:50.750000,1.31072,1.31062,1000000,1000000
2018-10-19 12:33:51.127000,1.31069,1.31064,1500000,1000000
2018-10-19 12:33:51.180000,1.31069,1.31061,1500000,1000000
2018-10-19 12:33:51.284000,1.31069,1.31059,1500000,1200000
2018-10-19 12:33:52.517000,1.31067,1.31059,1000000,1000000
2018-10-19 12:33:53.139000,1.31068,1.31059,1120000,1000000
2018-10-19 12:33:53.464000,1.31059,1.31051,1000000,1000000
2018-10-19 12:33:53.517000,1.31061,1.31051,1000000,1000000
2018-10-19 12:33:54.049000,1.31061,1.31052,1000000,1000000
2018-10-19 12:33:54.592000,1.31062,1.31052,1500000,1000000
2018-10-19 12:33:54.881000,1.31062,1.3105,1000000,4200000
2018-10-19 12:33:55.738000,1.3106,1.31051,1000000,1500000
2018-10-19 12:33:56.722000,1.31059,1.31051,1000000,1000000
2018-10-19 12:33:57.965000,1.3106,1.31051,1000000,1000000
2018-10-19 12:33:58.504000,1.31059,1.31051,1000000,1000000
2018-10-19 12:33:59.147000,1.31059,1.31052,1000000,1000000
2018-10-19 12:33:59.410000,1.31055,1.31047,1000000,1000000
2018-10-19 12:33:59.516000,1.31053,1.31049,1000000,1000000
2018-10-19 12:33:59.568000,1.31056,1.3105,1500000,1000000
2018-10-19 12:33:59.708000,1.31058,1.31052,1000000,1000000
2018-10-19 12:33:59.785000,1.31056,1.31049,1000000,1000000
2018-10-19 12:33:59.837000,1.31057,1.31052,1000000,1000000
2018-10-19 12:33:59.889000,1.31056,1.31049,1000000,1000000
2018-10-19 12:33:59.943000,1.31052,1.31048,1000000,1500000
2018-10-19 12:33:59.995000,1.31054,1.31048,1000000,1000000
2018-10-19 12:34:00.047000,1.31051,1.31046,1000000,1000000
2018-10-19 12:34:00.099000,1.31056,1.31048,1000000,1000000
2018-10-19 12:34:00.152000,1.31051,1.31047,1000000,1000000
2018-10-19 12:34:00.204000,1.31051,1.31044,1000000,1000000
2018-10-19 12:34:00.706000,1.3105,1.31043,1000000,1000000
2018-10-19 12:34:01.059000,1.3105,1.31041,1000000,1000000
2018-10-19 12:34:01.112000,1.3105,1.31043,1000000,1000000
2018-10-19 12:34:01.633000,1.31051,1.31043,1000000,1000000
2018-10-19 12:34:02.340000,1.31047,1.31043,1000000,1000000
2018-10-19 12:34:02.392000,1.31041,1.31034,1000000,1200000
2018-10-19 12:34:02.449000,1.31041,1.31031,1000000,1500000
2018-10-19 12:34:03.322000,1.31038,1.31029,3750000,1120000
2018-10-19 12:34:03.669000,1.31029,1.31022,1000000,1000000
2018-10-19 12:34:03.845000,1.31024,1.31016,1500000,1690000
2018-10-19 12:34:03.952000,1.31021,1.31013,1000000,1120000
2018-10-19 12:34:04.495000,1.31021,1.31012,1000000,1500000
2018-10-19 12:34:05.018000,1.31022,1.31013,3000000,1000000
2018-10-19 12:34:05.544000,1.31021,1.31012,1000000,2250000
2018-10-19 12:34:05.860000,1.3101,1.31004,1000000,1120000
2018-10-19 12:34:06.098000,1.30996,1.30989,1000000,1500000
2018-10-19 12:34:06.152000,1.31,1.30989,4390000,1000000
2018-10-19 12:34:06.205000,1.31001,1.30994,1450000,1500000
2018-10-19 12:34:06.525000,1.31007,1.31004,1000000,1000000
2018-10-19 12:34:06.733000,1.31007,1.31002,1000000,1000000
2018-10-19 12:34:06.785000,1.31008,1.31004,1950000,1000000
2018-10-19 12:34:07.045000,1.31009,1.30998,1950000,1110000
2018-10-19 12:34:07.097000,1.31009,1.31005,3000000,1000000
2018-10-19 12:34:07.336000,1.31012,1.31008,1500000,1000000
2018-10-19 12:34:07.544000,1.31014,1.31009,1000000,1000000
2018-10-19 12:34:07.597000,1.31015,1.31005,2890000,7500000
2018-10-19 12:34:07.649000,1.31015,1.31011,1000000,1000000
2018-10-19 12:34:07.701000,1.31015,1.31009,2250000,1000000
2018-10-19 12:34:07.806000,1.31011,1.31001,1500000,3370000
2018-10-19 12:34:07.860000,1.31013,1.31004,2700000,1500000
2018-10-19 12:34:08.213000,1.31024,1.31017,1500000,1000000
2018-10-19 12:34:08.525000,1.31026,1.31018,1950000,1000000
2018-10-19 12:34:08.630000,1.31029,1.31023,2140000,1000000
2018-10-19 12:34:08.776000,1.31035,1.31027,1450000,2250000
2018-10-19 12:34:08.880000,1.31041,1.31031,1950000,1000000
2018-10-19 12:34:08.932000,1.3104,1.31031,1000000,1000000
2018-10-19 12:34:08.990000,1.31037,1.31028,1000000,1000000
2018-10-19 12:34:09.341000,1.3102,1.31016,1200000,1000000
2018-10-19 12:34:09.394000,1.31014,1.31008,1000000,1000000
2018-10-19 12:34:10.298000,1.31004,1.31,1500000,1000000
2018-10-19 12:34:10.351000,1.30998,1.30992,1000000,1000000
2018-10-19 12:34:10.897000,1.30998,1.30991,1200000,1000000
2018-10-19 12:34:11.140000,1.30994,1.30987,1000000,1000000
2018-10-19 12:34:11.457000,1.3099,1.30983,1500000,1000000
2018-10-19 12:34:11.997000,1.3099,1.30986,1000000,1000000
2018-10-19 12:34:12.051000,1.30996,1.30989,1870000,1000000
2018-10-19 12:34:12.104000,1.31003,1.30999,1200000,1000000
2018-10-19 12:34:12.158000,1.31,1.30996,1000000,1000000
2018-10-19 12:34:12.211000,1.30997,1.30993,1500000,1000000
2018-10-19 12:34:12.271000,1.30999,1.30993,1200000,1000000
2018-10-19 12:34:12.447000,1.30998,1.3099,1000000,1440000
2018-10-19 12:34:12.966000,1.30999,1.3099,1200000,1000000
2018-10-19 12:34:13.149000,1.30992,1.30985,1000000,2250000
2018-10-19 12:34:13.465000,1.30989,1.30982,1100000,1000000
2018-10-19 12:34:14.111000,1.3099,1.30981,1000000,1000000
2018-10-19 12:34:14.422000,1.3099,1.30984,1120000,1000000
2018-10-19 12:34:15.038000,1.3099,1.30982,1000000,1000000
2018-10-19 12:34:15.640000,1.30989,1.30983,1000000,1000000
2018-10-19 12:34:15.704000,1.30979,1.30975,1000000,1000000
2018-10-19 12:34:15.757000,1.30974,1.30967,1000000,1500000
2018-10-19 12:34:16.315000,1.30974,1.30966,1000000,1000000
2018-10-19 12:34:16.523000,1.30973,1.30964,1000000,1000000
2018-10-19 12:34:16.679000,1.30969,1.30963,1000000,1000000
2018-10-19 12:34:16.783000,1.30968,1.30957,1000000,1450000
2018-10-19 12:34:16.886000,1.3097,1.30959,1000000,2250000
2018-10-19 12:34:16.938000,1.30972,1.30962,1000000,1500000
2018-10-19 12:34:17.092000,1.30981,1.3097,1000000,1000000
2018-10-19 12:34:17.609000,1.30981,1.30971,1000000,1500000
2018-10-19 12:34:17.793000,1.30983,1.30974,1000000,1000000
2018-10-19 12:34:18.107000,1.30995,1.30986,1500000,1000000
2018-10-19 12:34:18.423000,1.30989,1.30981,1000000,1000000
2018-10-19 12:34:18.785000,1.30991,1.30983,1000000,1000000
2018-10-19 12:34:18.837000,1.3099,1.30981,1000000,1200000
2018-10-19 12:34:18.993000,1.30988,1.30982,1000000,1000000
2018-10-19 12:34:19.316000,1.3097,1.30962,1000000,1000000
2018-10-19 12:34:19.525000,1.30972,1.30965,1000000,1000000
2018-10-19 12:34:19.867000,1.30983,1.30977,1000000,1000000
2018-10-19 12:34:20.178000,1.30989,1.30983,4870000,1000000
2018-10-19 12:34:20.283000,1.30989,1.30985,1000000,1000000
2018-10-19 12:34:20.393000,1.30991,1.30985,1000000,1000000
2018-10-19 12:34:20.446000,1.30993,1.30986,1000000,1000000
2018-10-19 12:34:21.152000,1.30997,1.30991,1750000,1000000
2018-10-19 12:34:21.204000,1.30999,1.30994,1000000,1000000
2018-10-19 12:34:21.256000,1.31002,1.30993,1120000,1000000
2018-10-19 12:34:21.308000,1.30997,1.30991,1000000,1450000
