time,ask,bid,ask_volume,bid_volume
2017-08-04 12:25:00.409000,1.25686,1.25675,1000000,1870000
2017-08-04 12:25:00.926000,1.25686,1.25676,1720000,1000000
2017-08-04 12:25:01.499000,1.25685,1.25675,1000000,1870000
2017-08-04 12:25:02.030000,1.25686,1.25675,1720000,1870000
2017-08-04 12:25:02.628000,1.25685,1.25675,1000000,1870000
2017-08-04 12:25:03.175000,1.25686,1.25675,1720000,1870000
2017-08-04 12:25:03.700000,1.25685,1.25675,1000000,1870000
2017-08-04 12:25:04.434000,1.25686,1.25675,1000000,1870000
2017-08-04 12:25:05.017000,1.25684,1.25675,1000000,1500000
2017-08-04 12:25:05.637000,1.25685,1.25675,1000000,1000000
2017-08-04 12:25:06.522000,1.25688,1.25677,2550000,1000000
2017-08-04 12:25:06.828000,1.25688,1.25679,1000000,1000000
2017-08-04 12:25:07.244000,1.2569,1.25681,1100000,1000000
2017-08-04 12:25:11.126000,1.25692,1.25681,1500000,1000000
2017-08-04 12:25:11.635000,1.25692,1.25682,1000000,1000000
2017-08-04 12:25:12.195000,1.25694,1.25683,1200000,1000000
2017-08-04 12:25:12.399000,1.25694,1.25685,1070000,1000000
2017-08-04 12:25:12.732000,1.25695,1.25687,1200000,1000000
2017-08-04 12:25:13.242000,1.25697,1.25687,1200000,1000000
2017-08-04 12:25:13.778000,1.25697,1.25688,1200000,1000000
2017-08-04 12:25:13.830000,1.25692,1.25685,1000000,1500000
2017-08-04 12:25:14.722000,1.25693,1.25685,1570000,1000000
2017-08-04 12:25:15.604000,1.25692,1.25685,1000000,1000000
2017-08-04 12:25:16.150000,1.25693,1.25684,1100000,1000000
2017-08-04 12:25:17.219000,1.25694,1.25685,1950000,1000000
2017-08-04 12:25:19.125000,1.25694,1.25685,1100000,1000000
2017-08-04 12:25:19.675000,1.25693,1.25685,1100000,1000000
2017-08-04 12:25:20.349000,1.25696,1.25688,1450000,1000000
2017-08-04 12:25:20.554000,1.25696,1.25689,1000000,1000000
2017-08-04 12:25:21.285000,1.25697,1.25689,1500000,1000000
2017-08-04 12:25:22.019000,1.25697,1.2569,1000000,1000000
2017-08-04 12:25:22.073000,1.25699,1.25691,1100000,1000000
2017-08-04 12:25:22.583000,1.25699,1.25691,1070000,1000000
2017-08-04 12:25:23.385000,1.257,1.25691,1070000,1000000
2017-08-04 12:25:23.690000,1.257,1.25693,1200000,1000000
2017-08-04 12:25:24.654000,1.257,1.25693,1000000,1000000
2017-08-04 12:25:25.113000,1.25702,1.25693,1000000,1000000
2017-08-04 12:25:25.660000,1.25702,1.25692,1000000,1500000
2017-08-04 12:25:27.263000,1.25701,1.25692,1000000,1500000
2017-08-04 12:25:27.781000,1.257,1.25691,1100000,1500000
2017-08-04 12:25:27.884000,1.25698,1.2569,1000000,1000000
2017-08-04 12:25:28.393000,1.25697,1.2569,1000000,1000000
2017-08-04 12:25:28.809000,1.2569,1.25686,1100000,1500000
2017-08-04 12:25:28.860000,1.25689,1.25682,1100000,1000000
2017-08-04 12:25:29.424000,1.25689,1.2568,1100000,1000000
2017-08-04 12:25:29.679000,1.25688,1.2568,1070000,1000000
2017-08-04 12:25:30.083000,1.25689,1.2568,1100000,1000000
2017-08-04 12:25:30.632000,1.25689,1.25681,1100000,1000000
2017-08-04 12:25:30.989000,1.25687,1.25681,1000000,1000000
2017-08-04 12:25:31.538000,1.25687,1.25682,1000000,1000000
2017-08-04 12:25:32.174000,1.25681,1.25677,1500000,1500000
2017-08-04 12:25:32.226000,1.25667,1.25662,1350000,1000000
2017-08-04 12:25:32.278000,1.25664,1.25659,1000000,16879999
2017-08-04 12:25:32.437000,1.25658,1.2565,1200000,1000000
2017-08-04 12:25:32.795000,1.2566,1.25655,1120000,1000000
2017-08-04 12:25:32.952000,1.25665,1.25658,1570000,1000000
2017-08-04 12:25:33.056000,1.25665,1.25656,1000000,1500000
2017-08-04 12:25:33.255000,1.25666,1.25658,1000000,1000000
2017-08-04 12:25:35.737000,1.25666,1.25658,1200000,1000000
2017-08-04 12:25:36.245000,1.25666,1.25658,1100000,1000000
2017-08-04 12:25:36.773000,1.25666,1.25658,1200000,1000000
2017-08-04 12:25:41.978000,1.25666,1.25658,1000000,1000000
2017-08-04 12:25:44.521000,1.25664,1.25658,1000000,1000000
2017-08-04 12:25:46.537000,1.25656,1.2565,1000000,1870000
2017-08-04 12:25:46.588000,1.25657,1.2565,1000000,1000000
2017-08-04 12:25:48.561000,1.25657,1.25648,1000000,1000000
2017-08-04 12:25:49.926000,1.25658,1.25648,1570000,1500000
2017-08-04 12:25:50.152000,1.25658,1.25649,1450000,1000000
2017-08-04 12:25:51.251000,1.25658,1.25649,1100000,1000000
2017-08-04 12:25:51.760000,1.25658,1.2565,1200000,1000000
2017-08-04 12:25:53.992000,1.25657,1.25649,1100000,1000000
2017-08-04 12:25:54.043000,1.25654,1.25649,1000000,1000000
2017-08-04 12:25:54.240000,1.25654,1.25646,1000000,1500000
2017-08-04 12:25:54.769000,1.25654,1.25645,3750000,1500000
2017-08-04 12:25:54.972000,1.25651,1.25643,1000000,1450000
2017-08-04 12:25:55.466000,1.2565,1.25641,1000000,1500000
2017-08-04 12:25:57.134000,1.25651,1.25641,2320000,1500000
2017-08-04 12:26:00.169000,1.25649,1.25641,1200000,1000000
2017-08-04 12:26:01.528000,1.25652,1.25644,1450000,1500000
2017-08-04 12:26:01.834000,1.25654,1.25649,2700000,1000000
2017-08-04 12:26:02.283000,1.25654,1.25645,1950000,1000000
2017-08-04 12:26:03.009000,1.25654,1.25645,1950000,1000000
2017-08-04 12:26:03.619000,1.25654,1.25647,2700000,1000000
2017-08-04 12:26:04.971000,1.25654,1.25647,2700000,1000000
2017-08-04 12:26:06.335000,1.25654,1.25645,1950000,1000000
2017-08-04 12:26:06.847000,1.25654,1.25644,2100000,1000000
2017-08-04 12:26:07.574000,1.25654,1.25643,2100000,1000000
2017-08-04 12:26:07.854000,1.25654,1.25646,1500000,1000000
2017-08-04 12:26:08.410000,1.25653,1.25647,1000000,1000000
2017-08-04 12:26:09.772000,1.25654,1.25647,2250000,1000000
2017-08-04 12:26:13.182000,1.25657,1.25649,3820000,1000000
2017-08-04 12:26:14.617000,1.25657,1.25651,1500000,1000000
2017-08-04 12:26:16.747000,1.25657,1.25652,1000000,1000000
2017-08-04 12:26:17.054000,1.25659,1.25654,1000000,1000000
2017-08-04 12:26:17.602000,1.25658,1.25654,1000000,1000000
2017-08-04 12:26:19.111000,1.25658,1.25653,1100000,1000000
2017-08-04 12:26:19.420000,1.25664,1.25658,1870000,1000000
2017-08-04 12:26:19.725000,1.25665,1.25661,1500000,1000000
2017-08-04 12:26:21.413000,1.25664,1.2566,1000000,1000000
2017-08-04 12:26:26.516000,1.25663,1.25659,1000000,1000000
2017-08-04 12:26:26.568000,1.25663,1.25656,3000000,1000000
2017-08-04 12:26:26.620000,1.25657,1.25652,3670000,1870000
2017-08-04 12:26:26.773000,1.2565,1.25644,1570000,1000000
2017-08-04 12:26:26.825000,1.25651,1.25647,3070000,1000000
2017-08-04 12:26:27.243000,1.25649,1.25644,1000000,1500000
2017-08-04 12:26:29.238000,1.25649,1.25645,1500000,1000000
2017-08-04 12:26:29.766000,1.25649,1.25644,1500000,1500000
2017-08-04 12:26:30.272000,1.25649,1.25645,1000000,1000000
2017-08-04 12:26:32.152000,1.25649,1.25644,1500000,1000000
2017-08-04 12:26:33.830000,1.25649,1.25645,1000000,1000000
2017-08-04 12:26:34.511000,1.25649,1.25644,1000000,1000000
2017-08-04 12:26:35.134000,1.2565,1.25645,1000000,1000000
2017-08-04 12:26:36.216000,1.25651,1.25645,1500000,1000000
2017-08-04 12:26:36.369000,1.25649,1.25645,1000000,1000000
2017-08-04 12:26:36.676000,1.25649,1.25641,1000000,1200000
2017-08-04 12:26:36.728000,1.25648,1.25641,1200000,1000000
2017-08-04 12:26:37.121000,1.25644,1.2564,3670000,1000000
2017-08-04 12:26:37.174000,1.25648,1.2564,2920000,1000000
2017-08-04 12:26:37.720000,1.25647,1.2564,1950000,1000000
2017-08-04 12:26:38.229000,1.25647,1.2564,1570000,1000000
2017-08-04 12:26:38.739000,1.25646,1.2564,1000000,1000000
2017-08-04 12:26:39.304000,1.25647,1.2564,1100000,1000000
2017-08-04 12:26:39.964000,1.25649,1.25641,2700000,1000000
2017-08-04 12:26:40.219000,1.25649,1.25642,2320000,1000000
2017-08-04 12:26:40.751000,1.25648,1.25642,1100000,1000000
2017-08-04 12:26:41.164000,1.2565,1.25645,1470000,1000000
2017-08-04 12:26:41.267000,1.25651,1.25645,1730000,1000000
2017-08-04 12:26:41.420000,1.25655,1.25647,1950000,1000000
2017-08-04 12:26:41.471000,1.25655,1.25651,1120000,1000000
2017-08-04 12:26:41.523000,1.25658,1.25653,1570000,1000000
2017-08-04 12:26:41.728000,1.25659,1.25655,1000000,1000000
2017-08-04 12:26:41.780000,1.25662,1.25655,1570000,1000000
2017-08-04 12:26:41.967000,1.25659,1.25655,1000000,1000000
2017-08-04 12:26:42.275000,1.25665,1.25659,1450000,1000000
2017-08-04 12:26:42.327000,1.25665,1.25659,1450000,1000000
2017-08-04 12:26:42.430000,1.25665,1.25657,1200000,1000000
2017-08-04 12:26:42.966000,1.25664,1.25658,1100000,1000000
2017-08-04 12:26:43.119000,1.25663,1.25655,1200000,1000000
2017-08-04 12:26:43.633000,1.25665,1.25656,1800000,1000000
2017-08-04 12:26:43.888000,1.25666,1.25658,1950000,1000000
2017-08-04 12:26:44.143000,1.25665,1.25655,4350000,1500000
2017-08-04 12:26:44.194000,1.25662,1.25652,1000000,1500000
2017-08-04 12:26:44.500000,1.2566,1.25652,1000000,1000000
2017-08-04 12:26:45.224000,1.25659,1.25652,1000000,1000000
2017-08-04 12:26:45.751000,1.2566,1.25652,1000000,1000000
2017-08-04 12:26:46.361000,1.25659,1.25652,1000000,1000000
2017-08-04 12:26:46.464000,1.25658,1.25649,1000000,3070000
2017-08-04 12:26:46.515000,1.25654,1.25649,1000000,1100000
2017-08-04 12:26:47.025000,1.25655,1.25649,1000000,1000000
2017-08-04 12:26:48.659000,1.25655,1.2565,1000000,1000000
2017-08-04 12:26:49.643000,1.25654,1.2565,1000000,1000000
2017-08-04 12:26:50.153000,1.25655,1.2565,1000000,1000000
2017-08-04 12:26:51.730000,1.25654,1.2565,1000000,1000000
2017-08-04 12:26:52.241000,1.25654,1.25649,1000000,1000000
2017-08-04 12:26:52.853000,1.25654,1.2565,1000000,1000000
2017-08-04 12:26:54.338000,1.25655,1.25647,2250000,1000000
2017-08-04 12:26:54.389000,1.25654,1.25645,1000000,1000000
2017-08-04 12:26:54.492000,1.25652,1.25645,1000000,1000000
2017-08-04 12:26:55.368000,1.25652,1.25643,1000000,2320000
2017-08-04 12:26:55.419000,1.25652,1.25647,1000000,1000000
2017-08-04 12:26:55.728000,1.25653,1.25643,1500000,2700000
2017-08-04 12:26:55.779000,1.2565,1.25643,1000000,1500000
2017-08-04 12:26:56.484000,1.25649,1.25643,1000000,1000000
2017-08-04 12:26:56.689000,1.25649,1.2564,2320000,1000000
2017-08-04 12:26:56.741000,1.25647,1.25638,1500000,1000000
2017-08-04 12:26:57.047000,1.25643,1.25635,1500000,1100000
2017-08-04 12:26:57.352000,1.25641,1.25636,1000000,1570000
2017-08-04 12:26:57.456000,1.25641,1.25635,1500000,1100000
2017-08-04 12:26:57.764000,1.25638,1.25632,1000000,1200000
2017-08-04 12:26:58.281000,1.25638,1.25633,1500000,1000000
2017-08-04 12:26:58.793000,1.25637,1.25633,1000000,1000000
2017-08-04 12:26:59.382000,1.25638,1.25634,1000000,1000000
2017-08-04 12:26:59.588000,1.2564,1.25634,1000000,1000000
2017-08-04 12:27:00.302000,1.25634,1.2563,1000000,1500000
2017-08-04 12:27:00.354000,1.25631,1.25623,5550000,1000000
2017-08-04 12:27:00.442000,1.25631,1.25626,5550000,1000000
2017-08-04 12:27:00.749000,1.25627,1.25622,1800000,1000000
2017-08-04 12:27:01.160000,1.25626,1.25622,1000000,1500000
2017-08-04 12:27:01.365000,1.25628,1.25623,1280000,1000000
2017-08-04 12:27:01.870000,1.25628,1.25622,1100000,1000000
2017-08-04 12:27:02.076000,1.25626,1.25622,1000000,1500000
2017-08-04 12:27:02.179000,1.25628,1.25623,1000000,1000000
2017-08-04 12:27:02.384000,1.25626,1.25622,1000000,1500000
2017-08-04 12:27:02.486000,1.25628,1.25622,1000000,1500000
2017-08-04 12:27:03.007000,1.2563,1.25622,1000000,1000000
2017-08-04 12:27:03.511000,1.2563,1.25623,1000000,1000000
2017-08-04 12:27:04.060000,1.25633,1.25624,4500000,1000000
2017-08-04 12:27:04.573000,1.25633,1.25625,3530000,1000000
2017-08-04 12:27:05.162000,1.25633,1.25625,3900000,1000000
2017-08-04 12:27:05.367000,1.25634,1.25623,3150000,1500000
2017-08-04 12:27:05.418000,1.2563,1.25623,1000000,1500000
2017-08-04 12:27:05.975000,1.2563,1.25625,1000000,1000000
2017-08-04 12:27:06.026000,1.25634,1.25625,3150000,1000000
2017-08-04 12:27:07.271000,1.25632,1.25625,3150000,1000000
2017-08-04 12:27:08.136000,1.25632,1.25623,4500000,1000000
2017-08-04 12:27:08.671000,1.2563,1.25623,3000000,1000000
2017-08-04 12:27:09.322000,1.25629,1.25623,1000000,1000000
2017-08-04 12:27:09.832000,1.2563,1.25622,4500000,1000000
2017-08-04 12:27:10.688000,1.25629,1.2562,1000000,1500000
2017-08-04 12:27:10.893000,1.25629,1.25622,1000000,1000000
2017-08-04 12:27:10.944000,1.25629,1.2562,1000000,3000000
2017-08-04 12:27:11.830000,1.25629,1.25619,2250000,1500000
2017-08-04 12:27:11.883000,1.25629,1.25622,3070000,1000000
2017-08-04 12:27:12.189000,1.25622,1.25614,1000000,4120000
2017-08-04 12:27:12.292000,1.25621,1.2561,3820000,1100000
2017-08-04 12:27:13.260000,1.2562,1.2561,1000000,1000000
2017-08-04 12:27:13.805000,1.2562,1.25611,8100000,1000000
2017-08-04 12:27:14.517000,1.25619,1.25611,1000000,1000000
2017-08-04 12:27:15.640000,1.2562,1.25611,5250000,1000000
2017-08-04 12:27:17.013000,1.25624,1.25615,4500000,1570000
2017-08-04 12:27:17.166000,1.25626,1.25614,1500000,2700000
2017-08-04 12:27:17.523000,1.25626,1.25615,1350000,1200000
2017-08-04 12:27:18.026000,1.25626,1.25614,1500000,1200000
2017-08-04 12:27:18.078000,1.25624,1.25614,1000000,1200000
2017-08-04 12:27:18.333000,1.25621,1.2561,1000000,1100000
2017-08-04 12:27:18.556000,1.2562,1.2561,1000000,2320000
2017-08-04 12:27:19.066000,1.25621,1.25611,1500000,1450000
2017-08-04 12:27:19.591000,1.25621,1.25611,1500000,1450000
2017-08-04 12:27:20.138000,1.25621,1.25611,2100000,1000000
2017-08-04 12:27:20.189000,1.25621,1.25611,2100000,1450000
2017-08-04 12:27:20.698000,1.25621,1.25611,1500000,1100000
2017-08-04 12:27:21.207000,1.25621,1.25611,1500000,1450000
2017-08-04 12:27:23.493000,1.2562,1.25612,1000000,1000000
2017-08-04 12:27:24.177000,1.25619,1.25612,1000000,1000000
2017-08-04 12:27:24.873000,1.2562,1.25612,1000000,1000000
2017-08-04 12:27:27.197000,1.2562,1.25611,1000000,1000000
2017-08-04 12:27:27.987000,1.25618,1.25611,1000000,1000000
2017-08-04 12:27:28.090000,1.25618,1.25607,1000000,1570000
2017-08-04 12:27:28.641000,1.25619,1.25609,3750000,1950000
2017-08-04 12:27:29.185000,1.25619,1.25609,3000000,1200000
2017-08-04 12:27:30.099000,1.2562,1.25615,1000000,1000000
2017-08-04 12:27:30.151000,1.25624,1.25618,1120000,1000000
2017-08-04 12:27:30.254000,1.25627,1.25618,2250000,1500000
2017-08-04 12:27:30.356000,1.25628,1.25621,1000000,1000000
2017-08-04 12:27:31.087000,1.25629,1.25621,3000000,1000000
2017-08-04 12:27:32.773000,1.25628,1.25621,1000000,1000000
2017-08-04 12:27:33.997000,1.25629,1.25621,1500000,1000000
2017-08-04 12:27:37.226000,1.25628,1.25621,1000000,1000000
2017-08-04 12:27:37.551000,1.25628,1.25623,1000000,1000000
2017-08-04 12:27:37.602000,1.25631,1.25623,1000000,1100000
2017-08-04 12:27:37.654000,1.25632,1.25627,1000000,1000000
2017-08-04 12:27:37.986000,1.25634,1.25627,1000000,1200000
2017-08-04 12:27:38.495000,1.25634,1.25626,1000000,1570000
2017-08-04 12:27:39.193000,1.25636,1.25625,1000000,1820000
2017-08-04 12:27:40.232000,1.25636,1.25625,2850000,1200000
2017-08-04 12:27:40.519000,1.25636,1.25624,2100000,3070000
2017-08-04 12:27:40.824000,1.25637,1.25624,4500000,3070000
2017-08-04 12:27:40.927000,1.25635,1.25624,1000000,3450000
2017-08-04 12:27:41.233000,1.25635,1.25625,1000000,1570000
2017-08-04 12:27:41.539000,1.25633,1.25624,1000000,1950000
2017-08-04 12:27:41.642000,1.25633,1.25624,1000000,1100000
2017-08-04 12:27:42.609000,1.25633,1.25624,1000000,1200000
2017-08-04 12:27:42.716000,1.25634,1.25623,2250000,1200000
2017-08-04 12:27:42.819000,1.25634,1.25623,3750000,1450000
2017-08-04 12:27:43.134000,1.25632,1.25623,1500000,1450000
2017-08-04 12:27:43.442000,1.25629,1.2562,1000000,1000000
2017-08-04 12:27:43.987000,1.25628,1.25618,1000000,1200000
2017-08-04 12:27:44.645000,1.25628,1.25619,1000000,1450000
2017-08-04 12:27:45.219000,1.25628,1.25619,1000000,1100000
2017-08-04 12:27:45.878000,1.25628,1.2562,1000000,1000000
2017-08-04 12:27:46.022000,1.2562,1.25615,1000000,1500000
2017-08-04 12:27:46.073000,1.25619,1.25613,1000000,1200000
2017-08-04 12:27:46.125000,1.25619,1.25609,1500000,1950000
2017-08-04 12:27:46.591000,1.25615,1.25607,2250000,1000000
2017-08-04 12:27:46.999000,1.25614,1.25604,1000000,1200000
2017-08-04 12:27:47.971000,1.25614,1.25604,1000000,1450000
2017-08-04 12:27:48.474000,1.25611,1.25604,1500000,1000000
2017-08-04 12:27:49,1.25611,1.25603,1100000,1000000
2017-08-04 12:27:49.103000,1.25609,1.256,1950000,1000000
2017-08-04 12:27:49.562000,1.25608,1.256,1450000,1100000
2017-08-04 12:27:49.614000,1.25608,1.25597,1550000,1500000
2017-08-04 12:27:49.666000,1.25604,1.25597,1000000,1500000
2017-08-04 12:27:49.717000,1.25603,1.25594,1000000,1570000
2017-08-04 12:27:49.821000,1.25606,1.25598,1950000,1000000
2017-08-04 12:27:50.197000,1.25609,1.256,1950000,1000000
2017-08-04 12:27:50.506000,1.25604,1.25597,2550000,1000000
2017-08-04 12:27:50.609000,1.25607,1.25597,1950000,1950000
2017-08-04 12:27:50.662000,1.25605,1.25595,1000000,3520000
2017-08-04 12:27:50.968000,1.25604,1.25595,2700000,1000000
2017-08-04 12:27:51.353000,1.25605,1.25601,1000000,1000000
2017-08-04 12:27:51.405000,1.2561,1.25602,3000000,1000000
2017-08-04 12:27:51.919000,1.25609,1.25602,1000000,2250000
2017-08-04 12:27:52.769000,1.2561,1.25602,1000000,1570000
2017-08-04 12:27:53.838000,1.25612,1.25603,1000000,2250000
2017-08-04 12:27:54.449000,1.2561,1.25603,2100000,1000000
2017-08-04 12:27:54.905000,1.2561,1.25601,2100000,1950000
2017-08-04 12:27:54.972000,1.25609,1.25601,1950000,1000000
2017-08-04 12:27:57.255000,1.25607,1.25601,1500000,1000000
2017-08-04 12:27:58.124000,1.25609,1.25601,1950000,1000000
2017-08-04 12:27:58.643000,1.25609,1.25601,1000000,1450000
2017-08-04 12:27:59.274000,1.2561,1.25601,1500000,1450000
2017-08-04 12:28:00.092000,1.2561,1.25602,2250000,1200000
2017-08-04 12:28:00.503000,1.25609,1.256,1000000,1450000
2017-08-04 12:28:00.925000,1.25609,1.25602,1000000,1200000
2017-08-04 12:28:01.448000,1.2561,1.25602,1000000,1200000
2017-08-04 12:28:02.125000,1.25611,1.25603,1000000,1000000
2017-08-04 12:28:02.656000,1.25612,1.25603,1500000,1200000
2017-08-04 12:28:03.423000,1.25611,1.25601,1000000,1450000
2017-08-04 12:28:07.600000,1.2561,1.25602,1000000,1200000
2017-08-04 12:28:10.181000,1.2561,1.25602,1000000,1450000
2017-08-04 12:28:10.600000,1.2561,1.25602,1000000,1200000
2017-08-04 12:28:10.723000,1.25608,1.25602,1000000,1200000
2017-08-04 12:28:10.774000,1.25608,1.256,2250000,1000000
2017-08-04 12:28:10.877000,1.25606,1.25599,1000000,1000000
2017-08-04 12:28:11.287000,1.25605,1.25597,1000000,1000000
2017-08-04 12:28:11.745000,1.25601,1.25597,1000000,1000000
2017-08-04 12:28:11.797000,1.25601,1.25594,1500000,1000000
2017-08-04 12:28:11.848000,1.25601,1.25592,1000000,1000000
2017-08-04 12:28:12.074000,1.25596,1.25586,1000000,3170000
2017-08-04 12:28:12.838000,1.25594,1.25586,1000000,1520000
2017-08-04 12:28:13.276000,1.25592,1.25586,1500000,1000000
2017-08-04 12:28:13.789000,1.25593,1.25586,1000000,1000000
2017-08-04 12:28:14.230000,1.25592,1.25586,1200000,1000000
2017-08-04 12:28:14.761000,1.25591,1.25586,2170000,1000000
2017-08-04 12:28:15.212000,1.25589,1.25585,1000000,1000000
2017-08-04 12:28:15.314000,1.25591,1.2558,1570000,1190000
2017-08-04 12:28:15.804000,1.25596,1.25587,1200000,1500000
2017-08-04 12:28:16.314000,1.25597,1.25587,1280000,1500000
2017-08-04 12:28:17.057000,1.25597,1.25587,1550000,1500000
2017-08-04 12:28:18.593000,1.25597,1.25587,1100000,1500000
2017-08-04 12:28:18.899000,1.25597,1.25589,1000000,1000000
2017-08-04 12:28:19.206000,1.25597,1.25591,1000000,1000000
2017-08-04 12:28:19.308000,1.25601,1.25591,1900000,1500000
2017-08-04 12:28:19.462000,1.25601,1.25593,1200000,1000000
2017-08-04 12:28:19.973000,1.25601,1.25594,1280000,1000000
2017-08-04 12:28:20.076000,1.25601,1.25592,1280000,1000000
2017-08-04 12:28:20.440000,1.25601,1.25594,1100000,1000000
2017-08-04 12:28:20.571000,1.25601,1.25591,1100000,2250000
2017-08-04 12:28:20.622000,1.25601,1.25594,1100000,1000000
2017-08-04 12:28:20.978000,1.25601,1.25592,1650000,1000000
2017-08-04 12:28:21.577000,1.25601,1.25593,1550000,1000000
2017-08-04 12:28:21.935000,1.25601,1.25596,1450000,1000000
2017-08-04 12:28:21.986000,1.25605,1.25601,1000000,1000000
2017-08-04 12:28:22.038000,1.25608,1.256,1000000,1500000
2017-08-04 12:28:22.140000,1.25611,1.25601,1200000,1000000
2017-08-04 12:28:22.498000,1.25611,1.25604,1200000,1000000
2017-08-04 12:28:22.597000,1.25611,1.25601,1200000,2250000
2017-08-04 12:28:22.648000,1.25611,1.25603,1000000,1370000
2017-08-04 12:28:22.955000,1.25611,1.25606,1000000,1000000
2017-08-04 12:28:23.058000,1.25611,1.25603,1000000,2700000
2017-08-04 12:28:23.599000,1.25611,1.25603,1200000,2250000
2017-08-04 12:28:24.077000,1.25611,1.25605,1000000,1000000
2017-08-04 12:28:24.709000,1.25611,1.25604,1000000,1100000
2017-08-04 12:28:25.219000,1.25611,1.25605,1200000,1000000
2017-08-04 12:28:27.254000,1.25611,1.25603,1200000,1500000
2017-08-04 12:28:27.458000,1.2561,1.25606,1000000,1000000
2017-08-04 12:28:28.038000,1.25611,1.25604,2250000,1000000
2017-08-04 12:28:28.610000,1.25611,1.25605,2850000,1000000
2017-08-04 12:28:29.136000,1.2561,1.25604,1000000,1500000
2017-08-04 12:28:29.666000,1.25609,1.25604,1000000,1500000
2017-08-04 12:28:30.122000,1.2561,1.25606,2140000,1000000
2017-08-04 12:28:30.224000,1.25609,1.25604,1000000,1500000
2017-08-04 12:28:30.393000,1.25611,1.25603,1570000,1500000
2017-08-04 12:28:30.924000,1.25611,1.25604,1000000,1000000
2017-08-04 12:28:31.434000,1.25611,1.25603,1000000,1500000
2017-08-04 12:28:31.539000,1.25614,1.25607,1000000,1500000
2017-08-04 12:28:31.591000,1.25617,1.25608,2250000,1120000
2017-08-04 12:28:31.694000,1.25621,1.25609,2700000,1000000
2017-08-04 12:28:32.209000,1.25622,1.2561,1000000,1500000
2017-08-04 12:28:32.262000,1.25624,1.25616,1570000,1000000
2017-08-04 12:28:32.314000,1.25624,1.25613,1100000,2620000
2017-08-04 12:28:32.416000,1.25625,1.25616,2320000,1000000
2017-08-04 12:28:32.468000,1.25624,1.25614,1000000,1000000
2017-08-04 12:28:33.023000,1.25625,1.25613,1200000,1500000
2017-08-04 12:28:33.382000,1.25622,1.25614,1000000,1000000
2017-08-04 12:28:33.904000,1.25621,1.25614,1000000,1000000
2017-08-04 12:28:34.602000,1.25622,1.25614,1500000,1000000
2017-08-04 12:28:35.119000,1.25623,1.25614,1100000,1000000
2017-08-04 12:28:35.665000,1.25622,1.25613,1000000,1000000
2017-08-04 12:28:36.211000,1.25623,1.25613,1500000,1000000
2017-08-04 12:28:36.769000,1.25622,1.25613,1000000,1000000
2017-08-04 12:28:37.305000,1.25623,1.25613,1200000,1000000
2017-08-04 12:28:37.806000,1.25622,1.25613,1000000,1000000
2017-08-04 12:28:38.370000,1.25622,1.25614,1000000,1000000
2017-08-04 12:28:38.945000,1.25623,1.25614,1100000,1000000
2017-08-04 12:28:39.496000,1.25623,1.25613,1200000,1000000
2017-08-04 12:28:40.020000,1.25622,1.25614,1100000,1000000
2017-08-04 12:28:40.569000,1.25622,1.25613,1000000,1000000
2017-08-04 12:28:41.071000,1.25623,1.25613,1200000,1000000
2017-08-04 12:28:41.513000,1.25621,1.25614,1000000,1000000
2017-08-04 12:28:42.035000,1.2562,1.25614,1000000,1000000
2017-08-04 12:28:42.346000,1.25622,1.25613,1000000,1500000
2017-08-04 12:28:42.869000,1.25623,1.25614,1570000,1000000
2017-08-04 12:28:43.382000,1.25622,1.25614,1000000,1000000
2017-08-04 12:28:43.885000,1.25622,1.25613,1500000,1000000
2017-08-04 12:28:44.407000,1.25621,1.25613,1000000,1000000
2017-08-04 12:28:44.573000,1.25623,1.25613,1000000,1000000
2017-08-04 12:28:45.132000,1.25623,1.25614,1000000,1000000
2017-08-04 12:28:45.657000,1.25622,1.25614,1000000,1000000
2017-08-04 12:28:46.177000,1.25622,1.25613,1000000,1120000
2017-08-04 12:28:46.382000,1.25624,1.25614,1100000,1000000
2017-08-04 12:28:46.688000,1.25627,1.25614,1950000,1000000
2017-08-04 12:28:47.264000,1.25627,1.25614,1200000,1500000
2017-08-04 12:28:47.774000,1.25627,1.25614,1450000,1500000
2017-08-04 12:28:47.826000,1.25628,1.25614,1950000,1000000
2017-08-04 12:28:48.410000,1.25628,1.25616,1450000,1000000
2017-08-04 12:28:49.127000,1.25627,1.25616,1200000,1000000
2017-08-04 12:28:49.905000,1.25628,1.25616,1450000,1000000
2017-08-04 12:28:50.367000,1.25628,1.25616,1000000,1100000
2017-08-04 12:28:50.418000,1.25628,1.25617,1450000,1000000
2017-08-04 12:28:50.470000,1.2563,1.25619,1120000,1500000
2017-08-04 12:28:50.773000,1.25635,1.2562,2250000,1000000
2017-08-04 12:28:50.824000,1.25637,1.25627,3750000,1000000
2017-08-04 12:28:50.876000,1.25636,1.25623,1500000,1000000
2017-08-04 12:28:50.979000,1.25634,1.25623,1000000,1000000
2017-08-04 12:28:51.492000,1.25635,1.25623,1000000,1000000
2017-08-04 12:28:51.844000,1.25635,1.25624,2250000,1000000
2017-08-04 12:28:52.354000,1.25634,1.25623,1500000,1000000
2017-08-04 12:28:52.508000,1.25635,1.25624,1120000,1000000
2017-08-04 12:28:52.766000,1.25637,1.25625,1500000,1000000
2017-08-04 12:28:52.817000,1.25636,1.25623,1500000,1000000
2017-08-04 12:28:52.868000,1.25634,1.25625,1000000,1000000
2017-08-04 12:28:53.096000,1.25636,1.25625,1500000,1870000
2017-08-04 12:28:53.148000,1.25636,1.25627,1500000,1000000
2017-08-04 12:28:53.560000,1.25636,1.25625,1070000,1000000
2017-08-04 12:28:54.120000,1.25636,1.25625,1500000,1000000
2017-08-04 12:28:54.223000,1.25637,1.25627,1000000,1000000
2017-08-04 12:28:54.735000,1.25635,1.25627,1000000,1120000
2017-08-04 12:28:54.982000,1.25637,1.25627,1500000,2250000
2017-08-04 12:28:55.085000,1.25639,1.25628,1000000,1000000
2017-08-04 12:28:55.546000,1.25638,1.2563,1000000,1000000
2017-08-04 12:28:55.939000,1.25634,1.25629,1000000,1000000
2017-08-04 12:28:56.092000,1.25637,1.25629,1000000,1000000
2017-08-04 12:28:56.144000,1.25634,1.25629,1000000,1000000
2017-08-04 12:28:56.348000,1.25638,1.25629,1000000,1000000
2017-08-04 12:28:56.552000,1.25636,1.2563,1000000,1000000
2017-08-04 12:28:56.604000,1.25638,1.2563,1870000,1000000
2017-08-04 12:28:56.936000,1.25635,1.2563,1000000,1000000
2017-08-04 12:28:57.191000,1.25637,1.25629,1000000,1000000
2017-08-04 12:28:57.651000,1.25635,1.25629,1000000,1000000
2017-08-04 12:28:58.194000,1.25634,1.2563,1000000,1000000
2017-08-04 12:28:58.449000,1.25634,1.25627,1000000,1000000
2017-08-04 12:28:58.996000,1.25634,1.25628,1000000,1000000
2017-08-04 12:28:59.303000,1.25631,1.25625,1500000,1000000
2017-08-04 12:28:59.354000,1.25632,1.25622,1000000,1000000
2017-08-04 12:28:59.797000,1.25635,1.25622,1500000,1000000
2017-08-04 12:28:59.900000,1.25635,1.25622,3750000,1000000
2017-08-04 12:29:00.311000,1.25633,1.25624,2250000,1500000
2017-08-04 12:29:00.489000,1.25633,1.25621,1500000,1500000
2017-08-04 12:29:00.541000,1.25629,1.2562,1000000,1500000
2017-08-04 12:29:01.052000,1.25629,1.25619,1000000,1000000
2017-08-04 12:29:01.514000,1.25632,1.25619,1120000,1000000
2017-08-04 12:29:01.568000,1.25629,1.25619,1000000,1000000
2017-08-04 12:29:01.875000,1.25624,1.25619,1120000,1000000
2017-08-04 12:29:02.184000,1.25621,1.25617,1000000,1000000
2017-08-04 12:29:02.287000,1.25623,1.25617,1000000,1000000
2017-08-04 12:29:02.809000,1.25622,1.25618,1000000,1000000
2017-08-04 12:29:03.387000,1.25621,1.25617,1000000,1000000
2017-08-04 12:29:03.761000,1.25629,1.25618,1000000,1000000
2017-08-04 12:29:03.865000,1.25621,1.25617,1000000,1000000
2017-08-04 12:29:04.019000,1.25627,1.25617,1000000,1000000
2017-08-04 12:29:04.223000,1.2563,1.25617,2250000,1000000
2017-08-04 12:29:04.725000,1.2563,1.25617,1870000,1000000
2017-08-04 12:29:05.037000,1.25623,1.25617,1000000,1000000
2017-08-04 12:29:05.501000,1.25625,1.25617,1000000,1000000
2017-08-04 12:29:05.634000,1.25623,1.25617,1000000,1000000
2017-08-04 12:29:06.143000,1.25623,1.25618,1000000,1000000
2017-08-04 12:29:06.526000,1.25625,1.25617,1000000,1000000
2017-08-04 12:29:06.806000,1.25623,1.25618,1000000,1000000
2017-08-04 12:29:07.062000,1.25625,1.25618,1000000,1000000
2017-08-04 12:29:07.611000,1.25626,1.25617,1120000,1000000
2017-08-04 12:29:08.015000,1.25628,1.25618,1570000,1000000
2017-08-04 12:29:08.169000,1.25626,1.25617,1000000,1000000
2017-08-04 12:29:08.627000,1.2563,1.25618,1450000,1000000
2017-08-04 12:29:08.679000,1.25632,1.25618,1500000,1000000
2017-08-04 12:29:08.976000,1.25634,1.25619,1000000,1000000
2017-08-04 12:29:09.333000,1.25631,1.25617,1450000,1000000
2017-08-04 12:29:09.486000,1.25632,1.25618,1500000,1000000
2017-08-04 12:29:09.588000,1.25635,1.25617,1000000,1000000
2017-08-04 12:29:10.090000,1.25635,1.25618,1000000,1000000
2017-08-04 12:29:10.448000,1.25634,1.2562,1000000,1000000
2017-08-04 12:29:10.971000,1.25635,1.2562,1000000,1000000
2017-08-04 12:29:11.489000,1.25634,1.25619,1000000,1000000
2017-08-04 12:29:11.993000,1.25634,1.2562,1000000,1000000
2017-08-04 12:29:12.542000,1.25635,1.25619,1000000,1000000
2017-08-04 12:29:12.949000,1.25626,1.25618,1000000,1000000
2017-08-04 12:29:13,1.25627,1.25615,1000000,1000000
2017-08-04 12:29:13.200000,1.25624,1.25611,1000000,1000000
2017-08-04 12:29:13.253000,1.25626,1.25609,1000000,1000000
2017-08-04 12:29:13.765000,1.25627,1.25608,1000000,1000000
2017-08-04 12:29:13.817000,1.25626,1.25611,1000000,2250000
2017-08-04 12:29:14.208000,1.25628,1.25611,1000000,2250000
2017-08-04 12:29:14.261000,1.25631,1.25611,1870000,2250000
2017-08-04 12:29:14.364000,1.25635,1.25614,1870000,1000000
2017-08-04 12:29:14.696000,1.25636,1.25615,1000000,1000000
2017-08-04 12:29:15.160000,1.2564,1.2562,3000000,1000000
2017-08-04 12:29:15.621000,1.25638,1.2562,1000000,1500000
2017-08-04 12:29:15.776000,1.2564,1.25621,2250000,1000000
2017-08-04 12:29:16.004000,1.25637,1.25622,1000000,1000000
2017-08-04 12:29:16.209000,1.25633,1.25615,1000000,1000000
2017-08-04 12:29:16.260000,1.25632,1.25615,1370000,1000000
2017-08-04 12:29:16.770000,1.25632,1.25615,1650000,1000000
2017-08-04 12:29:17.001000,1.25631,1.25613,1000000,1000000
2017-08-04 12:29:17.052000,1.25628,1.25613,1120000,1000000
2017-08-04 12:29:17.462000,1.2563,1.25614,1000000,1000000
2017-08-04 12:29:17.666000,1.25632,1.25614,1500000,1000000
2017-08-04 12:29:17.768000,1.25631,1.25612,1000000,1000000
2017-08-04 12:29:18.025000,1.25634,1.25618,1370000,1000000
2017-08-04 12:29:18.078000,1.25639,1.25621,1500000,1000000
2017-08-04 12:29:18.435000,1.25639,1.25623,1000000,1000000
2017-08-04 12:29:18.641000,1.25637,1.25619,1000000,1500000
2017-08-04 12:29:18.693000,1.25635,1.2562,1000000,1000000
2017-08-04 12:29:19.306000,1.25634,1.2562,1000000,1500000
2017-08-04 12:29:19.767000,1.25634,1.25622,1000000,1000000
2017-08-04 12:29:19.819000,1.25634,1.2562,1000000,1000000
2017-08-04 12:29:20.352000,1.25635,1.25621,1000000,1000000
2017-08-04 12:29:20.883000,1.25634,1.25621,1000000,1000000
2017-08-04 12:29:21.386000,1.25636,1.25621,2250000,1000000
2017-08-04 12:29:21.846000,1.25634,1.25621,1000000,1000000
2017-08-04 12:29:22.138000,1.25637,1.2562,1000000,1500000
2017-08-04 12:29:22.648000,1.25638,1.2562,1500000,1000000
2017-08-04 12:29:23.151000,1.25637,1.2562,1000000,1000000
2017-08-04 12:29:23.457000,1.25633,1.2562,1000000,1000000
2017-08-04 12:29:23.767000,1.25631,1.25619,1120000,1000000
2017-08-04 12:29:23.821000,1.25629,1.25616,1000000,1000000
2017-08-04 12:29:24.333000,1.2563,1.25616,1000000,1000000
2017-08-04 12:29:24.721000,1.25627,1.25615,1000000,1000000
2017-08-04 12:29:24.878000,1.25621,1.25602,1120000,1000000
2017-08-04 12:29:24.930000,1.25621,1.25607,1500000,1000000
2017-08-04 12:29:25.032000,1.25628,1.25608,1370000,1000000
2017-08-04 12:29:25.240000,1.25625,1.25607,1000000,1000000
2017-08-04 12:29:25.292000,1.25627,1.25607,1870000,1000000
2017-08-04 12:29:25.344000,1.25626,1.25612,1000000,1000000
2017-08-04 12:29:25.396000,1.25629,1.25609,1000000,1000000
2017-08-04 12:29:25.448000,1.2563,1.25611,1120000,1000000
2017-08-04 12:29:25.753000,1.2563,1.25613,1120000,1000000
2017-08-04 12:29:26.059000,1.25629,1.25611,1750000,1000000
2017-08-04 12:29:26.367000,1.2563,1.25613,1750000,1000000
2017-08-04 12:29:26.470000,1.25627,1.2561,1120000,1000000
2017-08-04 12:29:26.724000,1.25631,1.25614,1750000,1000000
2017-08-04 12:29:27.133000,1.25628,1.25611,1000000,1000000
2017-08-04 12:29:27.184000,1.25626,1.25611,1000000,1000000
2017-08-04 12:29:27.286000,1.25628,1.25611,1000000,1000000
2017-08-04 12:29:27.389000,1.25627,1.25609,1000000,1000000
2017-08-04 12:29:27.857000,1.25625,1.25606,1000000,1000000
2017-08-04 12:29:28.064000,1.25627,1.25606,1000000,1000000
2017-08-04 12:29:28.315000,1.25627,1.25609,1000000,1000000
2017-08-04 12:29:28.880000,1.25628,1.25608,1500000,1000000
2017-08-04 12:29:29.189000,1.25628,1.25606,1500000,1000000
2017-08-04 12:29:29.517000,1.25625,1.25605,1500000,1000000
2017-08-04 12:29:29.998000,1.25623,1.25604,1000000,1000000
2017-08-04 12:29:30.052000,1.25626,1.25599,1310000,1000000
2017-08-04 12:29:30.155000,1.25623,1.25599,1690000,1500000
2017-08-04 12:29:30.364000,1.25623,1.25599,1000000,1500000
2017-08-04 12:29:30.855000,1.25623,1.25599,1190000,1000000
2017-08-04 12:29:30.958000,1.25623,1.25599,1120000,1000000
2017-08-04 12:29:31.530000,1.25624,1.25598,1000000,1500000
2017-08-04 12:29:31.635000,1.25622,1.25598,1000000,1000000
2017-08-04 12:29:31.738000,1.25624,1.25599,1870000,1000000
2017-08-04 12:29:32.292000,1.25623,1.25598,1000000,1000000
2017-08-04 12:29:32.344000,1.25622,1.25599,1190000,1000000
2017-08-04 12:29:32.446000,1.25624,1.25599,1500000,1000000
2017-08-04 12:29:32.986000,1.25616,1.25599,1200000,1000000
2017-08-04 12:29:33.038000,1.25623,1.25598,1190000,1500000
2017-08-04 12:29:33.141000,1.25616,1.25598,1200000,1000000
2017-08-04 12:29:33.341000,1.25628,1.25604,1500000,1000000
2017-08-04 12:29:33.701000,1.25628,1.25604,2060000,1000000
2017-08-04 12:29:34.058000,1.25624,1.25603,1190000,1000000
2017-08-04 12:29:34.267000,1.25628,1.25604,1690000,1000000
2017-08-04 12:29:34.837000,1.25627,1.25604,1000000,1000000
2017-08-04 12:29:35.341000,1.25626,1.25604,1000000,1000000
2017-08-04 12:29:35.851000,1.25627,1.25602,1690000,1000000
2017-08-04 12:29:36.493000,1.25624,1.25602,1500000,1500000
2017-08-04 12:29:36.827000,1.25627,1.25601,1190000,1000000
2017-08-04 12:29:37.236000,1.25629,1.25601,3190000,1000000
2017-08-04 12:29:37.287000,1.25629,1.25599,1000000,1500000
2017-08-04 12:29:37.339000,1.2563,1.25599,1750000,1500000
2017-08-04 12:29:37.441000,1.2563,1.25599,2060000,1000000
2017-08-04 12:29:37.543000,1.25624,1.25599,1250000,1000000
2017-08-04 12:29:37.595000,1.25623,1.25596,1000000,1000000
2017-08-04 12:29:37.808000,1.25624,1.25594,1690000,1500000
2017-08-04 12:29:38.553000,1.25623,1.25594,1000000,1500000
2017-08-04 12:29:38.784000,1.25622,1.25598,1000000,1000000
2017-08-04 12:29:38.937000,1.25622,1.25596,1000000,1000000
2017-08-04 12:29:38.989000,1.25622,1.25594,1000000,1000000
2017-08-04 12:29:39.040000,1.25624,1.25594,1690000,1000000
2017-08-04 12:29:39.143000,1.25623,1.25592,1000000,1000000
2017-08-04 12:29:39.669000,1.25624,1.25591,1000000,1000000
2017-08-04 12:29:40.216000,1.25624,1.2559,1500000,1500000
2017-08-04 12:29:40.318000,1.25626,1.25591,1120000,1000000
2017-08-04 12:29:40.628000,1.25631,1.2559,3370000,1000000
2017-08-04 12:29:40.832000,1.25634,1.2559,1250000,2250000
2017-08-04 12:29:40.986000,1.25636,1.25595,2810000,1000000
2017-08-04 12:29:41.039000,1.25636,1.25595,1000000,1000000
2017-08-04 12:29:41.090000,1.25637,1.25597,1120000,1000000
2017-08-04 12:29:41.489000,1.25623,1.25595,1000000,1000000
2017-08-04 12:29:41.853000,1.25623,1.25601,1000000,1500000
2017-08-04 12:29:42.007000,1.25624,1.25599,2060000,1500000
2017-08-04 12:29:42.109000,1.25624,1.25597,1500000,1000000
2017-08-04 12:29:42.505000,1.25624,1.25601,1000000,1000000
2017-08-04 12:29:42.763000,1.25624,1.25597,2440000,1500000
2017-08-04 12:29:43.131000,1.25624,1.25601,1000000,1000000
2017-08-04 12:29:43.440000,1.25623,1.25603,1000000,1000000
2017-08-04 12:29:43.647000,1.25637,1.25614,1370000,1000000
2017-08-04 12:29:43.897000,1.25638,1.25618,1120000,1000000
2017-08-04 12:29:43.949000,1.25639,1.25619,1000000,1000000
2017-08-04 12:29:44,1.25639,1.25625,1000000,1000000
2017-08-04 12:29:44.052000,1.25645,1.25625,1370000,1000000
2017-08-04 12:29:44.413000,1.25644,1.25616,1870000,2250000
2017-08-04 12:29:44.516000,1.25642,1.25615,1000000,1000000
2017-08-04 12:29:44.854000,1.2564,1.25613,2620000,1500000
2017-08-04 12:29:45.178000,1.25651,1.25633,1750000,1370000
2017-08-04 12:29:45.280000,1.25652,1.25621,1000000,1370000
2017-08-04 12:29:45.332000,1.25649,1.25621,1000000,1000000
2017-08-04 12:29:45.383000,1.25651,1.25613,1000000,1000000
2017-08-04 12:29:45.435000,1.2566,1.2561,2250000,1000000
2017-08-04 12:29:45.554000,1.2566,1.2561,1500000,1000000
2017-08-04 12:29:45.707000,1.2566,1.25608,1690000,1000000
2017-08-04 12:29:45.810000,1.25672,1.2561,1000000,1000000
2017-08-04 12:29:45.862000,1.25673,1.25613,750000,1000000
2017-08-04 12:29:45.914000,1.25713,1.25613,1000000,1000000
2017-08-04 12:29:45.966000,1.25713,1.25617,1000000,1000000
2017-08-04 12:29:46.271000,1.25713,1.25625,1000000,1000000
2017-08-04 12:29:46.619000,1.25711,1.25623,1000000,1000000
2017-08-04 12:29:46.925000,1.2571,1.25626,1000000,1000000
2017-08-04 12:29:46.977000,1.2571,1.25624,1000000,1000000
2017-08-04 12:29:47.811000,1.2571,1.25625,1000000,1000000
2017-08-04 12:29:47.864000,1.2571,1.25632,1250000,1000000
2017-08-04 12:29:47.967000,1.25711,1.25628,1190000,1190000
2017-08-04 12:29:48.275000,1.25703,1.25634,1250000,1000000
2017-08-04 12:29:48.515000,1.25703,1.25629,1250000,3940000
2017-08-04 12:29:48.567000,1.25703,1.25627,1190000,1000000
2017-08-04 12:29:48.618000,1.25705,1.25648,1190000,1000000
2017-08-04 12:29:48.721000,1.25705,1.25644,1000000,1690000
2017-08-04 12:29:48.772000,1.25695,1.25651,1190000,1000000
2017-08-04 12:29:48.876000,1.25696,1.25649,1690000,1000000
2017-08-04 12:29:48.978000,1.25696,1.25655,1190000,1000000
2017-08-04 12:29:49.226000,1.25698,1.25654,1500000,1000000
2017-08-04 12:29:49.278000,1.25711,1.25642,1190000,1000000
2017-08-04 12:29:49.380000,1.25711,1.25637,1190000,1190000
2017-08-04 12:29:49.431000,1.25712,1.25641,1690000,1000000
2017-08-04 12:29:49.738000,1.25713,1.25643,1000000,1690000
2017-08-04 12:29:49.942000,1.25723,1.25646,1870000,1000000
2017-08-04 12:29:49.994000,1.25723,1.25647,2250000,1000000
2017-08-04 12:29:50.188000,1.25729,1.2565,1370000,1000000
2017-08-04 12:29:50.748000,1.25729,1.25655,1000000,1000000
2017-08-04 12:29:50.980000,1.25729,1.25653,1000000,3000000
2017-08-04 12:29:51.301000,1.25728,1.25656,1000000,1190000
2017-08-04 12:29:51.353000,1.25728,1.25649,1000000,1500000
2017-08-04 12:29:51.506000,1.25729,1.25642,1000000,1000000
2017-08-04 12:29:51.558000,1.25729,1.25644,1000000,1000000
2017-08-04 12:29:51.883000,1.25729,1.25648,1250000,1190000
2017-08-04 12:29:52.410000,1.25728,1.25649,1000000,1250000
2017-08-04 12:29:52.785000,1.25729,1.25653,1250000,1190000
2017-08-04 12:29:53.346000,1.25729,1.25651,1000000,2250000
2017-08-04 12:29:53.499000,1.25728,1.25653,1000000,1690000
2017-08-04 12:29:53.835000,1.25729,1.25659,1250000,1190000
2017-08-04 12:29:54.347000,1.25728,1.25659,1000000,1190000
2017-08-04 12:29:54.865000,1.25728,1.25659,1000000,1000000
2017-08-04 12:29:54.917000,1.25729,1.25656,1000000,2250000
2017-08-04 12:29:55.020000,1.25728,1.25659,1000000,1190000
2017-08-04 12:29:55.486000,1.2572,1.25659,1000000,1190000
2017-08-04 12:29:55.793000,1.25721,1.25667,1000000,1190000
2017-08-04 12:29:56.302000,1.2572,1.25664,1000000,1690000
2017-08-04 12:29:56.609000,1.25712,1.25665,1000000,1690000
2017-08-04 12:29:56.968000,1.25712,1.25662,1000000,1000000
2017-08-04 12:29:57.020000,1.25713,1.2566,1000000,1000000
2017-08-04 12:29:57.071000,1.25712,1.25624,1000000,1000000
2017-08-04 12:29:57.205000,1.25713,1.25618,1000000,1000000
2017-08-04 12:29:57.307000,1.25713,1.25621,1250000,1000000
2017-08-04 12:29:57.613000,1.25712,1.25623,1000000,1000000
2017-08-04 12:29:57.664000,1.25713,1.25621,1000000,1000000
2017-08-04 12:29:58.156000,1.25713,1.25619,1000000,1000000
2017-08-04 12:29:58.207000,1.25713,1.25621,1000000,1000000
2017-08-04 12:29:58.768000,1.25713,1.2562,1000000,1250000
2017-08-04 12:29:59.252000,1.25716,1.25619,1000000,1190000
2017-08-04 12:29:59.303000,1.25712,1.2562,1000000,1000000
2017-08-04 12:29:59.558000,1.25713,1.25617,1000000,1000000
2017-08-04 12:30:00.226000,1.25713,1.25618,1000000,1000000
2017-08-04 12:30:00.584000,1.25713,1.2562,1000000,1000000
2017-08-04 12:30:00.789000,1.25711,1.2559,1000000,1000000
2017-08-04 12:30:00.938000,1.25711,1.25576,1500000,1370000
2017-08-04 12:30:01.042000,1.25679,1.25582,1000000,1370000
2017-08-04 12:30:01.353000,1.25711,1.25633,1000000,1500000
2017-08-04 12:30:01.687000,1.25677,1.25632,1000000,1000000
2017-08-04 12:30:01.794000,1.25683,1.25633,1870000,1000000
2017-08-04 12:30:01.845000,1.25658,1.25632,1500000,1000000
2017-08-04 12:30:01.897000,1.25658,1.25621,1500000,1990000
2017-08-04 12:30:02.061000,1.2568,1.25635,1500000,370000
2017-08-04 12:30:02.113000,1.25688,1.25634,1000000,370000
2017-08-04 12:30:02.165000,1.25688,1.25613,750000,1000000
2017-08-04 12:30:02.230000,1.2572,1.25611,1370000,1000000
2017-08-04 12:30:02.286000,1.2573,1.25679,1500000,1500000
2017-08-04 12:30:02.388000,1.25724,1.25632,1500000,1000000
2017-08-04 12:30:02.608000,1.25725,1.25628,1000000,1000000
2017-08-04 12:30:02.662000,1.25697,1.25634,370000,1000000
2017-08-04 12:30:02.821000,1.25704,1.25603,1370000,1500000
2017-08-04 12:30:02.873000,1.25692,1.25603,1000000,1500000
2017-08-04 12:30:03.229000,1.25724,1.25671,1000000,370000
2017-08-04 12:30:03.291000,1.2575,1.25635,1000000,1120000
2017-08-04 12:30:03.343000,1.25724,1.2567,750000,1370000
2017-08-04 12:30:03.510000,1.2578,1.25713,1500000,840000
2017-08-04 12:30:03.567000,1.25747,1.25701,750000,1090000
2017-08-04 12:30:03.620000,1.25769,1.2571,1000000,840000
2017-08-04 12:30:03.674000,1.25769,1.2571,1000000,1000000
2017-08-04 12:30:03.726000,1.25771,1.25712,1500000,1000000
2017-08-04 12:30:04.032000,1.25757,1.25716,1000000,1000000
2017-08-04 12:30:04.163000,1.25763,1.25715,1000000,1000000
2017-08-04 12:30:04.365000,1.25763,1.2571,1190000,1000000
2017-08-04 12:30:04.417000,1.25759,1.25716,1000000,1500000
2017-08-04 12:30:04.471000,1.25777,1.25718,1500000,1500000
2017-08-04 12:30:04.523000,1.25779,1.2572,1500000,1500000
2017-08-04 12:30:04.859000,1.2577,1.25727,750000,2250000
2017-08-04 12:30:04.911000,1.25782,1.25728,1120000,1000000
2017-08-04 12:30:05.060000,1.25783,1.25724,1120000,1500000
2017-08-04 12:30:05.114000,1.25771,1.25729,1000000,750000
2017-08-04 12:30:05.198000,1.25775,1.25729,1000000,750000
2017-08-04 12:30:05.346000,1.25758,1.25721,750000,1000000
2017-08-04 12:30:05.658000,1.25767,1.25724,3000000,750000
2017-08-04 12:30:05.885000,1.25765,1.25724,1000000,750000
2017-08-04 12:30:06.071000,1.25764,1.25716,1370000,750000
2017-08-04 12:30:06.222000,1.25752,1.25698,1000000,1000000
2017-08-04 12:30:06.274000,1.25753,1.25707,1000000,1000000
2017-08-04 12:30:06.608000,1.25678,1.25659,1000000,17250000
2017-08-04 12:30:06.660000,1.25692,1.25656,1500000,1000000
2017-08-04 12:30:06.714000,1.25692,1.25648,1500000,1500000
2017-08-04 12:30:06.766000,1.25672,1.25646,1500000,1000000
2017-08-04 12:30:07.096000,1.25698,1.25653,1000000,1000000
2017-08-04 12:30:07.199000,1.25707,1.25652,1500000,1000000
2017-08-04 12:30:07.373000,1.25701,1.25658,2250000,1500000
2017-08-04 12:30:07.691000,1.25744,1.2571,1370000,1000000
2017-08-04 12:30:07.743000,1.25753,1.25714,1000000,2550000
2017-08-04 12:30:07.798000,1.25769,1.25732,1870000,1000000
2017-08-04 12:30:07.854000,1.25774,1.25731,3750000,1500000
2017-08-04 12:30:07.908000,1.25774,1.25736,3000000,1000000
2017-08-04 12:30:08.052000,1.25769,1.25729,1000000,1500000
2017-08-04 12:30:08.226000,1.25786,1.25738,1370000,1870000
2017-08-04 12:30:08.279000,1.25788,1.25752,1000000,1000000
2017-08-04 12:30:08.471000,1.25787,1.25749,1000000,1000000
2017-08-04 12:30:08.666000,1.25792,1.25743,1870000,1000000
2017-08-04 12:30:08.717000,1.258,1.25771,1370000,2250000
2017-08-04 12:30:08.769000,1.25804,1.25771,1000000,2250000
2017-08-04 12:30:08.820000,1.25795,1.25775,1500000,1750000
2017-08-04 12:30:08.873000,1.25804,1.25775,1000000,1750000
2017-08-04 12:30:09.053000,1.25811,1.25773,1000000,1800000
2017-08-04 12:30:09.155000,1.25804,1.25774,1000000,1870000
2017-08-04 12:30:09.206000,1.25806,1.25775,1000000,1750000
2017-08-04 12:30:09.310000,1.25806,1.25798,1000000,1000000
2017-08-04 12:30:09.363000,1.25815,1.25798,1000000,1500000
2017-08-04 12:30:09.415000,1.25818,1.258,1370000,1370000
2017-08-04 12:30:09.541000,1.25819,1.25799,1000000,1370000
2017-08-04 12:30:09.605000,1.25804,1.25788,1250000,2060000
2017-08-04 12:30:09.656000,1.25815,1.25786,1940000,1370000
2017-08-04 12:30:09.708000,1.25811,1.25778,2620000,1370000
2017-08-04 12:30:09.811000,1.25816,1.25776,1000000,1750000
2017-08-04 12:30:09.863000,1.25823,1.25779,1120000,1870000
2017-08-04 12:30:09.914000,1.25823,1.25778,1000000,1120000
2017-08-04 12:30:10.209000,1.25827,1.25805,2250000,1870000
2017-08-04 12:30:10.312000,1.25832,1.25807,1870000,3370000
2017-08-04 12:30:10.364000,1.25832,1.25794,2250000,2250000
2017-08-04 12:30:10.568000,1.2583,1.25789,1120000,1000000
2017-08-04 12:30:10.841000,1.25822,1.25794,1000000,2250000
2017-08-04 12:30:10.943000,1.25832,1.25798,1000000,1000000
2017-08-04 12:30:11.046000,1.25818,1.25794,1370000,1000000
2017-08-04 12:30:11.097000,1.25818,1.25789,1500000,1000000
2017-08-04 12:30:11.150000,1.25818,1.25791,1500000,1000000
2017-08-04 12:30:11.203000,1.25829,1.25798,1500000,1690000
2017-08-04 12:30:11.487000,1.25817,1.258,1500000,1000000
2017-08-04 12:30:11.793000,1.25825,1.25796,1500000,1870000
2017-08-04 12:30:11.844000,1.25825,1.25798,1500000,1870000
2017-08-04 12:30:11.896000,1.25825,1.25795,1500000,1000000
2017-08-04 12:30:11.947000,1.25827,1.25795,1000000,1500000
2017-08-04 12:30:11.999000,1.25827,1.25796,1000000,2250000
2017-08-04 12:30:12.315000,1.25824,1.258,1000000,1000000
2017-08-04 12:30:12.520000,1.25827,1.25801,1000000,1000000
2017-08-04 12:30:13.012000,1.25827,1.25803,1000000,1000000
2017-08-04 12:30:13.165000,1.25829,1.25801,1000000,1250000
2017-08-04 12:30:13.217000,1.2583,1.25807,1370000,1000000
2017-08-04 12:30:13.509000,1.2585,1.25808,1120000,1370000
2017-08-04 12:30:13.868000,1.25847,1.25808,1870000,1370000
2017-08-04 12:30:14.001000,1.25847,1.25808,1870000,1000000
2017-08-04 12:30:14.055000,1.25851,1.25808,1870000,1370000
2017-08-04 12:30:14.107000,1.2585,1.25815,1370000,1000000
2017-08-04 12:30:14.415000,1.25857,1.25822,1370000,1000000
2017-08-04 12:30:14.710000,1.25858,1.25822,1370000,1000000
2017-08-04 12:30:14.761000,1.25859,1.25822,1500000,1000000
2017-08-04 12:30:14.870000,1.25864,1.25822,3000000,1000000
2017-08-04 12:30:14.924000,1.25848,1.25823,1000000,1000000
2017-08-04 12:30:14.976000,1.25848,1.25819,1000000,1000000
2017-08-04 12:30:15.180000,1.25855,1.25819,1120000,1000000
2017-08-04 12:30:15.231000,1.25855,1.25825,1000000,1000000
2017-08-04 12:30:15.334000,1.2586,1.25829,1000000,1000000
2017-08-04 12:30:15.385000,1.2586,1.25827,1000000,1000000
2017-08-04 12:30:15.693000,1.2585,1.25828,1000000,1500000
2017-08-04 12:30:15.901000,1.25837,1.25811,1310000,1000000
2017-08-04 12:30:15.953000,1.25833,1.25812,1000000,1000000
2017-08-04 12:30:16.027000,1.25835,1.25802,1370000,1500000
2017-08-04 12:30:16.079000,1.25837,1.25802,1370000,1370000
2017-08-04 12:30:16.132000,1.25843,1.25814,1000000,1000000
2017-08-04 12:30:16.186000,1.25845,1.25817,1000000,1190000
2017-08-04 12:30:16.239000,1.2585,1.2582,1000000,2060000
2017-08-04 12:30:16.364000,1.2585,1.25831,1000000,1000000
2017-08-04 12:30:16.417000,1.25862,1.2583,1870000,1000000
2017-08-04 12:30:16.570000,1.2586,1.2583,1120000,1000000
2017-08-04 12:30:16.621000,1.25854,1.25825,1000000,1000000
2017-08-04 12:30:16.675000,1.2586,1.25825,1870000,1000000
2017-08-04 12:30:16.727000,1.2586,1.25831,1120000,1000000
2017-08-04 12:30:17.249000,1.25856,1.25831,1120000,1000000
2017-08-04 12:30:17.781000,1.25855,1.25826,1000000,1000000
2017-08-04 12:30:18.012000,1.25853,1.25826,1000000,1000000
2017-08-04 12:30:18.322000,1.25841,1.25816,1000000,1000000
2017-08-04 12:30:18.634000,1.25844,1.25816,3000000,1000000
2017-08-04 12:30:18.789000,1.25842,1.25816,1000000,1000000
2017-08-04 12:30:18.893000,1.25837,1.25809,1000000,1500000
2017-08-04 12:30:19.405000,1.25842,1.25809,3370000,1100000
2017-08-04 12:30:19.559000,1.25838,1.25808,1000000,1600000
2017-08-04 12:30:19.751000,1.25825,1.25796,1000000,1000000
2017-08-04 12:30:19.802000,1.25825,1.25803,1000000,1000000
2017-08-04 12:30:19.853000,1.25825,1.25796,1000000,1000000
2017-08-04 12:30:20.161000,1.25825,1.25797,1000000,1370000
2017-08-04 12:30:20.305000,1.25829,1.25799,3750000,1000000
2017-08-04 12:30:20.370000,1.25824,1.258,1000000,1000000
2017-08-04 12:30:20.422000,1.25826,1.25799,1120000,1000000
2017-08-04 12:30:20.473000,1.25821,1.258,1000000,1000000
2017-08-04 12:30:20.577000,1.25817,1.25795,1120000,1000000
2017-08-04 12:30:20.628000,1.25813,1.25795,1500000,1000000
2017-08-04 12:30:20.681000,1.25813,1.25791,2250000,2250000
2017-08-04 12:30:20.734000,1.25812,1.25793,1000000,1000000
2017-08-04 12:30:21.052000,1.25782,1.25773,1500000,1000000
2017-08-04 12:30:21.205000,1.25782,1.25766,2440000,1500000
2017-08-04 12:30:21.256000,1.25777,1.25766,1500000,1500000
2017-08-04 12:30:21.447000,1.2578,1.25764,1000000,1000000
2017-08-04 12:30:21.498000,1.25765,1.25761,1000000,1000000
2017-08-04 12:30:21.550000,1.25765,1.25749,1000000,2620000
2017-08-04 12:30:21.603000,1.25764,1.25749,1000000,3750000
2017-08-04 12:30:21.656000,1.25769,1.25748,1000000,1870000
2017-08-04 12:30:21.760000,1.25774,1.25753,1000000,1000000
2017-08-04 12:30:21.812000,1.25776,1.25753,1500000,1000000
2017-08-04 12:30:21.952000,1.25771,1.25762,1500000,1000000
2017-08-04 12:30:22.054000,1.25779,1.25763,1000000,1000000
2017-08-04 12:30:22.106000,1.25783,1.25772,1000000,1000000
2017-08-04 12:30:22.157000,1.25791,1.25772,1120000,1000000
2017-08-04 12:30:22.209000,1.25794,1.2577,2250000,1000000
2017-08-04 12:30:22.261000,1.25785,1.25766,1370000,1000000
2017-08-04 12:30:22.313000,1.25788,1.25766,1370000,1000000
2017-08-04 12:30:22.650000,1.2579,1.25769,3370000,1000000
2017-08-04 12:30:22.702000,1.2579,1.25767,4120000,1000000
2017-08-04 12:30:22.963000,1.25785,1.25765,1120000,1000000
2017-08-04 12:30:23.015000,1.25785,1.25761,1370000,1000000
2017-08-04 12:30:23.128000,1.25768,1.25759,1000000,1000000
2017-08-04 12:30:23.179000,1.2576,1.25749,1000000,1000000
2017-08-04 12:30:23.335000,1.2576,1.25746,1000000,1000000
2017-08-04 12:30:23.488000,1.2576,1.25753,2250000,1000000
2017-08-04 12:30:23.540000,1.25757,1.25746,2250000,1000000
2017-08-04 12:30:23.596000,1.25757,1.25741,1500000,1000000
2017-08-04 12:30:23.724000,1.2576,1.25741,1000000,1000000
2017-08-04 12:30:23.776000,1.2575,1.25733,2250000,1000000
2017-08-04 12:30:23.985000,1.25766,1.25743,1690000,1000000
2017-08-04 12:30:24.090000,1.25759,1.25742,1000000,1000000
2017-08-04 12:30:24.320000,1.25758,1.25733,1000000,1000000
2017-08-04 12:30:24.534000,1.25756,1.25731,3750000,1000000
2017-08-04 12:30:24.906000,1.25755,1.2573,1450000,1000000
2017-08-04 12:30:25.557000,1.25752,1.25728,1000000,1000000
2017-08-04 12:30:25.865000,1.25738,1.25723,2250000,1500000
2017-08-04 12:30:26.174000,1.25728,1.25716,2620000,1000000
2017-08-04 12:30:26.226000,1.25732,1.25711,4120000,1000000
2017-08-04 12:30:26.278000,1.2573,1.25699,1120000,1120000
2017-08-04 12:30:26.518000,1.25715,1.25697,1500000,1120000
2017-08-04 12:30:26.839000,1.25711,1.2569,1000000,1200000
2017-08-04 12:30:26.893000,1.25706,1.25689,1000000,1500000
2017-08-04 12:30:27.106000,1.25704,1.25684,1500000,1500000
2017-08-04 12:30:27.326000,1.25704,1.25684,1690000,1000000
2017-08-04 12:30:27.605000,1.25698,1.25679,1000000,1250000
2017-08-04 12:30:27.657000,1.25701,1.25678,2620000,1190000
2017-08-04 12:30:27.815000,1.25702,1.25684,3370000,1000000
2017-08-04 12:30:28.225000,1.25704,1.25693,1750000,1000000
2017-08-04 12:30:28.431000,1.25704,1.25694,1000000,1000000
2017-08-04 12:30:28.533000,1.25706,1.25694,1000000,1000000
2017-08-04 12:30:28.798000,1.25691,1.25683,1000000,1500000
2017-08-04 12:30:28.850000,1.25689,1.25678,1000000,1870000
2017-08-04 12:30:28.905000,1.25687,1.25678,1000000,1500000
2017-08-04 12:30:29.009000,1.25692,1.25681,2250000,1000000
2017-08-04 12:30:29.061000,1.257,1.25681,1750000,1000000
2017-08-04 12:30:29.208000,1.25694,1.25679,1000000,1000000
2017-08-04 12:30:29.311000,1.25693,1.25683,1000000,1000000
2017-08-04 12:30:29.566000,1.25693,1.25674,1000000,1000000
2017-08-04 12:30:30.176000,1.25694,1.25668,1500000,1000000
2017-08-04 12:30:30.459000,1.25693,1.25664,1500000,1120000
2017-08-04 12:30:30.561000,1.25693,1.25667,1750000,1000000
2017-08-04 12:30:30.665000,1.25684,1.25662,1000000,1500000
2017-08-04 12:30:30.769000,1.25691,1.2566,2250000,1000000
2017-08-04 12:30:31.074000,1.2569,1.25672,1000000,1190000
2017-08-04 12:30:31.177000,1.25696,1.25677,1000000,1000000
2017-08-04 12:30:31.484000,1.25698,1.25676,1000000,1000000
2017-08-04 12:30:31.739000,1.25697,1.25681,1000000,1000000
2017-08-04 12:30:31.990000,1.25703,1.25684,1500000,1000000
2017-08-04 12:30:32.041000,1.25697,1.25681,1000000,1000000
2017-08-04 12:30:32.185000,1.257,1.25682,1000000,1000000
2017-08-04 12:30:32.396000,1.25701,1.25686,1000000,1000000
2017-08-04 12:30:32.653000,1.25724,1.25704,7690000,1000000
2017-08-04 12:30:32.705000,1.2572,1.25704,1000000,1000000
2017-08-04 12:30:32.920000,1.25731,1.2571,2060000,1000000
2017-08-04 12:30:33.124000,1.25732,1.2571,3000000,1000000
2017-08-04 12:30:33.436000,1.25729,1.2571,1500000,1000000
2017-08-04 12:30:33.487000,1.25732,1.25711,1870000,1000000
2017-08-04 12:30:33.548000,1.25733,1.25716,2250000,1000000
2017-08-04 12:30:33.600000,1.25732,1.25711,2250000,1000000
2017-08-04 12:30:33.756000,1.2573,1.25715,1500000,1000000
2017-08-04 12:30:34.013000,1.25728,1.25711,1000000,1000000
2017-08-04 12:30:34.329000,1.25731,1.25711,3190000,1000000
2017-08-04 12:30:34.434000,1.25729,1.25715,1310000,1000000
2017-08-04 12:30:34.742000,1.25745,1.25731,1120000,1000000
2017-08-04 12:30:34.798000,1.25742,1.25731,1000000,1000000
2017-08-04 12:30:35.105000,1.2576,1.25753,1000000,1000000
2017-08-04 12:30:35.158000,1.25773,1.25753,2250000,1500000
2017-08-04 12:30:35.397000,1.25769,1.25758,1000000,1000000
2017-08-04 12:30:35.602000,1.25778,1.25758,1500000,1000000
2017-08-04 12:30:35.973000,1.25783,1.25761,1000000,1000000
2017-08-04 12:30:36.080000,1.25782,1.25761,1500000,1000000
2017-08-04 12:30:36.392000,1.25775,1.25761,1000000,1000000
2017-08-04 12:30:36.648000,1.25777,1.25762,1000000,1000000
2017-08-04 12:30:36.751000,1.25784,1.25765,1000000,1000000
2017-08-04 12:30:36.804000,1.25788,1.25768,1870000,1000000
2017-08-04 12:30:36.857000,1.25788,1.25772,1500000,1000000
2017-08-04 12:30:37.160000,1.25793,1.25781,1000000,1000000
2017-08-04 12:30:37.263000,1.25793,1.25778,1000000,1000000
2017-08-04 12:30:37.570000,1.25793,1.25781,1000000,1500000
2017-08-04 12:30:37.920000,1.25804,1.25783,2290000,1500000
2017-08-04 12:30:38.023000,1.25804,1.25783,2440000,1500000
2017-08-04 12:30:38.074000,1.258,1.25783,1000000,1120000
2017-08-04 12:30:38.127000,1.25804,1.25783,2250000,1120000
2017-08-04 12:30:38.706000,1.25803,1.25783,1000000,1120000
2017-08-04 12:30:39.162000,1.25804,1.25794,3370000,1000000
2017-08-04 12:30:39.265000,1.25818,1.258,1870000,1250000
2017-08-04 12:30:39.368000,1.25816,1.25802,1000000,1000000
2017-08-04 12:30:39.420000,1.25824,1.25802,1500000,1000000
2017-08-04 12:30:39.471000,1.25816,1.25801,1000000,1000000
2017-08-04 12:30:39.585000,1.25821,1.25801,1000000,1000000
2017-08-04 12:30:39.637000,1.25818,1.25804,1000000,1000000
2017-08-04 12:30:40.200000,1.25819,1.25804,1000000,1000000
2017-08-04 12:30:40.616000,1.25814,1.25804,1500000,1000000
2017-08-04 12:30:40.954000,1.25784,1.25773,1000000,1500000
2017-08-04 12:30:41.160000,1.25787,1.25774,1000000,1000000
2017-08-04 12:30:41.213000,1.25794,1.2579,1500000,1000000
2017-08-04 12:30:41.264000,1.25804,1.2579,2250000,1120000
2017-08-04 12:30:41.454000,1.25816,1.25797,1870000,1000000
2017-08-04 12:30:41.506000,1.25814,1.25797,1870000,1000000
2017-08-04 12:30:41.659000,1.25814,1.25791,4690000,1500000
2017-08-04 12:30:41.762000,1.25807,1.25795,1870000,1000000
2017-08-04 12:30:41.865000,1.2581,1.25796,2620000,1000000
2017-08-04 12:30:42.156000,1.25811,1.25794,1870000,1000000
2017-08-04 12:30:42.208000,1.25801,1.25786,1000000,1000000
2017-08-04 12:30:42.259000,1.25805,1.25786,2620000,1500000
2017-08-04 12:30:42.310000,1.25805,1.25794,2250000,1000000
2017-08-04 12:30:42.362000,1.25812,1.25798,1870000,1000000
2017-08-04 12:30:42.515000,1.25809,1.25797,1870000,1000000
2017-08-04 12:30:42.761000,1.25807,1.25792,1870000,1000000
2017-08-04 12:30:42.863000,1.25803,1.2579,1870000,1000000
2017-08-04 12:30:43.119000,1.25809,1.25791,2250000,1000000
2017-08-04 12:30:43.170000,1.25811,1.25794,1370000,1000000
2017-08-04 12:30:43.221000,1.25809,1.25792,1500000,1000000
2017-08-04 12:30:43.326000,1.25806,1.25792,1500000,1000000
2017-08-04 12:30:43.633000,1.2579,1.25771,1870000,1000000
2017-08-04 12:30:43.787000,1.25797,1.25782,1750000,1000000
2017-08-04 12:30:44.132000,1.25794,1.25777,1120000,1500000
2017-08-04 12:30:44.388000,1.25793,1.25777,1370000,1500000
2017-08-04 12:30:44.490000,1.25793,1.25781,1370000,1000000
2017-08-04 12:30:44.980000,1.25793,1.25781,1120000,1000000
2017-08-04 12:30:45.087000,1.25797,1.25787,1000000,1000000
2017-08-04 12:30:45.240000,1.25798,1.25787,1000000,1690000
2017-08-04 12:30:45.389000,1.25809,1.25795,1500000,1000000
2017-08-04 12:30:45.546000,1.2581,1.25795,1000000,1000000
2017-08-04 12:30:45.649000,1.25809,1.25797,1000000,1000000
2017-08-04 12:30:46.173000,1.25811,1.25797,1750000,1000000
2017-08-04 12:30:46.433000,1.25814,1.25799,1750000,1000000
2017-08-04 12:30:46.484000,1.25815,1.25799,1750000,1000000
2017-08-04 12:30:46.536000,1.25815,1.25802,1500000,1000000
2017-08-04 12:30:46.588000,1.25815,1.258,1120000,1000000
2017-08-04 12:30:46.782000,1.25815,1.258,1750000,1000000
2017-08-04 12:30:47.295000,1.25813,1.25801,1750000,1000000
2017-08-04 12:30:47.805000,1.2581,1.258,1500000,1000000
2017-08-04 12:30:48.154000,1.25809,1.25795,1870000,1000000
2017-08-04 12:30:48.411000,1.25806,1.25791,1750000,1000000
2017-08-04 12:30:48.513000,1.25804,1.25791,1120000,1000000
2017-08-04 12:30:48.616000,1.25803,1.2579,1750000,1500000
2017-08-04 12:30:49.033000,1.25805,1.25792,1870000,1000000
2017-08-04 12:30:49.089000,1.25805,1.25793,1000000,1000000
2017-08-04 12:30:49.199000,1.25803,1.25789,1120000,1000000
2017-08-04 12:30:49.251000,1.25804,1.25789,1000000,1500000
2017-08-04 12:30:49.393000,1.25807,1.25792,1120000,1000000
2017-08-04 12:30:49.702000,1.25804,1.25792,1000000,1000000
2017-08-04 12:30:50.103000,1.25808,1.25794,1000000,1000000
2017-08-04 12:30:50.154000,1.25806,1.25792,1000000,1750000
2017-08-04 12:30:50.205000,1.2581,1.25794,3560000,1000000
2017-08-04 12:30:50.308000,1.25811,1.25797,1000000,1000000
2017-08-04 12:30:50.410000,1.25818,1.25797,1750000,1120000
2017-08-04 12:30:50.462000,1.25823,1.2582,1870000,1500000
2017-08-04 12:30:50.514000,1.25834,1.2583,1000000,1000000
2017-08-04 12:30:50.566000,1.25845,1.25835,1000000,1750000
2017-08-04 12:30:50.666000,1.25843,1.25835,1870000,1500000
2017-08-04 12:30:50.719000,1.25861,1.25845,2060000,1120000
2017-08-04 12:30:50.977000,1.25865,1.2585,1370000,1500000
2017-08-04 12:30:51.079000,1.25865,1.25853,1000000,1000000
2017-08-04 12:30:51.338000,1.25867,1.25853,1120000,1120000
2017-08-04 12:30:51.390000,1.25864,1.25852,1500000,1500000
2017-08-04 12:30:51.496000,1.25866,1.25851,1500000,1500000
2017-08-04 12:30:52.106000,1.25866,1.25855,1000000,1000000
2017-08-04 12:30:52.158000,1.25866,1.2585,1000000,3750000
2017-08-04 12:30:52.210000,1.25866,1.2585,1000000,2250000
2017-08-04 12:30:52.365000,1.25868,1.25856,1000000,1000000
2017-08-04 12:30:52.418000,1.25866,1.25856,1000000,1000000
2017-08-04 12:30:52.780000,1.25865,1.25854,1000000,1120000
2017-08-04 12:30:52.832000,1.25863,1.25854,1000000,1500000
2017-08-04 12:30:52.884000,1.25865,1.25854,1000000,1500000
2017-08-04 12:30:52.988000,1.25867,1.25854,1000000,1500000
2017-08-04 12:30:53.040000,1.25865,1.25854,1000000,1500000
2017-08-04 12:30:53.194000,1.25867,1.25854,1000000,1500000
2017-08-04 12:30:53.347000,1.25868,1.25864,1000000,1000000
2017-08-04 12:30:53.444000,1.25871,1.25863,1000000,1000000
2017-08-04 12:30:53.503000,1.25868,1.25857,1000000,1000000
2017-08-04 12:30:53.709000,1.2587,1.25854,3370000,1500000
2017-08-04 12:30:53.812000,1.2587,1.25854,1000000,1000000
2017-08-04 12:30:53.965000,1.25868,1.25854,1000000,1000000
2017-08-04 12:30:54.437000,1.2587,1.25857,1500000,2250000
2017-08-04 12:30:54.539000,1.25873,1.25858,1000000,1000000
2017-08-04 12:30:54.643000,1.25875,1.25859,1000000,1500000
2017-08-04 12:30:54.695000,1.25877,1.25859,1120000,1500000
2017-08-04 12:30:54.876000,1.25874,1.2586,1000000,1050000
2017-08-04 12:30:55.183000,1.25872,1.25857,2320000,1420000
2017-08-04 12:30:55.234000,1.25872,1.25857,1870000,1670000
2017-08-04 12:30:55.285000,1.25876,1.25864,1450000,1500000
2017-08-04 12:30:55.513000,1.25884,1.2587,1000000,1670000
2017-08-04 12:30:55.564000,1.25885,1.25871,1650000,1000000
2017-08-04 12:30:55.617000,1.25885,1.25873,1000000,1000000
2017-08-04 12:30:55.675000,1.25889,1.2587,1370000,2920000
2017-08-04 12:30:55.727000,1.25889,1.2587,1500000,3000000
2017-08-04 12:30:55.778000,1.25882,1.2587,1000000,2250000
2017-08-04 12:30:55.830000,1.25882,1.25865,2700000,2250000
2017-08-04 12:30:55.984000,1.25877,1.25865,1000000,1750000
2017-08-04 12:30:56.131000,1.25879,1.25863,1000000,3000000
2017-08-04 12:30:56.336000,1.25884,1.25867,1870000,2250000
2017-08-04 12:30:56.743000,1.25885,1.25866,1120000,1500000
2017-08-04 12:30:56.794000,1.25885,1.2587,1000000,1000000
2017-08-04 12:30:57.054000,1.25889,1.25873,1500000,1500000
2017-08-04 12:30:57.107000,1.25887,1.25873,1500000,1500000
2017-08-04 12:30:57.160000,1.25889,1.25873,1500000,2250000
2017-08-04 12:30:57.265000,1.25891,1.25873,1000000,1500000
2017-08-04 12:30:57.736000,1.25888,1.25871,2620000,1000000
2017-08-04 12:30:57.788000,1.25884,1.25867,1120000,3560000
2017-08-04 12:30:57.839000,1.25883,1.25866,1450000,1870000
2017-08-04 12:30:57.942000,1.25884,1.25863,3600000,3000000
2017-08-04 12:30:58.304000,1.25884,1.25867,1450000,1120000
2017-08-04 12:30:58.407000,1.25893,1.25877,1500000,1500000
2017-08-04 12:30:58.459000,1.25893,1.25877,1000000,3000000
2017-08-04 12:30:58.511000,1.25895,1.25881,1000000,1120000
2017-08-04 12:30:58.850000,1.25898,1.25885,3000000,1000000
2017-08-04 12:30:58.902000,1.25897,1.25883,1500000,1000000
2017-08-04 12:30:58.954000,1.25895,1.25882,1500000,1000000
2017-08-04 12:30:59.006000,1.25897,1.25882,1500000,1000000
2017-08-04 12:30:59.497000,1.25897,1.25884,1000000,1000000
2017-08-04 12:30:59.958000,1.25898,1.25893,1000000,1000000
2017-08-04 12:31:00.060000,1.25909,1.25899,1870000,1500000
2017-08-04 12:31:00.172000,1.25909,1.25899,1500000,1750000
2017-08-04 12:31:00.224000,1.25916,1.259,1750000,1120000
2017-08-04 12:31:00.327000,1.25917,1.25901,1080000,1000000
2017-08-04 12:31:00.379000,1.25918,1.25905,1060000,1000000
2017-08-04 12:31:00.774000,1.25929,1.25918,1000000,1750000
2017-08-04 12:31:00.825000,1.25936,1.25917,1000000,1750000
2017-08-04 12:31:00.877000,1.25934,1.25918,1500000,1750000
2017-08-04 12:31:00.928000,1.25936,1.2592,1500000,1750000
2017-08-04 12:31:01.032000,1.25932,1.2592,1000000,1750000
2017-08-04 12:31:01.442000,1.25937,1.2592,1420000,1750000
2017-08-04 12:31:01.545000,1.25939,1.25922,1420000,1750000
2017-08-04 12:31:01.853000,1.25959,1.25946,1370000,2240000
2017-08-04 12:31:01.905000,1.25959,1.25947,1000000,2240000
2017-08-04 12:31:02.062000,1.25968,1.25958,1420000,1000000
2017-08-04 12:31:02.268000,1.25985,1.25971,1370000,1860000
2017-08-04 12:31:02.319000,1.25981,1.25975,1000000,1500000
2017-08-04 12:31:02.570000,1.25987,1.2598,1000000,1480000
2017-08-04 12:31:02.624000,1.25987,1.25978,1000000,1860000
2017-08-04 12:31:02.675000,1.25988,1.25982,1000000,2230000
2017-08-04 12:31:02.937000,1.26007,1.25999,1000000,1750000
2017-08-04 12:31:02.990000,1.26012,1.26006,1000000,2180000
2017-08-04 12:31:03.374000,1.26016,1.26009,1870000,2250000
2017-08-04 12:31:03.476000,1.26027,1.2601,1950000,1750000
2017-08-04 12:31:03.766000,1.26022,1.26011,1250000,1500000
2017-08-04 12:31:03.868000,1.26022,1.26004,2550000,2940000
2017-08-04 12:31:03.920000,1.26022,1.26004,1370000,1750000
2017-08-04 12:31:04.023000,1.26027,1.26013,1370000,2940000
2017-08-04 12:31:04.076000,1.26027,1.26013,1000000,1500000
2017-08-04 12:31:04.396000,1.26029,1.26013,1000000,1750000
2017-08-04 12:31:04.652000,1.26031,1.26017,1000000,1000000
2017-08-04 12:31:04.908000,1.2603,1.26014,1000000,1500000
2017-08-04 12:31:04.959000,1.26027,1.26014,1500000,1120000
2017-08-04 12:31:05.293000,1.2602,1.26009,1000000,1000000
2017-08-04 12:31:05.447000,1.26024,1.26011,2700000,1000000
2017-08-04 12:31:05.499000,1.26028,1.26012,1750000,1440000
2017-08-04 12:31:05.551000,1.26028,1.26014,1000000,1000000
2017-08-04 12:31:06.047000,1.26028,1.26012,1120000,1000000
2017-08-04 12:31:06.502000,1.26029,1.26022,1500000,1370000
2017-08-04 12:31:06.611000,1.26039,1.26026,1000000,1440000
2017-08-04 12:31:06.663000,1.26033,1.26024,1500000,1000000
2017-08-04 12:31:06.983000,1.26018,1.26008,1120000,1120000
2017-08-04 12:31:07.034000,1.26034,1.26023,1870000,1440000
2017-08-04 12:31:07.086000,1.26042,1.26025,1870000,1440000
2017-08-04 12:31:07.189000,1.26041,1.26022,1000000,2190000
2017-08-04 12:31:07.240000,1.26041,1.26023,2250000,2190000
2017-08-04 12:31:07.547000,1.26041,1.26031,1500000,1000000
2017-08-04 12:31:07.651000,1.26043,1.26031,1000000,1000000
2017-08-04 12:31:07.703000,1.26042,1.26037,1500000,1000000
2017-08-04 12:31:07.960000,1.26048,1.26039,1500000,1000000
2017-08-04 12:31:08.115000,1.26035,1.2603,1000000,1000000
2017-08-04 12:31:08.167000,1.26035,1.26027,3750000,2180000
2017-08-04 12:31:08.220000,1.26033,1.26022,1950000,1000000
2017-08-04 12:31:08.465000,1.26032,1.26019,1200000,1000000
2017-08-04 12:31:08.823000,1.26035,1.26023,2700000,1000000
2017-08-04 12:31:08.874000,1.26035,1.2602,2250000,1000000
2017-08-04 12:31:08.927000,1.26035,1.26023,1000000,1000000
2017-08-04 12:31:09.273000,1.2605,1.26035,1000000,1000000
2017-08-04 12:31:09.324000,1.2605,1.26037,1500000,1000000
2017-08-04 12:31:09.477000,1.26053,1.26039,1500000,1000000
2017-08-04 12:31:09.630000,1.26056,1.26044,1000000,1000000
2017-08-04 12:31:09.877000,1.26072,1.26058,2620000,1000000
2017-08-04 12:31:10.237000,1.26068,1.26058,1500000,1000000
2017-08-04 12:31:10.340000,1.26065,1.26053,1500000,1000000
2017-08-04 12:31:10.851000,1.26067,1.26054,1870000,1000000
2017-08-04 12:31:11.001000,1.26065,1.26054,1500000,1000000
2017-08-04 12:31:11.206000,1.26068,1.26054,1500000,1000000
2017-08-04 12:31:11.258000,1.26068,1.26058,1000000,1000000
2017-08-04 12:31:11.309000,1.26072,1.26058,1500000,1000000
2017-08-04 12:31:11.360000,1.26072,1.26058,1750000,1000000
2017-08-04 12:31:11.412000,1.2607,1.26054,1870000,1000000
2017-08-04 12:31:11.464000,1.26068,1.26051,1750000,1820000
2017-08-04 12:31:11.789000,1.26068,1.26055,1500000,1000000
2017-08-04 12:31:12.200000,1.26062,1.26054,1500000,1000000
2017-08-04 12:31:12.303000,1.26066,1.26054,1500000,1000000
2017-08-04 12:31:12.354000,1.26066,1.26056,1500000,1000000
2017-08-04 12:31:12.739000,1.26064,1.26055,1500000,1000000
2017-08-04 12:31:12.791000,1.26066,1.26055,1500000,1000000
2017-08-04 12:31:12.894000,1.26064,1.26055,1500000,1000000
2017-08-04 12:31:12.998000,1.26066,1.26055,1500000,1000000
2017-08-04 12:31:13.300000,1.26055,1.26049,1000000,1500000
2017-08-04 12:31:13.352000,1.2606,1.2605,1500000,1000000
2017-08-04 12:31:13.403000,1.26062,1.2605,1500000,1000000
2017-08-04 12:31:13.939000,1.26057,1.26048,1000000,1000000
2017-08-04 12:31:14.041000,1.26053,1.26042,1400000,1000000
2017-08-04 12:31:14.296000,1.26055,1.26042,1400000,1000000
2017-08-04 12:31:14.347000,1.26054,1.26044,1400000,1000000
2017-08-04 12:31:14.449000,1.26057,1.26042,2150000,1500000
2017-08-04 12:31:14.647000,1.26058,1.26047,1000000,1500000
2017-08-04 12:31:14.956000,1.26067,1.26057,2250000,1000000
2017-08-04 12:31:15.307000,1.26063,1.26053,1400000,1120000
2017-08-04 12:31:15.359000,1.26064,1.26051,2150000,1000000
2017-08-04 12:31:15.411000,1.2606,1.26051,1400000,1000000
2017-08-04 12:31:15.565000,1.26057,1.26046,1000000,1000000
2017-08-04 12:31:15.618000,1.26058,1.26044,1000000,1000000
2017-08-04 12:31:15.669000,1.2606,1.26049,1000000,1000000
2017-08-04 12:31:15.997000,1.26065,1.26056,1400000,1000000
2017-08-04 12:31:16.151000,1.26068,1.26057,1400000,1000000
2017-08-04 12:31:16.358000,1.2607,1.26058,2150000,1000000
2017-08-04 12:31:16.461000,1.2606,1.26056,1000000,1000000
2017-08-04 12:31:16.513000,1.26062,1.26048,1500000,1500000
2017-08-04 12:31:16.565000,1.26058,1.26048,1400000,1000000
2017-08-04 12:31:16.617000,1.2606,1.26048,1400000,1500000
2017-08-04 12:31:17.139000,1.26061,1.26048,2150000,1500000
2017-08-04 12:31:17.500000,1.26058,1.26049,1400000,1000000
2017-08-04 12:31:17.897000,1.2606,1.2605,1000000,1000000
2017-08-04 12:31:18,1.26062,1.2605,2900000,1000000
2017-08-04 12:31:18.521000,1.26061,1.2605,1400000,1000000
2017-08-04 12:31:19.024000,1.26061,1.26049,1000000,1120000
2017-08-04 12:31:19.630000,1.2606,1.26049,1000000,1120000
2017-08-04 12:31:20.141000,1.26059,1.26048,1000000,1000000
2017-08-04 12:31:20.193000,1.26062,1.26056,1000000,1000000
2017-08-04 12:31:20.402000,1.26062,1.26049,1000000,1750000
2017-08-04 12:31:20.508000,1.26066,1.26052,2250000,1500000
2017-08-04 12:31:20.610000,1.26063,1.26054,1000000,1000000
2017-08-04 12:31:20.662000,1.26063,1.26052,1000000,1000000
2017-08-04 12:31:20.766000,1.26061,1.26047,2150000,1390000
2017-08-04 12:31:21.169000,1.2606,1.26046,1000000,2510000
2017-08-04 12:31:21.708000,1.26059,1.26045,1400000,1750000
2017-08-04 12:31:21.761000,1.26061,1.26047,1500000,1750000
2017-08-04 12:31:22.017000,1.26059,1.26044,2250000,2250000
2017-08-04 12:31:22.172000,1.26057,1.26042,1000000,2250000
2017-08-04 12:31:22.223000,1.26055,1.26041,1500000,1120000
2017-08-04 12:31:22.418000,1.26058,1.26041,1500000,1750000
2017-08-04 12:31:22.724000,1.2606,1.26053,2250000,1000000
2017-08-04 12:31:22.958000,1.26062,1.26053,1000000,1000000
2017-08-04 12:31:23.010000,1.26058,1.26048,1500000,1500000
2017-08-04 12:31:23.061000,1.2606,1.26048,1500000,1500000
2017-08-04 12:31:23.370000,1.26058,1.26046,1500000,1750000
2017-08-04 12:31:23.686000,1.26058,1.26043,2250000,1750000
2017-08-04 12:31:23.748000,1.26056,1.26044,1500000,1500000
2017-08-04 12:31:24.054000,1.26058,1.26044,2250000,1500000
2017-08-04 12:31:24.564000,1.26057,1.26046,1500000,1120000
2017-08-04 12:31:24.980000,1.2606,1.26045,1500000,1500000
2017-08-04 12:31:25.132000,1.26054,1.26045,1500000,1500000
2017-08-04 12:31:25.765000,1.26054,1.26047,1500000,1000000
2017-08-04 12:31:25.817000,1.26057,1.26048,1000000,1000000
2017-08-04 12:31:26.075000,1.26052,1.26046,1500000,1120000
2017-08-04 12:31:26.312000,1.26054,1.26042,1500000,1750000
2017-08-04 12:31:26.930000,1.26055,1.26042,1500000,3000000
2017-08-04 12:31:27.187000,1.26055,1.26048,1500000,1000000
2017-08-04 12:31:27.340000,1.26054,1.26046,1500000,1120000
2017-08-04 12:31:27.624000,1.26049,1.26037,1120000,1000000
2017-08-04 12:31:27.834000,1.26047,1.26037,1500000,1000000
2017-08-04 12:31:27.988000,1.26048,1.26035,2250000,1120000
2017-08-04 12:31:28.310000,1.26055,1.26043,1000000,2250000
2017-08-04 12:31:28.412000,1.26061,1.26044,1500000,1870000
2017-08-04 12:31:28.515000,1.26061,1.26047,1500000,1000000
2017-08-04 12:31:28.670000,1.26066,1.26051,1500000,1120000
2017-08-04 12:31:29.214000,1.26067,1.26051,1500000,1120000
2017-08-04 12:31:29.317000,1.26061,1.26052,1500000,1000000
2017-08-04 12:31:29.611000,1.26064,1.26053,1000000,1500000
2017-08-04 12:31:29.919000,1.26067,1.26054,1000000,1120000
2017-08-04 12:31:30.120000,1.26067,1.26057,1000000,1000000
2017-08-04 12:31:30.185000,1.26066,1.26055,1000000,1000000
2017-08-04 12:31:30.287000,1.26068,1.26062,1000000,1050000
2017-08-04 12:31:30.665000,1.26085,1.26081,1000000,1120000
2017-08-04 12:31:30.717000,1.2609,1.26082,1000000,3000000
2017-08-04 12:31:30.973000,1.26093,1.26089,1000000,1000000
2017-08-04 12:31:31.028000,1.261,1.26089,1000000,1000000
2017-08-04 12:31:31.278000,1.26095,1.26085,3000000,1000000
2017-08-04 12:31:31.437000,1.26096,1.26083,1250000,1000000
2017-08-04 12:31:31.692000,1.261,1.26093,1000000,1000000
2017-08-04 12:31:31.833000,1.26105,1.26097,1250000,1120000
2017-08-04 12:31:31.884000,1.2611,1.26101,1000000,1000000
2017-08-04 12:31:31.986000,1.26112,1.26101,1000000,1000000
2017-08-04 12:31:32.244000,1.26111,1.26097,1000000,1000000
2017-08-04 12:31:32.295000,1.26103,1.26098,1000000,1000000
2017-08-04 12:31:32.443000,1.26106,1.26098,1000000,1000000
2017-08-04 12:31:32.701000,1.26111,1.26099,1000000,1120000
2017-08-04 12:31:33.091000,1.26109,1.26099,1250000,1000000
2017-08-04 12:31:33.400000,1.26121,1.26115,1000000,1000000
2017-08-04 12:31:33.844000,1.26121,1.26113,1000000,1000000
2017-08-04 12:31:33.895000,1.26123,1.26113,1000000,1000000
2017-08-04 12:31:34.151000,1.26128,1.26116,1120000,1000000
2017-08-04 12:31:34.304000,1.2613,1.26116,1000000,1000000
2017-08-04 12:31:34.357000,1.26131,1.26123,1000000,1000000
2017-08-04 12:31:34.541000,1.26152,1.26138,1870000,2620000
2017-08-04 12:31:35.103000,1.26155,1.26139,1000000,1000000
2017-08-04 12:31:35.308000,1.26155,1.2614,1000000,1500000
2017-08-04 12:31:35.744000,1.26155,1.26139,1870000,1000000
2017-08-04 12:31:35.847000,1.26155,1.26144,1370000,1000000
2017-08-04 12:31:36.186000,1.26156,1.26146,1000000,1750000
2017-08-04 12:31:36.238000,1.26163,1.26147,1000000,1500000
2017-08-04 12:31:36.444000,1.26165,1.26148,1870000,1120000
2017-08-04 12:31:36.496000,1.26164,1.2615,1000000,1000000
2017-08-04 12:31:36.763000,1.26161,1.26145,1120000,1500000
2017-08-04 12:31:36.866000,1.26154,1.2614,1000000,1750000
2017-08-04 12:31:36.919000,1.26156,1.2614,1000000,1120000
2017-08-04 12:31:37.022000,1.26158,1.26141,1500000,1490000
2017-08-04 12:31:37.368000,1.26158,1.26139,1500000,1860000
2017-08-04 12:31:37.421000,1.26158,1.26143,1500000,1000000
2017-08-04 12:31:37.729000,1.26155,1.2614,1000000,1490000
2017-08-04 12:31:37.925000,1.2616,1.26142,1000000,1750000
2017-08-04 12:31:38.029000,1.26159,1.26143,1000000,1750000
2017-08-04 12:31:38.082000,1.26159,1.26142,1000000,1750000
2017-08-04 12:31:38.289000,1.26161,1.26148,1000000,1750000
2017-08-04 12:31:38.341000,1.26163,1.26149,1500000,1750000
2017-08-04 12:31:38.444000,1.26165,1.26155,1000000,1120000
2017-08-04 12:31:38.657000,1.26167,1.26155,1500000,1870000
2017-08-04 12:31:38.966000,1.26167,1.26155,1000000,2240000
2017-08-04 12:31:39.277000,1.26167,1.26155,1000000,1120000
2017-08-04 12:31:39.430000,1.26163,1.26156,1000000,1000000
2017-08-04 12:31:39.533000,1.26159,1.26151,1000000,1000000
2017-08-04 12:31:39.584000,1.26159,1.26145,1000000,1500000
2017-08-04 12:31:39.636000,1.26159,1.26143,1000000,1750000
2017-08-04 12:31:39.825000,1.26162,1.26145,1000000,1120000
2017-08-04 12:31:39.996000,1.26164,1.26153,1000000,1500000
2017-08-04 12:31:40.047000,1.26164,1.2615,1000000,2250000
2017-08-04 12:31:40.099000,1.26164,1.26149,1000000,1000000
2017-08-04 12:31:40.150000,1.26164,1.26147,1120000,1870000
2017-08-04 12:31:40.202000,1.26164,1.26153,1000000,1000000
2017-08-04 12:31:40.305000,1.26166,1.26149,1500000,1750000
2017-08-04 12:31:40.409000,1.26165,1.26148,1500000,1500000
2017-08-04 12:31:40.608000,1.2616,1.26145,1000000,1750000
2017-08-04 12:31:40.812000,1.26156,1.26142,1000000,1120000
2017-08-04 12:31:40.864000,1.26158,1.26145,1000000,1000000
2017-08-04 12:31:40.916000,1.26156,1.26142,1000000,1000000
2017-08-04 12:31:40.968000,1.26158,1.26142,1500000,1000000
2017-08-04 12:31:41.274000,1.26158,1.26142,1500000,2250000
2017-08-04 12:31:41.482000,1.26157,1.26142,1000000,1500000
2017-08-04 12:31:41.637000,1.26158,1.26144,1000000,1000000
2017-08-04 12:31:41.843000,1.26157,1.26142,1000000,1000000
2017-08-04 12:31:42.077000,1.26154,1.2614,1000000,3370000
2017-08-04 12:31:42.486000,1.26152,1.26139,1000000,1000000
2017-08-04 12:31:43.014000,1.2615,1.2614,1000000,1000000
2017-08-04 12:31:43.066000,1.2615,1.26138,1000000,1000000
2017-08-04 12:31:43.589000,1.26149,1.26137,1000000,3750000
2017-08-04 12:31:43.784000,1.26149,1.2614,1000000,1000000
2017-08-04 12:31:44.564000,1.2615,1.26138,1000000,1750000
2017-08-04 12:31:45.323000,1.2615,1.2614,2250000,1000000
2017-08-04 12:31:45.938000,1.2615,1.26139,1120000,1000000
2017-08-04 12:31:46.241000,1.26149,1.2614,1000000,1500000
2017-08-04 12:31:46.446000,1.26149,1.26139,1000000,1120000
2017-08-04 12:31:46.549000,1.26151,1.26141,1120000,1000000
2017-08-04 12:31:46.852000,1.26154,1.26145,1000000,3750000
2017-08-04 12:31:47.109000,1.26149,1.26139,1000000,1500000
2017-08-04 12:31:47.576000,1.26144,1.26131,1000000,1500000
2017-08-04 12:31:47.679000,1.26139,1.2613,1000000,1000000
2017-08-04 12:31:47.734000,1.26139,1.26127,1000000,1500000
2017-08-04 12:31:47.786000,1.26136,1.26126,2250000,1000000
2017-08-04 12:31:47.890000,1.26137,1.26123,1120000,1000000
2017-08-04 12:31:47.942000,1.26135,1.2612,1120000,3000000
2017-08-04 12:31:48.045000,1.26133,1.26119,1000000,1500000
2017-08-04 12:31:48.587000,1.26133,1.26118,1500000,1500000
2017-08-04 12:31:48.690000,1.26131,1.26117,1000000,1500000
2017-08-04 12:31:49.016000,1.26116,1.26111,1000000,1500000
2017-08-04 12:31:49.069000,1.26114,1.26106,1000000,1000000
2017-08-04 12:31:49.171000,1.26113,1.26097,1870000,1000000
2017-08-04 12:31:49.376000,1.26108,1.26095,1000000,1200000
2017-08-04 12:31:49.712000,1.26103,1.26095,1000000,1000000
2017-08-04 12:31:49.866000,1.26099,1.26087,1500000,2250000
2017-08-04 12:31:49.969000,1.26102,1.26091,1000000,1870000
2017-08-04 12:31:50.332000,1.26103,1.26092,1000000,2250000
2017-08-04 12:31:50.383000,1.26105,1.26092,1000000,1870000
2017-08-04 12:31:50.990000,1.26104,1.26091,2620000,2250000
2017-08-04 12:31:51.400000,1.26099,1.26092,1000000,1000000
2017-08-04 12:31:51.915000,1.26098,1.26086,1000000,1450000
2017-08-04 12:31:52.017000,1.26097,1.26083,1000000,1000000
2017-08-04 12:31:52.120000,1.26095,1.26083,1000000,1000000
2017-08-04 12:31:52.530000,1.26091,1.2608,1000000,1470000
2017-08-04 12:31:52.632000,1.2609,1.26074,1000000,1500000
2017-08-04 12:31:52.684000,1.2609,1.26076,1000000,1420000
2017-08-04 12:31:52.787000,1.2609,1.26075,1000000,2250000
2017-08-04 12:31:52.891000,1.26092,1.26076,2250000,2250000
2017-08-04 12:31:53.204000,1.2609,1.26075,1000000,1120000
2017-08-04 12:31:53.513000,1.26092,1.26077,3000000,1950000
2017-08-04 12:31:53.616000,1.2609,1.26075,1000000,1000000
2017-08-04 12:31:53.819000,1.26094,1.26083,1750000,1480000
2017-08-04 12:31:53.922000,1.26101,1.2609,1120000,1000000
2017-08-04 12:31:53.975000,1.26105,1.26093,1120000,1000000
2017-08-04 12:31:54.028000,1.26106,1.26094,1370000,2700000
2017-08-04 12:31:54.183000,1.26116,1.26105,1000000,1000000
2017-08-04 12:31:54.235000,1.26119,1.26103,1120000,1500000
2017-08-04 12:31:54.286000,1.2612,1.26105,1000000,2250000
2017-08-04 12:31:54.823000,1.26119,1.26103,1500000,2250000
2017-08-04 12:31:54.875000,1.26119,1.26104,1500000,1120000
2017-08-04 12:31:55.033000,1.26119,1.26107,1000000,1000000
2017-08-04 12:31:55.189000,1.26122,1.26108,1500000,1120000
2017-08-04 12:31:55.471000,1.26125,1.26108,1500000,1750000
2017-08-04 12:31:55.574000,1.26127,1.26112,1000000,1870000
2017-08-04 12:31:55.626000,1.26129,1.26112,2250000,1120000
2017-08-04 12:31:55.678000,1.2613,1.26115,2250000,1000000
2017-08-04 12:31:55.730000,1.2613,1.26115,1000000,1000000
2017-08-04 12:31:56.022000,1.2613,1.26113,1500000,1120000
2017-08-04 12:31:56.277000,1.2613,1.26115,1870000,1000000
2017-08-04 12:31:56.328000,1.26132,1.26115,1000000,1120000
2017-08-04 12:31:56.721000,1.26131,1.26119,1000000,1000000
2017-08-04 12:31:56.773000,1.26131,1.26114,1000000,1500000
2017-08-04 12:31:56.826000,1.26129,1.26114,1500000,1000000
2017-08-04 12:31:56.929000,1.26127,1.26111,1870000,1000000
2017-08-04 12:31:57.186000,1.26123,1.26111,1000000,1000000
2017-08-04 12:31:57.344000,1.2612,1.26105,1000000,1750000
2017-08-04 12:31:57.397000,1.26114,1.261,1500000,1500000
2017-08-04 12:31:57.449000,1.26113,1.26097,1000000,1000000
2017-08-04 12:31:57.502000,1.26115,1.26099,1000000,1500000
2017-08-04 12:31:57.810000,1.2612,1.26104,1750000,1120000
2017-08-04 12:31:57.963000,1.2612,1.26103,1000000,1750000
2017-08-04 12:31:58.471000,1.2612,1.26099,1000000,3000000
2017-08-04 12:31:59.009000,1.26119,1.26103,1000000,1500000
2017-08-04 12:31:59.318000,1.26123,1.26105,1500000,3370000
2017-08-04 12:31:59.369000,1.26124,1.26107,1750000,3000000
2017-08-04 12:31:59.697000,1.26124,1.26107,1000000,1750000
2017-08-04 12:31:59.753000,1.26131,1.26115,1870000,1000000
2017-08-04 12:31:59.807000,1.2613,1.26117,1000000,1000000
2017-08-04 12:31:59.962000,1.26123,1.26108,1000000,1500000
2017-08-04 12:32:00.064000,1.26121,1.26107,1000000,1500000
2017-08-04 12:32:00.412000,1.26117,1.26106,1000000,1000000
2017-08-04 12:32:00.616000,1.26117,1.26104,1000000,1000000
2017-08-04 12:32:00.872000,1.26116,1.26102,1000000,1120000
2017-08-04 12:32:01.178000,1.26117,1.26104,1000000,1000000
2017-08-04 12:32:01.281000,1.26119,1.26102,1000000,1670000
2017-08-04 12:32:01.667000,1.26124,1.26108,3000000,1050000
2017-08-04 12:32:01.721000,1.26124,1.26111,2250000,1000000
2017-08-04 12:32:01.875000,1.26127,1.26113,1000000,1500000
2017-08-04 12:32:02.080000,1.26125,1.26113,1000000,1000000
2017-08-04 12:32:02.132000,1.26125,1.2611,1000000,1000000
2017-08-04 12:32:02.186000,1.26125,1.26112,1000000,1000000
2017-08-04 12:32:02.322000,1.26124,1.2611,1000000,1870000
2017-08-04 12:32:02.834000,1.26125,1.2611,1000000,1870000
2017-08-04 12:32:02.888000,1.26119,1.2611,1000000,1000000
2017-08-04 12:32:03.031000,1.26118,1.26103,1000000,2250000
2017-08-04 12:32:03.084000,1.26115,1.26103,1500000,1000000
2017-08-04 12:32:03.136000,1.26117,1.26102,1500000,1120000
2017-08-04 12:32:03.289000,1.26117,1.26104,1000000,1000000
2017-08-04 12:32:03.392000,1.26117,1.26102,1000000,1000000
2017-08-04 12:32:03.729000,1.26113,1.26104,1500000,1000000
2017-08-04 12:32:03.782000,1.26112,1.261,1000000,1000000
2017-08-04 12:32:03.885000,1.26115,1.26102,1500000,1500000
2017-08-04 12:32:03.990000,1.26112,1.26098,1000000,2250000
2017-08-04 12:32:04.386000,1.2611,1.26096,1500000,1000000
2017-08-04 12:32:04.743000,1.26105,1.261,1000000,1000000
2017-08-04 12:32:04.794000,1.26115,1.26106,1000000,1500000
2017-08-04 12:32:04.846000,1.26119,1.2611,3000000,1000000
2017-08-04 12:32:04.949000,1.26122,1.26115,1000000,2250000
2017-08-04 12:32:05.150000,1.26121,1.26117,1000000,1500000
2017-08-04 12:32:05.563000,1.26125,1.26121,1000000,1000000
2017-08-04 12:32:05.616000,1.26126,1.26122,1000000,1500000
2017-08-04 12:32:05.887000,1.26135,1.26125,1000000,1000000
2017-08-04 12:32:06.142000,1.26135,1.26129,1000000,1000000
2017-08-04 12:32:06.194000,1.2614,1.26129,1000000,1000000
2017-08-04 12:32:06.246000,1.26138,1.26129,1000000,1500000
2017-08-04 12:32:06.661000,1.2614,1.2613,1000000,1000000
2017-08-04 12:32:06.763000,1.26145,1.26138,1000000,1000000
2017-08-04 12:32:06.869000,1.26147,1.26139,1120000,1000000
2017-08-04 12:32:07.370000,1.26147,1.26138,1000000,1000000
2017-08-04 12:32:07.878000,1.26149,1.26139,1000000,1000000
2017-08-04 12:32:08.238000,1.26147,1.26139,1000000,1000000
2017-08-04 12:32:08.927000,1.26149,1.26139,1000000,1500000
2017-08-04 12:32:09.974000,1.26144,1.26139,1000000,1000000
2017-08-04 12:32:10.089000,1.26145,1.26137,1000000,1000000
2017-08-04 12:32:10.142000,1.26143,1.26132,1000000,1000000
2017-08-04 12:32:10.196000,1.2614,1.2613,1000000,1870000
2017-08-04 12:32:10.508000,1.26142,1.26132,1000000,3000000
2017-08-04 12:32:11.013000,1.2615,1.26144,1000000,1000000
2017-08-04 12:32:11.167000,1.26154,1.26145,1000000,1750000
2017-08-04 12:32:11.496000,1.26152,1.26142,1000000,3000000
2017-08-04 12:32:11.805000,1.26145,1.26137,1000000,2250000
2017-08-04 12:32:12.010000,1.26146,1.26136,1000000,2250000
2017-08-04 12:32:12.457000,1.26144,1.26133,1000000,1750000
2017-08-04 12:32:12.560000,1.26143,1.26133,1000000,1750000
2017-08-04 12:32:13.061000,1.26144,1.26132,1000000,2250000
2017-08-04 12:32:13.219000,1.26142,1.26131,1000000,1750000
2017-08-04 12:32:13.613000,1.26142,1.26131,1000000,1750000
2017-08-04 12:32:14.572000,1.26139,1.26131,1000000,1750000
2017-08-04 12:32:14.623000,1.26137,1.26126,1000000,3000000
2017-08-04 12:32:15.165000,1.26137,1.26126,1000000,1750000
2017-08-04 12:32:15.216000,1.26137,1.26126,1000000,1120000
2017-08-04 12:32:15.422000,1.26137,1.26123,1000000,1750000
2017-08-04 12:32:15.930000,1.26135,1.26121,1000000,1750000
2017-08-04 12:32:16.340000,1.26126,1.26116,1000000,1500000
2017-08-04 12:32:16.617000,1.26126,1.26111,1000000,2620000
2017-08-04 12:32:16.722000,1.26125,1.26109,1000000,3000000
2017-08-04 12:32:16.775000,1.26125,1.26111,1000000,2240000
2017-08-04 12:32:17.334000,1.26125,1.2611,1000000,2240000
2017-08-04 12:32:17.908000,1.26125,1.2611,1000000,2240000
2017-08-04 12:32:18.065000,1.26117,1.26103,1000000,1500000
2017-08-04 12:32:18.578000,1.26116,1.261,2500000,2240000
2017-08-04 12:32:18.831000,1.26116,1.26098,2500000,1750000
2017-08-04 12:32:19.140000,1.26116,1.261,2500000,2230000
2017-08-04 12:32:19.524000,1.26116,1.261,1000000,1750000
2017-08-04 12:32:19.680000,1.26116,1.26103,1000000,1750000
2017-08-04 12:32:19.735000,1.26116,1.261,1000000,1750000
2017-08-04 12:32:20.133000,1.26107,1.26098,1000000,1000000
2017-08-04 12:32:20.441000,1.26104,1.26092,1000000,2250000
2017-08-04 12:32:20.494000,1.26102,1.26092,1000000,1860000
2017-08-04 12:32:20.599000,1.26099,1.2609,1000000,1840000
2017-08-04 12:32:20.879000,1.26106,1.26096,1000000,1000000
2017-08-04 12:32:20.931000,1.26104,1.26093,1000000,1450000
2017-08-04 12:32:21.240000,1.26103,1.26093,1000000,2940000
2017-08-04 12:32:21.799000,1.26103,1.26093,1000000,1700000
2017-08-04 12:32:21.851000,1.26103,1.26093,1000000,1110000
2017-08-04 12:32:21.953000,1.26102,1.26095,1000000,1500000
2017-08-04 12:32:22.106000,1.26106,1.26095,1000000,1500000
2017-08-04 12:32:22.248000,1.26104,1.26094,1000000,2200000
2017-08-04 12:32:22.402000,1.26104,1.26094,1000000,1500000
2017-08-04 12:32:22.506000,1.26104,1.26094,1750000,1500000
2017-08-04 12:32:22.609000,1.26105,1.26094,1000000,2230000
2017-08-04 12:32:22.865000,1.26108,1.26097,1000000,1500000
2017-08-04 12:32:23.121000,1.26106,1.26097,1000000,1500000
2017-08-04 12:32:23.223000,1.26108,1.26097,1000000,1500000
2017-08-04 12:32:23.325000,1.2611,1.26102,1500000,1000000
2017-08-04 12:32:23.428000,1.26113,1.26103,1000000,1870000
2017-08-04 12:32:23.479000,1.2611,1.26106,4500000,1000000
2017-08-04 12:32:23.581000,1.26114,1.26105,1000000,1000000
2017-08-04 12:32:24.029000,1.26113,1.26102,1000000,1500000
2017-08-04 12:32:24.563000,1.26111,1.26103,1000000,1000000
2017-08-04 12:32:25.024000,1.26112,1.26101,1000000,2250000
2017-08-04 12:32:25.333000,1.2611,1.26099,1000000,1870000
2017-08-04 12:32:25.641000,1.26112,1.26102,1000000,1500000
2017-08-04 12:32:26.190000,1.26112,1.26101,1000000,1450000
2017-08-04 12:32:26.496000,1.26106,1.26101,1000000,1450000
2017-08-04 12:32:26.548000,1.26105,1.26098,1000000,1000000
2017-08-04 12:32:26.649000,1.26105,1.26096,1000000,1000000
2017-08-04 12:32:26.859000,1.26104,1.26092,1000000,3330000
2017-08-04 12:32:27.013000,1.26101,1.26091,1000000,1000000
2017-08-04 12:32:27.115000,1.26101,1.26088,1000000,4750000
2017-08-04 12:32:27.575000,1.26098,1.26088,1000000,1000000
2017-08-04 12:32:28.518000,1.26096,1.26088,1000000,1000000
2017-08-04 12:32:28.578000,1.26098,1.26085,1000000,4450000
2017-08-04 12:32:28.631000,1.26093,1.26085,1000000,1000000
2017-08-04 12:32:28.682000,1.2609,1.2608,1000000,1000000
2017-08-04 12:32:28.734000,1.26084,1.26079,1000000,1000000
2017-08-04 12:32:28.785000,1.26084,1.26073,1000000,2580000
2017-08-04 12:32:28.910000,1.26084,1.26071,1000000,1500000
2017-08-04 12:32:28.961000,1.26082,1.26071,1000000,1000000
2017-08-04 12:32:29.473000,1.2608,1.26071,1000000,1000000
2017-08-04 12:32:29.707000,1.2608,1.26069,1000000,1450000
2017-08-04 12:32:30.219000,1.26081,1.26068,1500000,2200000
2017-08-04 12:32:30.349000,1.26075,1.26068,1000000,2200000
2017-08-04 12:32:30.407000,1.26078,1.26065,1000000,1000000
2017-08-04 12:32:30.510000,1.2607,1.26063,1000000,2650000
2017-08-04 12:32:30.816000,1.26058,1.26047,1000000,1000000
2017-08-04 12:32:31.260000,1.2606,1.26045,1000000,1830000
2017-08-04 12:32:31.465000,1.26056,1.26043,1000000,1120000
2017-08-04 12:32:31.661000,1.26058,1.26043,1500000,1450000
2017-08-04 12:32:31.815000,1.26058,1.26045,1000000,1450000
2017-08-04 12:32:31.970000,1.2606,1.26045,1000000,1450000
2017-08-04 12:32:32.366000,1.26057,1.26043,1000000,1500000
2017-08-04 12:32:32.621000,1.26059,1.26043,1000000,1690000
2017-08-04 12:32:32.928000,1.2606,1.26043,1000000,2440000
2017-08-04 12:32:33.234000,1.2606,1.26043,1000000,3940000
2017-08-04 12:32:33.336000,1.2606,1.26043,1000000,4690000
2017-08-04 12:32:33.831000,1.26065,1.26058,1000000,1000000
2017-08-04 12:32:34.036000,1.26085,1.26073,1750000,2250000
2017-08-04 12:32:34.140000,1.26086,1.26073,1000000,1000000
2017-08-04 12:32:34.666000,1.26085,1.26073,1000000,1000000
2017-08-04 12:32:35.183000,1.2608,1.26068,1000000,1500000
2017-08-04 12:32:35.706000,1.26081,1.26069,1000000,1000000
2017-08-04 12:32:36.050000,1.26075,1.26063,1000000,1000000
2017-08-04 12:32:36.102000,1.26075,1.26061,1000000,1000000
2017-08-04 12:32:36.708000,1.26074,1.26061,1000000,1000000
2017-08-04 12:32:36.964000,1.26071,1.26061,1000000,1000000
2017-08-04 12:32:37.270000,1.2608,1.26075,1000000,1000000
2017-08-04 12:32:37.473000,1.26081,1.26069,1000000,1000000
2017-08-04 12:32:37.525000,1.26078,1.26067,1500000,1000000
2017-08-04 12:32:37.733000,1.26076,1.26064,1500000,1500000
2017-08-04 12:32:37.786000,1.26068,1.26057,1000000,1870000
2017-08-04 12:32:38.184000,1.26067,1.26055,1000000,1120000
2017-08-04 12:32:38.541000,1.2607,1.26058,1500000,2250000
2017-08-04 12:32:38.852000,1.26071,1.2606,1870000,1000000
2017-08-04 12:32:39.158000,1.26076,1.26067,1000000,1000000
2017-08-04 12:32:39.413000,1.26078,1.26067,1000000,1000000
2017-08-04 12:32:39.919000,1.26078,1.26068,1000000,1000000
2017-08-04 12:32:40.460000,1.26078,1.26069,1000000,1000000
2017-08-04 12:32:41.018000,1.26079,1.26069,1000000,1000000
2017-08-04 12:32:41.172000,1.26076,1.26069,1000000,1000000
2017-08-04 12:32:41.224000,1.26079,1.26067,1000000,2250000
2017-08-04 12:32:41.582000,1.26078,1.26064,1000000,3370000
2017-08-04 12:32:42.093000,1.26077,1.26064,1000000,1870000
2017-08-04 12:32:42.297000,1.26078,1.26067,1000000,1000000
2017-08-04 12:32:42.648000,1.2608,1.26069,1000000,1000000
2017-08-04 12:32:43.170000,1.26079,1.26069,1000000,1000000
2017-08-04 12:32:43.528000,1.26082,1.2607,1000000,1000000
2017-08-04 12:32:43.581000,1.26078,1.2607,1000000,1500000
2017-08-04 12:32:43.633000,1.2608,1.2607,1000000,1500000
2017-08-04 12:32:43.818000,1.26078,1.2607,1000000,1500000
2017-08-04 12:32:43.921000,1.26078,1.26068,1000000,1000000
2017-08-04 12:32:44.435000,1.26079,1.26068,1000000,1500000
2017-08-04 12:32:44.948000,1.26079,1.26069,1000000,1000000
2017-08-04 12:32:45.469000,1.2608,1.26068,1000000,1000000
2017-08-04 12:32:45.520000,1.26084,1.26071,1500000,1120000
2017-08-04 12:32:45.576000,1.26084,1.26076,1000000,1000000
2017-08-04 12:32:45.628000,1.26086,1.26076,1000000,1000000
2017-08-04 12:32:45.680000,1.26086,1.26078,1500000,1000000
2017-08-04 12:32:45.888000,1.26086,1.26075,1000000,1000000
2017-08-04 12:32:46.147000,1.26088,1.26075,1000000,1000000
2017-08-04 12:32:46.740000,1.26085,1.26075,1000000,1000000
2017-08-04 12:32:46.792000,1.26082,1.26071,1000000,2250000
2017-08-04 12:32:47.309000,1.26083,1.26071,1000000,1000000
2017-08-04 12:32:47.496000,1.26083,1.26074,1000000,1000000
2017-08-04 12:32:47.548000,1.26086,1.26075,1500000,1000000
2017-08-04 12:32:47.601000,1.26086,1.26077,1000000,1000000
2017-08-04 12:32:47.652000,1.2609,1.26077,1500000,2250000
2017-08-04 12:32:48.551000,1.26089,1.26077,1000000,3000000
2017-08-04 12:32:49.012000,1.26091,1.26076,1000000,1870000
2017-08-04 12:32:49.562000,1.26091,1.26077,1000000,1000000
2017-08-04 12:32:50.075000,1.26091,1.26078,1000000,1000000
2017-08-04 12:32:50.920000,1.2609,1.26078,1000000,1000000
2017-08-04 12:32:50.971000,1.26088,1.26078,1000000,1000000
2017-08-04 12:32:51.023000,1.2609,1.26078,1000000,1000000
2017-08-04 12:32:51.569000,1.26089,1.26078,1000000,1000000
2017-08-04 12:32:51.939000,1.26091,1.26079,1000000,1500000
2017-08-04 12:32:52.487000,1.26093,1.26082,1000000,1500000
2017-08-04 12:32:52.797000,1.26093,1.26086,1000000,1000000
2017-08-04 12:32:52.849000,1.26096,1.26084,1120000,1120000
2017-08-04 12:32:52.901000,1.26097,1.26086,1370000,1000000
2017-08-04 12:32:53.250000,1.26107,1.26098,1000000,2620000
2017-08-04 12:32:53.302000,1.26109,1.26099,1000000,1370000
2017-08-04 12:32:53.353000,1.26109,1.26096,1000000,1370000
2017-08-04 12:32:53.405000,1.26107,1.26096,1000000,1000000
2017-08-04 12:32:53.456000,1.26106,1.26094,1000000,1500000
2017-08-04 12:32:53.508000,1.26104,1.26094,1000000,1000000
2017-08-04 12:32:53.970000,1.26101,1.26095,1000000,1000000
2017-08-04 12:32:54.124000,1.26101,1.26091,1000000,1500000
2017-08-04 12:32:54.441000,1.26103,1.26089,1500000,1000000
2017-08-04 12:32:55.316000,1.261,1.26089,1000000,1000000
2017-08-04 12:32:55.622000,1.26078,1.26072,1000000,1000000
2017-08-04 12:32:55.725000,1.26079,1.2607,1500000,1000000
2017-08-04 12:32:55.776000,1.26079,1.26064,1500000,1000000
2017-08-04 12:32:55.953000,1.26078,1.26059,1500000,1500000
2017-08-04 12:32:56.685000,1.26077,1.26059,1000000,1500000
2017-08-04 12:32:56.736000,1.26079,1.26063,1690000,1000000
2017-08-04 12:32:57.043000,1.26077,1.26061,1000000,1000000
2017-08-04 12:32:57.587000,1.26076,1.26061,1000000,1000000
2017-08-04 12:32:57.691000,1.26078,1.26061,1250000,1500000
2017-08-04 12:32:58.247000,1.26078,1.2606,1250000,1000000
2017-08-04 12:32:58.298000,1.26078,1.26062,1250000,1000000
2017-08-04 12:32:58.809000,1.26077,1.26063,1000000,1000000
2017-08-04 12:32:59.098000,1.26081,1.26066,1500000,1000000
2017-08-04 12:32:59.252000,1.26077,1.26067,1750000,1000000
2017-08-04 12:32:59.357000,1.26073,1.26063,1500000,1000000
2017-08-04 12:32:59.409000,1.26076,1.26066,1500000,1000000
2017-08-04 12:32:59.460000,1.26076,1.26063,1500000,1000000
2017-08-04 12:32:59.563000,1.26079,1.26063,2250000,1000000
2017-08-04 12:32:59.614000,1.26079,1.26065,2250000,1000000
2017-08-04 12:32:59.939000,1.26085,1.26073,1000000,1000000
2017-08-04 12:33:00.198000,1.2609,1.26077,1000000,1000000
2017-08-04 12:33:00.249000,1.26088,1.26077,1000000,1000000
2017-08-04 12:33:00.774000,1.26087,1.26077,1000000,1000000
2017-08-04 12:33:01.279000,1.26094,1.26086,1000000,1000000
2017-08-04 12:33:01.341000,1.26099,1.26088,4120000,1000000
2017-08-04 12:33:01.443000,1.26097,1.26088,1500000,1000000
2017-08-04 12:33:02.015000,1.26098,1.26088,1000000,1000000
2017-08-04 12:33:02.076000,1.26095,1.26084,1000000,1000000
2017-08-04 12:33:02.624000,1.26095,1.26083,1500000,1000000
2017-08-04 12:33:02.727000,1.26095,1.26087,1750000,1000000
2017-08-04 12:33:02.860000,1.26095,1.26087,1000000,1000000
2017-08-04 12:33:02.911000,1.26096,1.26086,2250000,1000000
2017-08-04 12:33:02.963000,1.26091,1.2608,1750000,1370000
2017-08-04 12:33:03.014000,1.26084,1.2608,1000000,1120000
2017-08-04 12:33:03.118000,1.26086,1.26077,1750000,1000000
2017-08-04 12:33:03.647000,1.26085,1.26074,1750000,1000000
2017-08-04 12:33:03.698000,1.26082,1.26071,1750000,1000000
2017-08-04 12:33:04.207000,1.26082,1.2607,1750000,1500000
2017-08-04 12:33:04.509000,1.26082,1.26071,1750000,1000000
2017-08-04 12:33:04.979000,1.26083,1.2607,2250000,2250000
2017-08-04 12:33:05.387000,1.26084,1.26076,1750000,1000000
2017-08-04 12:33:05.902000,1.26089,1.26077,1750000,1000000
2017-08-04 12:33:06.451000,1.26089,1.26078,1750000,1000000
2017-08-04 12:33:06.999000,1.2609,1.26077,3000000,1000000
2017-08-04 12:33:07.755000,1.26089,1.26077,3000000,1000000
2017-08-04 12:33:08.066000,1.26089,1.26077,3000000,1000000
2017-08-04 12:33:08.670000,1.26089,1.26077,3000000,1000000
2017-08-04 12:33:08.824000,1.26085,1.26074,1750000,1500000
2017-08-04 12:33:08.875000,1.26083,1.26074,1750000,1000000
2017-08-04 12:33:09.186000,1.26068,1.2606,1750000,1500000
2017-08-04 12:33:09.391000,1.2606,1.2605,1750000,1500000
2017-08-04 12:33:09.648000,1.26057,1.26049,1750000,1000000
2017-08-04 12:33:09.954000,1.26055,1.26047,1750000,1000000
2017-08-04 12:33:10.081000,1.26052,1.26044,1750000,1500000
2017-08-04 12:33:10.389000,1.26054,1.26044,1750000,1000000
2017-08-04 12:33:10.543000,1.26056,1.26044,2250000,3000000
2017-08-04 12:33:10.595000,1.26056,1.26047,1500000,2250000
2017-08-04 12:33:10.647000,1.26058,1.26046,2620000,3000000
2017-08-04 12:33:11.368000,1.26056,1.26046,1000000,3000000
2017-08-04 12:33:11.420000,1.26049,1.26042,1750000,1000000
2017-08-04 12:33:11.471000,1.26047,1.2604,1120000,2250000
2017-08-04 12:33:11.523000,1.26047,1.26038,1120000,1120000
2017-08-04 12:33:11.701000,1.26045,1.26037,1500000,1000000
2017-08-04 12:33:11.753000,1.26044,1.26034,1870000,1000000
2017-08-04 12:33:11.856000,1.26047,1.26037,2250000,3000000
2017-08-04 12:33:12.165000,1.2605,1.2604,3750000,3750000
2017-08-04 12:33:12.531000,1.2605,1.26037,3750000,3750000
2017-08-04 12:33:12.633000,1.26048,1.26039,1750000,3000000
2017-08-04 12:33:12.685000,1.2605,1.26041,1500000,1500000
2017-08-04 12:33:12.736000,1.26051,1.26041,1000000,3000000
2017-08-04 12:33:12.890000,1.26053,1.26046,1000000,1000000
2017-08-04 12:33:13.043000,1.26056,1.26046,1000000,1000000
2017-08-04 12:33:13.242000,1.26058,1.2605,1000000,1000000
2017-08-04 12:33:13.295000,1.2606,1.2605,1000000,1000000
2017-08-04 12:33:13.745000,1.26061,1.26052,1500000,1000000
2017-08-04 12:33:14.270000,1.26062,1.26052,1500000,1000000
2017-08-04 12:33:15.027000,1.26062,1.26053,1120000,1000000
2017-08-04 12:33:15.793000,1.26064,1.26057,1500000,1500000
2017-08-04 12:33:16.043000,1.26069,1.26059,2250000,1000000
2017-08-04 12:33:16.246000,1.26074,1.26063,1870000,1000000
2017-08-04 12:33:16.400000,1.26079,1.26068,1120000,1000000
2017-08-04 12:33:16.452000,1.26081,1.2607,1120000,2250000
2017-08-04 12:33:16.503000,1.26082,1.26071,1500000,1000000
2017-08-04 12:33:16.608000,1.26075,1.26069,1120000,1160000
2017-08-04 12:33:16.660000,1.26073,1.26063,1000000,1280000
2017-08-04 12:33:16.795000,1.26073,1.26069,1000000,1000000
2017-08-04 12:33:16.847000,1.26078,1.26068,2620000,1000000
2017-08-04 12:33:16.899000,1.26076,1.26068,1000000,1000000
2017-08-04 12:33:17.002000,1.26074,1.26061,1500000,3160000
2017-08-04 12:33:17.054000,1.26071,1.26061,1000000,1500000
2017-08-04 12:33:17.361000,1.26071,1.26062,1000000,1660000
2017-08-04 12:33:17.413000,1.26071,1.2606,1000000,1000000
2017-08-04 12:33:17.465000,1.26067,1.26061,1000000,1000000
2017-08-04 12:33:17.773000,1.26062,1.26051,2250000,1000000
2017-08-04 12:33:18.082000,1.26061,1.26049,1750000,1210000
2017-08-04 12:33:18.185000,1.26061,1.26051,1750000,1000000
2017-08-04 12:33:19.043000,1.26062,1.26049,1750000,1160000
2017-08-04 12:33:19.197000,1.26067,1.26051,2250000,1160000
2017-08-04 12:33:19.331000,1.26068,1.26053,1750000,1160000
2017-08-04 12:33:19.536000,1.26069,1.26054,2250000,1210000
2017-08-04 12:33:19.641000,1.26069,1.26055,2250000,1160000
2017-08-04 12:33:19.692000,1.26069,1.26055,2250000,1210000
2017-08-04 12:33:19.744000,1.26069,1.26055,2250000,1160000
2017-08-04 12:33:19.795000,1.26069,1.26059,1500000,1660000
2017-08-04 12:33:19.847000,1.2607,1.2606,1500000,1160000
2017-08-04 12:33:20.008000,1.26076,1.26062,2250000,1160000
2017-08-04 12:33:20.213000,1.26076,1.26063,3000000,1160000
2017-08-04 12:33:20.570000,1.26076,1.26062,2250000,1160000
2017-08-04 12:33:20.812000,1.26071,1.2606,1690000,1000000
2017-08-04 12:33:20.864000,1.26068,1.26057,1750000,1210000
2017-08-04 12:33:21.020000,1.26067,1.26054,1500000,1210000
2017-08-04 12:33:21.072000,1.26065,1.26052,1500000,1160000
2017-08-04 12:33:21.383000,1.26072,1.26063,1120000,1210000
2017-08-04 12:33:21.664000,1.26073,1.26063,1120000,1160000
2017-08-04 12:33:22.023000,1.26076,1.26063,1500000,1160000
2017-08-04 12:33:22.177000,1.26075,1.26063,1120000,1210000
2017-08-04 12:33:22.693000,1.26074,1.26063,1000000,1000000
2017-08-04 12:33:23.127000,1.26076,1.26064,3750000,1160000
2017-08-04 12:33:23.535000,1.26079,1.26067,2130000,1000000
2017-08-04 12:33:23.637000,1.26076,1.26066,1000000,1000000
2017-08-04 12:33:23.803000,1.26076,1.26064,1000000,1000000
2017-08-04 12:33:24.308000,1.26075,1.26064,1000000,1000000
2017-08-04 12:33:25.136000,1.26077,1.26068,2250000,1000000
2017-08-04 12:33:25.188000,1.26077,1.26065,1750000,1120000
2017-08-04 12:33:25.239000,1.2608,1.26069,2620000,1000000
2017-08-04 12:33:25.781000,1.2608,1.2607,1500000,1000000
2017-08-04 12:33:26.285000,1.26079,1.2607,1500000,1000000
2017-08-04 12:33:27.105000,1.2608,1.2607,1500000,1000000
2017-08-04 12:33:27.309000,1.26078,1.26066,1120000,1000000
2017-08-04 12:33:27.361000,1.26079,1.26066,3000000,1000000
2017-08-04 12:33:27.890000,1.26077,1.26065,1750000,1000000
2017-08-04 12:33:28.403000,1.2608,1.26066,1750000,1000000
2017-08-04 12:33:28.873000,1.26076,1.26066,1570000,1000000
2017-08-04 12:33:28.926000,1.2608,1.26066,1750000,1000000
