time,ask,bid,ask_volume,bid_volume
2022-08-15 12:25:00.310000,1.29121,1.29105,2840000,2480000
2022-08-15 12:25:00.412000,1.29121,1.29105,1920000,3740000
2022-08-15 12:25:00.513000,1.2912,1.29105,1200000,2840000
2022-08-15 12:25:00.615000,1.2912,1.29106,2270000,3070000
2022-08-15 12:25:00.818000,1.29121,1.29107,1800000,1200000
2022-08-15 12:25:00.919000,1.29121,1.29107,1800000,1800000
2022-08-15 12:25:00.970000,1.29121,1.29108,1340000,1200000
2022-08-15 12:25:01.072000,1.29123,1.29111,1800000,1200000
2022-08-15 12:25:01.174000,1.29122,1.29113,1200000,1200000
2022-08-15 12:25:01.225000,1.29126,1.29113,2520000,1200000
2022-08-15 12:25:01.724000,1.29127,1.29112,2960000,1200000
2022-08-15 12:25:01.853000,1.29126,1.29113,2520000,1200000
2022-08-15 12:25:02.225000,1.29127,1.29113,1810000,1800000
2022-08-15 12:25:02.276000,1.29128,1.29113,2520000,1940000
2022-08-15 12:25:02.378000,1.29128,1.29114,1920000,1200000
2022-08-15 12:25:02.807000,1.29128,1.29117,2100000,1800000
2022-08-15 12:25:02.858000,1.29132,1.29123,2400000,1200000
2022-08-15 12:25:02.909000,1.29133,1.29123,1800000,1920000
2022-08-15 12:25:03.011000,1.29132,1.29123,1800000,2520000
2022-08-15 12:25:03.062000,1.29139,1.29123,1320000,1920000
2022-08-15 12:25:03.366000,1.29138,1.29122,2060000,2040000
2022-08-15 12:25:03.468000,1.29137,1.29121,1320000,2060000
2022-08-15 12:25:04.084000,1.29137,1.29122,1320000,1320000
2022-08-15 12:25:06.206000,1.29136,1.29121,2520000,1940000
2022-08-15 12:25:06.308000,1.29132,1.2912,1880000,1800000
2022-08-15 12:25:06.359000,1.29135,1.2912,2060000,4200000
2022-08-15 12:25:06.461000,1.29134,1.2912,1320000,1200000
2022-08-15 12:25:07.095000,1.29133,1.29121,1320000,1200000
2022-08-15 12:25:07.557000,1.29134,1.29121,2060000,1800000
2022-08-15 12:25:08.323000,1.29134,1.2912,1320000,1200000
2022-08-15 12:25:10.652000,1.29133,1.2912,1320000,2040000
2022-08-15 12:25:10.754000,1.29135,1.2912,1920000,1200000
2022-08-15 12:25:11.397000,1.29133,1.2912,1320000,2040000
2022-08-15 12:25:11.679000,1.29134,1.29119,2060000,1940000
2022-08-15 12:25:11.730000,1.29131,1.2912,3420000,1800000
2022-08-15 12:25:11.781000,1.2913,1.29116,1320000,1340000
2022-08-15 12:25:11.883000,1.29132,1.29117,1940000,1920000
2022-08-15 12:25:11.984000,1.29134,1.29121,1920000,1200000
2022-08-15 12:25:12.137000,1.29135,1.2912,1920000,1200000
2022-08-15 12:25:12.289000,1.29136,1.29121,2520000,1200000
2022-08-15 12:25:18.009000,1.29134,1.29122,1320000,1200000
2022-08-15 12:25:18.303000,1.29135,1.29121,1320000,1200000
2022-08-15 12:25:18.405000,1.29132,1.29119,1320000,2480000
2022-08-15 12:25:18.507000,1.29133,1.29118,1320000,2040000
2022-08-15 12:25:18.608000,1.29133,1.29118,1920000,1320000
2022-08-15 12:25:19.245000,1.29133,1.29117,5220000,2480000
2022-08-15 12:25:19.349000,1.29131,1.29117,1200000,1440000
2022-08-15 12:25:19.977000,1.29131,1.29117,1200000,1320000
2022-08-15 12:25:20.028000,1.29132,1.29118,1200000,1460000
2022-08-15 12:25:20.765000,1.29133,1.2912,2060000,1320000
2022-08-15 12:25:21.069000,1.29133,1.29119,2520000,1800000
2022-08-15 12:25:21.171000,1.2913,1.29118,1200000,1320000
2022-08-15 12:25:21.915000,1.29131,1.29118,2040000,1320000
2022-08-15 12:25:24.028000,1.2913,1.29118,1200000,1320000
2022-08-15 12:25:24.282000,1.29131,1.29116,1920000,2840000
2022-08-15 12:25:24.333000,1.29128,1.29117,1320000,1200000
2022-08-15 12:25:24.434000,1.29129,1.29113,1320000,3860000
2022-08-15 12:25:24.536000,1.29127,1.29114,1800000,1320000
2022-08-15 12:25:24.727000,1.29125,1.29113,1200000,1440000
2022-08-15 12:25:24.829000,1.29124,1.29112,1320000,1800000
2022-08-15 12:25:24.931000,1.29122,1.29107,2520000,2840000
2022-08-15 12:25:25.083000,1.29122,1.29108,1320000,1200000
2022-08-15 12:25:25.134000,1.29121,1.29106,1800000,1320000
2022-08-15 12:25:25.286000,1.29119,1.29107,1200000,1320000
2022-08-15 12:25:25.438000,1.2912,1.29106,1320000,1320000
2022-08-15 12:25:25.750000,1.2912,1.29105,1810000,2220000
2022-08-15 12:25:25.852000,1.29118,1.29106,1320000,1320000
2022-08-15 12:25:26.055000,1.2912,1.29105,1810000,1320000
2022-08-15 12:25:26.460000,1.2912,1.29104,1620000,2750000
2022-08-15 12:25:26.580000,1.2912,1.29105,1620000,1320000
2022-08-15 12:25:27.187000,1.29121,1.29106,3860000,1320000
2022-08-15 12:25:27.441000,1.2912,1.29106,1320000,1200000
2022-08-15 12:25:27.492000,1.29119,1.29105,1440000,1320000
2022-08-15 12:25:27.593000,1.29119,1.29105,1200000,1460000
2022-08-15 12:25:27.796000,1.29121,1.29106,3860000,1320000
2022-08-15 12:25:27.898000,1.29119,1.29106,1320000,1320000
2022-08-15 12:25:27.999000,1.2912,1.29106,1320000,1320000
2022-08-15 12:25:28.101000,1.29119,1.29106,1320000,1320000
2022-08-15 12:25:28.203000,1.2912,1.29106,1320000,1320000
2022-08-15 12:25:28.912000,1.2912,1.29105,1320000,1320000
2022-08-15 12:25:28.963000,1.2912,1.2911,1800000,1440000
2022-08-15 12:25:29.065000,1.29123,1.29109,1320000,1320000
2022-08-15 12:25:29.651000,1.29122,1.29108,1920000,1200000
2022-08-15 12:25:29.753000,1.29121,1.29107,1690000,1200000
2022-08-15 12:25:29.854000,1.29121,1.29106,2060000,1200000
2022-08-15 12:25:30.320000,1.29121,1.29106,1920000,1920000
2022-08-15 12:25:30.918000,1.29121,1.29106,1800000,1920000
2022-08-15 12:25:31.019000,1.29123,1.29109,1800000,2060000
2022-08-15 12:25:31.121000,1.29122,1.29112,1200000,1320000
2022-08-15 12:25:31.172000,1.29126,1.29111,1920000,1320000
2022-08-15 12:25:31.273000,1.29124,1.29111,1320000,2060000
2022-08-15 12:25:31.375000,1.29125,1.29111,1320000,1320000
2022-08-15 12:25:31.625000,1.29125,1.29111,1320000,2040000
2022-08-15 12:25:32.758000,1.29125,1.29111,1320000,1440000
2022-08-15 12:25:33.232000,1.29124,1.29112,1200000,1460000
2022-08-15 12:25:33.333000,1.29126,1.29113,1440000,1200000
2022-08-15 12:25:34.812000,1.29125,1.29114,1920000,1200000
2022-08-15 12:25:34.966000,1.29124,1.29112,1320000,1920000
2022-08-15 12:25:35.068000,1.2912,1.29107,1200000,1340000
2022-08-15 12:25:35.170000,1.2912,1.29105,1920000,1810000
2022-08-15 12:25:35.271000,1.29119,1.29104,1200000,2520000
2022-08-15 12:25:35.474000,1.29119,1.29104,1200000,4320000
2022-08-15 12:25:35.907000,1.29118,1.29105,1200000,2520000
2022-08-15 12:25:36.111000,1.2912,1.29105,1200000,5660000
2022-08-15 12:25:38.437000,1.2912,1.29107,1200000,2060000
2022-08-15 12:25:38.539000,1.29121,1.29107,1200000,1320000
2022-08-15 12:25:38.640000,1.2912,1.29108,1200000,1320000
2022-08-15 12:25:39.050000,1.29122,1.29107,1320000,1320000
2022-08-15 12:25:39.251000,1.29121,1.29107,1200000,1320000
2022-08-15 12:25:39.559000,1.29123,1.29111,1940000,1200000
2022-08-15 12:25:39.660000,1.29124,1.29113,1200000,1200000
2022-08-15 12:25:39.931000,1.29125,1.2911,1320000,1800000
2022-08-15 12:25:40.033000,1.29124,1.29109,2960000,1800000
2022-08-15 12:25:40.134000,1.29121,1.29108,1920000,1320000
2022-08-15 12:25:40.254000,1.29121,1.29107,1200000,1320000
2022-08-15 12:25:42.799000,1.29121,1.29107,1200000,1320000
2022-08-15 12:25:43.999000,1.29123,1.29107,2060000,1920000
2022-08-15 12:25:44.313000,1.29122,1.29107,1320000,1920000
2022-08-15 12:25:46.378000,1.29121,1.29106,1320000,2960000
2022-08-15 12:25:47.603000,1.2912,1.29107,1200000,1320000
2022-08-15 12:25:47.705000,1.29121,1.29108,1320000,1320000
2022-08-15 12:25:48.009000,1.2912,1.29106,1200000,1320000
2022-08-15 12:25:48.879000,1.2912,1.29106,1320000,1320000
2022-08-15 12:25:48.981000,1.29119,1.29106,1320000,2960000
2022-08-15 12:25:49.268000,1.2912,1.29106,1320000,1320000
2022-08-15 12:25:49.369000,1.2912,1.29106,1200000,2060000
2022-08-15 12:25:50.264000,1.2912,1.29108,1880000,1440000
2022-08-15 12:25:51.570000,1.29121,1.29107,1320000,1320000
2022-08-15 12:25:52.190000,1.29121,1.29107,1320000,1920000
2022-08-15 12:25:52.292000,1.29121,1.29107,1880000,2040000
2022-08-15 12:25:52.922000,1.29121,1.29107,1880000,1440000
2022-08-15 12:25:53.657000,1.29121,1.29107,1320000,2040000
2022-08-15 12:25:54.691000,1.29122,1.29108,1920000,1800000
2022-08-15 12:25:54.843000,1.29123,1.29111,2400000,1320000
2022-08-15 12:25:55.007000,1.29127,1.29112,1200000,2520000
2022-08-15 12:25:55.109000,1.29127,1.29113,1200000,1320000
2022-08-15 12:25:55.210000,1.29126,1.29113,1200000,1320000
2022-08-15 12:25:56.160000,1.29127,1.29113,1320000,1340000
2022-08-15 12:25:57.255000,1.29126,1.29114,1200000,2040000
2022-08-15 12:25:58.352000,1.29128,1.29114,1810000,1200000
2022-08-15 12:25:58.454000,1.29128,1.29114,2040000,1200000
2022-08-15 12:25:58.707000,1.29127,1.29114,1810000,2710000
2022-08-15 12:25:58.809000,1.29128,1.29113,2270000,2040000
2022-08-15 12:26:00.016000,1.29127,1.29113,1200000,1320000
2022-08-15 12:26:00.118000,1.29127,1.29112,1320000,1920000
2022-08-15 12:26:00.219000,1.29126,1.29112,1800000,1440000
2022-08-15 12:26:00.321000,1.29126,1.29112,1920000,1340000
2022-08-15 12:26:01.625000,1.29125,1.29113,1200000,1320000
2022-08-15 12:26:02.394000,1.29126,1.29112,1200000,1320000
2022-08-15 12:26:06.374000,1.29127,1.29112,1800000,1920000
2022-08-15 12:26:06.476000,1.29128,1.29113,2840000,1320000
2022-08-15 12:26:06.578000,1.29128,1.29114,2630000,1320000
2022-08-15 12:26:06.680000,1.2913,1.29115,2040000,1320000
2022-08-15 12:26:07.785000,1.29129,1.29117,1920000,1200000
2022-08-15 12:26:09.970000,1.29133,1.29119,4200000,1320000
2022-08-15 12:26:10.072000,1.29132,1.29121,1800000,1320000
2022-08-15 12:26:10.175000,1.29135,1.2912,1800000,1920000
2022-08-15 12:26:11.064000,1.29137,1.29122,3380000,1800000
2022-08-15 12:26:11.705000,1.29135,1.29122,1200000,1200000
2022-08-15 12:26:12.180000,1.29136,1.29123,3380000,1940000
2022-08-15 12:26:12.231000,1.29135,1.29122,1200000,1340000
2022-08-15 12:26:12.434000,1.29135,1.29122,1200000,1340000
2022-08-15 12:26:14.516000,1.29135,1.29122,1200000,1200000
2022-08-15 12:26:14.921000,1.29136,1.29123,2940000,1800000
2022-08-15 12:26:15.947000,1.29136,1.29124,1800000,1320000
2022-08-15 12:26:15.998000,1.29139,1.29123,2840000,2040000
2022-08-15 12:26:16.151000,1.29137,1.29122,1200000,2040000
2022-08-15 12:26:16.549000,1.29135,1.29121,1200000,1920000
2022-08-15 12:26:16.650000,1.29135,1.2912,1200000,2060000
2022-08-15 12:26:18.892000,1.29135,1.29121,1340000,1320000
2022-08-15 12:26:25.247000,1.29134,1.29121,1200000,2480000
2022-08-15 12:26:25.348000,1.29134,1.29121,1800000,1320000
2022-08-15 12:26:25.602000,1.2913,1.29118,1800000,1200000
2022-08-15 12:26:25.653000,1.2913,1.29116,1880000,1200000
2022-08-15 12:26:25.906000,1.29131,1.29116,2520000,1200000
2022-08-15 12:26:26.008000,1.29129,1.29115,3840000,1920000
2022-08-15 12:26:29.281000,1.29131,1.29116,2480000,1920000
2022-08-15 12:26:30.011000,1.2913,1.29117,2940000,1320000
2022-08-15 12:26:30.410000,1.2913,1.29114,1800000,4760000
2022-08-15 12:26:30.664000,1.29128,1.29115,1200000,2520000
2022-08-15 12:26:31.586000,1.29128,1.29114,1200000,1920000
2022-08-15 12:26:32.355000,1.29129,1.29114,1800000,1920000
2022-08-15 12:26:32.406000,1.29128,1.29114,1200000,1920000
2022-08-15 12:26:32.800000,1.29128,1.29113,1200000,1320000
2022-08-15 12:26:33.033000,1.29128,1.29112,1200000,2360000
2022-08-15 12:26:33.350000,1.29128,1.29114,1940000,2820000
2022-08-15 12:26:33.452000,1.29129,1.29113,1340000,2960000
2022-08-15 12:26:33.554000,1.29129,1.29116,1200000,1320000
2022-08-15 12:26:33.706000,1.29129,1.29117,1200000,1320000
2022-08-15 12:26:34.690000,1.29131,1.29118,2400000,1320000
2022-08-15 12:26:34.893000,1.29134,1.29119,1200000,3380000
2022-08-15 12:26:35.108000,1.29135,1.2912,2040000,1320000
2022-08-15 12:26:35.260000,1.29134,1.29119,1200000,3420000
2022-08-15 12:26:36.773000,1.29135,1.2912,1940000,1320000
2022-08-15 12:26:37.180000,1.29136,1.29121,1940000,1320000
2022-08-15 12:26:37.281000,1.29135,1.29122,1800000,2060000
2022-08-15 12:26:38.690000,1.29135,1.29124,1200000,1320000
2022-08-15 12:26:38.741000,1.29139,1.29123,3860000,1920000
2022-08-15 12:26:38.792000,1.29136,1.29124,1320000,1200000
2022-08-15 12:26:38.894000,1.29136,1.29123,2040000,2270000
2022-08-15 12:26:39.605000,1.29135,1.29123,1200000,1320000
2022-08-15 12:26:39.808000,1.29136,1.29123,1940000,1320000
2022-08-15 12:26:39.935000,1.29138,1.29123,1320000,1320000
2022-08-15 12:26:40.037000,1.29137,1.29123,1320000,1200000
2022-08-15 12:26:40.450000,1.29137,1.29121,2940000,1920000
2022-08-15 12:26:41.410000,1.29136,1.29121,1320000,1920000
2022-08-15 12:26:41.512000,1.29137,1.29121,2960000,1920000
2022-08-15 12:26:41.715000,1.29135,1.29121,1320000,1200000
2022-08-15 12:26:42.530000,1.29134,1.29122,1200000,1200000
2022-08-15 12:26:46.882000,1.29136,1.29121,2040000,1200000
2022-08-15 12:26:47.035000,1.29136,1.29122,1800000,1200000
2022-08-15 12:26:48.508000,1.29135,1.29123,1800000,1200000
2022-08-15 12:26:48.610000,1.29137,1.29124,2630000,1320000
2022-08-15 12:26:48.712000,1.29138,1.29124,1800000,1200000
2022-08-15 12:26:49.062000,1.29137,1.29125,1800000,1800000
2022-08-15 12:26:49.163000,1.2914,1.29126,3740000,1200000
2022-08-15 12:26:49.265000,1.29139,1.29127,1800000,1320000
2022-08-15 12:26:49.366000,1.29141,1.29127,1200000,1200000
2022-08-15 12:26:49.418000,1.29142,1.29127,1800000,1320000
2022-08-15 12:26:49.924000,1.29143,1.2913,2940000,1200000
2022-08-15 12:26:51.057000,1.29141,1.29129,1920000,1200000
2022-08-15 12:26:51.159000,1.2914,1.29126,1320000,1200000
2022-08-15 12:26:51.260000,1.2914,1.29125,1320000,1320000
2022-08-15 12:26:51.621000,1.29141,1.29126,2040000,1920000
2022-08-15 12:26:51.723000,1.29142,1.29127,1940000,1320000
2022-08-15 12:26:51.875000,1.29141,1.29129,1200000,1880000
2022-08-15 12:26:54.650000,1.29142,1.29127,1200000,2060000
2022-08-15 12:26:59.972000,1.29141,1.29126,1320000,1800000
2022-08-15 12:27:00.024000,1.29139,1.29126,2040000,1200000
2022-08-15 12:27:00.226000,1.2914,1.29126,1200000,1200000
2022-08-15 12:27:01.092000,1.2914,1.29125,1940000,1320000
2022-08-15 12:27:01.294000,1.29139,1.29125,1320000,1200000
2022-08-15 12:27:01.346000,1.29136,1.29124,1200000,2630000
2022-08-15 12:27:01.447000,1.29136,1.29123,1800000,2480000
2022-08-15 12:27:01.599000,1.29136,1.29122,1200000,1440000
2022-08-15 12:27:02.052000,1.29135,1.29121,1320000,2030000
2022-08-15 12:27:02.154000,1.29131,1.29119,2220000,2100000
2022-08-15 12:27:02.255000,1.29129,1.29114,1320000,2040000
2022-08-15 12:27:02.642000,1.29129,1.29114,1320000,1320000
2022-08-15 12:27:03.584000,1.29129,1.29114,2480000,1320000
2022-08-15 12:27:06.127000,1.29128,1.29113,3380000,1800000
2022-08-15 12:27:06.178000,1.29125,1.29113,1200000,2340000
2022-08-15 12:27:06.280000,1.29125,1.29113,1200000,2360000
2022-08-15 12:27:07.599000,1.29128,1.29112,1940000,1320000
2022-08-15 12:27:07.726000,1.29129,1.29112,2840000,4320000
2022-08-15 12:27:08.201000,1.29128,1.29115,2840000,1320000
2022-08-15 12:27:09.106000,1.29128,1.29114,1200000,1320000
2022-08-15 12:27:09.478000,1.29129,1.29114,1940000,1320000
2022-08-15 12:27:09.580000,1.29128,1.29115,2100000,1320000
2022-08-15 12:27:09.681000,1.29129,1.29116,3840000,1200000
2022-08-15 12:27:09.834000,1.29129,1.29114,1200000,1920000
2022-08-15 12:27:10.188000,1.29128,1.29113,1800000,2480000
2022-08-15 12:27:11.312000,1.29127,1.29113,1200000,1800000
2022-08-15 12:27:11.675000,1.29125,1.29112,1200000,1200000
2022-08-15 12:27:11.795000,1.29124,1.29111,4760000,1800000
2022-08-15 12:27:11.947000,1.29122,1.29109,1200000,1320000
2022-08-15 12:27:12.048000,1.29122,1.29108,1800000,2060000
2022-08-15 12:27:13.058000,1.29122,1.29109,1200000,1320000
2022-08-15 12:27:13.579000,1.29123,1.29109,1340000,1320000
2022-08-15 12:27:15.877000,1.29124,1.29109,1200000,1320000
2022-08-15 12:27:15.979000,1.29124,1.2911,1200000,1320000
2022-08-15 12:27:16.081000,1.29126,1.29111,1200000,2520000
2022-08-15 12:27:19.498000,1.29126,1.29112,1200000,1320000
2022-08-15 12:27:19.731000,1.29126,1.29112,1200000,1920000
2022-08-15 12:27:21.815000,1.29126,1.29111,1200000,2960000
2022-08-15 12:27:23.156000,1.29128,1.29115,1800000,1320000
2022-08-15 12:27:23.258000,1.29128,1.29116,1800000,2960000
2022-08-15 12:27:23.360000,1.2913,1.29118,1200000,1320000
2022-08-15 12:27:23.580000,1.29132,1.29118,1200000,1200000
2022-08-15 12:27:24.394000,1.29133,1.29118,1940000,1920000
2022-08-15 12:27:24.445000,1.29134,1.2912,1200000,1460000
2022-08-15 12:27:24.698000,1.29135,1.2912,1200000,1320000
2022-08-15 12:27:26.177000,1.29135,1.2912,1940000,1320000
2022-08-15 12:27:27.646000,1.29135,1.29122,2940000,1320000
2022-08-15 12:27:28.108000,1.29134,1.29121,1200000,1920000
2022-08-15 12:27:28.797000,1.29135,1.29121,1200000,1440000
2022-08-15 12:27:29.465000,1.29135,1.29121,1200000,1320000
2022-08-15 12:27:30.107000,1.29135,1.29121,1200000,1440000
2022-08-15 12:27:30.310000,1.29136,1.29121,3170000,1920000
2022-08-15 12:27:32.120000,1.29137,1.29124,1200000,1320000
2022-08-15 12:27:32.222000,1.29138,1.29124,1200000,1320000
2022-08-15 12:27:32.324000,1.29137,1.29124,2400000,1320000
2022-08-15 12:27:34.340000,1.29135,1.29123,1320000,2240000
2022-08-15 12:27:34.442000,1.29135,1.2912,1320000,1800000
2022-08-15 12:27:34.543000,1.29132,1.2912,1200000,1200000
2022-08-15 12:27:37.260000,1.29133,1.29118,1200000,2750000
2022-08-15 12:27:37.361000,1.29131,1.29118,1200000,2100000
2022-08-15 12:27:37.463000,1.2913,1.29116,1500000,1570000
2022-08-15 12:27:39.294000,1.29129,1.29115,2340000,1810000
2022-08-15 12:27:39.600000,1.2913,1.29119,2240000,1320000
2022-08-15 12:27:39.701000,1.29134,1.29119,1500000,2270000
2022-08-15 12:27:39.803000,1.29135,1.2912,1500000,2060000
2022-08-15 12:27:42.568000,1.29136,1.29122,1940000,1200000
2022-08-15 12:27:44.259000,1.29135,1.29122,3140000,2040000
2022-08-15 12:27:48.829000,1.29136,1.29121,1500000,1440000
2022-08-15 12:27:49.566000,1.29135,1.29121,1200000,1320000
2022-08-15 12:27:49.718000,1.29134,1.29119,1200000,3860000
2022-08-15 12:27:50.251000,1.29135,1.2912,1500000,1810000
2022-08-15 12:27:52.590000,1.29135,1.29121,1500000,1320000
2022-08-15 12:27:52.890000,1.29135,1.29122,1800000,2960000
2022-08-15 12:27:52.991000,1.29136,1.29122,1800000,2060000
2022-08-15 12:27:53.093000,1.29138,1.29122,4040000,1320000
2022-08-15 12:27:53.505000,1.29138,1.29122,3600000,1920000
2022-08-15 12:27:54.369000,1.29137,1.29122,1200000,1440000
2022-08-15 12:27:54.601000,1.29135,1.29123,1800000,1320000
2022-08-15 12:27:56.408000,1.29135,1.29121,1800000,2340000
2022-08-15 12:27:57.391000,1.29135,1.2912,1800000,1920000
2022-08-15 12:27:57.493000,1.29135,1.2912,1200000,1920000
2022-08-15 12:27:57.645000,1.29133,1.2912,1200000,3860000
2022-08-15 12:28:00.165000,1.29134,1.29119,1200000,3860000
2022-08-15 12:28:03.992000,1.29133,1.29119,1200000,3860000
2022-08-15 12:28:04.867000,1.29135,1.2912,1800000,2060000
2022-08-15 12:28:06.221000,1.29136,1.29121,1200000,1920000
2022-08-15 12:28:06.397000,1.29136,1.29122,1200000,1440000
2022-08-15 12:28:06.836000,1.29136,1.29123,1940000,1200000
2022-08-15 12:28:06.887000,1.29135,1.29121,1800000,3420000
2022-08-15 12:28:07.090000,1.29135,1.29121,1200000,2520000
2022-08-15 12:28:07.192000,1.29135,1.29122,1200000,2270000
2022-08-15 12:28:07.318000,1.29136,1.29121,1200000,1920000
2022-08-15 12:28:07.571000,1.29136,1.29121,1200000,2040000
2022-08-15 12:28:09.321000,1.29136,1.2912,1200000,2060000
2022-08-15 12:28:09.654000,1.29134,1.29121,1200000,1320000
2022-08-15 12:28:09.959000,1.29133,1.29118,2840000,2480000
2022-08-15 12:28:10.111000,1.2913,1.29118,1200000,1800000
2022-08-15 12:28:10.162000,1.2913,1.29116,1800000,1460000
2022-08-15 12:28:10.264000,1.29129,1.29115,4870000,1810000
2022-08-15 12:28:10.365000,1.29128,1.29113,1200000,1320000
2022-08-15 12:28:12.263000,1.29128,1.29113,1800000,1320000
2022-08-15 12:28:12.939000,1.29127,1.29113,1200000,2360000
2022-08-15 12:28:14.721000,1.29127,1.29112,1200000,5660000
2022-08-15 12:28:15.324000,1.29127,1.29112,1200000,4320000
2022-08-15 12:28:15.578000,1.29127,1.29111,1800000,2520000
2022-08-15 12:28:15.831000,1.29127,1.29111,1200000,1920000
2022-08-15 12:28:17.750000,1.29123,1.29111,1800000,1200000
2022-08-15 12:28:17.801000,1.29123,1.29108,1800000,2480000
2022-08-15 12:28:17.953000,1.29122,1.29108,1200000,1340000
2022-08-15 12:28:18.586000,1.2912,1.29107,1800000,1920000
2022-08-15 12:28:18.789000,1.29118,1.29104,1340000,1920000
2022-08-15 12:28:18.892000,1.29118,1.29103,1800000,1920000
2022-08-15 12:28:18.993000,1.29115,1.291,1800000,2520000
2022-08-15 12:28:19.044000,1.29116,1.29101,1200000,2060000
2022-08-15 12:28:19.146000,1.29116,1.29103,1800000,2960000
2022-08-15 12:28:19.197000,1.29118,1.29103,1200000,2040000
2022-08-15 12:28:19.400000,1.29117,1.29104,1800000,1920000
2022-08-15 12:28:19.704000,1.29118,1.29104,1200000,1320000
2022-08-15 12:28:19.957000,1.29119,1.29104,2400000,1320000
2022-08-15 12:28:20.159000,1.29119,1.29104,1800000,1920000
2022-08-15 12:28:20.716000,1.29119,1.29104,1800000,1920000
2022-08-15 12:28:22.583000,1.29119,1.29104,1200000,1920000
2022-08-15 12:28:22.692000,1.29119,1.29104,1200000,1920000
2022-08-15 12:28:23.337000,1.29119,1.29105,1200000,1320000
2022-08-15 12:28:23.793000,1.2912,1.29105,1200000,2040000
2022-08-15 12:28:24.568000,1.2912,1.29105,1800000,1920000
2022-08-15 12:28:24.670000,1.29119,1.29107,1200000,1200000
2022-08-15 12:28:25.590000,1.29119,1.29107,1200000,1200000
2022-08-15 12:28:25.692000,1.29119,1.29106,1200000,2060000
2022-08-15 12:28:26.401000,1.2912,1.29105,1800000,2040000
2022-08-15 12:28:26.502000,1.2912,1.29106,1200000,1320000
2022-08-15 12:28:26.553000,1.29119,1.29107,1200000,1320000
2022-08-15 12:28:26.706000,1.2912,1.29105,1940000,2040000
2022-08-15 12:28:27.112000,1.2912,1.29105,1800000,1940000
2022-08-15 12:28:27.315000,1.29118,1.29106,1200000,1200000
2022-08-15 12:28:27.518000,1.29116,1.29105,1200000,1800000
2022-08-15 12:28:27.628000,1.29117,1.29104,1200000,1920000
2022-08-15 12:28:27.730000,1.29117,1.29102,1340000,4320000
2022-08-15 12:28:27.882000,1.29117,1.29102,1340000,4320000
2022-08-15 12:28:28.034000,1.29117,1.29102,1340000,5220000
2022-08-15 12:28:29.861000,1.29116,1.29103,1800000,5220000
2022-08-15 12:28:30.132000,1.29117,1.29103,1200000,1320000
2022-08-15 12:28:30.284000,1.29117,1.29104,2840000,1320000
2022-08-15 12:28:32.981000,1.29116,1.29104,1200000,1440000
2022-08-15 12:28:33.183000,1.29117,1.29103,1200000,1320000
2022-08-15 12:28:33.820000,1.29118,1.29105,1200000,2040000
2022-08-15 12:28:33.922000,1.29118,1.29104,1200000,1920000
2022-08-15 12:28:34.529000,1.29118,1.29103,1940000,2480000
2022-08-15 12:28:34.631000,1.29116,1.29103,1200000,1800000
2022-08-15 12:28:34.732000,1.29115,1.29104,1800000,1200000
2022-08-15 12:28:34.863000,1.29115,1.29102,1800000,1920000
2022-08-15 12:28:34.964000,1.29115,1.29103,1200000,1320000
2022-08-15 12:28:35.066000,1.29116,1.29102,1200000,2360000
2022-08-15 12:28:35.167000,1.29118,1.29103,1800000,1920000
2022-08-15 12:28:35.759000,1.29118,1.29105,1200000,2520000
2022-08-15 12:28:35.961000,1.2912,1.29104,1800000,2520000
2022-08-15 12:28:36.672000,1.29119,1.29105,1200000,1320000
2022-08-15 12:28:37.850000,1.29114,1.29105,1200000,1800000
2022-08-15 12:28:37.901000,1.29115,1.29102,1200000,1920000
2022-08-15 12:28:39.041000,1.29113,1.29102,1200000,1800000
2022-08-15 12:28:39.193000,1.2911,1.29095,1200000,5220000
2022-08-15 12:28:39.396000,1.29109,1.29096,1940000,1920000
2022-08-15 12:28:39.498000,1.29107,1.29095,1800000,2060000
2022-08-15 12:28:39.600000,1.29107,1.29095,1800000,1320000
2022-08-15 12:28:40.469000,1.29107,1.29092,2170000,1810000
2022-08-15 12:28:40.520000,1.29106,1.29091,1200000,1920000
2022-08-15 12:28:40.673000,1.29103,1.29091,1200000,1920000
2022-08-15 12:28:41.366000,1.29106,1.2909,1200000,3860000
2022-08-15 12:28:41.468000,1.29105,1.29092,1200000,1920000
2022-08-15 12:28:44.514000,1.29107,1.29091,2630000,1620000
2022-08-15 12:28:46.220000,1.29107,1.29093,1800000,1920000
2022-08-15 12:28:46.271000,1.29108,1.29093,1800000,2360000
2022-08-15 12:28:46.541000,1.29107,1.29094,1200000,2960000
2022-08-15 12:28:47.371000,1.29109,1.29101,2400000,1200000
2022-08-15 12:28:47.473000,1.29109,1.291,1200000,3420000
2022-08-15 12:28:47.524000,1.29115,1.291,1200000,1320000
2022-08-15 12:28:48.389000,1.29115,1.29099,3840000,1800000
2022-08-15 12:28:48.490000,1.29112,1.29097,1200000,2040000
2022-08-15 12:28:48.541000,1.29111,1.29096,1800000,1320000
2022-08-15 12:28:49.316000,1.29112,1.29097,2400000,1320000
2022-08-15 12:28:49.418000,1.29111,1.29098,1800000,1920000
2022-08-15 12:28:49.544000,1.29112,1.29099,1940000,1320000
2022-08-15 12:28:49.645000,1.29111,1.29097,1800000,2060000
2022-08-15 12:28:49.696000,1.29111,1.29096,1200000,2060000
2022-08-15 12:28:49.848000,1.29111,1.29096,1200000,1320000
2022-08-15 12:28:50.585000,1.29112,1.29096,2400000,2960000
2022-08-15 12:28:50.639000,1.29112,1.29097,2240000,1320000
2022-08-15 12:28:50.842000,1.2911,1.29097,1200000,2960000
2022-08-15 12:28:51.371000,1.2911,1.29097,1920000,2400000
2022-08-15 12:28:51.473000,1.2911,1.29096,1200000,1340000
2022-08-15 12:28:51.625000,1.2911,1.29094,1700000,1320000
2022-08-15 12:28:51.727000,1.29109,1.29095,2160000,1320000
2022-08-15 12:28:52.589000,1.2911,1.29095,2760000,1320000
2022-08-15 12:28:53.356000,1.29111,1.29096,2300000,1320000
2022-08-15 12:28:53.407000,1.2911,1.29097,1200000,1320000
2022-08-15 12:28:54.286000,1.2911,1.29097,1200000,2060000
2022-08-15 12:28:54.438000,1.2911,1.29098,1200000,1320000
2022-08-15 12:28:54.661000,1.29111,1.29098,2520000,1320000
2022-08-15 12:28:54.965000,1.29109,1.29096,1800000,1920000
2022-08-15 12:28:55.066000,1.29109,1.29094,1200000,2520000
2022-08-15 12:28:56.040000,1.2911,1.29097,1200000,1320000
2022-08-15 12:28:56.223000,1.2911,1.29096,1200000,1320000
2022-08-15 12:28:56.690000,1.2911,1.29097,1800000,1320000
2022-08-15 12:28:58.555000,1.29109,1.29096,1800000,2060000
2022-08-15 12:29:00.796000,1.29112,1.29098,3300000,3720000
2022-08-15 12:29:00.847000,1.29112,1.29102,1800000,1320000
2022-08-15 12:29:00.898000,1.29116,1.29103,1800000,1320000
2022-08-15 12:29:01.101000,1.29116,1.29105,1200000,2480000
2022-08-15 12:29:01.202000,1.2912,1.29105,1200000,2520000
2022-08-15 12:29:01.354000,1.2912,1.29105,1200000,1320000
2022-08-15 12:29:01.607000,1.29118,1.29105,1200000,1920000
2022-08-15 12:29:02.063000,1.2912,1.29108,1200000,1200000
2022-08-15 12:29:02.215000,1.29121,1.29107,1800000,1880000
2022-08-15 12:29:02.266000,1.29122,1.29108,1200000,1800000
2022-08-15 12:29:02.419000,1.29122,1.29108,1940000,1800000
2022-08-15 12:29:02.470000,1.2912,1.29106,1200000,2040000
2022-08-15 12:29:03.470000,1.29121,1.29105,1200000,1920000
2022-08-15 12:29:03.572000,1.29123,1.29107,2240000,2040000
2022-08-15 12:29:03.724000,1.29122,1.29107,1200000,1920000
2022-08-15 12:29:04.249000,1.29121,1.29106,1200000,1460000
2022-08-15 12:29:04.350000,1.29121,1.29106,1200000,1440000
2022-08-15 12:29:04.452000,1.29121,1.29106,1200000,1880000
2022-08-15 12:29:04.705000,1.29121,1.29106,1800000,1880000
2022-08-15 12:29:05.829000,1.29117,1.29106,1200000,1200000
2022-08-15 12:29:05.930000,1.29118,1.29103,1200000,2400000
2022-08-15 12:29:06.032000,1.29118,1.29103,1200000,1340000
2022-08-15 12:29:06.134000,1.29117,1.29103,1200000,1920000
2022-08-15 12:29:06.792000,1.29118,1.29102,1800000,2220000
2022-08-15 12:29:08.434000,1.2912,1.29105,1200000,2060000
2022-08-15 12:29:08.536000,1.29121,1.29106,2840000,2060000
2022-08-15 12:29:08.637000,1.29122,1.29105,1340000,2520000
2022-08-15 12:29:08.739000,1.29121,1.29106,1460000,2520000
2022-08-15 12:29:08.840000,1.29122,1.29105,1320000,3190000
2022-08-15 12:29:08.942000,1.29123,1.29105,2290000,3650000
2022-08-15 12:29:09.246000,1.29123,1.29107,1320000,1320000
2022-08-15 12:29:10.166000,1.29121,1.29104,2520000,1920000
2022-08-15 12:29:10.267000,1.29118,1.29104,1200000,1920000
2022-08-15 12:29:10.723000,1.2912,1.29104,1320000,1340000
2022-08-15 12:29:10.989000,1.2912,1.29104,1320000,1460000
2022-08-15 12:29:12.519000,1.29121,1.29105,2060000,1920000
2022-08-15 12:29:12.620000,1.29123,1.29106,1920000,1920000
2022-08-15 12:29:12.722000,1.29123,1.29113,1200000,1200000
2022-08-15 12:29:12.824000,1.29123,1.2911,1200000,3650000
2022-08-15 12:29:12.925000,1.2913,1.29111,1920000,1920000
2022-08-15 12:29:13.363000,1.29129,1.29116,2150000,2100000
2022-08-15 12:29:13.465000,1.29118,1.29112,1800000,1200000
2022-08-15 12:29:13.516000,1.29116,1.29104,2030000,1500000
2022-08-15 12:29:13.567000,1.29114,1.29106,9080000,1500000
2022-08-15 12:29:13.618000,1.29106,1.29099,1200000,1200000
2022-08-15 12:29:13.720000,1.29103,1.29089,1200000,1320000
2022-08-15 12:29:13.821000,1.29102,1.29086,1200000,2220000
2022-08-15 12:29:13.872000,1.29096,1.29085,1210000,1500000
2022-08-15 12:29:13.923000,1.29093,1.29085,1440000,1200000
2022-08-15 12:29:14.025000,1.29094,1.29083,1920000,1200000
2022-08-15 12:29:14.127000,1.29092,1.29078,1800000,1320000
2022-08-15 12:29:14.178000,1.29092,1.29078,1200000,2220000
2022-08-15 12:29:14.229000,1.29093,1.2908,1200000,1200000
2022-08-15 12:29:14.432000,1.29095,1.2908,2480000,1200000
2022-08-15 12:29:14.585000,1.2909,1.2908,1200000,1200000
2022-08-15 12:29:14.636000,1.29093,1.29077,1200000,1320000
2022-08-15 12:29:14.737000,1.2909,1.29077,1800000,1200000
2022-08-15 12:29:15.130000,1.29091,1.29078,1200000,1200000
2022-08-15 12:29:15.487000,1.29091,1.29078,1200000,1320000
2022-08-15 12:29:15.690000,1.29094,1.29077,3860000,1320000
2022-08-15 12:29:15.741000,1.29087,1.29075,1320000,1200000
2022-08-15 12:29:15.843000,1.29088,1.29071,1320000,1920000
2022-08-15 12:29:15.945000,1.29087,1.29071,1920000,1920000
2022-08-15 12:29:15.996000,1.29088,1.2907,1320000,1920000
2022-08-15 12:29:16.359000,1.2909,1.29072,1320000,2520000
2022-08-15 12:29:16.412000,1.29092,1.29076,2060000,1880000
2022-08-15 12:29:16.513000,1.29091,1.29077,1320000,1920000
2022-08-15 12:29:16.725000,1.29093,1.29076,1320000,1920000
2022-08-15 12:29:16.928000,1.29095,1.2908,1920000,1200000
2022-08-15 12:29:17.030000,1.29094,1.29081,1440000,1320000
2022-08-15 12:29:17.131000,1.29095,1.2908,3420000,1200000
2022-08-15 12:29:17.284000,1.29094,1.29078,2480000,1920000
2022-08-15 12:29:17.385000,1.29092,1.29075,1320000,1920000
2022-08-15 12:29:18.386000,1.29092,1.29074,2480000,1320000
2022-08-15 12:29:18.437000,1.29093,1.29077,2480000,2060000
2022-08-15 12:29:18.746000,1.2909,1.29075,1320000,1920000
2022-08-15 12:29:18.848000,1.29092,1.29074,1920000,1920000
2022-08-15 12:29:19.360000,1.29089,1.29076,2820000,1200000
2022-08-15 12:29:20.164000,1.29087,1.29072,1460000,1620000
2022-08-15 12:29:20.521000,1.29088,1.29071,2220000,1320000
2022-08-15 12:29:20.622000,1.29086,1.29069,1880000,1920000
2022-08-15 12:29:20.825000,1.29087,1.29069,1320000,2820000
2022-08-15 12:29:20.927000,1.29088,1.29071,1620000,2290000
2022-08-15 12:29:21.488000,1.29084,1.29076,1200000,1200000
2022-08-15 12:29:21.741000,1.29085,1.29072,1200000,1320000
2022-08-15 12:29:21.944000,1.29084,1.29068,1810000,1760000
2022-08-15 12:29:21.996000,1.29079,1.29067,1200000,1800000
2022-08-15 12:29:22.097000,1.29078,1.29067,1200000,1200000
2022-08-15 12:29:22.767000,1.29082,1.29069,3740000,1320000
2022-08-15 12:29:22.818000,1.29085,1.29071,1500000,1320000
2022-08-15 12:29:22.869000,1.29087,1.29073,1800000,3490000
2022-08-15 12:29:22.920000,1.29091,1.29072,1920000,2290000
2022-08-15 12:29:23.073000,1.29089,1.29075,1320000,1200000
2022-08-15 12:29:23.174000,1.2909,1.29075,2520000,1200000
2022-08-15 12:29:23.276000,1.2909,1.29075,1920000,1200000
2022-08-15 12:29:23.378000,1.2909,1.29075,2820000,1200000
2022-08-15 12:29:23.429000,1.29088,1.29072,3420000,1200000
2022-08-15 12:29:23.480000,1.29083,1.29072,1320000,1200000
2022-08-15 12:29:23.583000,1.29085,1.29071,3420000,1200000
2022-08-15 12:29:23.684000,1.29086,1.2907,3420000,1200000
2022-08-15 12:29:23.786000,1.29086,1.29069,1880000,1920000
2022-08-15 12:29:24.150000,1.29082,1.2907,2480000,1200000
2022-08-15 12:29:24.201000,1.29082,1.29067,1880000,1320000
2022-08-15 12:29:24.303000,1.29082,1.29067,2940000,1320000
2022-08-15 12:29:24.404000,1.29082,1.29067,2960000,1200000
2022-08-15 12:29:24.697000,1.29082,1.29066,2960000,1920000
2022-08-15 12:29:24.799000,1.29081,1.29068,2960000,1200000
2022-08-15 12:29:25.461000,1.2908,1.29067,1320000,1200000
2022-08-15 12:29:25.664000,1.29082,1.29067,2520000,1200000
2022-08-15 12:29:25.816000,1.2908,1.29067,1320000,1200000
2022-08-15 12:29:26.224000,1.29079,1.29066,1320000,1320000
2022-08-15 12:29:27.176000,1.2908,1.29064,1320000,1920000
2022-08-15 12:29:27.277000,1.2908,1.29066,1320000,1320000
2022-08-15 12:29:27.816000,1.29081,1.29065,1320000,1320000
2022-08-15 12:29:27.917000,1.29081,1.29065,2360000,2060000
2022-08-15 12:29:28.069000,1.29082,1.29066,2060000,1320000
2022-08-15 12:29:28.222000,1.29082,1.29065,2960000,1920000
2022-08-15 12:29:28.424000,1.29081,1.29065,3260000,2060000
2022-08-15 12:29:28.475000,1.29082,1.29064,2780000,2060000
2022-08-15 12:29:28.577000,1.29084,1.29068,1320000,1920000
2022-08-15 12:29:28.679000,1.29086,1.29069,1460000,1920000
2022-08-15 12:29:28.781000,1.29085,1.2907,1440000,1920000
2022-08-15 12:29:28.883000,1.29087,1.29069,4320000,1800000
2022-08-15 12:29:28.985000,1.29087,1.29069,4620000,1800000
2022-08-15 12:29:29.342000,1.29086,1.2907,4090000,2100000
2022-08-15 12:29:29.444000,1.29086,1.2907,4390000,2100000
2022-08-15 12:29:30.957000,1.29089,1.29072,2960000,1200000
2022-08-15 12:29:31.362000,1.29087,1.29072,1320000,1940000
2022-08-15 12:29:31.463000,1.29089,1.29071,2360000,2100000
2022-08-15 12:29:31.615000,1.29089,1.29071,2360000,1200000
2022-08-15 12:29:31.717000,1.29089,1.29074,1320000,1200000
2022-08-15 12:29:31.947000,1.2909,1.29073,3420000,1800000
2022-08-15 12:29:33.993000,1.29089,1.29074,3420000,1800000
2022-08-15 12:29:34.145000,1.2909,1.29073,3420000,1800000
2022-08-15 12:29:35.058000,1.29088,1.29071,1460000,2100000
2022-08-15 12:29:35.159000,1.29089,1.29072,3260000,1200000
2022-08-15 12:29:35.261000,1.29088,1.2907,1460000,2100000
2022-08-15 12:29:35.584000,1.29089,1.29073,3650000,1200000
2022-08-15 12:29:35.970000,1.2909,1.29072,4090000,1200000
2022-08-15 12:29:36.071000,1.2909,1.29073,2820000,1200000
2022-08-15 12:29:36.173000,1.29093,1.29074,2520000,1200000
2022-08-15 12:29:36.275000,1.29093,1.29076,1460000,1200000
2022-08-15 12:29:36.376000,1.29093,1.29076,1460000,1200000
2022-08-15 12:29:36.735000,1.29093,1.29076,2520000,1200000
2022-08-15 12:29:39.238000,1.29095,1.29076,3420000,1940000
2022-08-15 12:29:39.340000,1.29095,1.29077,3950000,1500000
2022-08-15 12:29:39.898000,1.29095,1.29077,1460000,2270000
2022-08-15 12:29:40.318000,1.29096,1.29078,2150000,1200000
2022-08-15 12:29:40.369000,1.29099,1.2908,4090000,1800000
2022-08-15 12:29:40.924000,1.29099,1.2908,2220000,1800000
2022-08-15 12:29:41.196000,1.291,1.29082,1920000,1800000
2022-08-15 12:29:41.298000,1.29099,1.29084,2220000,1800000
2022-08-15 12:29:41.971000,1.29102,1.29084,2520000,1200000
2022-08-15 12:29:42.297000,1.29103,1.29085,2060000,1800000
2022-08-15 12:29:42.399000,1.29105,1.29092,2270000,1340000
2022-08-15 12:29:42.500000,1.29107,1.29094,1200000,1940000
2022-08-15 12:29:42.551000,1.29111,1.29094,2290000,1940000
2022-08-15 12:29:42.653000,1.29112,1.29094,2220000,2170000
2022-08-15 12:29:42.870000,1.29111,1.29094,4320000,1940000
2022-08-15 12:29:43.035000,1.29111,1.29093,1920000,1800000
2022-08-15 12:29:43.088000,1.29114,1.29096,2220000,1800000
2022-08-15 12:29:43.241000,1.29113,1.29096,2220000,1800000
2022-08-15 12:29:43.292000,1.29113,1.29095,2960000,1940000
2022-08-15 12:29:43.394000,1.2911,1.29095,1920000,1800000
2022-08-15 12:29:43.597000,1.29112,1.29094,1920000,1800000
2022-08-15 12:29:43.799000,1.29111,1.29094,1920000,1340000
2022-08-15 12:29:44.306000,1.29111,1.29095,1620000,1800000
2022-08-15 12:29:44.408000,1.29115,1.29096,4160000,1800000
2022-08-15 12:29:44.509000,1.29113,1.29096,2220000,1200000
2022-08-15 12:29:44.662000,1.29114,1.29096,4160000,1200000
2022-08-15 12:29:44.763000,1.29113,1.29095,4320000,1800000
2022-08-15 12:29:44.966000,1.29114,1.29096,2360000,1920000
2022-08-15 12:29:45.068000,1.29112,1.29097,2750000,1920000
2022-08-15 12:29:45.170000,1.29112,1.29097,1460000,1920000
2022-08-15 12:29:45.271000,1.29113,1.29095,2520000,1800000
2022-08-15 12:29:45.322000,1.29113,1.29095,1320000,1320000
2022-08-15 12:29:45.424000,1.29114,1.29095,4160000,1200000
2022-08-15 12:29:45.526000,1.29113,1.29095,1320000,1920000
2022-08-15 12:29:45.627000,1.29113,1.29095,2820000,1200000
2022-08-15 12:29:45.729000,1.29112,1.29094,1320000,1200000
2022-08-15 12:29:46.159000,1.2911,1.29095,1460000,1200000
2022-08-15 12:29:46.485000,1.29112,1.29094,2960000,1200000
2022-08-15 12:29:46.830000,1.29108,1.29091,1320000,1200000
2022-08-15 12:29:47.083000,1.29108,1.29091,1460000,1200000
2022-08-15 12:29:47.848000,1.29109,1.29092,1320000,1200000
2022-08-15 12:29:48.356000,1.29107,1.29091,1320000,1200000
2022-08-15 12:29:48.407000,1.29106,1.29089,1920000,1200000
2022-08-15 12:29:48.459000,1.29105,1.29087,1320000,1200000
2022-08-15 12:29:49.293000,1.29105,1.29087,3420000,1200000
2022-08-15 12:29:49.394000,1.29105,1.29087,1920000,1200000
2022-08-15 12:29:49.496000,1.29108,1.2909,1920000,1200000
2022-08-15 12:29:49.598000,1.2911,1.29091,1320000,1200000
2022-08-15 12:29:50.253000,1.29111,1.29093,1320000,1200000
2022-08-15 12:29:50.405000,1.29112,1.29095,2820000,1200000
2022-08-15 12:29:50.659000,1.29113,1.29093,2820000,1200000
2022-08-15 12:29:51.062000,1.29112,1.29092,3720000,1200000
2022-08-15 12:29:52.899000,1.29109,1.2909,1920000,1200000
2022-08-15 12:29:53,1.29107,1.2909,1920000,1200000
2022-08-15 12:29:53.102000,1.29107,1.29089,1920000,1200000
2022-08-15 12:29:53.456000,1.29108,1.29089,1320000,1200000
2022-08-15 12:29:53.558000,1.2911,1.29091,3720000,2700000
2022-08-15 12:29:53.660000,1.29111,1.29091,1920000,1200000
2022-08-15 12:29:55.098000,1.29111,1.29094,1200000,1200000
2022-08-15 12:29:55.409000,1.2911,1.29093,1200000,1200000
2022-08-15 12:29:55.510000,1.29111,1.29091,5060000,1880000
2022-08-15 12:29:55.894000,1.29107,1.29089,1920000,1200000
2022-08-15 12:29:58.015000,1.29107,1.2909,2150000,1200000
2022-08-15 12:29:58.117000,1.29109,1.29092,1320000,1200000
2022-08-15 12:29:58.220000,1.29111,1.29091,1920000,1200000
2022-08-15 12:29:59.166000,1.2911,1.29092,1320000,1800000
2022-08-15 12:29:59.673000,1.29113,1.29094,1800000,1800000
2022-08-15 12:29:59.725000,1.29113,1.29097,1200000,1200000
2022-08-15 12:29:59.776000,1.29113,1.29095,1920000,1200000
2022-08-15 12:29:59.877000,1.29113,1.29095,1880000,1200000
2022-08-15 12:30:00.097000,1.29107,1.29094,1500000,1200000
2022-08-15 12:30:00.199000,1.2909,1.2907,1920000,4730000
2022-08-15 12:30:00.250000,1.29086,1.29062,1320000,4430000
2022-08-15 12:30:00.301000,1.29084,1.29072,1320000,1200000
2022-08-15 12:30:00.403000,1.29085,1.29074,1800000,1200000
2022-08-15 12:30:00.505000,1.29088,1.29067,2700000,1800000
2022-08-15 12:30:00.556000,1.29091,1.29077,1320000,1200000
2022-08-15 12:30:00.607000,1.29092,1.29071,4940000,1200000
2022-08-15 12:30:00.658000,1.29091,1.29074,1800000,1200000
2022-08-15 12:30:00.782000,1.29095,1.2908,2120000,1200000
2022-08-15 12:30:00.887000,1.29094,1.2908,1920000,1200000
2022-08-15 12:30:01.687000,1.29091,1.29079,1320000,1200000
2022-08-15 12:30:01.738000,1.29094,1.29073,1920000,1200000
2022-08-15 12:30:01.789000,1.29089,1.29071,1200000,1320000
2022-08-15 12:30:01.891000,1.29091,1.2908,1800000,1200000
2022-08-15 12:30:02.163000,1.29093,1.2908,1320000,1200000
2022-08-15 12:30:02.264000,1.29094,1.2908,1920000,1200000
2022-08-15 12:30:02.417000,1.29094,1.29079,2820000,1200000
2022-08-15 12:30:02.518000,1.29089,1.2907,1320000,1200000
2022-08-15 12:30:02.670000,1.29089,1.29079,1320000,1200000
2022-08-15 12:30:02.772000,1.29088,1.2908,1320000,1200000
2022-08-15 12:30:02.823000,1.29087,1.2907,1320000,1880000
2022-08-15 12:30:02.874000,1.29091,1.2908,4160000,1200000
2022-08-15 12:30:02.976000,1.29088,1.29068,1320000,1200000
2022-08-15 12:30:03.128000,1.29092,1.29071,1920000,1340000
2022-08-15 12:30:03.179000,1.29093,1.29079,1320000,1200000
2022-08-15 12:30:03.281000,1.29094,1.29079,1920000,1200000
2022-08-15 12:30:03.389000,1.29087,1.2908,1320000,1200000
2022-08-15 12:30:03.440000,1.29088,1.29069,1320000,1880000
2022-08-15 12:30:03.542000,1.2909,1.29069,1320000,1920000
2022-08-15 12:30:03.643000,1.2909,1.29071,1320000,1320000
2022-08-15 12:30:03.694000,1.2909,1.29079,1320000,1200000
2022-08-15 12:30:03.746000,1.2909,1.29071,1920000,1320000
2022-08-15 12:30:04.101000,1.29088,1.29071,1320000,2820000
2022-08-15 12:30:04.202000,1.29085,1.29066,1800000,2820000
2022-08-15 12:30:04.320000,1.2908,1.29066,1200000,1200000
2022-08-15 12:30:04.374000,1.29079,1.29063,2780000,1920000
2022-08-15 12:30:04.476000,1.29081,1.29064,1440000,1320000
2022-08-15 12:30:04.578000,1.2908,1.29064,1200000,1320000
2022-08-15 12:30:04.680000,1.29081,1.29064,1340000,1320000
2022-08-15 12:30:04.781000,1.29079,1.29065,1200000,1320000
2022-08-15 12:30:04.883000,1.29079,1.29063,2700000,1920000
2022-08-15 12:30:05.011000,1.29082,1.29063,4140000,2150000
2022-08-15 12:30:05.113000,1.2908,1.29063,3300000,1880000
2022-08-15 12:30:05.215000,1.29071,1.29059,1340000,1200000
2022-08-15 12:30:05.266000,1.29073,1.2906,1340000,1200000
2022-08-15 12:30:05.671000,1.29076,1.29057,1200000,1920000
2022-08-15 12:30:05.773000,1.29075,1.29063,1200000,1320000
2022-08-15 12:30:05.875000,1.29076,1.29062,1200000,1920000
2022-08-15 12:30:05.926000,1.29075,1.29063,1200000,1320000
2022-08-15 12:30:06.027000,1.29076,1.29063,1200000,1320000
2022-08-15 12:30:06.129000,1.29074,1.29061,1800000,1320000
2022-08-15 12:30:06.231000,1.29073,1.2906,1800000,1320000
2022-08-15 12:30:06.332000,1.29075,1.2906,1800000,1320000
2022-08-15 12:30:06.384000,1.29077,1.2906,1200000,1920000
2022-08-15 12:30:06.434000,1.2908,1.2906,5180000,1920000
2022-08-15 12:30:06.536000,1.29076,1.2906,1800000,1320000
2022-08-15 12:30:06.638000,1.29078,1.29061,2400000,1920000
2022-08-15 12:30:06.740000,1.29079,1.29061,1500000,1320000
2022-08-15 12:30:06.842000,1.29081,1.29065,1200000,2360000
2022-08-15 12:30:06.893000,1.29083,1.29066,1800000,3260000
2022-08-15 12:30:06.994000,1.29082,1.29067,1200000,1940000
2022-08-15 12:30:07.045000,1.29087,1.29068,1800000,2960000
2022-08-15 12:30:07.147000,1.29083,1.29066,1320000,1320000
2022-08-15 12:30:07.274000,1.29087,1.29067,2240000,1320000
2022-08-15 12:30:07.325000,1.29089,1.2907,1200000,3860000
2022-08-15 12:30:07.427000,1.29089,1.29076,1200000,2820000
2022-08-15 12:30:07.478000,1.29093,1.29075,1500000,1460000
2022-08-15 12:30:07.529000,1.29092,1.29076,1200000,1460000
2022-08-15 12:30:07.631000,1.29094,1.29074,1800000,1920000
2022-08-15 12:30:07.682000,1.29091,1.29072,1800000,1920000
2022-08-15 12:30:07.784000,1.2909,1.29072,1800000,1320000
2022-08-15 12:30:07.890000,1.2909,1.29075,1200000,1920000
2022-08-15 12:30:07.941000,1.29096,1.29076,2700000,2150000
2022-08-15 12:30:07.992000,1.29096,1.29076,3600000,1920000
2022-08-15 12:30:08.094000,1.29093,1.29074,1800000,1320000
2022-08-15 12:30:08.196000,1.29096,1.29077,1500000,1320000
2022-08-15 12:30:08.247000,1.29095,1.29075,1920000,1320000
2022-08-15 12:30:08.450000,1.29093,1.29076,1200000,1320000
2022-08-15 12:30:08.501000,1.29096,1.29075,1800000,2820000
2022-08-15 12:30:08.653000,1.29093,1.29074,1800000,1320000
2022-08-15 12:30:08.755000,1.29092,1.29073,1200000,1320000
2022-08-15 12:30:08.856000,1.29093,1.29073,1200000,1320000
2022-08-15 12:30:08.958000,1.29091,1.29071,1800000,1320000
2022-08-15 12:30:09.060000,1.29094,1.29073,1800000,2820000
2022-08-15 12:30:09.162000,1.29089,1.29072,2400000,2820000
2022-08-15 12:30:09.213000,1.29093,1.29073,1800000,1920000
2022-08-15 12:30:09.315000,1.29088,1.29069,2780000,1320000
2022-08-15 12:30:09.417000,1.29088,1.2907,1200000,1320000
2022-08-15 12:30:09.468000,1.29088,1.29071,1320000,1880000
2022-08-15 12:30:09.519000,1.29088,1.29071,1200000,1320000
2022-08-15 12:30:09.570000,1.2909,1.29071,1880000,1320000
2022-08-15 12:30:09.671000,1.2909,1.29071,1800000,1320000
2022-08-15 12:30:09.773000,1.29091,1.29072,1800000,1320000
2022-08-15 12:30:09.824000,1.29088,1.29069,1200000,1920000
2022-08-15 12:30:09.926000,1.29088,1.29068,2780000,1460000
2022-08-15 12:30:10.179000,1.29087,1.2907,1200000,2820000
2022-08-15 12:30:10.331000,1.29087,1.2907,1200000,2820000
2022-08-15 12:30:10.433000,1.29091,1.29072,1200000,2820000
2022-08-15 12:30:10.557000,1.29088,1.29071,1200000,1320000
2022-08-15 12:30:10.817000,1.29092,1.29072,1200000,3260000
2022-08-15 12:30:10.919000,1.29092,1.29073,3600000,3260000
2022-08-15 12:30:11.223000,1.29093,1.29075,2780000,1920000
2022-08-15 12:30:11.352000,1.29093,1.29072,1800000,2360000
2022-08-15 12:30:11.403000,1.2909,1.29072,1800000,1320000
2022-08-15 12:30:11.505000,1.29092,1.29073,1200000,1320000
2022-08-15 12:30:11.607000,1.29093,1.29073,1800000,1320000
2022-08-15 12:30:11.709000,1.2909,1.29071,1800000,1320000
2022-08-15 12:30:11.828000,1.29093,1.29074,1800000,1920000
2022-08-15 12:30:11.930000,1.29094,1.29073,1800000,1460000
2022-08-15 12:30:12.031000,1.29094,1.29073,2700000,1320000
2022-08-15 12:30:12.184000,1.2909,1.2907,1200000,2820000
2022-08-15 12:30:12.235000,1.29088,1.29069,1200000,1320000
2022-08-15 12:30:12.337000,1.29089,1.2907,1880000,3720000
2022-08-15 12:30:12.388000,1.29088,1.29069,1200000,2820000
2022-08-15 12:30:12.590000,1.2909,1.2907,2400000,1320000
2022-08-15 12:30:12.743000,1.29088,1.29069,1200000,2820000
2022-08-15 12:30:12.844000,1.29085,1.29067,1800000,1320000
2022-08-15 12:30:12.946000,1.29085,1.29067,1940000,1320000
2022-08-15 12:30:13.356000,1.29086,1.29068,2400000,1920000
2022-08-15 12:30:13.457000,1.29089,1.2907,1200000,5960000
2022-08-15 12:30:13.661000,1.29093,1.29072,1800000,1920000
2022-08-15 12:30:13.762000,1.29094,1.29072,1800000,1920000
2022-08-15 12:30:13.914000,1.29094,1.29073,2400000,2520000
2022-08-15 12:30:14.016000,1.29096,1.29075,2930000,2150000
2022-08-15 12:30:14.118000,1.29095,1.29074,2400000,1920000
2022-08-15 12:30:14.169000,1.29094,1.2908,1800000,1920000
2022-08-15 12:30:14.271000,1.29095,1.29078,1800000,1920000
2022-08-15 12:30:14.322000,1.29098,1.29079,1940000,1920000
2022-08-15 12:30:14.728000,1.29098,1.29079,1800000,4320000
2022-08-15 12:30:14.931000,1.29099,1.29081,4200000,1800000
2022-08-15 12:30:15.084000,1.29096,1.2908,1800000,1920000
2022-08-15 12:30:15.186000,1.29095,1.2908,2100000,3650000
2022-08-15 12:30:15.287000,1.29095,1.29077,1200000,2960000
2022-08-15 12:30:15.389000,1.29089,1.29077,1200000,1800000
2022-08-15 12:30:15.491000,1.29087,1.29072,1200000,2520000
2022-08-15 12:30:15.643000,1.29088,1.2907,3300000,2040000
2022-08-15 12:30:15.745000,1.29087,1.2907,2400000,1320000
2022-08-15 12:30:15.897000,1.29085,1.29071,1200000,1320000
2022-08-15 12:30:15.999000,1.29086,1.2907,1200000,1320000
2022-08-15 12:30:16.204000,1.29084,1.29071,1200000,1320000
2022-08-15 12:30:16.306000,1.29084,1.29067,1940000,2060000
2022-08-15 12:30:16.873000,1.29081,1.29064,2400000,1320000
2022-08-15 12:30:16.974000,1.29081,1.29064,1340000,1920000
2022-08-15 12:30:17.025000,1.29081,1.29065,1340000,1920000
2022-08-15 12:30:17.127000,1.29082,1.29066,1800000,3860000
2022-08-15 12:30:17.280000,1.29083,1.29067,1800000,1320000
2022-08-15 12:30:17.483000,1.29083,1.29068,1340000,1320000
2022-08-15 12:30:17.584000,1.29082,1.2907,1340000,1320000
2022-08-15 12:30:17.686000,1.29087,1.29072,1200000,1340000
2022-08-15 12:30:17.788000,1.29087,1.29071,1800000,1320000
2022-08-15 12:30:17.889000,1.29086,1.29068,1800000,2060000
2022-08-15 12:30:17.991000,1.29083,1.29069,1500000,1810000
2022-08-15 12:30:18.094000,1.29082,1.29068,1200000,1320000
2022-08-15 12:30:18.195000,1.29083,1.29067,1200000,1320000
2022-08-15 12:30:18.297000,1.29084,1.29068,1200000,1320000
2022-08-15 12:30:18.399000,1.29084,1.29069,1200000,1320000
2022-08-15 12:30:18.501000,1.29083,1.29068,1940000,1320000
2022-08-15 12:30:18.603000,1.29081,1.29065,1200000,5220000
2022-08-15 12:30:18.705000,1.29076,1.29066,1200000,2400000
2022-08-15 12:30:18.806000,1.29078,1.2906,3420000,1920000
2022-08-15 12:30:18.908000,1.29075,1.29062,1200000,2360000
2022-08-15 12:30:19.010000,1.29076,1.2906,1200000,4320000
2022-08-15 12:30:19.112000,1.29077,1.29061,1800000,2360000
2022-08-15 12:30:19.482000,1.29078,1.29064,1200000,1320000
2022-08-15 12:30:19.533000,1.29081,1.29064,2480000,2520000
2022-08-15 12:30:19.635000,1.29082,1.29065,1800000,2360000
2022-08-15 12:30:19.737000,1.29081,1.29066,1500000,2820000
2022-08-15 12:30:19.838000,1.29081,1.29067,1200000,1920000
2022-08-15 12:30:20.103000,1.2908,1.29065,1200000,3860000
2022-08-15 12:30:20.205000,1.2908,1.29064,2040000,4320000
2022-08-15 12:30:20.256000,1.29081,1.29065,2060000,1920000
2022-08-15 12:30:20.408000,1.2908,1.29067,1940000,1920000
2022-08-15 12:30:20.459000,1.29083,1.29067,1200000,2520000
2022-08-15 12:30:20.561000,1.29083,1.29067,1320000,1920000
2022-08-15 12:30:20.916000,1.29083,1.29067,1920000,1920000
2022-08-15 12:30:21.023000,1.29082,1.29066,1200000,1320000
2022-08-15 12:30:21.260000,1.29082,1.29066,1200000,1320000
2022-08-15 12:30:21.472000,1.29082,1.29068,1340000,1320000
2022-08-15 12:30:21.951000,1.2908,1.29067,1200000,1920000
2022-08-15 12:30:22.053000,1.29083,1.29066,4740000,2060000
2022-08-15 12:30:22.104000,1.29082,1.29066,2040000,1320000
2022-08-15 12:30:22.206000,1.29078,1.29064,1320000,4200000
2022-08-15 12:30:22.308000,1.29077,1.29064,1320000,1200000
2022-08-15 12:30:22.410000,1.29077,1.29065,1320000,1320000
2022-08-15 12:30:22.773000,1.29079,1.29064,1200000,1460000
2022-08-15 12:30:22.824000,1.2908,1.29067,1200000,1320000
2022-08-15 12:30:22.925000,1.29082,1.29066,1800000,1320000
2022-08-15 12:30:22.977000,1.29081,1.29067,2520000,1320000
2022-08-15 12:30:23.151000,1.29081,1.29066,3420000,1320000
2022-08-15 12:30:23.303000,1.29082,1.29067,1920000,1880000
2022-08-15 12:30:23.405000,1.29085,1.29071,4640000,1320000
2022-08-15 12:30:23.507000,1.29085,1.29073,1800000,1920000
2022-08-15 12:30:23.609000,1.29085,1.29076,1200000,2400000
2022-08-15 12:30:23.660000,1.29092,1.29076,1800000,2520000
2022-08-15 12:30:23.711000,1.29092,1.29079,1800000,2520000
2022-08-15 12:30:23.762000,1.29095,1.29081,1800000,1320000
2022-08-15 12:30:23.864000,1.29094,1.29082,1200000,1320000
2022-08-15 12:30:23.966000,1.29097,1.29079,1460000,4320000
2022-08-15 12:30:24.227000,1.29098,1.29082,1800000,2960000
2022-08-15 12:30:24.329000,1.29101,1.29087,1800000,1320000
2022-08-15 12:30:24.430000,1.29102,1.29088,1200000,2060000
2022-08-15 12:30:24.481000,1.29106,1.29089,1320000,1460000
2022-08-15 12:30:24.532000,1.29105,1.29087,1920000,4160000
2022-08-15 12:30:24.635000,1.29105,1.29086,3420000,2820000
2022-08-15 12:30:24.736000,1.29105,1.29088,3860000,2060000
2022-08-15 12:30:24.939000,1.29105,1.29087,3260000,1320000
2022-08-15 12:30:25.142000,1.29105,1.29087,1320000,1920000
2022-08-15 12:30:25.294000,1.29104,1.29087,3420000,1460000
2022-08-15 12:30:25.598000,1.29105,1.29088,1460000,2340000
2022-08-15 12:30:25.649000,1.29104,1.29089,1320000,3860000
2022-08-15 12:30:25.802000,1.29106,1.29092,2700000,1920000
2022-08-15 12:30:25.904000,1.29107,1.29095,1200000,1320000
2022-08-15 12:30:26.005000,1.29109,1.29093,1920000,1320000
2022-08-15 12:30:26.309000,1.29107,1.29092,3720000,1200000
2022-08-15 12:30:26.361000,1.29107,1.29092,1920000,2060000
2022-08-15 12:30:26.462000,1.29109,1.29091,2060000,1320000
2022-08-15 12:30:26.873000,1.29109,1.29091,2060000,1320000
2022-08-15 12:30:27.071000,1.29105,1.2909,1920000,2940000
2022-08-15 12:30:27.173000,1.29105,1.29089,2520000,1200000
2022-08-15 12:30:27.275000,1.29103,1.29088,1320000,1320000
2022-08-15 12:30:27.675000,1.29104,1.29086,1320000,1320000
2022-08-15 12:30:27.776000,1.29104,1.29088,1800000,2060000
2022-08-15 12:30:27.878000,1.29107,1.29093,1200000,1320000
2022-08-15 12:30:27.929000,1.29109,1.29094,1920000,1320000
2022-08-15 12:30:28.031000,1.2911,1.29097,1800000,1320000
2022-08-15 12:30:28.133000,1.2911,1.29098,1200000,1920000
2022-08-15 12:30:28.234000,1.29117,1.29099,1320000,1920000
2022-08-15 12:30:28.786000,1.29118,1.29102,1920000,1320000
2022-08-15 12:30:28.916000,1.29118,1.291,1320000,2220000
2022-08-15 12:30:29.018000,1.29114,1.29099,1320000,1800000
2022-08-15 12:30:29.120000,1.29112,1.29096,1920000,1320000
2022-08-15 12:30:29.481000,1.29112,1.29095,1320000,1200000
2022-08-15 12:30:29.583000,1.29111,1.29093,1320000,1320000
2022-08-15 12:30:29.787000,1.29111,1.29092,3380000,4760000
2022-08-15 12:30:29.889000,1.29114,1.29096,1920000,1320000
2022-08-15 12:30:30.056000,1.29112,1.29097,2960000,1320000
2022-08-15 12:30:30.158000,1.29111,1.29094,1320000,1320000
2022-08-15 12:30:30.260000,1.2911,1.29095,2060000,1320000
2022-08-15 12:30:30.845000,1.29111,1.29094,2060000,1920000
2022-08-15 12:30:31.077000,1.29111,1.29097,1800000,1320000
2022-08-15 12:30:31.178000,1.29111,1.29097,1800000,2520000
2022-08-15 12:30:31.229000,1.29114,1.29099,1320000,1320000
2022-08-15 12:30:31.483000,1.29113,1.29098,1320000,2520000
2022-08-15 12:30:31.585000,1.29109,1.29096,1320000,1800000
2022-08-15 12:30:31.686000,1.29106,1.29095,1200000,1200000
2022-08-15 12:30:31.788000,1.29105,1.29092,1200000,4280000
2022-08-15 12:30:31.890000,1.29106,1.29092,1200000,4320000
2022-08-15 12:30:32.143000,1.29106,1.29089,1320000,4320000
2022-08-15 12:30:32.574000,1.29107,1.29094,1200000,1920000
2022-08-15 12:30:32.676000,1.29108,1.29097,1940000,1920000
2022-08-15 12:30:32.778000,1.29113,1.29097,2060000,4320000
2022-08-15 12:30:32.930000,1.29114,1.29101,1340000,1920000
2022-08-15 12:30:33.082000,1.29115,1.29103,1320000,1320000
2022-08-15 12:30:33.184000,1.29118,1.29103,2040000,1320000
2022-08-15 12:30:33.286000,1.29118,1.29103,1320000,1320000
2022-08-15 12:30:33.438000,1.29117,1.29103,1920000,1320000
2022-08-15 12:30:33.744000,1.29119,1.29103,1320000,1320000
2022-08-15 12:30:33.846000,1.29118,1.29104,1320000,1320000
2022-08-15 12:30:33.976000,1.29117,1.29102,1320000,4320000
2022-08-15 12:30:34.078000,1.29115,1.29101,1320000,1800000
2022-08-15 12:30:34.180000,1.29111,1.29101,1320000,1200000
2022-08-15 12:30:34.332000,1.2911,1.29093,1320000,1320000
2022-08-15 12:30:34.434000,1.2911,1.29094,1320000,1320000
2022-08-15 12:30:34.536000,1.29107,1.29095,1200000,1320000
2022-08-15 12:30:34.738000,1.29108,1.29095,1440000,1320000
2022-08-15 12:30:34.848000,1.2911,1.29093,2060000,2060000
2022-08-15 12:30:34.950000,1.29106,1.29093,1320000,1800000
2022-08-15 12:30:35.001000,1.29103,1.29088,1320000,2060000
2022-08-15 12:30:35.102000,1.29103,1.29087,1320000,1920000
2022-08-15 12:30:35.204000,1.29103,1.29085,1920000,1320000
2022-08-15 12:30:35.407000,1.29103,1.29085,1320000,1320000
2022-08-15 12:30:35.610000,1.29105,1.29091,2750000,1200000
2022-08-15 12:30:35.712000,1.29112,1.29098,1940000,1800000
2022-08-15 12:30:35.763000,1.29118,1.29099,1200000,1340000
2022-08-15 12:30:35.864000,1.29112,1.29099,1200000,1340000
2022-08-15 12:30:35.915000,1.29109,1.291,1200000,1200000
2022-08-15 12:30:36.017000,1.29113,1.29099,1200000,1200000
2022-08-15 12:30:36.122000,1.29114,1.29099,1200000,1200000
2022-08-15 12:30:36.223000,1.29115,1.29098,1320000,1920000
2022-08-15 12:30:36.274000,1.2911,1.29097,1200000,1920000
2022-08-15 12:30:36.376000,1.2911,1.29098,1340000,1320000
2022-08-15 12:30:36.478000,1.2911,1.29094,1340000,3860000
2022-08-15 12:30:36.579000,1.2911,1.29094,1800000,1880000
2022-08-15 12:30:36.884000,1.29108,1.29094,1800000,1320000
2022-08-15 12:30:37.382000,1.29108,1.29092,1800000,1920000
2022-08-15 12:30:37.483000,1.29107,1.29093,1800000,1920000
2022-08-15 12:30:38.322000,1.29108,1.29092,1340000,1920000
2022-08-15 12:30:39.581000,1.29108,1.29091,1940000,1320000
2022-08-15 12:30:39.683000,1.29106,1.2909,1200000,1320000
2022-08-15 12:30:39.841000,1.29107,1.29092,1200000,1880000
2022-08-15 12:30:39.942000,1.29108,1.29092,1940000,2340000
2022-08-15 12:30:40.094000,1.29108,1.29092,2400000,2340000
2022-08-15 12:30:40.246000,1.29107,1.2909,1200000,2960000
2022-08-15 12:30:40.371000,1.29106,1.2909,1200000,1920000
2022-08-15 12:30:40.474000,1.29105,1.29091,1200000,2060000
2022-08-15 12:30:40.934000,1.29107,1.29092,1940000,1880000
2022-08-15 12:30:41.035000,1.29107,1.29092,1200000,1880000
2022-08-15 12:30:41.266000,1.29107,1.29092,1200000,1920000
2022-08-15 12:30:41.843000,1.29107,1.29092,1200000,1880000
2022-08-15 12:30:41.944000,1.29107,1.29091,1200000,1320000
2022-08-15 12:30:42.612000,1.29106,1.29094,1800000,1320000
2022-08-15 12:30:42.714000,1.29107,1.29092,1800000,1920000
2022-08-15 12:30:42.765000,1.29108,1.29092,1200000,2060000
2022-08-15 12:30:42.918000,1.29107,1.29093,1200000,2060000
2022-08-15 12:30:43.146000,1.29108,1.29095,3140000,1320000
2022-08-15 12:30:43.298000,1.2911,1.29094,1340000,1320000
2022-08-15 12:30:43.400000,1.2911,1.29094,1200000,1320000
2022-08-15 12:30:43.704000,1.2911,1.29094,1200000,1320000
2022-08-15 12:30:44.199000,1.29108,1.29092,1200000,5220000
2022-08-15 12:30:44.716000,1.29107,1.29091,1200000,1920000
2022-08-15 12:30:45.206000,1.29107,1.2909,1800000,2960000
2022-08-15 12:30:45.257000,1.29105,1.29091,1200000,2480000
2022-08-15 12:30:45.359000,1.29104,1.2909,1200000,1800000
2022-08-15 12:30:45.410000,1.29104,1.29088,1800000,2360000
2022-08-15 12:30:45.563000,1.29097,1.29086,1200000,2100000
2022-08-15 12:30:45.614000,1.29097,1.29082,1200000,2780000
2022-08-15 12:30:45.665000,1.29096,1.29081,1200000,1320000
2022-08-15 12:30:45.767000,1.29093,1.29079,1940000,1800000
2022-08-15 12:30:45.818000,1.29091,1.29075,1200000,1920000
2022-08-15 12:30:45.869000,1.2909,1.29074,1940000,1320000
2022-08-15 12:30:45.971000,1.2909,1.29072,2040000,2060000
2022-08-15 12:30:46.073000,1.29089,1.29073,1200000,1920000
2022-08-15 12:30:46.225000,1.29091,1.29074,1200000,2820000
2022-08-15 12:30:46.326000,1.29092,1.29076,1940000,1920000
2022-08-15 12:30:46.428000,1.29093,1.29076,1200000,2360000
2022-08-15 12:30:46.631000,1.29093,1.29076,1200000,2360000
2022-08-15 12:30:47.332000,1.29092,1.29076,1200000,2360000
2022-08-15 12:30:47.434000,1.29091,1.29077,1200000,2060000
2022-08-15 12:30:47.485000,1.29091,1.29077,1800000,1320000
2022-08-15 12:30:47.587000,1.29091,1.29076,1800000,2060000
2022-08-15 12:30:48.408000,1.29093,1.29077,1940000,2060000
2022-08-15 12:30:48.561000,1.29093,1.29079,1200000,1320000
2022-08-15 12:30:48.713000,1.29094,1.29077,1800000,2520000
2022-08-15 12:30:48.815000,1.29091,1.29076,1200000,1920000
2022-08-15 12:30:48.917000,1.29092,1.29076,1200000,1920000
2022-08-15 12:30:49.044000,1.29091,1.29075,1200000,1320000
2022-08-15 12:30:49.147000,1.29091,1.29075,1200000,1320000
2022-08-15 12:30:49.808000,1.2909,1.29077,1200000,1200000
2022-08-15 12:30:50.213000,1.29093,1.29076,1940000,1920000
2022-08-15 12:30:50.315000,1.29092,1.29075,1200000,2060000
2022-08-15 12:30:50.417000,1.29092,1.29076,1200000,1320000
2022-08-15 12:30:50.518000,1.29092,1.29077,3300000,1320000
2022-08-15 12:30:51.441000,1.29091,1.29076,1200000,1200000
2022-08-15 12:30:51.543000,1.29089,1.29076,1800000,1340000
2022-08-15 12:30:51.774000,1.29089,1.29072,1200000,2060000
2022-08-15 12:30:51.926000,1.29091,1.29076,1800000,1920000
2022-08-15 12:30:52.028000,1.2909,1.29079,1200000,1320000
2022-08-15 12:30:52.079000,1.29093,1.29078,1200000,1320000
2022-08-15 12:30:52.181000,1.29091,1.29077,1200000,1200000
2022-08-15 12:30:52.282000,1.29092,1.29076,1200000,1320000
2022-08-15 12:30:53.610000,1.29093,1.29076,4200000,1320000
2022-08-15 12:30:53.941000,1.29091,1.29076,1200000,1320000
2022-08-15 12:30:54.043000,1.29092,1.29076,2240000,1320000
2022-08-15 12:30:54.418000,1.29089,1.29077,1440000,1200000
2022-08-15 12:30:54.520000,1.29087,1.29074,1800000,1800000
2022-08-15 12:30:54.622000,1.29085,1.29069,1200000,1320000
2022-08-15 12:30:55.175000,1.29083,1.29067,2400000,1920000
2022-08-15 12:30:55.277000,1.29083,1.29066,2840000,1320000
2022-08-15 12:30:55.531000,1.29083,1.29066,4200000,1320000
2022-08-15 12:30:55.936000,1.29083,1.29067,1320000,1320000
2022-08-15 12:30:56.234000,1.29082,1.29068,1200000,1920000
2022-08-15 12:30:56.386000,1.29083,1.29068,1340000,1320000
2022-08-15 12:30:56.539000,1.29082,1.29066,2040000,1320000
2022-08-15 12:30:57.626000,1.29076,1.29065,1200000,1200000
2022-08-15 12:30:57.677000,1.29079,1.29066,1800000,1200000
2022-08-15 12:30:57.778000,1.2908,1.29064,1800000,1920000
2022-08-15 12:30:58.645000,1.2908,1.29064,3300000,2520000
2022-08-15 12:30:58.747000,1.29081,1.29064,1200000,2520000
2022-08-15 12:30:58.848000,1.29081,1.29066,3300000,3420000
2022-08-15 12:30:58.950000,1.29084,1.29068,3600000,1920000
2022-08-15 12:30:59.153000,1.29085,1.29068,2480000,2520000
2022-08-15 12:30:59.659000,1.29081,1.29066,1320000,1320000
2022-08-15 12:31:00.150000,1.29082,1.29067,1800000,1920000
2022-08-15 12:31:00.201000,1.29082,1.29069,1940000,1320000
2022-08-15 12:31:00.302000,1.29084,1.2907,1200000,1440000
2022-08-15 12:31:00.825000,1.29083,1.29068,1200000,1800000
2022-08-15 12:31:00.927000,1.2908,1.29067,1200000,2060000
2022-08-15 12:31:01.042000,1.2908,1.29066,3300000,1320000
2022-08-15 12:31:01.094000,1.29075,1.29064,1200000,1200000
2022-08-15 12:31:01.246000,1.29074,1.29059,1200000,3240000
2022-08-15 12:31:01.499000,1.29074,1.29059,1320000,1200000
2022-08-15 12:31:01.601000,1.29073,1.2906,1320000,1340000
2022-08-15 12:31:01.887000,1.29073,1.29059,1320000,1880000
2022-08-15 12:31:02.039000,1.29073,1.29057,1200000,1320000
2022-08-15 12:31:02.090000,1.29073,1.29061,1200000,1320000
2022-08-15 12:31:02.141000,1.29076,1.29062,1800000,1320000
2022-08-15 12:31:02.496000,1.29076,1.2906,1200000,1320000
2022-08-15 12:31:02.598000,1.29075,1.29059,1200000,1920000
2022-08-15 12:31:02.700000,1.29075,1.29058,1800000,2060000
2022-08-15 12:31:02.751000,1.29075,1.29059,1200000,1320000
2022-08-15 12:31:03.165000,1.29075,1.2906,1800000,2060000
2022-08-15 12:31:03.266000,1.29075,1.29062,1800000,1200000
2022-08-15 12:31:03.680000,1.29076,1.29064,1200000,1920000
2022-08-15 12:31:03.782000,1.29076,1.29066,1200000,1200000
2022-08-15 12:31:05.009000,1.29075,1.29068,1200000,1800000
2022-08-15 12:31:05.111000,1.29082,1.29068,1920000,1200000
2022-08-15 12:31:05.213000,1.29082,1.29067,1920000,1940000
2022-08-15 12:31:05.412000,1.29082,1.29067,2040000,2240000
2022-08-15 12:31:07.053000,1.29081,1.29065,1320000,1940000
2022-08-15 12:31:07.205000,1.2908,1.29065,1320000,1800000
2022-08-15 12:31:07.307000,1.29079,1.29065,1200000,1340000
2022-08-15 12:31:07.409000,1.29079,1.29064,1320000,1940000
2022-08-15 12:31:07.778000,1.29079,1.29064,2520000,1800000
2022-08-15 12:31:07.880000,1.2908,1.29067,2060000,1200000
2022-08-15 12:31:07.981000,1.29079,1.29066,1320000,1200000
2022-08-15 12:31:08.083000,1.29079,1.29064,1920000,1800000
2022-08-15 12:31:08.185000,1.29076,1.29064,1920000,1200000
2022-08-15 12:31:08.236000,1.29076,1.29061,1920000,1800000
2022-08-15 12:31:08.626000,1.29077,1.29062,2520000,1200000
2022-08-15 12:31:09.907000,1.29077,1.29062,1460000,1940000
2022-08-15 12:31:10.008000,1.29077,1.29064,1320000,1200000
2022-08-15 12:31:10.110000,1.29078,1.29063,1320000,1200000
2022-08-15 12:31:10.212000,1.29077,1.29064,2060000,1200000
2022-08-15 12:31:10.473000,1.29079,1.29065,4320000,1200000
2022-08-15 12:31:10.575000,1.29079,1.29066,3840000,2240000
2022-08-15 12:31:10.676000,1.2908,1.29065,1800000,2040000
2022-08-15 12:31:10.727000,1.29081,1.29068,1200000,2840000
2022-08-15 12:31:10.829000,1.29083,1.29069,3300000,1340000
2022-08-15 12:31:10.931000,1.29082,1.2907,1340000,1800000
2022-08-15 12:31:11.134000,1.29084,1.29069,1800000,2940000
2022-08-15 12:31:11.286000,1.29084,1.2907,1320000,1940000
2022-08-15 12:31:11.387000,1.29085,1.2907,1440000,1940000
2022-08-15 12:31:11.489000,1.29085,1.29071,1460000,1200000
2022-08-15 12:31:11.641000,1.29084,1.29069,1320000,1940000
2022-08-15 12:31:11.743000,1.29084,1.29069,1920000,1800000
2022-08-15 12:31:11.845000,1.29083,1.29069,1320000,1340000
2022-08-15 12:31:11.946000,1.29083,1.2907,1320000,1800000
2022-08-15 12:31:12.048000,1.29085,1.2907,2060000,1200000
2022-08-15 12:31:12.392000,1.29084,1.29073,1800000,3860000
2022-08-15 12:31:12.494000,1.29088,1.29075,1200000,1200000
2022-08-15 12:31:12.595000,1.2909,1.29075,2040000,1200000
2022-08-15 12:31:12.697000,1.29088,1.29076,1340000,1200000
2022-08-15 12:31:13.053000,1.29091,1.29076,1320000,2400000
2022-08-15 12:31:13.206000,1.29091,1.29077,1320000,1200000
2022-08-15 12:31:13.307000,1.29093,1.29078,3860000,3840000
2022-08-15 12:31:13.409000,1.29093,1.29081,1920000,1200000
2022-08-15 12:31:13.511000,1.29095,1.2908,1320000,1800000
2022-08-15 12:31:13.613000,1.29095,1.2908,1920000,1200000
2022-08-15 12:31:13.664000,1.29094,1.2908,1920000,1800000
2022-08-15 12:31:13.968000,1.29095,1.2908,1320000,1200000
2022-08-15 12:31:14.690000,1.29096,1.29082,2360000,1200000
2022-08-15 12:31:14.791000,1.29098,1.29081,3190000,1200000
2022-08-15 12:31:14.893000,1.29096,1.29082,1320000,1200000
2022-08-15 12:31:15.064000,1.29092,1.2908,1320000,1800000
2022-08-15 12:31:15.216000,1.29097,1.29081,1320000,2040000
2022-08-15 12:31:15.318000,1.29096,1.29085,1200000,1200000
2022-08-15 12:31:15.420000,1.29097,1.29086,2400000,1920000
2022-08-15 12:31:15.522000,1.29101,1.29087,1320000,1200000
2022-08-15 12:31:15.624000,1.29101,1.29087,1320000,1320000
2022-08-15 12:31:15.776000,1.29102,1.29086,1320000,2040000
2022-08-15 12:31:15.827000,1.29103,1.29089,3380000,2940000
2022-08-15 12:31:15.929000,1.29107,1.29091,1320000,1200000
2022-08-15 12:31:16.132000,1.29105,1.29091,1320000,1200000
2022-08-15 12:31:16.322000,1.29106,1.2909,1320000,1200000
2022-08-15 12:31:16.373000,1.29107,1.29097,1800000,1200000
2022-08-15 12:31:16.475000,1.29113,1.29101,1200000,2400000
2022-08-15 12:31:16.526000,1.29116,1.29102,1800000,1800000
2022-08-15 12:31:16.577000,1.29119,1.29102,2060000,1340000
2022-08-15 12:31:16.679000,1.29117,1.29102,1920000,1800000
2022-08-15 12:31:17.185000,1.29118,1.29101,1440000,1920000
2022-08-15 12:31:17.287000,1.29118,1.29101,1320000,1920000
2022-08-15 12:31:18.095000,1.29117,1.29101,1920000,1200000
2022-08-15 12:31:18.234000,1.29116,1.29102,2060000,1200000
2022-08-15 12:31:19.118000,1.29117,1.29102,2060000,1940000
2022-08-15 12:31:19.220000,1.29118,1.29102,1320000,1200000
2022-08-15 12:31:19.367000,1.29117,1.29103,1320000,1200000
2022-08-15 12:31:19.468000,1.29118,1.29101,1920000,1200000
2022-08-15 12:31:21.355000,1.29117,1.29103,1320000,1200000
2022-08-15 12:31:21.456000,1.29118,1.29102,1320000,1500000
2022-08-15 12:31:21.840000,1.2912,1.29106,1320000,1200000
2022-08-15 12:31:21.942000,1.29121,1.29106,2040000,1200000
2022-08-15 12:31:22.043000,1.29121,1.29105,2060000,1200000
2022-08-15 12:31:22.145000,1.29119,1.29104,1320000,1940000
2022-08-15 12:31:22.252000,1.29119,1.29103,1320000,1200000
2022-08-15 12:31:22.672000,1.29119,1.29103,1320000,1200000
2022-08-15 12:31:22.875000,1.29119,1.29103,1320000,1200000
2022-08-15 12:31:22.977000,1.2912,1.29104,1320000,1200000
2022-08-15 12:31:23.410000,1.29116,1.29102,1200000,3840000
2022-08-15 12:31:23.912000,1.29117,1.29104,1200000,2240000
2022-08-15 12:31:24.384000,1.29118,1.29103,1200000,2400000
2022-08-15 12:31:24.628000,1.29115,1.29103,1200000,3740000
2022-08-15 12:31:24.730000,1.29115,1.29103,1200000,1880000
2022-08-15 12:31:24.882000,1.29116,1.29105,1200000,1200000
2022-08-15 12:31:24.933000,1.29119,1.29106,1200000,2470000
2022-08-15 12:31:25.035000,1.29121,1.29106,1200000,2700000
2022-08-15 12:31:25.086000,1.29123,1.29106,1320000,5180000
2022-08-15 12:31:25.188000,1.29123,1.29108,1920000,1200000
2022-08-15 12:31:25.500000,1.29126,1.29109,1320000,4280000
2022-08-15 12:31:25.603000,1.29127,1.2911,1320000,1200000
2022-08-15 12:31:26.058000,1.29127,1.2911,1320000,1200000
2022-08-15 12:31:26.160000,1.29122,1.29108,1200000,1800000
2022-08-15 12:31:26.262000,1.29122,1.29108,1920000,1800000
2022-08-15 12:31:26.313000,1.29121,1.29105,1320000,1940000
2022-08-15 12:31:26.535000,1.29122,1.29105,2060000,1940000
2022-08-15 12:31:26.637000,1.29121,1.29106,1920000,1940000
2022-08-15 12:31:27.504000,1.29121,1.29105,1320000,1200000
2022-08-15 12:31:27.605000,1.29119,1.29105,1440000,1200000
2022-08-15 12:31:27.707000,1.2912,1.29104,1320000,1200000
2022-08-15 12:31:28.689000,1.29124,1.29107,1920000,2400000
2022-08-15 12:31:28.791000,1.29125,1.29112,1200000,1200000
2022-08-15 12:31:28.893000,1.29127,1.29111,1340000,1200000
2022-08-15 12:31:28.994000,1.29127,1.29112,1800000,1200000
2022-08-15 12:31:30.620000,1.29125,1.29111,1320000,1800000
2022-08-15 12:31:30.722000,1.29125,1.29112,1320000,1940000
2022-08-15 12:31:30.823000,1.29125,1.29112,2060000,1200000
2022-08-15 12:31:30.925000,1.29126,1.29111,1920000,1200000
2022-08-15 12:31:31.280000,1.29125,1.29113,1800000,1920000
2022-08-15 12:31:31.331000,1.29128,1.29115,1920000,1200000
2022-08-15 12:31:31.759000,1.29128,1.29115,1920000,1200000
2022-08-15 12:31:31.810000,1.29128,1.29113,1320000,1200000
2022-08-15 12:31:32.064000,1.29128,1.29113,1440000,1200000
2022-08-15 12:31:32.570000,1.29129,1.29114,1320000,1200000
2022-08-15 12:31:32.723000,1.29129,1.29114,1320000,1200000
2022-08-15 12:31:33.313000,1.2913,1.29114,1920000,1200000
2022-08-15 12:31:33.466000,1.29131,1.29115,1800000,2060000
2022-08-15 12:31:33.568000,1.29131,1.29117,1200000,1320000
2022-08-15 12:31:33.669000,1.29133,1.29117,1320000,1320000
2022-08-15 12:31:33.937000,1.29134,1.29117,1920000,1320000
2022-08-15 12:31:34.110000,1.29135,1.29117,5220000,2040000
2022-08-15 12:31:34.212000,1.29134,1.29118,3420000,2040000
2022-08-15 12:31:34.476000,1.29135,1.29117,3420000,2040000
2022-08-15 12:31:35.078000,1.29135,1.29119,1920000,1800000
2022-08-15 12:31:35.179000,1.29134,1.29121,1920000,1200000
2022-08-15 12:31:35.230000,1.29136,1.29122,1440000,2040000
2022-08-15 12:31:36.025000,1.29139,1.29123,1920000,1200000
2022-08-15 12:31:36.363000,1.2914,1.29123,5220000,1200000
2022-08-15 12:31:36.515000,1.29139,1.29124,4200000,1320000
2022-08-15 12:31:36.617000,1.29139,1.29123,1200000,1320000
2022-08-15 12:31:36.729000,1.2914,1.29124,1340000,2060000
2022-08-15 12:31:36.885000,1.29142,1.29125,3300000,1320000
2022-08-15 12:31:37.430000,1.2914,1.29126,1200000,1320000
2022-08-15 12:31:38.134000,1.2914,1.29125,1200000,1340000
2022-08-15 12:31:39.386000,1.29139,1.29125,1200000,1920000
2022-08-15 12:31:39.862000,1.2914,1.29124,1940000,1920000
2022-08-15 12:31:40.167000,1.29137,1.29122,1200000,1920000
2022-08-15 12:31:40.268000,1.29139,1.29123,1800000,1920000
2022-08-15 12:31:40.370000,1.29139,1.29124,1940000,2060000
2022-08-15 12:31:41.288000,1.2914,1.29123,1800000,5220000
2022-08-15 12:31:41.398000,1.2914,1.29125,1800000,1320000
2022-08-15 12:31:41.500000,1.29146,1.29129,2400000,1920000
2022-08-15 12:31:41.602000,1.29146,1.29129,3740000,1320000
2022-08-15 12:31:41.704000,1.29146,1.29129,1800000,2960000
2022-08-15 12:31:41.907000,1.29146,1.29129,1200000,2520000
2022-08-15 12:31:42.009000,1.29144,1.29127,1200000,3420000
2022-08-15 12:31:42.110000,1.29145,1.29128,1940000,1460000
2022-08-15 12:31:42.212000,1.29145,1.29128,1800000,2520000
2022-08-15 12:31:42.314000,1.29146,1.29129,3300000,1320000
2022-08-15 12:31:42.415000,1.29144,1.29129,1200000,4760000
2022-08-15 12:31:42.567000,1.29147,1.29129,1200000,5220000
2022-08-15 12:31:42.720000,1.29147,1.2913,1200000,2520000
2022-08-15 12:31:44.257000,1.29149,1.29135,1200000,2060000
2022-08-15 12:31:44.309000,1.29152,1.29135,1200000,4760000
2022-08-15 12:31:44.613000,1.29152,1.29137,1340000,2960000
2022-08-15 12:31:45.893000,1.29152,1.29138,1200000,1320000
2022-08-15 12:31:45.994000,1.29155,1.29138,1800000,1320000
2022-08-15 12:31:46.384000,1.29156,1.29142,1800000,1920000
2022-08-15 12:31:46.485000,1.29159,1.29145,1200000,1320000
2022-08-15 12:31:46.716000,1.29161,1.29145,1200000,1320000
2022-08-15 12:31:47.405000,1.29161,1.29145,1200000,1320000
2022-08-15 12:31:47.710000,1.29161,1.29145,1200000,1320000
2022-08-15 12:31:47.862000,1.29162,1.29145,1800000,2060000
2022-08-15 12:31:47.964000,1.2916,1.29146,1200000,1920000
2022-08-15 12:31:48.065000,1.2916,1.29144,1200000,1320000
2022-08-15 12:31:48.218000,1.2916,1.29144,1200000,1320000
2022-08-15 12:31:49.002000,1.29161,1.29145,1200000,1320000
2022-08-15 12:31:49.761000,1.29159,1.29146,1880000,1200000
2022-08-15 12:31:49.812000,1.29159,1.29144,1800000,1800000
2022-08-15 12:31:49.964000,1.29156,1.29142,1200000,2040000
2022-08-15 12:31:50.749000,1.29158,1.29142,1200000,1920000
2022-08-15 12:31:50.901000,1.29159,1.29143,1800000,1320000
2022-08-15 12:31:51.057000,1.29159,1.29145,1200000,1320000
2022-08-15 12:31:51.959000,1.29158,1.29145,1200000,2040000
2022-08-15 12:31:52.061000,1.29159,1.29144,1200000,1920000
2022-08-15 12:31:52.219000,1.29156,1.29144,1200000,1200000
2022-08-15 12:31:52.321000,1.29156,1.29142,1200000,1440000
2022-08-15 12:31:52.422000,1.29156,1.29141,1200000,1320000
2022-08-15 12:31:53.181000,1.29156,1.29141,1200000,1200000
2022-08-15 12:31:54.830000,1.29155,1.2914,1800000,1320000
2022-08-15 12:31:55.033000,1.29153,1.29139,1200000,1200000
2022-08-15 12:31:55.134000,1.29152,1.29137,2400000,1800000
2022-08-15 12:31:55.236000,1.29151,1.29136,1200000,1920000
2022-08-15 12:31:55.439000,1.29149,1.29135,1200000,1200000
2022-08-15 12:31:55.541000,1.29149,1.29132,1940000,2940000
2022-08-15 12:31:55.672000,1.29145,1.29131,1200000,2060000
2022-08-15 12:31:56.738000,1.29146,1.29131,1200000,1320000
2022-08-15 12:31:59.227000,1.29143,1.2913,1200000,5100000
2022-08-15 12:31:59.439000,1.29144,1.29129,1940000,1880000
2022-08-15 12:32:00.110000,1.29145,1.2913,1940000,1200000
2022-08-15 12:32:00.364000,1.29144,1.29132,1800000,1920000
2022-08-15 12:32:00.415000,1.29146,1.29133,1200000,1920000
2022-08-15 12:32:00.567000,1.29145,1.29133,1200000,1440000
2022-08-15 12:32:01.271000,1.29145,1.29132,1200000,1920000
2022-08-15 12:32:02.315000,1.29145,1.29131,1200000,1800000
2022-08-15 12:32:02.367000,1.29142,1.2913,1200000,1920000
2022-08-15 12:32:02.570000,1.29143,1.29128,1200000,2060000
2022-08-15 12:32:02.722000,1.29144,1.29129,1200000,1920000
2022-08-15 12:32:02.874000,1.29144,1.29129,1200000,2040000
2022-08-15 12:32:03.128000,1.29145,1.2913,1800000,1320000
2022-08-15 12:32:03.483000,1.29146,1.29131,1200000,2040000
2022-08-15 12:32:04.140000,1.29145,1.29131,1200000,1800000
2022-08-15 12:32:04.191000,1.29144,1.29129,1200000,2040000
2022-08-15 12:32:04.394000,1.29145,1.29129,1800000,3860000
2022-08-15 12:32:04.648000,1.29142,1.29128,1200000,2520000
2022-08-15 12:32:04.749000,1.29142,1.29127,1200000,1920000
2022-08-15 12:32:04.952000,1.29143,1.29127,1200000,2520000
2022-08-15 12:32:05.554000,1.29144,1.29128,1940000,1320000
2022-08-15 12:32:05.706000,1.29143,1.29127,1200000,3860000
2022-08-15 12:32:05.808000,1.29144,1.29127,1800000,6560000
2022-08-15 12:32:05.909000,1.29144,1.29128,1200000,2060000
2022-08-15 12:32:06.033000,1.29142,1.29129,1200000,2060000
2022-08-15 12:32:06.661000,1.29143,1.2913,1200000,2040000
2022-08-15 12:32:06.813000,1.29143,1.2913,1800000,1920000
2022-08-15 12:32:07.016000,1.29144,1.29129,1200000,2060000
2022-08-15 12:32:07.118000,1.29144,1.29129,1800000,1920000
2022-08-15 12:32:07.220000,1.29142,1.29129,1200000,2060000
2022-08-15 12:32:07.489000,1.29144,1.29129,1800000,1920000
2022-08-15 12:32:07.793000,1.29144,1.29129,1200000,2040000
2022-08-15 12:32:07.896000,1.29144,1.29129,1800000,2040000
2022-08-15 12:32:07.998000,1.29143,1.2913,1200000,3420000
2022-08-15 12:32:08.473000,1.29145,1.2913,1800000,1320000
2022-08-15 12:32:08.524000,1.29145,1.29134,1800000,1200000
2022-08-15 12:32:08.626000,1.2915,1.29135,1880000,2040000
2022-08-15 12:32:09.281000,1.29151,1.29136,1940000,1320000
2022-08-15 12:32:09.731000,1.2915,1.29135,1200000,1800000
2022-08-15 12:32:09.782000,1.29146,1.29133,1200000,2240000
2022-08-15 12:32:09.934000,1.29144,1.29134,1200000,1800000
2022-08-15 12:32:10.036000,1.29146,1.2913,3380000,1320000
2022-08-15 12:32:10.138000,1.29144,1.29129,1200000,3420000
2022-08-15 12:32:10.240000,1.29145,1.29132,2400000,1320000
2022-08-15 12:32:10.442000,1.29147,1.29131,1940000,1320000
2022-08-15 12:32:10.544000,1.29145,1.2913,1800000,2040000
2022-08-15 12:32:10.646000,1.29144,1.29129,1200000,1320000
2022-08-15 12:32:10.747000,1.29145,1.29129,1800000,2960000
2022-08-15 12:32:11.495000,1.29145,1.29131,1340000,1320000
2022-08-15 12:32:11.651000,1.29146,1.29135,1800000,3420000
2022-08-15 12:32:11.702000,1.29151,1.29136,1200000,1940000
2022-08-15 12:32:11.905000,1.29149,1.29136,1200000,1200000
2022-08-15 12:32:12.007000,1.29151,1.29136,1920000,1320000
2022-08-15 12:32:12.108000,1.29152,1.29137,1320000,1320000
2022-08-15 12:32:12.261000,1.2915,1.29137,1320000,1320000
2022-08-15 12:32:12.363000,1.29152,1.29136,2040000,1320000
2022-08-15 12:32:12.515000,1.29152,1.29137,1920000,1920000
2022-08-15 12:32:12.846000,1.2915,1.29137,1920000,3420000
2022-08-15 12:32:13.049000,1.2915,1.29137,1920000,3420000
2022-08-15 12:32:13.298000,1.2915,1.29136,1320000,1920000
2022-08-15 12:32:13.501000,1.29146,1.29131,1920000,5220000
2022-08-15 12:32:13.653000,1.29147,1.29132,1320000,1320000
2022-08-15 12:32:14.054000,1.29148,1.29134,1200000,2820000
2022-08-15 12:32:14.156000,1.29151,1.29136,2040000,1320000
2022-08-15 12:32:14.207000,1.29149,1.29135,1320000,2100000
2022-08-15 12:32:14.258000,1.29148,1.29136,1920000,1800000
2022-08-15 12:32:14.309000,1.29145,1.29135,1200000,1200000
2022-08-15 12:32:14.360000,1.29145,1.2913,1320000,1920000
2022-08-15 12:32:14.513000,1.29143,1.2913,1200000,1200000
2022-08-15 12:32:14.615000,1.29144,1.29129,1320000,1320000
2022-08-15 12:32:14.717000,1.29141,1.29129,2040000,1800000
2022-08-15 12:32:14.819000,1.29138,1.29126,2060000,1340000
2022-08-15 12:32:14.870000,1.29138,1.29122,2060000,1320000
2022-08-15 12:32:14.972000,1.29137,1.2912,1320000,2820000
2022-08-15 12:32:15.074000,1.29138,1.29121,1920000,1920000
2022-08-15 12:32:15.473000,1.29136,1.29121,1320000,2960000
2022-08-15 12:32:16.114000,1.29136,1.29121,1200000,2520000
2022-08-15 12:32:17.521000,1.29137,1.29124,1200000,1320000
2022-08-15 12:32:17.572000,1.29138,1.29126,1800000,2520000
2022-08-15 12:32:17.724000,1.29143,1.29128,2060000,1920000
2022-08-15 12:32:17.978000,1.29144,1.29129,1920000,1320000
2022-08-15 12:32:18.166000,1.29143,1.29128,1320000,1920000
2022-08-15 12:32:18.268000,1.29141,1.29128,1320000,1200000
2022-08-15 12:32:18.369000,1.29141,1.29126,1320000,1460000
2022-08-15 12:32:18.471000,1.29141,1.29126,1200000,1340000
2022-08-15 12:32:18.896000,1.29141,1.29126,1200000,1460000
2022-08-15 12:32:18.998000,1.29141,1.29127,1800000,2060000
2022-08-15 12:32:19.049000,1.29143,1.29127,1940000,1320000
2022-08-15 12:32:19.302000,1.29141,1.29127,1200000,3860000
2022-08-15 12:32:19.455000,1.29142,1.29126,2480000,1920000
2022-08-15 12:32:19.753000,1.29139,1.29126,1200000,1320000
2022-08-15 12:32:19.804000,1.29141,1.29126,1800000,1920000
2022-08-15 12:32:19.855000,1.29141,1.29128,1200000,1320000
2022-08-15 12:32:20.058000,1.29142,1.29127,1200000,2520000
2022-08-15 12:32:20.160000,1.29144,1.29128,1200000,2060000
2022-08-15 12:32:20.262000,1.29144,1.29131,4640000,1200000
2022-08-15 12:32:20.363000,1.29145,1.2913,1800000,1320000
2022-08-15 12:32:20.465000,1.29145,1.2913,1800000,1320000
2022-08-15 12:32:20.516000,1.29147,1.29131,1200000,1320000
2022-08-15 12:32:20.758000,1.29145,1.2913,1200000,1920000
2022-08-15 12:32:20.860000,1.29144,1.2913,1200000,1920000
2022-08-15 12:32:20.962000,1.29142,1.2913,1200000,1800000
2022-08-15 12:32:21.013000,1.29141,1.29129,1200000,2520000
2022-08-15 12:32:21.115000,1.29143,1.29128,1200000,2520000
2022-08-15 12:32:21.318000,1.29142,1.29129,1200000,2060000
2022-08-15 12:32:21.622000,1.29143,1.29128,1340000,2060000
2022-08-15 12:32:21.724000,1.29143,1.29128,1340000,4320000
2022-08-15 12:32:21.826000,1.29143,1.2913,1800000,1920000
2022-08-15 12:32:21.927000,1.29144,1.29129,1200000,1920000
2022-08-15 12:32:22.079000,1.29142,1.29129,1800000,2520000
2022-08-15 12:32:22.181000,1.29143,1.29128,1800000,2520000
2022-08-15 12:32:22.283000,1.29143,1.29128,1200000,2520000
2022-08-15 12:32:22.505000,1.29143,1.29128,1800000,2520000
2022-08-15 12:32:22.607000,1.29142,1.29129,1340000,2960000
2022-08-15 12:32:22.709000,1.29143,1.29128,1200000,2520000
2022-08-15 12:32:22.760000,1.29144,1.29129,1200000,1920000
2022-08-15 12:32:22.912000,1.29145,1.29132,1940000,1880000
2022-08-15 12:32:22.963000,1.29145,1.29132,1200000,2060000
2022-08-15 12:32:23.065000,1.29147,1.29132,1200000,3860000
2022-08-15 12:32:23.166000,1.29147,1.29132,1800000,1800000
2022-08-15 12:32:23.268000,1.29145,1.2913,1200000,2060000
2022-08-15 12:32:23.673000,1.29145,1.2913,1200000,2060000
2022-08-15 12:32:23.825000,1.29145,1.2913,1200000,1920000
2022-08-15 12:32:23.927000,1.29146,1.29131,1800000,2060000
2022-08-15 12:32:24.029000,1.29145,1.29132,1800000,2960000
2022-08-15 12:32:24.131000,1.29149,1.29135,1800000,1320000
2022-08-15 12:32:24.233000,1.29148,1.29135,2400000,5040000
2022-08-15 12:32:24.284000,1.2915,1.29135,2400000,1800000
2022-08-15 12:32:24.487000,1.29149,1.29134,1200000,4320000
2022-08-15 12:32:24.842000,1.29151,1.29135,1940000,1920000
2022-08-15 12:32:24.943000,1.2915,1.29136,1940000,4320000
2022-08-15 12:32:25.060000,1.29151,1.29136,1800000,1320000
2022-08-15 12:32:25.482000,1.29151,1.29136,1200000,1920000
2022-08-15 12:32:25.837000,1.2915,1.29135,1200000,2040000
2022-08-15 12:32:25.939000,1.2915,1.29135,1200000,1920000
2022-08-15 12:32:26.041000,1.29149,1.29133,1200000,1320000
2022-08-15 12:32:26.092000,1.29147,1.29133,1200000,1920000
2022-08-15 12:32:26.244000,1.29146,1.29131,1200000,2060000
2022-08-15 12:32:26.405000,1.29144,1.29132,1200000,1920000
2022-08-15 12:32:26.506000,1.29142,1.2913,1200000,4320000
2022-08-15 12:32:26.914000,1.29143,1.29128,1200000,4320000
2022-08-15 12:32:27.133000,1.29142,1.29127,1800000,5220000
2022-08-15 12:32:27.234000,1.29139,1.29128,1200000,1800000
2022-08-15 12:32:27.336000,1.29138,1.29125,1200000,1800000
2022-08-15 12:32:27.438000,1.29139,1.29125,1200000,1920000
2022-08-15 12:32:27.591000,1.29139,1.29124,1200000,2040000
2022-08-15 12:32:27.794000,1.29141,1.29126,1200000,1920000
2022-08-15 12:32:27.946000,1.29144,1.29129,3300000,1320000
2022-08-15 12:32:28.048000,1.29144,1.2913,1940000,1320000
2022-08-15 12:32:28.149000,1.29145,1.2913,1200000,1320000
2022-08-15 12:32:28.251000,1.29145,1.29131,1940000,1320000
2022-08-15 12:32:28.362000,1.29145,1.29132,1200000,1320000
2022-08-15 12:32:28.720000,1.29142,1.29129,1200000,2060000
2022-08-15 12:32:29.075000,1.29142,1.29129,1800000,1800000
2022-08-15 12:32:29.176000,1.29142,1.29127,1200000,1800000
2022-08-15 12:32:29.316000,1.29141,1.29128,1800000,1800000
2022-08-15 12:32:29.913000,1.29142,1.29127,1800000,1800000
2022-08-15 12:32:31.201000,1.29141,1.29128,1200000,1800000
2022-08-15 12:32:31.752000,1.29138,1.29127,1200000,1200000
2022-08-15 12:32:31.803000,1.29138,1.29123,1200000,1920000
2022-08-15 12:32:31.854000,1.29138,1.29123,1200000,2040000
2022-08-15 12:32:31.956000,1.29137,1.29124,1200000,1880000
2022-08-15 12:32:32.277000,1.29138,1.29128,1200000,1200000
2022-08-15 12:32:32.379000,1.29138,1.29128,1200000,2520000
2022-08-15 12:32:32.480000,1.29143,1.29129,2400000,1920000
2022-08-15 12:32:32.781000,1.29143,1.29127,1800000,2960000
2022-08-15 12:32:32.882000,1.29143,1.29127,1200000,3420000
2022-08-15 12:32:32.984000,1.29144,1.29128,1200000,2060000
2022-08-15 12:32:33.086000,1.29144,1.29129,1200000,1320000
2022-08-15 12:32:33.849000,1.29143,1.29129,1200000,2040000
2022-08-15 12:32:34.305000,1.29143,1.29128,1200000,1320000
2022-08-15 12:32:34.407000,1.29144,1.29128,1200000,2040000
2022-08-15 12:32:35.338000,1.29144,1.29129,1200000,1920000
2022-08-15 12:32:35.440000,1.29144,1.29128,1200000,1920000
2022-08-15 12:32:36.010000,1.29145,1.2913,1940000,1200000
2022-08-15 12:32:37.081000,1.29145,1.2913,1800000,2360000
2022-08-15 12:32:37.283000,1.29147,1.29131,2400000,1320000
2022-08-15 12:32:37.827000,1.29148,1.29133,1340000,2040000
2022-08-15 12:32:38.029000,1.29147,1.29132,1800000,1320000
2022-08-15 12:32:38.825000,1.29147,1.29132,1800000,1320000
2022-08-15 12:32:39.027000,1.29149,1.29133,2400000,2040000
2022-08-15 12:32:39.606000,1.29148,1.29133,1200000,1340000
2022-08-15 12:32:39.809000,1.29147,1.29131,2400000,2060000
2022-08-15 12:32:41.687000,1.29147,1.29133,1200000,1920000
2022-08-15 12:32:41.789000,1.29147,1.29134,1200000,1920000
2022-08-15 12:32:41.891000,1.29148,1.29133,1200000,1440000
2022-08-15 12:32:42.043000,1.29149,1.29135,3300000,1320000
2022-08-15 12:32:42.144000,1.29151,1.29135,4200000,2480000
2022-08-15 12:32:43.330000,1.29152,1.29142,2400000,1800000
2022-08-15 12:32:43.432000,1.29154,1.29144,1200000,1920000
2022-08-15 12:32:43.483000,1.29154,1.29146,1200000,1920000
2022-08-15 12:32:43.585000,1.29156,1.29148,1200000,1320000
2022-08-15 12:32:43.636000,1.29163,1.29146,1800000,2520000
2022-08-15 12:32:43.738000,1.29161,1.29147,1340000,1320000
2022-08-15 12:32:43.991000,1.29163,1.29149,1340000,1200000
2022-08-15 12:32:44.099000,1.29164,1.29147,1200000,1320000
2022-08-15 12:32:44.201000,1.29162,1.29147,1940000,1920000
2022-08-15 12:32:44.302000,1.29163,1.29146,1800000,1920000
2022-08-15 12:32:44.404000,1.29162,1.29146,1200000,1460000
2022-08-15 12:32:44.607000,1.29161,1.29146,1200000,3860000
2022-08-15 12:32:44.708000,1.29161,1.29145,1800000,1320000
2022-08-15 12:32:44.885000,1.29162,1.29145,4200000,1320000
2022-08-15 12:32:45.037000,1.29161,1.29148,1200000,1320000
2022-08-15 12:32:45.147000,1.29163,1.29147,1200000,1320000
2022-08-15 12:32:45.299000,1.29164,1.29147,1800000,1320000
2022-08-15 12:32:45.510000,1.29163,1.29147,1200000,1320000
2022-08-15 12:32:45.713000,1.29163,1.29147,1200000,1320000
2022-08-15 12:32:46.013000,1.29163,1.29147,3300000,2040000
2022-08-15 12:32:47.361000,1.29163,1.29151,1800000,1920000
2022-08-15 12:32:47.463000,1.29167,1.29153,1800000,1440000
2022-08-15 12:32:47.666000,1.29168,1.29152,1800000,2960000
2022-08-15 12:32:47.767000,1.29168,1.29153,1200000,1320000
2022-08-15 12:32:47.869000,1.29169,1.29153,1200000,1920000
2022-08-15 12:32:48.021000,1.29169,1.29153,1800000,1440000
2022-08-15 12:32:48.123000,1.29166,1.29153,1800000,1200000
2022-08-15 12:32:48.225000,1.29167,1.29151,1940000,4740000
2022-08-15 12:32:48.326000,1.29164,1.2915,1200000,1800000
2022-08-15 12:32:48.428000,1.29165,1.29149,1340000,1320000
2022-08-15 12:32:48.530000,1.29165,1.29148,1200000,1920000
2022-08-15 12:32:48.835000,1.29164,1.29147,1800000,1320000
2022-08-15 12:32:49.038000,1.29163,1.29147,1200000,1320000
2022-08-15 12:32:49.241000,1.29161,1.29147,1920000,1440000
2022-08-15 12:32:49.394000,1.29161,1.29145,1320000,1920000
2022-08-15 12:32:49.445000,1.29158,1.29144,3720000,2040000
2022-08-15 12:32:49.648000,1.29158,1.29142,1800000,2520000
2022-08-15 12:32:49.750000,1.29158,1.29144,1800000,3860000
2022-08-15 12:32:49.852000,1.29162,1.29144,2960000,2960000
2022-08-15 12:32:50.577000,1.2916,1.29144,1920000,1920000
2022-08-15 12:32:50.679000,1.29157,1.29143,2030000,1940000
2022-08-15 12:32:50.781000,1.29157,1.2914,1920000,3840000
2022-08-15 12:32:50.832000,1.29156,1.2914,1320000,1880000
2022-08-15 12:32:50.933000,1.29157,1.2914,2520000,1320000
2022-08-15 12:32:51.085000,1.29156,1.29139,1920000,1920000
2022-08-15 12:32:51.187000,1.29155,1.2914,2960000,1320000
2022-08-15 12:32:51.340000,1.29155,1.29139,1200000,2520000
2022-08-15 12:32:51.391000,1.29156,1.29142,1200000,1200000
2022-08-15 12:32:51.492000,1.29158,1.2914,1920000,5220000
2022-08-15 12:32:51.645000,1.29158,1.29142,1440000,1320000
2022-08-15 12:32:51.747000,1.2916,1.29144,2400000,1320000
2022-08-15 12:32:51.849000,1.2916,1.29144,2340000,1920000
2022-08-15 12:32:52.153000,1.29161,1.29145,1440000,1320000
2022-08-15 12:32:52.204000,1.29161,1.29145,1920000,1320000
2022-08-15 12:32:52.306000,1.2916,1.29144,2520000,2170000
2022-08-15 12:32:52.407000,1.2916,1.29144,1320000,1320000
2022-08-15 12:32:52.716000,1.2916,1.29144,1320000,1320000
2022-08-15 12:32:52.820000,1.2916,1.29144,1320000,1320000
2022-08-15 12:32:53.116000,1.29161,1.29144,1880000,2520000
2022-08-15 12:32:53.319000,1.29161,1.29145,1200000,1320000
2022-08-15 12:32:53.420000,1.29163,1.29147,1800000,1320000
2022-08-15 12:32:53.471000,1.29163,1.29148,1440000,2520000
2022-08-15 12:32:53.624000,1.29164,1.2915,1340000,1200000
2022-08-15 12:32:53.726000,1.29166,1.2915,2400000,1200000
2022-08-15 12:32:54.165000,1.29166,1.29151,1800000,2960000
2022-08-15 12:32:54.267000,1.29166,1.29153,1200000,1320000
2022-08-15 12:32:55.199000,1.29167,1.29152,1200000,1320000
2022-08-15 12:32:56.191000,1.29164,1.29153,1320000,1200000
2022-08-15 12:32:56.293000,1.29165,1.2915,1920000,1800000
2022-08-15 12:32:56.344000,1.29164,1.29148,1320000,1320000
2022-08-15 12:32:57.177000,1.29165,1.29151,1800000,1920000
2022-08-15 12:32:57.228000,1.29168,1.29154,2840000,1320000
2022-08-15 12:32:57.645000,1.29169,1.29155,2030000,1440000
2022-08-15 12:32:57.746000,1.29171,1.29154,3300000,1920000
2022-08-15 12:32:57.949000,1.29172,1.29154,3300000,2520000
2022-08-15 12:32:58.051000,1.29172,1.29155,2480000,1200000
2022-08-15 12:32:59.304000,1.29171,1.29156,1920000,1320000
2022-08-15 12:33:00.119000,1.29169,1.29154,1200000,2520000
2022-08-15 12:33:00.221000,1.29167,1.29155,1200000,1920000
2022-08-15 12:33:00.576000,1.29169,1.29154,1800000,1920000
2022-08-15 12:33:00.692000,1.29168,1.29154,1200000,1920000
2022-08-15 12:33:00.794000,1.29163,1.29155,1200000,1200000
2022-08-15 12:33:00.845000,1.29164,1.29149,1200000,1920000
2022-08-15 12:33:00.947000,1.29164,1.29149,1200000,1920000
2022-08-15 12:33:01.273000,1.29164,1.29151,1200000,1320000
2022-08-15 12:33:01.324000,1.29166,1.29153,1200000,2960000
2022-08-15 12:33:01.476000,1.29168,1.29152,1800000,2060000
2022-08-15 12:33:01.578000,1.29167,1.29154,1340000,1920000
2022-08-15 12:33:02.195000,1.29168,1.29153,1800000,1920000
2022-08-15 12:33:02.309000,1.29168,1.29153,1200000,1920000
2022-08-15 12:33:02.648000,1.29169,1.29153,1200000,2520000
2022-08-15 12:33:02.700000,1.29169,1.29154,1800000,1920000
2022-08-15 12:33:02.801000,1.29168,1.29154,1200000,1440000
2022-08-15 12:33:03.004000,1.29169,1.29153,1800000,4320000
2022-08-15 12:33:03.258000,1.29169,1.29154,1200000,2520000
2022-08-15 12:33:03.309000,1.29169,1.2916,1800000,1880000
2022-08-15 12:33:03.411000,1.29171,1.29161,1800000,1200000
2022-08-15 12:33:03.512000,1.29178,1.29161,1200000,3860000
2022-08-15 12:33:03.563000,1.29175,1.29161,1200000,2520000
2022-08-15 12:33:03.665000,1.29173,1.29161,1940000,1800000
2022-08-15 12:33:03.716000,1.29171,1.29157,1200000,2360000
2022-08-15 12:33:03.818000,1.29171,1.29157,1200000,1440000
2022-08-15 12:33:03.869000,1.29173,1.29157,1200000,1460000
2022-08-15 12:33:03.971000,1.29174,1.29158,1200000,1920000
2022-08-15 12:33:04.146000,1.29173,1.29157,1200000,1320000
2022-08-15 12:33:04.248000,1.29173,1.29157,1340000,1320000
2022-08-15 12:33:04.375000,1.29172,1.29158,1340000,1320000
2022-08-15 12:33:04.476000,1.29174,1.2916,2400000,1920000
2022-08-15 12:33:04.578000,1.29174,1.29164,1800000,1320000
2022-08-15 12:33:04.629000,1.29181,1.29165,3600000,1320000
2022-08-15 12:33:04.680000,1.29181,1.29169,4200000,2960000
2022-08-15 12:33:04.833000,1.29183,1.29169,1200000,3720000
2022-08-15 12:33:04.935000,1.29183,1.2917,1200000,2360000
2022-08-15 12:33:05.036000,1.29184,1.29168,1200000,3420000
2022-08-15 12:33:05.088000,1.29185,1.29168,1200000,3420000
2022-08-15 12:33:05.240000,1.29184,1.29168,1200000,2360000
2022-08-15 12:33:05.482000,1.29184,1.29168,1800000,2340000
2022-08-15 12:33:05.584000,1.29183,1.29167,2040000,1800000
2022-08-15 12:33:05.737000,1.2918,1.29164,1200000,1320000
2022-08-15 12:33:06.418000,1.29182,1.29164,2480000,2960000
2022-08-15 12:33:06.519000,1.29184,1.29169,1800000,2060000
2022-08-15 12:33:06.621000,1.29185,1.29169,2400000,2060000
2022-08-15 12:33:06.672000,1.29185,1.2917,1200000,1320000
2022-08-15 12:33:06.774000,1.29183,1.2917,1200000,1320000
2022-08-15 12:33:06.875000,1.29184,1.29168,1200000,2520000
2022-08-15 12:33:06.977000,1.29181,1.29168,1800000,1920000
2022-08-15 12:33:07.180000,1.29181,1.29164,1940000,2060000
2022-08-15 12:33:07.611000,1.29181,1.29169,1200000,1320000
2022-08-15 12:33:07.764000,1.29181,1.29165,2060000,1800000
2022-08-15 12:33:07.815000,1.2918,1.29163,1800000,3420000
2022-08-15 12:33:07.866000,1.29179,1.29164,1200000,1320000
2022-08-15 12:33:07.967000,1.29179,1.29164,1200000,1320000
2022-08-15 12:33:08.018000,1.29181,1.29165,1200000,1920000
2022-08-15 12:33:08.120000,1.29182,1.29168,1200000,1800000
2022-08-15 12:33:08.323000,1.29183,1.29168,2400000,1800000
2022-08-15 12:33:08.425000,1.29183,1.29168,1940000,1800000
2022-08-15 12:33:08.526000,1.29181,1.29169,1200000,1200000
2022-08-15 12:33:08.578000,1.29183,1.29168,1200000,1920000
2022-08-15 12:33:08.629000,1.29185,1.29169,2400000,1320000
2022-08-15 12:33:08.754000,1.29186,1.29169,1940000,2960000
2022-08-15 12:33:08.805000,1.29186,1.29172,2840000,1920000
2022-08-15 12:33:08.907000,1.29186,1.29172,1200000,1320000
2022-08-15 12:33:09.009000,1.29187,1.2917,1200000,3860000
2022-08-15 12:33:09.110000,1.29187,1.2917,1800000,3860000
2022-08-15 12:33:09.212000,1.29187,1.29171,1200000,1320000
2022-08-15 12:33:09.263000,1.29187,1.2917,1800000,2960000
2022-08-15 12:33:09.821000,1.29185,1.29172,1200000,1920000
2022-08-15 12:33:10.570000,1.29187,1.29173,3300000,1320000
2022-08-15 12:33:11.245000,1.29185,1.29172,1200000,1920000
2022-08-15 12:33:11.346000,1.29186,1.29171,1800000,1920000
2022-08-15 12:33:11.448000,1.29187,1.29171,1200000,2060000
2022-08-15 12:33:11.550000,1.29185,1.2917,1200000,2520000
2022-08-15 12:33:11.651000,1.29186,1.2917,1200000,3420000
2022-08-15 12:33:11.753000,1.29187,1.29172,1200000,1920000
2022-08-15 12:33:12.108000,1.29189,1.29176,1200000,1800000
2022-08-15 12:33:12.209000,1.29189,1.29173,1200000,2060000
2022-08-15 12:33:12.311000,1.29189,1.29174,1800000,2060000
2022-08-15 12:33:12.412000,1.29189,1.29174,1800000,2060000
2022-08-15 12:33:12.514000,1.29189,1.29173,1200000,2060000
2022-08-15 12:33:13.274000,1.29191,1.29176,1800000,2360000
2022-08-15 12:33:13.376000,1.2919,1.29175,1200000,6540000
2022-08-15 12:33:13.478000,1.29189,1.29173,1200000,1920000
2022-08-15 12:33:13.632000,1.29188,1.29173,1200000,1460000
2022-08-15 12:33:13.733000,1.29187,1.29172,1200000,2060000
2022-08-15 12:33:13.835000,1.29187,1.29172,1920000,1920000
2022-08-15 12:33:13.937000,1.29186,1.29173,1200000,2060000
2022-08-15 12:33:14.190000,1.29186,1.29172,1200000,1800000
2022-08-15 12:33:14.343000,1.29185,1.29172,1800000,1200000
2022-08-15 12:33:14.444000,1.29185,1.2917,1800000,1920000
2022-08-15 12:33:14.748000,1.29186,1.29172,2400000,2360000
2022-08-15 12:33:15.485000,1.29186,1.2917,1320000,3860000
2022-08-15 12:33:15.992000,1.29184,1.29171,1200000,2060000
2022-08-15 12:33:16.094000,1.29187,1.29171,2060000,1320000
2022-08-15 12:33:16.196000,1.29186,1.29172,1800000,2060000
2022-08-15 12:33:16.297000,1.29187,1.29171,1800000,2060000
2022-08-15 12:33:16.348000,1.29188,1.29173,2840000,1320000
2022-08-15 12:33:16.551000,1.29187,1.29172,1920000,1320000
2022-08-15 12:33:16.754000,1.29186,1.29173,1800000,1320000
2022-08-15 12:33:16.952000,1.29187,1.29172,1920000,1320000
2022-08-15 12:33:17.693000,1.29187,1.29172,1800000,1320000
2022-08-15 12:33:17.795000,1.29188,1.29174,1340000,1320000
2022-08-15 12:33:18.251000,1.29188,1.29174,1320000,2040000
2022-08-15 12:33:18.666000,1.29186,1.29173,1940000,1920000
2022-08-15 12:33:18.768000,1.29187,1.29173,2480000,2040000
2022-08-15 12:33:18.870000,1.29188,1.29173,3300000,1320000
2022-08-15 12:33:19.227000,1.29188,1.29174,1800000,2040000
2022-08-15 12:33:19.430000,1.2919,1.29174,1940000,1320000
2022-08-15 12:33:19.532000,1.2919,1.29174,1800000,1320000
2022-08-15 12:33:19.634000,1.29191,1.29178,1940000,1320000
2022-08-15 12:33:19.735000,1.29192,1.29177,1940000,1320000
2022-08-15 12:33:20.173000,1.2919,1.29176,1320000,1340000
2022-08-15 12:33:20.224000,1.2919,1.29175,2960000,1800000
2022-08-15 12:33:20.326000,1.29187,1.29176,1320000,1200000
2022-08-15 12:33:20.427000,1.29189,1.29172,1940000,2060000
2022-08-15 12:33:20.529000,1.29189,1.29173,1940000,1320000
2022-08-15 12:33:21.317000,1.29186,1.29172,1200000,6120000
2022-08-15 12:33:21.935000,1.29187,1.29171,1200000,4320000
2022-08-15 12:33:22.037000,1.29187,1.29172,1200000,1920000
2022-08-15 12:33:22.189000,1.29186,1.29171,1200000,1920000
2022-08-15 12:33:22.291000,1.29187,1.29176,1800000,2240000
2022-08-15 12:33:22.393000,1.29192,1.29176,1940000,3720000
2022-08-15 12:33:22.646000,1.2919,1.29178,1200000,1320000
2022-08-15 12:33:22.748000,1.29191,1.29179,1200000,1920000
2022-08-15 12:33:22.901000,1.29192,1.29178,1200000,3420000
2022-08-15 12:33:24.008000,1.29192,1.29178,1200000,1320000
2022-08-15 12:33:24.262000,1.29192,1.29177,1200000,4760000
2022-08-15 12:33:24.363000,1.29192,1.29177,1200000,2960000
2022-08-15 12:33:24.465000,1.29191,1.29178,1200000,2960000
2022-08-15 12:33:24.567000,1.29192,1.29177,1200000,3860000
2022-08-15 12:33:24.908000,1.29192,1.29177,1800000,1920000
2022-08-15 12:33:25.009000,1.29191,1.29178,1200000,1920000
2022-08-15 12:33:25.212000,1.29192,1.29177,1200000,2960000
2022-08-15 12:33:25.314000,1.29191,1.29178,1200000,2960000
2022-08-15 12:33:25.775000,1.29187,1.29177,1200000,1800000
2022-08-15 12:33:25.877000,1.29187,1.29177,1800000,1200000
2022-08-15 12:33:25.928000,1.29187,1.29171,1940000,1920000
2022-08-15 12:33:26.045000,1.29187,1.29171,1800000,1920000
2022-08-15 12:33:26.147000,1.29185,1.29171,1200000,1920000
2022-08-15 12:33:26.249000,1.29184,1.29172,1200000,1920000
2022-08-15 12:33:26.350000,1.29183,1.29169,1800000,1440000
2022-08-15 12:33:26.452000,1.29182,1.29167,1940000,1920000
2022-08-15 12:33:27.319000,1.2918,1.29165,1800000,1800000
2022-08-15 12:33:27.522000,1.29178,1.29165,1800000,4280000
2022-08-15 12:33:27.624000,1.29178,1.29165,1200000,4320000
2022-08-15 12:33:27.827000,1.29176,1.29163,1200000,3420000
2022-08-15 12:33:28.131000,1.29178,1.29168,1800000,2520000
2022-08-15 12:33:28.316000,1.29184,1.2917,1500000,2290000
2022-08-15 12:33:28.999000,1.29185,1.29169,1200000,3420000
2022-08-15 12:33:29.299000,1.29187,1.29172,1800000,1320000
2022-08-15 12:33:29.462000,1.29188,1.29172,4200000,1320000
2022-08-15 12:33:29.760000,1.29184,1.29171,1340000,1200000
2022-08-15 12:33:29.862000,1.29181,1.2917,1200000,1800000
2022-08-15 12:33:29.964000,1.29179,1.29165,1800000,1920000
2022-08-15 12:33:30.167000,1.29178,1.29164,1940000,1320000
2022-08-15 12:33:30.298000,1.29179,1.29164,1940000,2360000
2022-08-15 12:33:30.350000,1.2918,1.29165,1200000,4320000
2022-08-15 12:33:30.999000,1.29184,1.29169,1200000,3420000
2022-08-15 12:33:31.101000,1.29184,1.2917,2400000,2060000
2022-08-15 12:33:31.203000,1.29185,1.29169,1200000,2060000
2022-08-15 12:33:31.305000,1.29185,1.29169,2400000,2060000
2022-08-15 12:33:31.565000,1.29183,1.2917,1200000,2060000
2022-08-15 12:33:31.666000,1.29184,1.29169,2400000,1320000
2022-08-15 12:33:32.209000,1.29185,1.29169,1200000,2520000
2022-08-15 12:33:33.060000,1.29185,1.29171,1940000,1920000
2022-08-15 12:33:33.767000,1.29185,1.2917,1200000,1920000
2022-08-15 12:33:34.378000,1.29185,1.29169,1200000,2060000
2022-08-15 12:33:34.480000,1.29181,1.29169,2340000,1800000
2022-08-15 12:33:34.531000,1.2918,1.29167,1200000,1200000
2022-08-15 12:33:34.653000,1.29178,1.29164,1800000,1920000
2022-08-15 12:33:34.805000,1.29178,1.29163,1200000,1920000
2022-08-15 12:33:35.229000,1.29177,1.29162,1200000,1920000
2022-08-15 12:33:35.330000,1.29179,1.29163,1800000,2060000
2022-08-15 12:33:35.644000,1.29178,1.29162,1940000,2060000
2022-08-15 12:33:35.861000,1.29177,1.29163,2400000,2060000
2022-08-15 12:33:36.317000,1.29178,1.29162,2400000,1920000
2022-08-15 12:33:36.520000,1.29178,1.29162,2400000,2060000
2022-08-15 12:33:36.967000,1.29177,1.29162,1200000,1920000
2022-08-15 12:33:37.894000,1.29175,1.29161,1800000,2960000
2022-08-15 12:33:38.656000,1.29173,1.2916,1800000,1340000
2022-08-15 12:33:38.859000,1.29171,1.29157,1800000,2960000
2022-08-15 12:33:38.976000,1.29173,1.29159,1800000,1920000
2022-08-15 12:33:39.078000,1.29175,1.29161,1200000,2060000
2022-08-15 12:33:39.180000,1.29175,1.2916,1200000,1940000
2022-08-15 12:33:39.231000,1.29171,1.29157,1200000,1200000
2022-08-15 12:33:39.282000,1.2917,1.29154,1200000,3720000
2022-08-15 12:33:39.384000,1.29169,1.29155,1940000,2340000
2022-08-15 12:33:39.485000,1.29168,1.29155,1200000,1320000
2022-08-15 12:33:39.637000,1.2917,1.29154,1800000,1320000
2022-08-15 12:33:39.739000,1.29168,1.29154,1200000,1320000
2022-08-15 12:33:40.195000,1.29167,1.29155,1200000,1320000
2022-08-15 12:33:40.513000,1.29169,1.29155,1200000,1320000
2022-08-15 12:33:44.322000,1.29169,1.29153,1200000,2960000
2022-08-15 12:33:45.308000,1.29167,1.29154,1200000,1320000
2022-08-15 12:33:47.352000,1.29167,1.29153,1340000,5660000
2022-08-15 12:33:48.024000,1.29168,1.29153,1200000,1920000
2022-08-15 12:33:48.443000,1.29167,1.29154,1200000,1920000
2022-08-15 12:33:48.545000,1.29168,1.29153,1200000,2480000
2022-08-15 12:33:49.323000,1.29167,1.29153,1200000,2480000
2022-08-15 12:33:49.374000,1.29164,1.29154,2400000,2400000
2022-08-15 12:33:49.476000,1.29163,1.29152,1800000,1200000
2022-08-15 12:33:49.628000,1.29156,1.29145,1200000,5220000
