time,ask,bid,ask_volume,bid_volume
2022-12-14 13:25:00.001000,1.35588,1.35575,1200000,1320000
2022-12-14 13:25:00.103000,1.35588,1.35575,1200000,1460000
2022-12-14 13:25:00.838000,1.35589,1.35574,1200000,1460000
2022-12-14 13:25:00.940000,1.3559,1.35575,1200000,1320000
2022-12-14 13:25:00.991000,1.35593,1.35575,1800000,1320000
2022-12-14 13:25:01.092000,1.35592,1.35576,1340000,4160000
2022-12-14 13:25:01.264000,1.35592,1.35577,1200000,2360000
2022-12-14 13:25:01.735000,1.35593,1.35575,1200000,4320000
2022-12-14 13:25:01.984000,1.35593,1.35576,1200000,2360000
2022-12-14 13:25:02.085000,1.35595,1.35577,1200000,3720000
2022-12-14 13:25:02.187000,1.35597,1.3558,1340000,2960000
2022-12-14 13:25:02.290000,1.35597,1.35581,1200000,1320000
2022-12-14 13:25:02.591000,1.35596,1.35583,1200000,3860000
2022-12-14 13:25:02.642000,1.356,1.35584,1800000,6560000
2022-12-14 13:25:02.693000,1.35601,1.35585,1800000,2520000
2022-12-14 13:25:02.744000,1.35601,1.35587,1200000,2960000
2022-12-14 13:25:02.846000,1.35604,1.35589,1200000,1200000
2022-12-14 13:25:02.897000,1.35602,1.35587,1200000,1460000
2022-12-14 13:25:02.998000,1.35602,1.35586,1200000,1320000
2022-12-14 13:25:03.150000,1.35601,1.35582,1340000,2520000
2022-12-14 13:25:03.251000,1.35598,1.35583,1200000,1920000
2022-12-14 13:25:03.833000,1.35598,1.35583,1200000,1320000
2022-12-14 13:25:03.935000,1.35599,1.35582,1200000,1320000
2022-12-14 13:25:04.242000,1.356,1.35582,1200000,3720000
2022-12-14 13:25:04.343000,1.35601,1.35583,1200000,3860000
2022-12-14 13:25:04.904000,1.356,1.35583,1200000,2060000
2022-12-14 13:25:05.281000,1.35599,1.35581,1200000,2520000
2022-12-14 13:25:05.383000,1.35599,1.35581,1200000,2520000
2022-12-14 13:25:05.484000,1.356,1.35582,1340000,3860000
2022-12-14 13:25:06.061000,1.35599,1.35583,1200000,2060000
2022-12-14 13:25:06.162000,1.35599,1.35581,1200000,4320000
2022-12-14 13:25:06.553000,1.35599,1.35582,1200000,2520000
2022-12-14 13:25:06.655000,1.35599,1.35583,1200000,2520000
2022-12-14 13:25:08.434000,1.35599,1.35582,1200000,1920000
2022-12-14 13:25:09.582000,1.35597,1.35582,1200000,1920000
2022-12-14 13:25:11.089000,1.35599,1.35581,1200000,6120000
2022-12-14 13:25:11.427000,1.35598,1.35581,1200000,4320000
2022-12-14 13:25:12.241000,1.35599,1.35582,1200000,1920000
2022-12-14 13:25:13.592000,1.35598,1.35581,1200000,1920000
2022-12-14 13:25:13.886000,1.35597,1.35582,1200000,1920000
2022-12-14 13:25:14.045000,1.35597,1.35582,1200000,1920000
2022-12-14 13:25:14.731000,1.35597,1.35582,1320000,1800000
2022-12-14 13:25:14.782000,1.35594,1.3558,4320000,1200000
2022-12-14 13:25:14.833000,1.35582,1.35574,1200000,1200000
2022-12-14 13:25:14.935000,1.35585,1.35563,1200000,3380000
2022-12-14 13:25:14.986000,1.35579,1.35564,1200000,2480000
2022-12-14 13:25:15.111000,1.35581,1.35564,1200000,2840000
2022-12-14 13:25:15.364000,1.3558,1.35563,1200000,2480000
2022-12-14 13:25:15.466000,1.3558,1.35563,1200000,2480000
2022-12-14 13:25:15.633000,1.3558,1.35563,1200000,5180000
2022-12-14 13:25:15.827000,1.3558,1.35563,1200000,5180000
2022-12-14 13:25:15.929000,1.35581,1.35566,1200000,1200000
2022-12-14 13:25:18.255000,1.35582,1.3557,1200000,1320000
2022-12-14 13:25:18.356000,1.35588,1.35573,1440000,1200000
2022-12-14 13:25:18.458000,1.35588,1.35576,2520000,1200000
2022-12-14 13:25:19.252000,1.35588,1.35577,1920000,1200000
2022-12-14 13:25:19.353000,1.35589,1.35575,1920000,1200000
2022-12-14 13:25:19.455000,1.35586,1.35573,3240000,1200000
2022-12-14 13:25:19.556000,1.35584,1.35572,2840000,1200000
2022-12-14 13:25:20.641000,1.35587,1.35572,2040000,1340000
2022-12-14 13:25:20.692000,1.35587,1.35572,1200000,1340000
2022-12-14 13:25:20.743000,1.35587,1.35575,1200000,1200000
2022-12-14 13:25:20.874000,1.35589,1.35575,3260000,1200000
2022-12-14 13:25:29.830000,1.35588,1.35574,1880000,1200000
2022-12-14 13:25:31.674000,1.35587,1.35574,1200000,1200000
2022-12-14 13:25:32.083000,1.35585,1.35571,2040000,1200000
2022-12-14 13:25:32.184000,1.35583,1.35567,1200000,1800000
2022-12-14 13:25:32.286000,1.35582,1.35567,1200000,1200000
2022-12-14 13:25:32.388000,1.3558,1.35567,1340000,1200000
2022-12-14 13:25:32.489000,1.3558,1.35566,1800000,1200000
2022-12-14 13:25:32.591000,1.35581,1.35565,1940000,1200000
2022-12-14 13:25:34.016000,1.35581,1.35565,1800000,1200000
2022-12-14 13:25:34.320000,1.3558,1.35565,1200000,1200000
2022-12-14 13:25:36.067000,1.3558,1.35565,2400000,1200000
2022-12-14 13:25:36.118000,1.35583,1.35565,2040000,1320000
2022-12-14 13:25:36.219000,1.35583,1.35567,2040000,1200000
2022-12-14 13:25:37.509000,1.35581,1.35567,1200000,1200000
2022-12-14 13:25:37.852000,1.3558,1.35566,1320000,1200000
2022-12-14 13:25:37.954000,1.35579,1.35565,1200000,1340000
2022-12-14 13:25:38.811000,1.35579,1.35566,1200000,1200000
2022-12-14 13:25:38.963000,1.35581,1.35565,1340000,1200000
2022-12-14 13:25:41.844000,1.35582,1.35567,1800000,1200000
2022-12-14 13:25:43.031000,1.3558,1.35568,1200000,1200000
2022-12-14 13:25:44.104000,1.35581,1.35567,1200000,1200000
2022-12-14 13:25:45.111000,1.35582,1.35568,1800000,1200000
2022-12-14 13:25:48.064000,1.35582,1.35569,1800000,1200000
2022-12-14 13:25:48.165000,1.35582,1.35567,1800000,1200000
2022-12-14 13:25:48.267000,1.35582,1.35567,1340000,1200000
2022-12-14 13:25:48.368000,1.35582,1.35569,1340000,1200000
2022-12-14 13:25:48.470000,1.35582,1.35567,1340000,1200000
2022-12-14 13:25:48.595000,1.35583,1.35569,1940000,1200000
2022-12-14 13:25:48.750000,1.35583,1.35568,1800000,1320000
2022-12-14 13:25:48.851000,1.35583,1.3557,1200000,1200000
2022-12-14 13:25:48.960000,1.35585,1.3557,2400000,1200000
2022-12-14 13:25:49.208000,1.35585,1.3557,2480000,1200000
2022-12-14 13:25:49.629000,1.35585,1.35572,1340000,1200000
2022-12-14 13:25:49.730000,1.35586,1.35574,1800000,1200000
2022-12-14 13:25:49.835000,1.35587,1.35573,1200000,1200000
2022-12-14 13:25:51.933000,1.35587,1.35574,1200000,1200000
2022-12-14 13:25:52.035000,1.35588,1.35574,1800000,1200000
2022-12-14 13:25:52.252000,1.35588,1.35574,1940000,1200000
2022-12-14 13:25:53.450000,1.35586,1.35574,1340000,1200000
2022-12-14 13:25:53.905000,1.35587,1.35575,1800000,1200000
2022-12-14 13:25:54.007000,1.35588,1.35574,1200000,1200000
2022-12-14 13:25:54.778000,1.35589,1.35574,2700000,1200000
2022-12-14 13:25:55.495000,1.35589,1.35574,2940000,1200000
2022-12-14 13:25:55.749000,1.35587,1.35575,1200000,1200000
2022-12-14 13:25:56.218000,1.35588,1.35577,2240000,1200000
2022-12-14 13:25:56.320000,1.35588,1.35581,1340000,1320000
2022-12-14 13:25:56.371000,1.35595,1.35583,1200000,1200000
2022-12-14 13:25:56.472000,1.35596,1.35583,1200000,1200000
2022-12-14 13:25:56.574000,1.356,1.35583,1940000,1200000
2022-12-14 13:25:56.625000,1.35599,1.35583,1340000,1200000
2022-12-14 13:25:56.726000,1.35597,1.35584,1440000,1200000
2022-12-14 13:25:56.777000,1.35596,1.3558,1200000,1800000
2022-12-14 13:25:56.878000,1.35596,1.35579,1800000,1200000
2022-12-14 13:25:56.980000,1.35594,1.3558,1200000,1200000
2022-12-14 13:25:57.081000,1.35593,1.3558,1200000,1200000
2022-12-14 13:25:57.233000,1.35594,1.35579,1200000,1200000
2022-12-14 13:25:57.436000,1.35594,1.35579,1200000,1200000
2022-12-14 13:25:57.772000,1.35596,1.3558,1200000,1320000
2022-12-14 13:25:57.873000,1.35596,1.35582,1200000,1200000
2022-12-14 13:25:57.975000,1.35598,1.35582,2400000,1200000
2022-12-14 13:25:58.026000,1.35598,1.35582,1800000,1200000
2022-12-14 13:25:58.214000,1.35595,1.35582,1940000,1200000
2022-12-14 13:25:58.315000,1.35595,1.35579,1200000,1200000
2022-12-14 13:25:59.506000,1.35595,1.35578,5640000,1200000
2022-12-14 13:25:59.719000,1.35592,1.35578,1200000,1200000
2022-12-14 13:26:00.029000,1.35592,1.35578,2840000,1200000
2022-12-14 13:26:00.131000,1.35591,1.35575,1200000,1200000
2022-12-14 13:26:02.355000,1.35593,1.35576,1800000,1200000
2022-12-14 13:26:04.620000,1.35591,1.35577,1200000,1200000
2022-12-14 13:26:04.721000,1.35592,1.35576,2400000,1200000
2022-12-14 13:26:04.823000,1.35591,1.35575,1340000,1200000
2022-12-14 13:26:05.003000,1.35591,1.35576,3140000,1200000
2022-12-14 13:26:05.432000,1.35591,1.35575,1200000,1200000
2022-12-14 13:26:05.534000,1.35594,1.35575,2840000,1320000
2022-12-14 13:26:05.635000,1.35594,1.35577,1800000,1320000
2022-12-14 13:26:05.737000,1.35593,1.3558,1800000,1200000
2022-12-14 13:26:05.838000,1.35593,1.35579,1800000,1320000
2022-12-14 13:26:06.791000,1.35593,1.35578,1200000,1200000
2022-12-14 13:26:07.196000,1.35594,1.35579,3740000,1320000
2022-12-14 13:26:07.314000,1.35594,1.35578,4640000,1320000
2022-12-14 13:26:07.416000,1.35595,1.35578,4640000,1320000
2022-12-14 13:26:08.909000,1.35592,1.35576,1940000,2820000
2022-12-14 13:26:09.029000,1.35593,1.35575,1940000,2360000
2022-12-14 13:26:10.231000,1.35591,1.35575,1340000,1460000
2022-12-14 13:26:10.386000,1.3559,1.35576,1340000,1440000
2022-12-14 13:26:10.689000,1.35588,1.35573,1200000,1920000
2022-12-14 13:26:10.791000,1.35589,1.35572,1200000,1920000
2022-12-14 13:26:11.216000,1.35589,1.35572,1200000,1460000
2022-12-14 13:26:11.317000,1.35589,1.35572,1800000,1460000
2022-12-14 13:26:11.755000,1.35588,1.35571,1340000,1920000
2022-12-14 13:26:12.071000,1.35588,1.35571,1340000,1460000
2022-12-14 13:26:12.173000,1.35588,1.35572,1200000,1920000
2022-12-14 13:26:12.290000,1.3559,1.35572,2700000,1460000
2022-12-14 13:26:12.442000,1.35589,1.35572,1200000,1460000
2022-12-14 13:26:12.588000,1.3559,1.35572,1340000,1460000
2022-12-14 13:26:12.689000,1.35591,1.35576,1940000,1320000
2022-12-14 13:26:12.841000,1.35592,1.35575,1800000,1460000
2022-12-14 13:26:13.082000,1.35591,1.35576,1800000,1460000
2022-12-14 13:26:13.183000,1.35592,1.35575,1340000,1460000
2022-12-14 13:26:13.285000,1.35591,1.35576,1200000,1440000
2022-12-14 13:26:14.048000,1.3559,1.35574,1340000,2520000
2022-12-14 13:26:14.149000,1.35591,1.35573,1340000,2520000
2022-12-14 13:26:14.277000,1.35591,1.35573,1800000,2360000
2022-12-14 13:26:15.198000,1.3559,1.35573,2700000,1440000
2022-12-14 13:26:15.299000,1.3559,1.35573,1940000,1440000
2022-12-14 13:26:15.451000,1.3559,1.35573,1940000,1460000
2022-12-14 13:26:16.324000,1.3559,1.35575,1800000,1320000
2022-12-14 13:26:16.728000,1.35592,1.35575,1340000,1320000
2022-12-14 13:26:18.306000,1.35591,1.35578,1340000,1200000
2022-12-14 13:26:19.069000,1.35595,1.35577,3840000,1320000
2022-12-14 13:26:19.170000,1.35595,1.3558,1800000,1200000
2022-12-14 13:26:19.272000,1.35595,1.3558,1340000,1200000
2022-12-14 13:26:21.168000,1.35595,1.35579,1340000,1320000
2022-12-14 13:26:21.983000,1.35594,1.35579,1920000,1200000
2022-12-14 13:26:22.612000,1.35593,1.35579,1800000,1200000
2022-12-14 13:26:23.205000,1.35593,1.35579,1340000,1200000
2022-12-14 13:26:24.739000,1.35592,1.35579,1200000,1200000
2022-12-14 13:26:25.876000,1.35592,1.35577,1200000,1200000
2022-12-14 13:26:27.356000,1.35594,1.35577,1340000,1320000
2022-12-14 13:26:27.406000,1.35594,1.35579,1340000,1200000
2022-12-14 13:26:29.293000,1.35593,1.35579,1340000,1200000
2022-12-14 13:26:30.270000,1.35592,1.35579,1200000,1200000
2022-12-14 13:26:30.371000,1.35592,1.35578,2940000,1200000
2022-12-14 13:26:30.473000,1.3559,1.35575,1340000,1200000
2022-12-14 13:26:31.324000,1.35589,1.35574,1800000,1200000
2022-12-14 13:26:31.426000,1.35586,1.35572,1200000,1800000
2022-12-14 13:26:31.527000,1.35586,1.35572,1800000,1200000
2022-12-14 13:26:33.102000,1.35586,1.35571,1200000,1200000
2022-12-14 13:26:34.980000,1.35586,1.35572,1800000,1200000
2022-12-14 13:26:35.132000,1.35587,1.35574,1340000,1200000
2022-12-14 13:26:35.284000,1.3559,1.35573,1200000,1320000
2022-12-14 13:26:35.335000,1.35589,1.35576,1200000,1200000
2022-12-14 13:26:35.786000,1.35592,1.35575,1200000,1320000
2022-12-14 13:26:37.019000,1.35592,1.35576,1340000,1200000
2022-12-14 13:26:37.728000,1.35591,1.35578,1200000,1340000
2022-12-14 13:26:38.022000,1.35593,1.35578,1200000,1920000
2022-12-14 13:26:38.766000,1.35593,1.3558,1200000,1800000
2022-12-14 13:26:38.998000,1.35595,1.35579,1200000,1800000
2022-12-14 13:26:39.343000,1.35596,1.3558,1200000,1440000
2022-12-14 13:26:39.444000,1.35596,1.35583,1200000,1200000
2022-12-14 13:26:39.615000,1.35599,1.35583,1200000,1200000
2022-12-14 13:26:39.716000,1.35598,1.35585,1200000,1200000
2022-12-14 13:26:39.994000,1.35598,1.35586,1200000,1200000
2022-12-14 13:26:40.641000,1.35601,1.35585,1340000,1340000
2022-12-14 13:26:41.012000,1.356,1.35585,1200000,1200000
2022-12-14 13:26:41.114000,1.356,1.35585,1320000,1200000
2022-12-14 13:26:41.315000,1.35599,1.35585,1320000,1340000
2022-12-14 13:26:41.666000,1.356,1.35584,1320000,1340000
2022-12-14 13:26:41.767000,1.35599,1.35582,1460000,1800000
2022-12-14 13:26:41.875000,1.35598,1.35583,1440000,1920000
2022-12-14 13:26:42.083000,1.35599,1.35582,3260000,1800000
2022-12-14 13:26:42.398000,1.35598,1.35583,2340000,1920000
2022-12-14 13:26:43.018000,1.356,1.35584,1880000,1340000
2022-12-14 13:26:45.036000,1.35599,1.35584,1200000,1340000
2022-12-14 13:26:45.376000,1.35603,1.35585,2780000,1920000
2022-12-14 13:26:45.427000,1.35603,1.35588,2400000,1200000
2022-12-14 13:26:46.105000,1.35603,1.35586,1940000,1920000
2022-12-14 13:26:52.307000,1.35602,1.35588,1200000,1200000
2022-12-14 13:26:53.041000,1.35603,1.35588,1200000,1340000
2022-12-14 13:26:53.714000,1.35605,1.35594,1200000,1320000
2022-12-14 13:26:53.815000,1.3561,1.35604,1860000,1200000
2022-12-14 13:26:53.943000,1.35622,1.35606,1200000,1340000
2022-12-14 13:26:53.994000,1.35622,1.35608,1200000,1200000
2022-12-14 13:26:54.095000,1.35624,1.35609,1460000,1340000
2022-12-14 13:26:54.798000,1.35625,1.35607,1920000,1340000
2022-12-14 13:26:55,1.35625,1.35607,1920000,1920000
2022-12-14 13:26:55.102000,1.35623,1.35608,1320000,1920000
2022-12-14 13:26:57.132000,1.3562,1.35608,2520000,1800000
2022-12-14 13:26:57.234000,1.35618,1.35604,1200000,1800000
2022-12-14 13:26:57.285000,1.35618,1.35604,2040000,1200000
2022-12-14 13:26:59.527000,1.35619,1.35605,1920000,1200000
2022-12-14 13:26:59.628000,1.35619,1.35604,1440000,1340000
2022-12-14 13:26:59.679000,1.35619,1.35604,2040000,1340000
2022-12-14 13:27:01.402000,1.35618,1.35604,1200000,1200000
2022-12-14 13:27:02.113000,1.3562,1.35605,1800000,1440000
2022-12-14 13:27:02.274000,1.3562,1.35605,1800000,1800000
2022-12-14 13:27:02.967000,1.35622,1.35608,1200000,1920000
2022-12-14 13:27:03.068000,1.35624,1.35609,1940000,1920000
2022-12-14 13:27:03.169000,1.35625,1.35609,1800000,1920000
2022-12-14 13:27:03.271000,1.35622,1.35608,2360000,1800000
2022-12-14 13:27:03.372000,1.35621,1.35607,3860000,1200000
2022-12-14 13:27:03.549000,1.35619,1.35605,1200000,1200000
2022-12-14 13:27:03.701000,1.35619,1.35604,1320000,1340000
2022-12-14 13:27:04.055000,1.35618,1.35604,2040000,1200000
2022-12-14 13:27:04.157000,1.35616,1.35602,1200000,1340000
2022-12-14 13:27:04.267000,1.35616,1.35603,1200000,1200000
2022-12-14 13:27:08.470000,1.35612,1.35602,3260000,1200000
2022-12-14 13:27:08.571000,1.35611,1.35596,1800000,1200000
2022-12-14 13:27:08.778000,1.35611,1.35596,1340000,1200000
2022-12-14 13:27:08.880000,1.3561,1.35596,1340000,1200000
2022-12-14 13:27:09.164000,1.3561,1.35596,1940000,1200000
2022-12-14 13:27:09.265000,1.3561,1.35594,1320000,1200000
2022-12-14 13:27:09.581000,1.35609,1.35594,1200000,1200000
2022-12-14 13:27:09.985000,1.35608,1.35595,1200000,1200000
2022-12-14 13:27:11.107000,1.35609,1.35593,1340000,1320000
2022-12-14 13:27:11.208000,1.35607,1.35594,2400000,1320000
2022-12-14 13:27:11.310000,1.35608,1.35592,2400000,1200000
2022-12-14 13:27:11.685000,1.35607,1.35593,1940000,1200000
2022-12-14 13:27:11.843000,1.35607,1.35592,1940000,1200000
2022-12-14 13:27:11.995000,1.35606,1.35592,1940000,1200000
2022-12-14 13:27:12.097000,1.35607,1.35591,2840000,1200000
2022-12-14 13:27:14.937000,1.35604,1.35591,3740000,1200000
2022-12-14 13:27:15.038000,1.35603,1.35589,1940000,1200000
2022-12-14 13:27:15.545000,1.35602,1.35589,1200000,1200000
2022-12-14 13:27:15.836000,1.35603,1.35589,1200000,1200000
2022-12-14 13:27:15.982000,1.35605,1.35589,1800000,1200000
2022-12-14 13:27:17.279000,1.35604,1.35591,1940000,1200000
2022-12-14 13:27:18.849000,1.35606,1.3559,1800000,1320000
2022-12-14 13:27:18.954000,1.35607,1.35594,1200000,1200000
2022-12-14 13:27:19.978000,1.35607,1.35593,1800000,1200000
2022-12-14 13:27:20.286000,1.35607,1.35592,1940000,1200000
2022-12-14 13:27:20.716000,1.35606,1.35592,3740000,1200000
2022-12-14 13:27:20.818000,1.35605,1.35588,1200000,1320000
2022-12-14 13:27:21.432000,1.35605,1.35589,3740000,1320000
2022-12-14 13:27:21.746000,1.35603,1.35588,3840000,1200000
2022-12-14 13:27:21.847000,1.35601,1.35586,1200000,1340000
2022-12-14 13:27:21.949000,1.356,1.35583,1800000,1440000
2022-12-14 13:27:22.636000,1.356,1.35583,1940000,1320000
2022-12-14 13:27:23.348000,1.35598,1.35583,1200000,1320000
2022-12-14 13:27:23.500000,1.35598,1.35581,2840000,1340000
2022-12-14 13:27:23.601000,1.35597,1.35581,1200000,1200000
2022-12-14 13:27:24.983000,1.35596,1.35581,1940000,1200000
2022-12-14 13:27:26.363000,1.35595,1.35579,1800000,1320000
2022-12-14 13:27:26.572000,1.35595,1.35578,1340000,1320000
2022-12-14 13:27:26.623000,1.35597,1.3558,2400000,2520000
2022-12-14 13:27:26.724000,1.356,1.35584,2240000,1200000
2022-12-14 13:27:29.495000,1.35601,1.35585,2840000,1200000
2022-12-14 13:27:30.217000,1.35601,1.35584,3740000,1200000
2022-12-14 13:27:30.318000,1.35599,1.35585,1200000,1200000
2022-12-14 13:27:30.919000,1.356,1.35584,1340000,1200000
2022-12-14 13:27:31.567000,1.356,1.35584,1200000,1320000
2022-12-14 13:27:31.674000,1.356,1.35584,1200000,1320000
2022-12-14 13:27:31.775000,1.35599,1.35586,1340000,1200000
2022-12-14 13:27:35.157000,1.35601,1.35584,3380000,1320000
2022-12-14 13:27:35.422000,1.356,1.35585,3380000,1320000
2022-12-14 13:27:36.001000,1.35599,1.35584,4280000,1200000
2022-12-14 13:27:36.102000,1.35599,1.35583,1800000,1320000
2022-12-14 13:27:36.204000,1.35599,1.35584,1800000,1200000
2022-12-14 13:27:36.511000,1.35598,1.35585,1340000,1320000
2022-12-14 13:27:40.807000,1.35599,1.35586,1800000,1200000
2022-12-14 13:27:41.355000,1.35599,1.35586,1200000,2820000
2022-12-14 13:27:41.456000,1.35605,1.3559,1800000,1320000
2022-12-14 13:27:41.507000,1.35605,1.35592,1340000,1200000
2022-12-14 13:27:42.513000,1.35606,1.35591,2400000,1200000
2022-12-14 13:27:48.236000,1.35604,1.3559,2480000,1200000
2022-12-14 13:27:48.433000,1.35604,1.3559,2480000,1200000
2022-12-14 13:27:49.409000,1.35604,1.35589,1340000,1320000
2022-12-14 13:27:51.052000,1.35604,1.35591,1800000,1200000
2022-12-14 13:27:53.496000,1.35607,1.35591,2400000,1320000
2022-12-14 13:27:53.597000,1.35606,1.35594,1800000,1200000
2022-12-14 13:27:53.648000,1.35607,1.35593,1340000,1200000
2022-12-14 13:27:55.185000,1.35606,1.35593,1200000,1200000
2022-12-14 13:27:56.819000,1.35607,1.35593,1340000,1200000
2022-12-14 13:27:57.199000,1.35608,1.35593,1340000,1200000
2022-12-14 13:27:57.557000,1.35607,1.35594,2400000,1200000
2022-12-14 13:27:58.270000,1.35607,1.35592,4580000,1200000
2022-12-14 13:27:58.371000,1.35607,1.35592,5520000,1200000
2022-12-14 13:27:58.422000,1.35607,1.35592,5220000,1200000
2022-12-14 13:28:00.076000,1.35605,1.35591,1800000,1200000
2022-12-14 13:28:02.125000,1.35598,1.35589,1340000,1200000
2022-12-14 13:28:02.226000,1.35596,1.35583,2340000,1200000
2022-12-14 13:28:02.277000,1.35596,1.3558,2360000,1920000
2022-12-14 13:28:02.328000,1.35597,1.35579,2840000,1320000
2022-12-14 13:28:04.684000,1.35596,1.35579,1800000,1320000
2022-12-14 13:28:05.793000,1.35589,1.3558,1920000,1200000
2022-12-14 13:28:05.844000,1.3559,1.35573,2520000,1200000
2022-12-14 13:28:05.895000,1.35582,1.35574,1200000,1200000
2022-12-14 13:28:05.946000,1.35585,1.3557,1200000,1800000
2022-12-14 13:28:05.997000,1.35586,1.35569,4200000,1200000
2022-12-14 13:28:06.722000,1.35586,1.35569,1800000,1320000
2022-12-14 13:28:06.873000,1.35586,1.3557,1200000,1200000
2022-12-14 13:28:07.838000,1.35587,1.3557,1200000,1340000
2022-12-14 13:28:08.447000,1.35586,1.3557,1200000,1340000
2022-12-14 13:28:12.333000,1.35587,1.3557,1800000,1340000
2022-12-14 13:28:14.921000,1.35587,1.35568,1200000,2060000
2022-12-14 13:28:15.060000,1.35588,1.35568,1200000,2960000
2022-12-14 13:28:15.478000,1.35588,1.35573,1200000,1320000
2022-12-14 13:28:15.579000,1.35591,1.35573,2780000,1320000
2022-12-14 13:28:16.625000,1.3559,1.35575,2700000,1320000
2022-12-14 13:28:16.727000,1.35591,1.35574,2700000,1320000
2022-12-14 13:28:24.480000,1.35591,1.35578,1200000,1200000
2022-12-14 13:28:26.558000,1.3559,1.35578,1200000,1200000
2022-12-14 13:28:27.442000,1.35591,1.35578,1880000,1200000
2022-12-14 13:28:28.463000,1.35592,1.35581,1200000,1200000
2022-12-14 13:28:28.543000,1.35596,1.35582,1200000,1340000
2022-12-14 13:28:28.594000,1.35592,1.35582,1880000,1200000
2022-12-14 13:28:28.645000,1.35593,1.35578,2520000,1200000
2022-12-14 13:28:28.747000,1.35593,1.35579,2520000,1200000
2022-12-14 13:28:29.505000,1.35591,1.3558,1320000,1200000
2022-12-14 13:28:29.556000,1.35591,1.35577,2340000,1200000
2022-12-14 13:28:30.332000,1.35593,1.35579,1460000,1200000
2022-12-14 13:28:30.739000,1.35593,1.3558,1460000,1200000
2022-12-14 13:28:30.871000,1.35592,1.35581,1320000,1200000
2022-12-14 13:28:30.972000,1.35593,1.3558,1920000,1200000
2022-12-14 13:28:32.466000,1.35591,1.35579,1440000,1200000
2022-12-14 13:28:37.781000,1.35592,1.3558,1200000,1200000
2022-12-14 13:28:38.455000,1.35591,1.35578,1440000,1200000
2022-12-14 13:28:39.267000,1.35591,1.35577,1200000,1200000
2022-12-14 13:28:42.019000,1.3559,1.35577,1200000,1200000
2022-12-14 13:28:42.388000,1.3559,1.35576,1200000,1340000
2022-12-14 13:28:42.914000,1.35591,1.35576,1200000,1340000
2022-12-14 13:28:45.959000,1.35592,1.35576,2240000,1440000
2022-12-14 13:28:48.269000,1.3559,1.35575,1200000,1920000
2022-12-14 13:28:49.458000,1.35592,1.35575,1320000,1920000
2022-12-14 13:28:50.639000,1.3559,1.35577,1200000,1340000
2022-12-14 13:28:50.746000,1.35592,1.35576,2780000,1340000
2022-12-14 13:28:51.807000,1.3559,1.35577,1200000,1340000
2022-12-14 13:28:52.813000,1.35592,1.35576,1200000,1440000
2022-12-14 13:28:53.257000,1.35592,1.35576,2480000,1340000
2022-12-14 13:28:55.771000,1.35591,1.35576,3380000,1200000
2022-12-14 13:28:55.923000,1.35588,1.35577,1200000,1200000
2022-12-14 13:28:58.082000,1.3559,1.35576,2700000,1200000
2022-12-14 13:28:58.971000,1.35589,1.35576,1200000,1200000
2022-12-14 13:28:59.072000,1.35589,1.35576,2400000,1200000
2022-12-14 13:28:59.663000,1.35585,1.35575,2840000,1200000
2022-12-14 13:28:59.765000,1.35584,1.3557,1800000,1340000
2022-12-14 13:28:59.866000,1.35584,1.3557,1800000,1200000
2022-12-14 13:29:00.149000,1.35583,1.35569,1200000,1340000
2022-12-14 13:29:00.301000,1.35584,1.35568,1200000,1200000
2022-12-14 13:29:01.180000,1.35582,1.35566,1800000,1340000
2022-12-14 13:29:01.743000,1.35579,1.35567,1320000,1340000
2022-12-14 13:29:01.844000,1.35579,1.35565,1320000,1800000
2022-12-14 13:29:01.895000,1.35579,1.35565,1920000,1340000
2022-12-14 13:29:03.175000,1.35579,1.35564,1920000,1200000
2022-12-14 13:29:03.794000,1.35578,1.35565,1940000,1340000
2022-12-14 13:29:05.096000,1.35579,1.35564,1200000,1800000
2022-12-14 13:29:05.333000,1.3558,1.35564,2340000,1800000
2022-12-14 13:29:05.620000,1.3558,1.35564,2520000,1200000
2022-12-14 13:29:05.742000,1.35575,1.35565,1320000,1200000
2022-12-14 13:29:05.793000,1.35576,1.35561,1440000,1340000
2022-12-14 13:29:06.437000,1.35574,1.3556,1200000,1200000
2022-12-14 13:29:06.589000,1.35577,1.35561,1800000,1320000
2022-12-14 13:29:06.640000,1.35576,1.35562,1340000,2480000
2022-12-14 13:29:06.843000,1.35576,1.35564,1800000,1200000
2022-12-14 13:29:07.079000,1.35577,1.35562,1800000,1340000
2022-12-14 13:29:07.538000,1.35578,1.35562,1200000,1920000
2022-12-14 13:29:07.640000,1.3558,1.35565,2400000,1440000
2022-12-14 13:29:07.700000,1.35581,1.35564,2240000,2040000
2022-12-14 13:29:07.801000,1.3558,1.35563,1320000,1920000
2022-12-14 13:29:07.903000,1.35579,1.35564,1920000,1920000
2022-12-14 13:29:09.123000,1.3558,1.35564,1200000,1200000
2022-12-14 13:29:09.312000,1.3558,1.35565,1800000,1200000
2022-12-14 13:29:09.669000,1.35581,1.35563,1200000,1920000
2022-12-14 13:29:10.322000,1.35582,1.35563,1880000,1920000
2022-12-14 13:29:10.544000,1.35581,1.35563,1200000,1920000
2022-12-14 13:29:10.847000,1.35582,1.35563,1880000,1460000
2022-12-14 13:29:12.808000,1.35581,1.35566,1920000,1200000
2022-12-14 13:29:12.909000,1.35582,1.35564,1880000,1460000
2022-12-14 13:29:13.677000,1.35581,1.35564,1200000,1920000
2022-12-14 13:29:14.250000,1.35581,1.35566,1200000,1200000
2022-12-14 13:29:14.402000,1.35585,1.35566,1200000,1920000
2022-12-14 13:29:14.504000,1.35587,1.3557,2240000,1460000
2022-12-14 13:29:14.656000,1.35588,1.35571,1800000,1320000
2022-12-14 13:29:14.707000,1.3559,1.35571,1200000,1920000
2022-12-14 13:29:14.808000,1.3559,1.35575,1200000,1320000
2022-12-14 13:29:15.323000,1.35593,1.35575,2520000,1320000
2022-12-14 13:29:16.227000,1.35592,1.35576,2520000,1200000
2022-12-14 13:29:16.329000,1.3559,1.35574,2480000,1200000
2022-12-14 13:29:16.914000,1.3559,1.35574,1880000,1200000
2022-12-14 13:29:17.015000,1.3559,1.35574,1200000,1320000
2022-12-14 13:29:17.374000,1.35591,1.35574,1200000,1320000
2022-12-14 13:29:17.657000,1.3559,1.35575,1880000,1320000
2022-12-14 13:29:19.354000,1.35589,1.35575,1200000,1320000
2022-12-14 13:29:19.777000,1.3559,1.35575,1200000,1200000
2022-12-14 13:29:19.878000,1.35592,1.35575,1440000,1320000
2022-12-14 13:29:20.272000,1.35591,1.35576,1200000,1320000
2022-12-14 13:29:20.323000,1.35591,1.35579,1200000,1200000
2022-12-14 13:29:21.273000,1.35592,1.35579,1320000,1200000
2022-12-14 13:29:22.148000,1.35592,1.35579,2480000,1200000
2022-12-14 13:29:23.715000,1.35592,1.35576,1200000,1320000
2022-12-14 13:29:23.891000,1.35591,1.35578,1200000,1200000
2022-12-14 13:29:23.993000,1.35595,1.3558,1200000,1200000
2022-12-14 13:29:24.102000,1.35597,1.3558,1200000,1320000
2022-12-14 13:29:24.254000,1.35596,1.35581,1200000,1460000
2022-12-14 13:29:24.550000,1.35596,1.35581,1200000,1440000
2022-12-14 13:29:24.967000,1.35597,1.3558,1200000,1320000
2022-12-14 13:29:25.018000,1.35599,1.35582,1200000,1200000
2022-12-14 13:29:26.008000,1.35598,1.35584,1200000,1320000
2022-12-14 13:29:26.109000,1.356,1.35583,1200000,1320000
2022-12-14 13:29:26.211000,1.356,1.35585,1200000,1200000
2022-12-14 13:29:26.526000,1.35599,1.35587,1200000,1200000
2022-12-14 13:29:27.152000,1.35601,1.35586,2240000,1200000
2022-12-14 13:29:28.027000,1.35601,1.35584,2240000,1200000
2022-12-14 13:29:28.355000,1.356,1.35584,1200000,1200000
2022-12-14 13:29:29.361000,1.35599,1.35584,1200000,1200000
2022-12-14 13:29:30.157000,1.35599,1.35585,1200000,1200000
2022-12-14 13:29:30.415000,1.35602,1.35584,2480000,1200000
2022-12-14 13:29:35.039000,1.35599,1.35585,1200000,1200000
2022-12-14 13:29:35.155000,1.35601,1.35584,1440000,1200000
2022-12-14 13:29:35.683000,1.356,1.35584,1200000,1200000
2022-12-14 13:29:35.734000,1.35599,1.35582,1200000,1200000
2022-12-14 13:29:35.835000,1.35599,1.35581,1880000,1200000
2022-12-14 13:29:35.948000,1.356,1.35582,1880000,1320000
2022-12-14 13:29:36.049000,1.35601,1.35582,1340000,1320000
2022-12-14 13:29:36.488000,1.35601,1.35582,1440000,1320000
2022-12-14 13:29:39.104000,1.35601,1.35581,1340000,1320000
2022-12-14 13:29:42.169000,1.356,1.35581,1200000,1320000
2022-12-14 13:29:42.822000,1.35602,1.35581,2480000,1320000
2022-12-14 13:29:44.471000,1.35599,1.35581,1200000,1320000
2022-12-14 13:29:44.574000,1.356,1.3558,1200000,1320000
2022-12-14 13:29:44.737000,1.35601,1.3558,2340000,1320000
2022-12-14 13:29:45.066000,1.35601,1.3558,1340000,1320000
2022-12-14 13:29:45.852000,1.35601,1.3558,2240000,1320000
2022-12-14 13:29:45.954000,1.35599,1.35579,1320000,1320000
2022-12-14 13:29:46.207000,1.35599,1.35578,1200000,1320000
2022-12-14 13:29:46.308000,1.35598,1.35578,1920000,1320000
2022-12-14 13:29:46.409000,1.35597,1.35578,1200000,1320000
2022-12-14 13:29:46.663000,1.35598,1.35577,1320000,1320000
2022-12-14 13:29:46.765000,1.35597,1.35577,1200000,1320000
2022-12-14 13:29:46.816000,1.35595,1.35576,1880000,1320000
2022-12-14 13:29:46.968000,1.35595,1.35575,1320000,1460000
2022-12-14 13:29:47.069000,1.35595,1.35574,1920000,1920000
2022-12-14 13:29:47.120000,1.35592,1.35573,1200000,1320000
2022-12-14 13:29:47.222000,1.35591,1.35571,1200000,1320000
2022-12-14 13:29:47.273000,1.35591,1.3557,1320000,1320000
2022-12-14 13:29:47.526000,1.3559,1.3557,1200000,1320000
2022-12-14 13:29:47.920000,1.35589,1.3557,1200000,1320000
2022-12-14 13:29:48.333000,1.35587,1.35571,1200000,1320000
2022-12-14 13:29:48.434000,1.35588,1.35568,1200000,1320000
2022-12-14 13:29:49.586000,1.35588,1.35568,1200000,1320000
2022-12-14 13:29:49.688000,1.35588,1.35567,1320000,1320000
2022-12-14 13:29:49.789000,1.35587,1.35567,1200000,1320000
2022-12-14 13:29:49.911000,1.35587,1.35567,1200000,1320000
2022-12-14 13:29:50.013000,1.35586,1.35566,1800000,1320000
2022-12-14 13:29:50.266000,1.35587,1.35566,1320000,1320000
2022-12-14 13:29:51.098000,1.35587,1.35565,2520000,1320000
2022-12-14 13:29:51.149000,1.35584,1.35564,1200000,1320000
2022-12-14 13:29:51.250000,1.35582,1.35563,1200000,1320000
2022-12-14 13:29:51.453000,1.35584,1.35561,1880000,1920000
2022-12-14 13:29:51.617000,1.35583,1.35561,1320000,1920000
2022-12-14 13:29:51.718000,1.35582,1.35561,1200000,1320000
2022-12-14 13:29:52.132000,1.35581,1.35561,1200000,1320000
2022-12-14 13:29:52.507000,1.35579,1.3556,1880000,1320000
2022-12-14 13:29:52.710000,1.35579,1.35556,1200000,1920000
2022-12-14 13:29:53.075000,1.35578,1.35556,1200000,1920000
2022-12-14 13:29:53.177000,1.35577,1.35556,1200000,1920000
2022-12-14 13:29:54.735000,1.35575,1.35557,1200000,1920000
2022-12-14 13:29:55.095000,1.35578,1.35557,1200000,1320000
2022-12-14 13:29:55.252000,1.35578,1.35557,1200000,1320000
2022-12-14 13:29:55.692000,1.35579,1.35557,1200000,1920000
2022-12-14 13:29:55.936000,1.35579,1.35558,1200000,1320000
2022-12-14 13:29:56.095000,1.35579,1.35558,1200000,1320000
2022-12-14 13:29:56.244000,1.35578,1.35559,1200000,1200000
2022-12-14 13:29:56.473000,1.35579,1.35559,1200000,1200000
2022-12-14 13:29:56.861000,1.3558,1.35559,1200000,1200000
2022-12-14 13:29:57.106000,1.3558,1.3556,1200000,1200000
2022-12-14 13:29:57.286000,1.35581,1.3556,1800000,1200000
2022-12-14 13:29:57.685000,1.3558,1.35562,1800000,1200000
2022-12-14 13:29:59.463000,1.35581,1.35559,1200000,1200000
2022-12-14 13:29:59.565000,1.35583,1.35559,2240000,1800000
2022-12-14 13:29:59.667000,1.35587,1.35564,1200000,1200000
2022-12-14 13:30:00.038000,1.35586,1.35564,1200000,1340000
2022-12-14 13:30:00.140000,1.3559,1.35568,1800000,1340000
2022-12-14 13:30:00.191000,1.35588,1.35567,1200000,1800000
2022-12-14 13:30:00.467000,1.35588,1.35567,1200000,2400000
2022-12-14 13:30:00.670000,1.35589,1.35566,1200000,1800000
2022-12-14 13:30:00.778000,1.35589,1.35568,1200000,1200000
2022-12-14 13:30:00.829000,1.35586,1.35564,1200000,1200000
2022-12-14 13:30:00.880000,1.35586,1.35562,1200000,1800000
2022-12-14 13:30:01.415000,1.35585,1.35564,1800000,1200000
2022-12-14 13:30:01.937000,1.35585,1.35563,1200000,2240000
2022-12-14 13:30:02.704000,1.35584,1.35563,1200000,1200000
2022-12-14 13:30:03.050000,1.35584,1.35563,1200000,1800000
2022-12-14 13:30:03.337000,1.35584,1.35564,1200000,2840000
2022-12-14 13:30:04.011000,1.35585,1.35563,1200000,2840000
2022-12-14 13:30:04.395000,1.35587,1.35564,1800000,1800000
2022-12-14 13:30:04.598000,1.35587,1.35563,2700000,3740000
2022-12-14 13:30:04.699000,1.35585,1.35563,1340000,1200000
2022-12-14 13:30:04.801000,1.35584,1.35563,1200000,1200000
2022-12-14 13:30:05.488000,1.35585,1.35563,1200000,2840000
2022-12-14 13:30:06.889000,1.35584,1.35563,1200000,2840000
2022-12-14 13:30:07.270000,1.35583,1.35563,1200000,1320000
2022-12-14 13:30:08.005000,1.35582,1.35563,1200000,1320000
2022-12-14 13:30:08.311000,1.35582,1.35562,1200000,1460000
2022-12-14 13:30:08.830000,1.35583,1.35563,1200000,1920000
2022-12-14 13:30:08.932000,1.35585,1.35562,1340000,1920000
2022-12-14 13:30:09.033000,1.35585,1.35561,2340000,4320000
2022-12-14 13:30:09.394000,1.35583,1.35562,1340000,1320000
2022-12-14 13:30:10.190000,1.3558,1.35563,1200000,1320000
2022-12-14 13:30:10.398000,1.35579,1.3556,1200000,1320000
2022-12-14 13:30:10.499000,1.35579,1.35558,1200000,1920000
2022-12-14 13:30:10.601000,1.35578,1.35559,1200000,1320000
2022-12-14 13:30:11.177000,1.35578,1.35558,1200000,1320000
2022-12-14 13:30:11.718000,1.35578,1.35562,1200000,1320000
2022-12-14 13:30:11.819000,1.35581,1.35561,1200000,1320000
2022-12-14 13:30:11.920000,1.3558,1.35561,1200000,1920000
2022-12-14 13:30:12.414000,1.35578,1.35562,1200000,1200000
2022-12-14 13:30:12.465000,1.35577,1.35559,1800000,1440000
2022-12-14 13:30:12.567000,1.35576,1.35556,1320000,1800000
2022-12-14 13:30:12.668000,1.35576,1.35558,1320000,1200000
2022-12-14 13:30:12.770000,1.35575,1.35556,1920000,1800000
2022-12-14 13:30:14.352000,1.35574,1.35557,1920000,1200000
2022-12-14 13:30:16.476000,1.35572,1.35558,1460000,1200000
2022-12-14 13:30:16.613000,1.35572,1.35556,1320000,1200000
2022-12-14 13:30:16.715000,1.35569,1.35556,2820000,1340000
2022-12-14 13:30:16.817000,1.35568,1.35553,1920000,1200000
2022-12-14 13:30:16.918000,1.35569,1.3555,2520000,1940000
2022-12-14 13:30:17.019000,1.35568,1.35553,1920000,1200000
2022-12-14 13:30:17.825000,1.35569,1.35552,1920000,1200000
2022-12-14 13:30:18.499000,1.35568,1.35552,1460000,1200000
2022-12-14 13:30:21.234000,1.35567,1.35553,1920000,1200000
2022-12-14 13:30:21.640000,1.35568,1.35552,1440000,1200000
2022-12-14 13:30:22.345000,1.3557,1.35554,1800000,1340000
2022-12-14 13:30:22.396000,1.35571,1.35554,1320000,1940000
2022-12-14 13:30:22.447000,1.35572,1.35558,2520000,1200000
2022-12-14 13:30:22.548000,1.35573,1.35557,2520000,1200000
2022-12-14 13:30:24.447000,1.35574,1.35557,3860000,1200000
2022-12-14 13:30:25.795000,1.35573,1.35557,1920000,1200000
2022-12-14 13:30:26.599000,1.35572,1.35556,1440000,1200000
2022-12-14 13:30:26.701000,1.35571,1.35553,2820000,1920000
2022-12-14 13:30:26.803000,1.35569,1.35553,1440000,1200000
2022-12-14 13:30:27.608000,1.35569,1.35553,2520000,1200000
2022-12-14 13:30:28.557000,1.35567,1.35552,3840000,1200000
2022-12-14 13:30:28.659000,1.35573,1.35555,2520000,1320000
2022-12-14 13:30:28.761000,1.35573,1.35557,1920000,1200000
2022-12-14 13:30:28.963000,1.35573,1.35557,1460000,1200000
2022-12-14 13:30:29.408000,1.35573,1.35557,1460000,1200000
2022-12-14 13:30:29.510000,1.35571,1.35554,1920000,1800000
2022-12-14 13:30:29.611000,1.3557,1.35554,1460000,1200000
2022-12-14 13:30:30.158000,1.35569,1.35557,1340000,1200000
2022-12-14 13:30:30.259000,1.35574,1.35557,3860000,1320000
2022-12-14 13:30:30.361000,1.35574,1.35558,2960000,1200000
2022-12-14 13:30:32.512000,1.35574,1.3556,1200000,1320000
2022-12-14 13:30:32.614000,1.3558,1.35565,1800000,1200000
2022-12-14 13:30:32.766000,1.35582,1.35566,2520000,1320000
2022-12-14 13:30:33.041000,1.35583,1.35565,2480000,1920000
2022-12-14 13:30:33.143000,1.35582,1.35568,1800000,1320000
2022-12-14 13:30:33.244000,1.35584,1.3557,1920000,1320000
2022-12-14 13:30:33.346000,1.35586,1.3557,2520000,1200000
2022-12-14 13:30:33.548000,1.35585,1.35571,1880000,1320000
2022-12-14 13:30:33.821000,1.35586,1.35572,1880000,1200000
2022-12-14 13:30:34.519000,1.35586,1.35574,1200000,2060000
2022-12-14 13:30:34.621000,1.35592,1.35579,2520000,1200000
2022-12-14 13:30:34.722000,1.35591,1.35578,1320000,1200000
2022-12-14 13:30:35.279000,1.35593,1.35577,1460000,1320000
2022-12-14 13:30:35.659000,1.35593,1.35577,1460000,1200000
2022-12-14 13:30:36.041000,1.35593,1.35577,2960000,1200000
2022-12-14 13:30:36.142000,1.35591,1.35575,1460000,1200000
2022-12-14 13:30:37.070000,1.3559,1.35575,2360000,1200000
2022-12-14 13:30:37.172000,1.3559,1.35576,2520000,1200000
2022-12-14 13:30:37.273000,1.35591,1.35575,1920000,1320000
2022-12-14 13:30:37.900000,1.35591,1.35575,1460000,1200000
2022-12-14 13:30:38.299000,1.35591,1.35575,1460000,1320000
2022-12-14 13:30:38.479000,1.3559,1.35576,1460000,1200000
2022-12-14 13:30:38.581000,1.35589,1.35576,1460000,1200000
2022-12-14 13:30:38.682000,1.35589,1.35574,1320000,1200000
2022-12-14 13:30:38.784000,1.35586,1.35573,1460000,1200000
2022-12-14 13:30:38.885000,1.35587,1.3557,1460000,1320000
2022-12-14 13:30:39.723000,1.35587,1.35571,1920000,1200000
2022-12-14 13:30:39.824000,1.35586,1.35573,1920000,1200000
2022-12-14 13:30:42.410000,1.35589,1.35572,3420000,1320000
2022-12-14 13:30:42.797000,1.35588,1.35572,1920000,1320000
2022-12-14 13:30:43.406000,1.35588,1.35573,1920000,1200000
2022-12-14 13:30:43.508000,1.35589,1.35575,1320000,1200000
2022-12-14 13:30:43.660000,1.3559,1.35574,1320000,1200000
2022-12-14 13:30:43.913000,1.35589,1.35575,1320000,1200000
2022-12-14 13:30:44.014000,1.3559,1.35574,1320000,1200000
2022-12-14 13:30:44.168000,1.3559,1.35574,1320000,1200000
2022-12-14 13:30:44.269000,1.3559,1.35574,1320000,1340000
2022-12-14 13:30:44.676000,1.3559,1.35575,2360000,1340000
2022-12-14 13:30:44.790000,1.35591,1.35574,2360000,1340000
2022-12-14 13:30:44.969000,1.35591,1.35574,2360000,1340000
2022-12-14 13:30:45.071000,1.35591,1.35574,2360000,1340000
2022-12-14 13:30:45.382000,1.3559,1.35575,5220000,1200000
2022-12-14 13:30:45.484000,1.35585,1.35572,2060000,1200000
2022-12-14 13:30:45.586000,1.35583,1.35567,2960000,1200000
2022-12-14 13:30:45.637000,1.35581,1.35567,1320000,1200000
2022-12-14 13:30:45.687000,1.35581,1.35564,2520000,1200000
2022-12-14 13:30:45.789000,1.35576,1.35564,1920000,1200000
2022-12-14 13:30:45.891000,1.35574,1.35559,1200000,1200000
2022-12-14 13:30:46.049000,1.35575,1.3556,3740000,1320000
2022-12-14 13:30:46.100000,1.35576,1.35561,1800000,1320000
2022-12-14 13:30:46.201000,1.3558,1.35565,1800000,1320000
2022-12-14 13:30:46.303000,1.35583,1.35566,2700000,1200000
2022-12-14 13:30:46.505000,1.35583,1.35566,2840000,1200000
2022-12-14 13:30:46.840000,1.35583,1.35566,2840000,1320000
2022-12-14 13:30:47.820000,1.35582,1.35568,1320000,1200000
2022-12-14 13:30:48.023000,1.35584,1.35571,2400000,2060000
2022-12-14 13:30:48.124000,1.35591,1.35574,3300000,1320000
2022-12-14 13:30:48.175000,1.35591,1.35574,1800000,1320000
2022-12-14 13:30:48.327000,1.35591,1.35574,1200000,1920000
2022-12-14 13:30:48.429000,1.35591,1.35577,1200000,1440000
2022-12-14 13:30:48.633000,1.35592,1.35576,1200000,1460000
2022-12-14 13:30:48.735000,1.35594,1.35578,1800000,1320000
2022-12-14 13:30:48.786000,1.35594,1.3558,1200000,1320000
2022-12-14 13:30:49.073000,1.35595,1.35579,1340000,1320000
2022-12-14 13:30:49.175000,1.35594,1.35582,1200000,1320000
2022-12-14 13:30:49.500000,1.35597,1.35581,1200000,1320000
2022-12-14 13:30:49.601000,1.35594,1.35578,1320000,1340000
2022-12-14 13:30:49.703000,1.35593,1.35576,3420000,1200000
2022-12-14 13:30:49.805000,1.35592,1.35575,1440000,1320000
2022-12-14 13:30:50.161000,1.35591,1.35574,1320000,1320000
2022-12-14 13:30:50.364000,1.3559,1.35574,2820000,1320000
2022-12-14 13:30:50.466000,1.35589,1.35572,1320000,1320000
2022-12-14 13:30:50.567000,1.35589,1.35572,1340000,1320000
2022-12-14 13:30:50.719000,1.35589,1.35573,1800000,1320000
2022-12-14 13:30:51.282000,1.35589,1.35574,1920000,1320000
2022-12-14 13:30:51.384000,1.35588,1.35574,2520000,1200000
2022-12-14 13:30:51.485000,1.35584,1.35573,1200000,1200000
2022-12-14 13:30:51.536000,1.35584,1.35571,1800000,1200000
2022-12-14 13:30:51.739000,1.35584,1.35571,1320000,1200000
2022-12-14 13:30:51.891000,1.35584,1.3557,1200000,1200000
2022-12-14 13:30:52.212000,1.35585,1.3557,2040000,1200000
2022-12-14 13:30:52.314000,1.35588,1.3557,2040000,1320000
2022-12-14 13:30:52.415000,1.35588,1.35571,1320000,1320000
2022-12-14 13:30:53.302000,1.35586,1.35571,1200000,1320000
2022-12-14 13:30:53.761000,1.35587,1.35571,1800000,1320000
2022-12-14 13:30:53.890000,1.35587,1.35571,1800000,1320000
2022-12-14 13:30:53.941000,1.35589,1.35572,1800000,1320000
2022-12-14 13:30:54.042000,1.35589,1.35574,1800000,1200000
2022-12-14 13:30:55.411000,1.3559,1.35575,3260000,1200000
2022-12-14 13:30:55.512000,1.35591,1.35575,1340000,1320000
2022-12-14 13:30:56.219000,1.35591,1.35575,1200000,1460000
2022-12-14 13:30:56.546000,1.35593,1.35576,2340000,1320000
2022-12-14 13:30:56.803000,1.35593,1.35576,3860000,1200000
2022-12-14 13:30:56.913000,1.35592,1.35575,2960000,1200000
2022-12-14 13:30:57.353000,1.35589,1.35576,1800000,1200000
2022-12-14 13:30:57.666000,1.3559,1.35574,1340000,1320000
2022-12-14 13:30:58.736000,1.35591,1.35575,1340000,1320000
2022-12-14 13:30:58.938000,1.35593,1.35578,2400000,1320000
2022-12-14 13:30:59.040000,1.35593,1.35579,1800000,1200000
2022-12-14 13:30:59.166000,1.35592,1.3558,1340000,1200000
2022-12-14 13:31:01.109000,1.35592,1.35578,1200000,1200000
2022-12-14 13:31:03.105000,1.35594,1.35579,2400000,1200000
2022-12-14 13:31:04.426000,1.35595,1.35582,1800000,2060000
2022-12-14 13:31:04.528000,1.35601,1.35582,1800000,2060000
2022-12-14 13:31:04.579000,1.356,1.35589,1200000,1200000
2022-12-14 13:31:04.687000,1.35602,1.35587,2340000,1200000
2022-12-14 13:31:04.789000,1.35602,1.35587,1800000,1200000
2022-12-14 13:31:05.007000,1.35603,1.35587,1800000,1320000
2022-12-14 13:31:05.109000,1.35609,1.35592,1800000,1320000
2022-12-14 13:31:05.210000,1.35609,1.35592,1340000,1320000
2022-12-14 13:31:05.628000,1.3561,1.35593,2040000,1200000
2022-12-14 13:31:06.304000,1.35604,1.3559,2480000,1200000
2022-12-14 13:31:06.406000,1.35603,1.35587,1340000,1320000
2022-12-14 13:31:06.735000,1.35602,1.35587,1920000,1200000
2022-12-14 13:31:06.836000,1.35602,1.35585,2940000,1200000
2022-12-14 13:31:06.938000,1.35601,1.35584,2940000,1200000
2022-12-14 13:31:07.039000,1.35601,1.35583,2940000,1320000
2022-12-14 13:31:07.186000,1.35599,1.35584,2940000,1200000
2022-12-14 13:31:07.864000,1.356,1.35582,2960000,1200000
2022-12-14 13:31:07.965000,1.35599,1.35584,2960000,1200000
2022-12-14 13:31:08.630000,1.356,1.35585,1920000,1200000
2022-12-14 13:31:09.478000,1.35595,1.35582,2780000,1200000
2022-12-14 13:31:09.579000,1.35593,1.35575,1440000,1460000
2022-12-14 13:31:09.681000,1.35593,1.35575,2960000,1320000
2022-12-14 13:31:10.402000,1.35588,1.35574,1320000,1200000
2022-12-14 13:31:10.503000,1.35583,1.35568,1320000,1920000
2022-12-14 13:31:10.605000,1.35583,1.35568,1440000,1320000
2022-12-14 13:31:11.066000,1.35584,1.35567,2480000,1320000
2022-12-14 13:31:11.218000,1.3558,1.35568,2240000,1200000
2022-12-14 13:31:11.319000,1.35579,1.35562,1800000,1800000
2022-12-14 13:31:11.421000,1.35578,1.35562,1340000,1200000
2022-12-14 13:31:11.522000,1.35575,1.35561,1200000,1320000
2022-12-14 13:31:11.674000,1.35575,1.35561,1920000,1320000
2022-12-14 13:31:13.308000,1.35576,1.35561,1460000,1200000
2022-12-14 13:31:13.482000,1.35578,1.35562,2520000,1320000
2022-12-14 13:31:13.584000,1.35579,1.35564,4320000,1200000
2022-12-14 13:31:13.685000,1.3558,1.35562,3420000,1200000
2022-12-14 13:31:14.170000,1.3558,1.35562,3420000,1320000
2022-12-14 13:31:14.272000,1.3558,1.35563,2480000,1320000
2022-12-14 13:31:14.373000,1.3558,1.35565,1800000,1320000
2022-12-14 13:31:14.424000,1.35582,1.35566,1460000,1200000
2022-12-14 13:31:14.627000,1.35583,1.35566,3860000,1320000
2022-12-14 13:31:15.365000,1.35583,1.35565,4760000,1320000
2022-12-14 13:31:15.749000,1.35583,1.35565,1920000,1320000
2022-12-14 13:31:15.912000,1.35583,1.35568,3420000,1320000
2022-12-14 13:31:16.013000,1.35584,1.35567,2520000,1320000
2022-12-14 13:31:16.115000,1.35584,1.35567,1920000,1320000
2022-12-14 13:31:16.267000,1.35585,1.35567,2480000,1320000
2022-12-14 13:31:16.378000,1.35584,1.35568,2340000,1320000
2022-12-14 13:31:16.847000,1.35583,1.35568,1320000,1320000
2022-12-14 13:31:17.100000,1.35585,1.35567,2480000,1320000
2022-12-14 13:31:17.202000,1.35584,1.35568,2340000,1320000
2022-12-14 13:31:17.321000,1.35584,1.35568,1340000,1320000
2022-12-14 13:31:17.422000,1.35585,1.35567,1440000,1320000
2022-12-14 13:31:17.574000,1.35586,1.35571,1920000,1320000
2022-12-14 13:31:17.676000,1.35586,1.35572,1340000,1200000
2022-12-14 13:31:18.478000,1.35587,1.35575,1200000,1320000
2022-12-14 13:31:18.529000,1.3559,1.35574,1200000,1320000
2022-12-14 13:31:18.630000,1.35592,1.35575,1800000,1320000
2022-12-14 13:31:18.732000,1.35591,1.35576,1200000,1320000
2022-12-14 13:31:18.934000,1.35591,1.35576,1460000,1320000
2022-12-14 13:31:19.594000,1.35593,1.35575,2340000,1320000
2022-12-14 13:31:19.746000,1.35593,1.35575,1460000,1320000
2022-12-14 13:31:19.948000,1.35592,1.35576,1440000,1320000
2022-12-14 13:31:20.345000,1.35594,1.35577,1800000,1320000
2022-12-14 13:31:20.446000,1.35598,1.3558,3300000,1320000
2022-12-14 13:31:20.497000,1.35595,1.3558,1200000,1320000
2022-12-14 13:31:22.677000,1.35594,1.35579,1920000,1200000
2022-12-14 13:31:22.728000,1.35592,1.35579,1920000,1200000
2022-12-14 13:31:22.779000,1.35592,1.35577,2480000,1320000
2022-12-14 13:31:23.844000,1.35591,1.35575,1320000,1200000
2022-12-14 13:31:24.254000,1.35592,1.35575,1440000,1320000
2022-12-14 13:31:24.356000,1.35592,1.35576,1200000,1320000
2022-12-14 13:31:24.457000,1.35591,1.35577,1200000,1320000
2022-12-14 13:31:24.772000,1.35592,1.35576,1940000,1320000
2022-12-14 13:31:25.509000,1.35591,1.35577,1800000,1320000
2022-12-14 13:31:25.611000,1.35591,1.35577,1200000,1320000
2022-12-14 13:31:26.376000,1.35592,1.35577,1200000,1320000
2022-12-14 13:31:26.478000,1.35596,1.35581,1800000,1920000
2022-12-14 13:31:26.579000,1.356,1.35583,1800000,1200000
2022-12-14 13:31:26.630000,1.35599,1.35586,1320000,1320000
2022-12-14 13:31:27.051000,1.35599,1.35586,1320000,1320000
2022-12-14 13:31:27.390000,1.356,1.35585,1200000,1320000
2022-12-14 13:31:27.441000,1.35601,1.35587,1200000,1320000
2022-12-14 13:31:27.542000,1.35604,1.35587,2520000,1320000
2022-12-14 13:31:27.983000,1.35604,1.35587,2520000,1320000
2022-12-14 13:31:28.085000,1.356,1.35588,1320000,1200000
2022-12-14 13:31:28.135000,1.35601,1.35584,1460000,1320000
2022-12-14 13:31:28.237000,1.356,1.35585,3720000,1200000
2022-12-14 13:31:28.338000,1.35601,1.35584,2960000,1320000
2022-12-14 13:31:28.716000,1.356,1.35585,1200000,1320000
2022-12-14 13:31:28.818000,1.35601,1.35584,1320000,1320000
2022-12-14 13:31:29.136000,1.35601,1.35584,1200000,1320000
2022-12-14 13:31:29.237000,1.35604,1.35587,1320000,1320000
2022-12-14 13:31:29.339000,1.35604,1.35588,1460000,1320000
2022-12-14 13:31:29.905000,1.35606,1.3559,2520000,1320000
2022-12-14 13:31:30.006000,1.35605,1.35592,1920000,1200000
2022-12-14 13:31:30.129000,1.35606,1.3559,1920000,1320000
2022-12-14 13:31:30.801000,1.35606,1.3559,1320000,1200000
2022-12-14 13:31:32.292000,1.35605,1.3559,1920000,1200000
2022-12-14 13:31:32.394000,1.35603,1.35588,1920000,1200000
2022-12-14 13:31:32.496000,1.35601,1.35584,2960000,1320000
2022-12-14 13:31:32.832000,1.35601,1.35584,3860000,1200000
2022-12-14 13:31:32.934000,1.35598,1.35585,2520000,1200000
2022-12-14 13:31:33.036000,1.35597,1.35582,1440000,1200000
2022-12-14 13:31:33.541000,1.35595,1.3558,2780000,1200000
2022-12-14 13:31:33.643000,1.35594,1.3558,1800000,1320000
2022-12-14 13:31:33.795000,1.35596,1.35579,2340000,1320000
2022-12-14 13:31:33.897000,1.35595,1.35581,1440000,1200000
2022-12-14 13:31:35.407000,1.35596,1.35581,1340000,1200000
2022-12-14 13:31:36.478000,1.35596,1.35582,2400000,1200000
2022-12-14 13:31:37.562000,1.35596,1.35579,1920000,1320000
2022-12-14 13:31:37.663000,1.35594,1.3558,1800000,1200000
2022-12-14 13:31:37.714000,1.35595,1.35581,1800000,1320000
2022-12-14 13:31:37.816000,1.356,1.35585,1800000,1320000
2022-12-14 13:31:37.867000,1.35601,1.35585,2240000,1320000
2022-12-14 13:31:38.019000,1.35601,1.35586,1920000,1200000
2022-12-14 13:31:38.121000,1.356,1.35584,2060000,2360000
2022-12-14 13:31:38.379000,1.35598,1.35582,1320000,1920000
2022-12-14 13:31:38.430000,1.35598,1.35582,1920000,1320000
2022-12-14 13:31:41.640000,1.35596,1.35581,2340000,1320000
2022-12-14 13:31:41.742000,1.35596,1.3558,1920000,1200000
2022-12-14 13:31:42.141000,1.35596,1.35581,1920000,1200000
2022-12-14 13:31:42.840000,1.35597,1.35584,2240000,1200000
2022-12-14 13:31:43.043000,1.35599,1.35583,1340000,1320000
2022-12-14 13:31:44.419000,1.35599,1.35582,1340000,1200000
2022-12-14 13:31:44.521000,1.35598,1.35583,1800000,1200000
2022-12-14 13:31:44.622000,1.35595,1.35583,1200000,1200000
2022-12-14 13:31:46.302000,1.35595,1.35582,2700000,1200000
2022-12-14 13:31:46.404000,1.35593,1.35581,1200000,1320000
2022-12-14 13:31:48.038000,1.35596,1.35581,1340000,1320000
2022-12-14 13:31:48.183000,1.35598,1.35583,2400000,1200000
2022-12-14 13:31:48.234000,1.35598,1.35583,2240000,1200000
2022-12-14 13:31:48.941000,1.35597,1.35583,1200000,1200000
2022-12-14 13:31:49.043000,1.35597,1.35583,1800000,1200000
2022-12-14 13:31:49.144000,1.35594,1.35584,1200000,1200000
2022-12-14 13:31:49.683000,1.35593,1.35582,1200000,1200000
2022-12-14 13:31:50.671000,1.35594,1.35579,2040000,1200000
2022-12-14 13:31:50.772000,1.35589,1.35576,1200000,1200000
2022-12-14 13:31:50.874000,1.35588,1.35576,1200000,1200000
2022-12-14 13:31:50.975000,1.35588,1.35574,1200000,1320000
2022-12-14 13:31:51.228000,1.35589,1.35575,1200000,1200000
2022-12-14 13:31:51.380000,1.35591,1.35577,1340000,1200000
2022-12-14 13:31:52.676000,1.35588,1.35577,1200000,1200000
2022-12-14 13:31:53.467000,1.35589,1.35577,1200000,1200000
2022-12-14 13:31:53.844000,1.3559,1.35577,1200000,1200000
2022-12-14 13:31:54.626000,1.35592,1.35578,2240000,1200000
2022-12-14 13:31:54.728000,1.35591,1.3558,1200000,1200000
2022-12-14 13:31:54.829000,1.35593,1.35579,1200000,1200000
2022-12-14 13:31:55.826000,1.35591,1.3558,1200000,1200000
2022-12-14 13:31:55.928000,1.35589,1.3558,1200000,1200000
2022-12-14 13:31:56.030000,1.35589,1.35578,1340000,1200000
2022-12-14 13:31:56.132000,1.35588,1.35575,1200000,1200000
2022-12-14 13:31:56.284000,1.35589,1.35576,1200000,1200000
2022-12-14 13:31:57.466000,1.35588,1.35575,1200000,1200000
2022-12-14 13:31:57.974000,1.3559,1.35577,2240000,1200000
2022-12-14 13:31:58.643000,1.35591,1.35577,1340000,1200000
2022-12-14 13:31:58.912000,1.3559,1.35579,1340000,1200000
2022-12-14 13:31:59.013000,1.35593,1.35579,1800000,1200000
2022-12-14 13:31:59.064000,1.35592,1.3558,1340000,1200000
2022-12-14 13:31:59.251000,1.35593,1.35582,1200000,1200000
2022-12-14 13:31:59.352000,1.35595,1.35583,2240000,1200000
2022-12-14 13:32:00.279000,1.35593,1.35582,1200000,1200000
2022-12-14 13:32:00.431000,1.35593,1.35581,1200000,1200000
2022-12-14 13:32:00.602000,1.35593,1.35583,1340000,1200000
2022-12-14 13:32:00.952000,1.35594,1.3558,1340000,1200000
2022-12-14 13:32:02.544000,1.35593,1.3558,1200000,1200000
2022-12-14 13:32:02.647000,1.35591,1.35576,1200000,1800000
2022-12-14 13:32:02.748000,1.35589,1.35575,1200000,1200000
2022-12-14 13:32:03.136000,1.35589,1.35576,1340000,1200000
2022-12-14 13:32:04.888000,1.35589,1.35577,1340000,1200000
2022-12-14 13:32:05,1.35588,1.35576,1200000,1200000
2022-12-14 13:32:05.773000,1.35588,1.35574,1320000,1200000
2022-12-14 13:32:05.874000,1.35586,1.35572,1200000,1340000
2022-12-14 13:32:12.065000,1.35589,1.35575,1800000,1200000
2022-12-14 13:32:13.323000,1.3559,1.35577,1200000,1320000
2022-12-14 13:32:13.425000,1.35596,1.35582,1800000,1920000
2022-12-14 13:32:13.526000,1.35598,1.35584,1200000,1460000
2022-12-14 13:32:13.577000,1.35598,1.35584,1200000,1460000
2022-12-14 13:32:13.679000,1.35599,1.35586,1200000,1320000
2022-12-14 13:32:13.730000,1.356,1.35585,1200000,1320000
2022-12-14 13:32:14.170000,1.35599,1.35585,1200000,1440000
2022-12-14 13:32:14.545000,1.35598,1.35581,1320000,1920000
2022-12-14 13:32:14.647000,1.35597,1.35579,1320000,1320000
2022-12-14 13:32:15.743000,1.35597,1.35579,1920000,1320000
2022-12-14 13:32:15.844000,1.35595,1.3558,3260000,1200000
2022-12-14 13:32:15.946000,1.35594,1.35578,1320000,1200000
2022-12-14 13:32:16.345000,1.35592,1.35578,1340000,1200000
2022-12-14 13:32:16.552000,1.35594,1.35578,1200000,1320000
2022-12-14 13:32:16.654000,1.35594,1.3558,2700000,1320000
2022-12-14 13:32:18.725000,1.35594,1.35578,1320000,1200000
2022-12-14 13:32:18.827000,1.35593,1.35577,1320000,1200000
2022-12-14 13:32:21.308000,1.35594,1.35577,1200000,1320000
2022-12-14 13:32:21.410000,1.35594,1.35579,1200000,1320000
2022-12-14 13:32:21.511000,1.35595,1.35579,1800000,1320000
2022-12-14 13:32:24.137000,1.35593,1.35578,1940000,1320000
2022-12-14 13:32:24.239000,1.35589,1.35577,1200000,1340000
2022-12-14 13:32:24.340000,1.35583,1.35573,1800000,1200000
2022-12-14 13:32:24.442000,1.35582,1.35572,1340000,1200000
2022-12-14 13:32:24.543000,1.35581,1.35572,1200000,1200000
2022-12-14 13:32:24.594000,1.35581,1.35563,1200000,1920000
2022-12-14 13:32:24.889000,1.3558,1.35562,1200000,1920000
2022-12-14 13:32:24.990000,1.3558,1.35562,1200000,1920000
2022-12-14 13:32:25.092000,1.3558,1.35562,1200000,1920000
2022-12-14 13:32:25.425000,1.35582,1.35563,1200000,1920000
2022-12-14 13:32:25.577000,1.35583,1.35566,1200000,1320000
2022-12-14 13:32:26.587000,1.35583,1.35566,1200000,1320000
2022-12-14 13:32:26.753000,1.35585,1.35569,1800000,1320000
2022-12-14 13:32:26.855000,1.3559,1.35572,1200000,1920000
2022-12-14 13:32:26.956000,1.35591,1.35572,1200000,1920000
2022-12-14 13:32:27.159000,1.35593,1.35576,1200000,1460000
2022-12-14 13:32:27.260000,1.35593,1.35576,1200000,1920000
2022-12-14 13:32:27.362000,1.35593,1.35575,1200000,1920000
2022-12-14 13:32:27.463000,1.35592,1.35576,1200000,1920000
2022-12-14 13:32:27.565000,1.35593,1.35576,1200000,3860000
2022-12-14 13:32:27.666000,1.35593,1.35577,1200000,2960000
2022-12-14 13:32:28.134000,1.35593,1.35576,1200000,2060000
2022-12-14 13:32:28.527000,1.35595,1.35577,4040000,1320000
2022-12-14 13:32:28.628000,1.35593,1.35578,1200000,1460000
2022-12-14 13:32:28.730000,1.35594,1.35578,1200000,1320000
2022-12-14 13:32:28.831000,1.35595,1.35578,1200000,1320000
2022-12-14 13:32:29.477000,1.35591,1.35576,1200000,2060000
2022-12-14 13:32:29.579000,1.3559,1.35576,1200000,1320000
2022-12-14 13:32:29.680000,1.35591,1.35575,1200000,1320000
2022-12-14 13:32:30.079000,1.35593,1.35576,1200000,1320000
2022-12-14 13:32:30.180000,1.35594,1.35578,1200000,1320000
2022-12-14 13:32:30.762000,1.35594,1.35578,1340000,1320000
2022-12-14 13:32:30.914000,1.35594,1.35579,1800000,1320000
2022-12-14 13:32:30.965000,1.35595,1.35577,2820000,1920000
2022-12-14 13:32:31.016000,1.35591,1.35576,1200000,2060000
2022-12-14 13:32:31.118000,1.35591,1.35577,1200000,1460000
2022-12-14 13:32:31.219000,1.35594,1.35576,1340000,1460000
2022-12-14 13:32:31.500000,1.35595,1.35579,2240000,1320000
2022-12-14 13:32:31.703000,1.35597,1.35583,1340000,1200000
2022-12-14 13:32:31.905000,1.35598,1.35583,1340000,1320000
2022-12-14 13:32:32.108000,1.35595,1.35582,1800000,1200000
2022-12-14 13:32:32.209000,1.35593,1.35577,2400000,1920000
2022-12-14 13:32:32.260000,1.35592,1.35577,1200000,1320000
2022-12-14 13:32:32.513000,1.35591,1.35578,1800000,1200000
2022-12-14 13:32:32.615000,1.35592,1.35577,1200000,1320000
2022-12-14 13:32:33.013000,1.35593,1.35577,1940000,1320000
2022-12-14 13:32:33.115000,1.35592,1.35577,1200000,1320000
2022-12-14 13:32:33.318000,1.35592,1.35577,1800000,1200000
2022-12-14 13:32:34.278000,1.3559,1.35578,1340000,1200000
2022-12-14 13:32:34.670000,1.35592,1.35578,1800000,1320000
2022-12-14 13:32:34.772000,1.35594,1.35577,1800000,1920000
2022-12-14 13:32:34.873000,1.35595,1.35577,1800000,1920000
2022-12-14 13:32:34.924000,1.35595,1.35579,1340000,1320000
2022-12-14 13:32:35.544000,1.35594,1.3558,1340000,1320000
2022-12-14 13:32:35.696000,1.35594,1.35579,1320000,1200000
2022-12-14 13:32:35.797000,1.35594,1.35578,3720000,1200000
2022-12-14 13:32:35.898000,1.35593,1.35579,3860000,1200000
2022-12-14 13:32:36.202000,1.35592,1.35578,1200000,1200000
2022-12-14 13:32:36.682000,1.35591,1.35577,1200000,1200000
2022-12-14 13:32:37.071000,1.35591,1.35576,1200000,1320000
2022-12-14 13:32:37.172000,1.35591,1.35575,1200000,1320000
2022-12-14 13:32:38.076000,1.35591,1.35575,1340000,1320000
2022-12-14 13:32:38.178000,1.35592,1.35575,1800000,1460000
2022-12-14 13:32:38.229000,1.35593,1.35577,2400000,2820000
2022-12-14 13:32:38.431000,1.35594,1.35578,1200000,1460000
2022-12-14 13:32:39.234000,1.35594,1.35579,1340000,1460000
2022-12-14 13:32:42.323000,1.35595,1.35578,4620000,1340000
2022-12-14 13:32:42.424000,1.35594,1.35577,2520000,1800000
2022-12-14 13:32:42.526000,1.35592,1.35576,1320000,1200000
2022-12-14 13:32:43.282000,1.35593,1.35577,2480000,1320000
2022-12-14 13:32:44.248000,1.35592,1.35576,2940000,1320000
2022-12-14 13:32:44.399000,1.35593,1.35577,2480000,1200000
2022-12-14 13:32:45.413000,1.35595,1.35577,1920000,1320000
2022-12-14 13:32:45.464000,1.35597,1.35578,3420000,1320000
2022-12-14 13:32:45.515000,1.35597,1.35578,3420000,1320000
2022-12-14 13:32:45.886000,1.35595,1.35578,1800000,1320000
2022-12-14 13:32:45.960000,1.35595,1.35578,1800000,1320000
2022-12-14 13:32:46.622000,1.35595,1.35578,3380000,1460000
2022-12-14 13:32:46.724000,1.35595,1.35578,3420000,1440000
2022-12-14 13:32:46.883000,1.35593,1.35578,1320000,1200000
2022-12-14 13:32:46.985000,1.35593,1.35579,1920000,1200000
2022-12-14 13:32:48.461000,1.35592,1.35579,2940000,1200000
2022-12-14 13:32:48.562000,1.35591,1.35577,1340000,1200000
2022-12-14 13:32:49.117000,1.35593,1.35577,1800000,1320000
2022-12-14 13:32:49.371000,1.35593,1.35577,1800000,1320000
2022-12-14 13:32:49.707000,1.35593,1.35577,1800000,1320000
2022-12-14 13:32:50.011000,1.35594,1.35578,1340000,1320000
2022-12-14 13:32:50.248000,1.35594,1.35578,1340000,1320000
2022-12-14 13:32:50.350000,1.35594,1.35581,1340000,1920000
2022-12-14 13:32:50.452000,1.35593,1.35586,1200000,1200000
2022-12-14 13:32:50.554000,1.35601,1.35585,1940000,1320000
2022-12-14 13:32:51.954000,1.35601,1.35585,3420000,1200000
2022-12-14 13:32:53.745000,1.35594,1.35584,1200000,1200000
2022-12-14 13:32:53.847000,1.35595,1.35581,1200000,1320000
2022-12-14 13:32:55.195000,1.35595,1.35582,1200000,1320000
2022-12-14 13:32:56.258000,1.35594,1.35583,1200000,1320000
2022-12-14 13:32:57.046000,1.35594,1.35583,1200000,1320000
2022-12-14 13:32:58.311000,1.35597,1.35584,1800000,1320000
2022-12-14 13:32:58.362000,1.35598,1.35583,1800000,1320000
2022-12-14 13:32:58.514000,1.356,1.35585,1340000,1320000
2022-12-14 13:32:58.981000,1.35599,1.35586,1200000,1460000
2022-12-14 13:32:59.032000,1.35602,1.35585,1800000,1460000
2022-12-14 13:32:59.133000,1.35604,1.35587,2400000,1320000
2022-12-14 13:32:59.184000,1.35606,1.35591,1200000,1320000
2022-12-14 13:32:59.286000,1.35608,1.35594,1200000,1320000
2022-12-14 13:32:59.388000,1.3561,1.35593,2960000,1200000
2022-12-14 13:32:59.729000,1.3561,1.35593,2940000,1320000
2022-12-14 13:33:00.121000,1.35609,1.35591,1460000,1440000
2022-12-14 13:33:00.222000,1.35608,1.35591,1320000,1340000
2022-12-14 13:33:00.457000,1.35608,1.35591,1920000,1200000
2022-12-14 13:33:02.669000,1.35606,1.35592,1200000,1920000
2022-12-14 13:33:02.770000,1.3561,1.35592,2040000,1460000
2022-12-14 13:33:03.070000,1.3561,1.35592,2520000,1320000
2022-12-14 13:33:03.222000,1.35606,1.35593,1200000,1320000
2022-12-14 13:33:03.710000,1.35607,1.35592,1200000,1320000
2022-12-14 13:33:03.913000,1.35606,1.35593,1200000,1320000
2022-12-14 13:33:04.751000,1.35609,1.35592,1940000,1320000
2022-12-14 13:33:04.852000,1.35609,1.35593,1200000,1320000
2022-12-14 13:33:04.954000,1.3561,1.35594,2040000,1200000
2022-12-14 13:33:05.005000,1.35609,1.35595,1800000,1320000
2022-12-14 13:33:05.056000,1.35604,1.35594,1800000,1200000
2022-12-14 13:33:05.157000,1.35603,1.3559,5660000,1800000
2022-12-14 13:33:05.208000,1.35598,1.3559,1200000,1200000
2022-12-14 13:33:05.259000,1.35599,1.35585,1200000,1320000
2022-12-14 13:33:07.079000,1.35601,1.35586,1200000,1320000
2022-12-14 13:33:07.130000,1.35601,1.35586,1200000,1200000
2022-12-14 13:33:08.294000,1.35601,1.35586,1320000,1200000
2022-12-14 13:33:08.395000,1.356,1.35586,4320000,1200000
2022-12-14 13:33:08.520000,1.35599,1.35584,1920000,1200000
2022-12-14 13:33:09.232000,1.35598,1.35584,1200000,1320000
2022-12-14 13:33:09.283000,1.35599,1.35585,1200000,1200000
2022-12-14 13:33:10.223000,1.35602,1.35585,1800000,1320000
2022-12-14 13:33:10.425000,1.35602,1.35587,2400000,1320000
2022-12-14 13:33:10.577000,1.35602,1.35587,1800000,1320000
2022-12-14 13:33:10.628000,1.35602,1.35591,1800000,1200000
2022-12-14 13:33:10.729000,1.35604,1.35591,1800000,1200000
2022-12-14 13:33:10.831000,1.35604,1.35591,1200000,1200000
2022-12-14 13:33:11.057000,1.35608,1.35591,1800000,1320000
2022-12-14 13:33:11.159000,1.35604,1.35591,1200000,1200000
2022-12-14 13:33:11.361000,1.35604,1.3559,2240000,1200000
2022-12-14 13:33:13.302000,1.35603,1.3559,1200000,1200000
2022-12-14 13:33:13.403000,1.35602,1.35588,1200000,1200000
2022-12-14 13:33:13.505000,1.35603,1.35589,1940000,1200000
2022-12-14 13:33:13.606000,1.35602,1.35589,1940000,1200000
2022-12-14 13:33:14.190000,1.35601,1.35587,1800000,1200000
2022-12-14 13:33:14.494000,1.35601,1.35588,1200000,1200000
2022-12-14 13:33:15.812000,1.356,1.35588,1800000,1200000
2022-12-14 13:33:15.913000,1.35598,1.35586,1320000,1200000
2022-12-14 13:33:16.015000,1.35595,1.35581,1340000,1320000
2022-12-14 13:33:17.117000,1.35595,1.3558,2820000,1200000
2022-12-14 13:33:17.218000,1.35593,1.35579,1320000,1200000
2022-12-14 13:33:17.320000,1.35594,1.35578,1920000,1200000
2022-12-14 13:33:19.509000,1.35594,1.35579,1800000,1200000
2022-12-14 13:33:19.611000,1.35593,1.3558,1800000,1200000
2022-12-14 13:33:19.784000,1.35593,1.3558,1200000,1200000
2022-12-14 13:33:20.048000,1.35594,1.35579,1800000,1200000
2022-12-14 13:33:20.737000,1.35594,1.35579,1320000,1200000
2022-12-14 13:33:20.940000,1.35595,1.35579,2480000,1200000
2022-12-14 13:33:21.776000,1.35593,1.3558,2400000,1200000
2022-12-14 13:33:22.135000,1.35594,1.3558,1800000,1320000
2022-12-14 13:33:22.236000,1.35599,1.35583,2240000,1200000
2022-12-14 13:33:23.404000,1.35596,1.35582,1200000,1800000
2022-12-14 13:33:23.606000,1.35597,1.35581,1800000,1200000
2022-12-14 13:33:23.838000,1.35594,1.35582,1200000,1200000
2022-12-14 13:33:24.346000,1.35595,1.35582,1340000,1200000
2022-12-14 13:33:24.506000,1.35597,1.35581,1800000,1320000
2022-12-14 13:33:24.607000,1.35596,1.35582,1800000,1200000
2022-12-14 13:33:24.709000,1.35597,1.35584,2400000,1200000
2022-12-14 13:33:24.760000,1.35598,1.35583,2240000,1200000
2022-12-14 13:33:24.862000,1.35598,1.35584,2240000,1200000
2022-12-14 13:33:25.288000,1.356,1.35585,1200000,1460000
2022-12-14 13:33:25.389000,1.35603,1.35589,1800000,1200000
2022-12-14 13:33:25.491000,1.35602,1.35589,1340000,1320000
2022-12-14 13:33:25.643000,1.35603,1.35587,1340000,1200000
2022-12-14 13:33:25.744000,1.35602,1.35586,1800000,1200000
2022-12-14 13:33:25.896000,1.35601,1.35586,1200000,1200000
2022-12-14 13:33:26.456000,1.35601,1.35586,1200000,1200000
2022-12-14 13:33:27.054000,1.35599,1.35585,2400000,1200000
2022-12-14 13:33:27.997000,1.35598,1.35585,1800000,1200000
2022-12-14 13:33:28.196000,1.35598,1.35584,2400000,1200000
2022-12-14 13:33:28.763000,1.35599,1.35585,3300000,1320000
2022-12-14 13:33:28.864000,1.35601,1.35586,2400000,1200000
2022-12-14 13:33:28.966000,1.35601,1.35586,2240000,1200000
2022-12-14 13:33:30.110000,1.35603,1.35587,3300000,1320000
2022-12-14 13:33:31.436000,1.35601,1.35588,1200000,1320000
2022-12-14 13:33:31.537000,1.35603,1.35587,1340000,1320000
2022-12-14 13:33:31.639000,1.35602,1.35588,1340000,1460000
2022-12-14 13:33:32.037000,1.35604,1.35589,1800000,1320000
2022-12-14 13:33:32.138000,1.35605,1.35588,1800000,1320000
2022-12-14 13:33:32.569000,1.35605,1.35589,1340000,1320000
2022-12-14 13:33:33.952000,1.35605,1.35589,1800000,1200000
2022-12-14 13:33:34.256000,1.35605,1.35589,3300000,1200000
2022-12-14 13:33:35.193000,1.35602,1.35589,1800000,1200000
2022-12-14 13:33:35.345000,1.35602,1.35588,1200000,1200000
2022-12-14 13:33:35.446000,1.35598,1.35587,1340000,1200000
2022-12-14 13:33:35.497000,1.35602,1.35587,4740000,1200000
2022-12-14 13:33:35.548000,1.35597,1.35586,1200000,1200000
2022-12-14 13:33:35.599000,1.356,1.35585,2240000,1200000
2022-12-14 13:33:35.701000,1.356,1.35586,1340000,1200000
2022-12-14 13:33:37.657000,1.35601,1.35586,2960000,1200000
2022-12-14 13:33:37.708000,1.356,1.35584,2480000,1200000
2022-12-14 13:33:37.888000,1.35601,1.35584,3680000,1320000
2022-12-14 13:33:37.989000,1.35601,1.35585,2780000,1200000
2022-12-14 13:33:38.093000,1.35601,1.35585,2940000,1200000
2022-12-14 13:33:38.350000,1.356,1.35584,3860000,1320000
2022-12-14 13:33:38.452000,1.35597,1.35581,1200000,1340000
2022-12-14 13:33:38.553000,1.35595,1.35578,3300000,1920000
2022-12-14 13:33:38.604000,1.35594,1.35578,1940000,1320000
2022-12-14 13:33:38.655000,1.35594,1.35578,1200000,1460000
2022-12-14 13:33:38.890000,1.35596,1.35578,1800000,1460000
2022-12-14 13:33:39.003000,1.35597,1.35579,2400000,1320000
2022-12-14 13:33:39.105000,1.35596,1.3558,2400000,1320000
2022-12-14 13:33:40.577000,1.35597,1.35579,1800000,1440000
2022-12-14 13:33:40.729000,1.35593,1.35579,1200000,1320000
2022-12-14 13:33:40.830000,1.35596,1.35579,2400000,1200000
2022-12-14 13:33:43.465000,1.35595,1.3558,1340000,1920000
2022-12-14 13:33:43.568000,1.35599,1.35581,3300000,1320000
2022-12-14 13:33:43.681000,1.35599,1.35581,2400000,1320000
2022-12-14 13:33:43.795000,1.35599,1.35583,2400000,1200000
2022-12-14 13:33:43.896000,1.356,1.35585,2700000,1320000
2022-12-14 13:33:43.998000,1.35601,1.35586,2700000,1200000
2022-12-14 13:33:44.888000,1.356,1.35586,1200000,1200000
2022-12-14 13:33:44.990000,1.356,1.35584,1800000,1200000
2022-12-14 13:33:45.192000,1.356,1.35584,1800000,1320000
2022-12-14 13:33:45.294000,1.35601,1.35585,1340000,1460000
2022-12-14 13:33:45.345000,1.35601,1.35585,1340000,1440000
2022-12-14 13:33:45.447000,1.356,1.35586,1340000,1460000
2022-12-14 13:33:45.550000,1.356,1.35586,1800000,1200000
2022-12-14 13:33:46.099000,1.35601,1.35585,1200000,1440000
2022-12-14 13:33:46.214000,1.35601,1.35585,1200000,1460000
2022-12-14 13:33:46.869000,1.35602,1.35585,2400000,1440000
2022-12-14 13:33:47.122000,1.35601,1.35585,1200000,1320000
2022-12-14 13:33:48.099000,1.356,1.35586,1200000,1440000
2022-12-14 13:33:50.173000,1.35601,1.35585,2700000,1320000
2022-12-14 13:33:51.167000,1.356,1.35586,1200000,1460000
2022-12-14 13:33:51.218000,1.35601,1.35588,1800000,1460000
2022-12-14 13:33:51.319000,1.35602,1.35588,1340000,1460000
2022-12-14 13:33:51.636000,1.35604,1.35589,1200000,1460000
2022-12-14 13:33:51.738000,1.35605,1.35592,1340000,1320000
2022-12-14 13:33:51.839000,1.3561,1.35597,1800000,1200000
2022-12-14 13:33:52.244000,1.3561,1.35596,1940000,1200000
2022-12-14 13:33:53.678000,1.35609,1.35594,1800000,1200000
2022-12-14 13:33:53.729000,1.35609,1.35592,3300000,1200000
2022-12-14 13:33:53.831000,1.35606,1.3559,1200000,1320000
2022-12-14 13:33:54.155000,1.35606,1.3559,2400000,1200000
2022-12-14 13:33:54.257000,1.35606,1.35589,3300000,1200000
2022-12-14 13:33:54.793000,1.35606,1.35589,2400000,1320000
2022-12-14 13:33:55,1.35606,1.3559,1200000,1920000
2022-12-14 13:33:55.245000,1.35607,1.35592,3300000,1320000
2022-12-14 13:33:55.373000,1.35608,1.35592,2400000,1320000
2022-12-14 13:33:55.474000,1.35609,1.35593,1800000,1200000
2022-12-14 13:33:55.727000,1.3561,1.35595,1940000,1200000
2022-12-14 13:33:55.829000,1.3561,1.35595,1340000,1200000
2022-12-14 13:33:56.031000,1.35609,1.35596,1940000,1200000
2022-12-14 13:33:58.307000,1.3561,1.35595,1880000,1200000
2022-12-14 13:33:59.665000,1.35607,1.35594,1340000,1200000
2022-12-14 13:33:59.781000,1.35606,1.35592,1800000,1200000
2022-12-14 13:33:59.883000,1.35607,1.35589,3420000,1320000
2022-12-14 13:34:00.085000,1.35607,1.35589,3420000,1320000
2022-12-14 13:34:00.328000,1.35604,1.3559,1920000,1200000
2022-12-14 13:34:00.429000,1.35599,1.35586,1200000,1340000
2022-12-14 13:34:00.685000,1.35599,1.35586,1800000,1200000
2022-12-14 13:34:01.728000,1.356,1.35586,1800000,1200000
2022-12-14 13:34:01.779000,1.356,1.35587,1200000,1200000
2022-12-14 13:34:02.962000,1.35602,1.35588,1800000,1320000
2022-12-14 13:34:03.064000,1.35604,1.35589,1800000,3420000
2022-12-14 13:34:03.165000,1.35607,1.35594,1200000,1200000
2022-12-14 13:34:03.267000,1.35609,1.35593,1440000,1200000
2022-12-14 13:34:03.618000,1.35608,1.35593,1460000,1200000
2022-12-14 13:34:03.719000,1.35609,1.35592,1920000,1200000
2022-12-14 13:34:03.821000,1.35608,1.35594,1800000,1320000
2022-12-14 13:34:04.075000,1.35608,1.35593,1920000,1320000
2022-12-14 13:34:04.948000,1.35607,1.35594,1340000,1320000
2022-12-14 13:34:05.352000,1.35608,1.35596,1800000,1200000
2022-12-14 13:34:05.454000,1.35609,1.35596,1440000,1200000
2022-12-14 13:34:06.457000,1.35609,1.35596,2040000,1200000
2022-12-14 13:34:06.558000,1.35609,1.35595,2040000,1200000
2022-12-14 13:34:07.636000,1.3561,1.35595,2940000,1200000
2022-12-14 13:34:07.839000,1.3561,1.35595,2240000,1320000
2022-12-14 13:34:08.555000,1.3561,1.35595,1340000,2060000
2022-12-14 13:34:08.657000,1.35611,1.35598,1200000,1320000
2022-12-14 13:34:08.708000,1.35613,1.35599,1340000,1200000
2022-12-14 13:34:08.809000,1.35613,1.35597,1340000,1460000
2022-12-14 13:34:08.910000,1.35613,1.35597,1340000,1440000
2022-12-14 13:34:10.462000,1.35611,1.35595,2040000,1200000
2022-12-14 13:34:10.664000,1.35609,1.35596,1940000,1200000
2022-12-14 13:34:10.766000,1.35609,1.35596,1800000,1320000
2022-12-14 13:34:10.867000,1.3561,1.35595,1200000,1320000
2022-12-14 13:34:12.625000,1.3561,1.35595,1200000,1440000
2022-12-14 13:34:13.029000,1.35609,1.35594,1440000,1320000
2022-12-14 13:34:13.130000,1.35609,1.35593,1320000,1200000
2022-12-14 13:34:13.232000,1.3561,1.35593,2340000,1320000
2022-12-14 13:34:13.452000,1.3561,1.35593,1340000,1920000
2022-12-14 13:34:13.654000,1.3561,1.35595,1200000,2040000
2022-12-14 13:34:16.156000,1.3561,1.35595,1200000,1320000
2022-12-14 13:34:17.609000,1.35609,1.35596,1800000,1320000
2022-12-14 13:34:17.710000,1.3561,1.35597,1200000,1320000
2022-12-14 13:34:17.812000,1.35611,1.35597,1200000,1320000
2022-12-14 13:34:18.329000,1.35612,1.35596,1200000,1460000
2022-12-14 13:34:19.678000,1.35612,1.35598,1200000,1460000
2022-12-14 13:34:19.729000,1.35614,1.35598,1200000,2360000
2022-12-14 13:34:19.830000,1.35612,1.35599,1200000,1440000
2022-12-14 13:34:19.997000,1.35613,1.35598,1200000,1320000
2022-12-14 13:34:20.099000,1.35614,1.35599,1200000,1320000
2022-12-14 13:34:20.200000,1.35615,1.35601,1200000,1200000
2022-12-14 13:34:20.302000,1.35616,1.35602,1800000,1200000
2022-12-14 13:34:20.460000,1.35615,1.356,1200000,1320000
2022-12-14 13:34:20.619000,1.35615,1.356,1200000,1320000
2022-12-14 13:34:21.367000,1.35615,1.356,1200000,1320000
2022-12-14 13:34:22.611000,1.35615,1.35602,1200000,1200000
2022-12-14 13:34:23.609000,1.35615,1.356,1200000,1200000
2022-12-14 13:34:24.867000,1.35615,1.35602,1200000,1200000
2022-12-14 13:34:26.437000,1.35613,1.35601,1200000,1200000
2022-12-14 13:34:26.539000,1.35613,1.35599,1200000,1200000
2022-12-14 13:34:28.713000,1.35613,1.35599,1200000,1320000
2022-12-14 13:34:29.089000,1.35611,1.35599,1800000,1200000
2022-12-14 13:34:29.191000,1.3561,1.35595,1340000,1340000
2022-12-14 13:34:30.794000,1.3561,1.35594,3600000,1320000
2022-12-14 13:34:31.264000,1.35609,1.35594,1200000,1200000
2022-12-14 13:34:31.366000,1.35609,1.35595,2700000,1200000
2022-12-14 13:34:31.698000,1.3561,1.35595,2240000,1200000
2022-12-14 13:34:38.886000,1.35609,1.35595,2840000,1200000
2022-12-14 13:34:38.988000,1.35609,1.35593,1340000,1320000
2022-12-14 13:34:40.289000,1.35609,1.35592,3140000,1440000
2022-12-14 13:34:40.390000,1.35608,1.35592,1200000,1340000
2022-12-14 13:34:40.713000,1.35609,1.35592,4500000,1340000
2022-12-14 13:34:41.661000,1.35606,1.35592,1800000,1340000
2022-12-14 13:34:41.763000,1.35606,1.35591,1340000,1200000
2022-12-14 13:34:41.865000,1.35605,1.3559,1340000,1320000
2022-12-14 13:34:41.967000,1.35605,1.3559,1800000,1200000
2022-12-14 13:34:43.143000,1.35605,1.3559,1340000,1320000
2022-12-14 13:34:43.671000,1.35605,1.35591,1340000,1320000
2022-12-14 13:34:43.823000,1.35608,1.35592,2400000,1320000
2022-12-14 13:34:43.873000,1.35608,1.35592,1800000,1320000
2022-12-14 13:34:46.424000,1.3561,1.35593,2940000,1320000
2022-12-14 13:34:47.461000,1.35609,1.35591,2240000,1340000
2022-12-14 13:34:47.512000,1.35607,1.35591,2240000,1200000
2022-12-14 13:34:47.613000,1.35606,1.3559,2240000,2520000
2022-12-14 13:34:47.714000,1.35606,1.3559,1800000,1320000
2022-12-14 13:34:50.291000,1.35607,1.35589,1340000,1460000
2022-12-14 13:34:50.393000,1.35608,1.3559,1800000,2360000
2022-12-14 13:34:50.494000,1.35608,1.35593,1340000,1200000
2022-12-14 13:34:51.519000,1.35609,1.35592,3300000,1320000
2022-12-14 13:34:51.817000,1.35607,1.35593,2400000,1200000
2022-12-14 13:34:51.919000,1.35603,1.3559,3380000,1200000
2022-12-14 13:34:52.020000,1.35601,1.35587,1200000,1320000
2022-12-14 13:34:52.903000,1.35601,1.35586,1440000,1200000
2022-12-14 13:34:53.055000,1.35601,1.35586,2040000,1200000
2022-12-14 13:34:53.157000,1.35599,1.35584,1200000,1200000
2022-12-14 13:34:53.258000,1.35599,1.35583,1200000,1320000
2022-12-14 13:34:54.114000,1.35599,1.35583,1200000,1320000
2022-12-14 13:34:54.215000,1.356,1.35585,1340000,1440000
2022-12-14 13:34:55.028000,1.356,1.35586,1800000,1320000
2022-12-14 13:34:56.501000,1.35601,1.35585,1340000,1320000
2022-12-14 13:34:56.949000,1.356,1.35586,1340000,1320000
2022-12-14 13:34:57.051000,1.35601,1.35585,3840000,1200000
2022-12-14 13:34:58.459000,1.356,1.35586,3740000,1320000
2022-12-14 13:34:58.561000,1.35602,1.35586,1800000,1320000
2022-12-14 13:35:00.047000,1.35601,1.35588,1340000,1200000
2022-12-14 13:35:00.149000,1.35599,1.35588,2240000,1200000
2022-12-14 13:35:00.251000,1.35594,1.35582,1200000,1340000
2022-12-14 13:35:00.353000,1.35593,1.3558,2340000,1200000
2022-12-14 13:35:00.816000,1.35593,1.3558,2480000,1200000
2022-12-14 13:35:01.130000,1.35593,1.3558,1340000,1200000
2022-12-14 13:35:01.333000,1.35594,1.3558,1200000,1200000
2022-12-14 13:35:01.383000,1.35594,1.35583,1200000,1200000
2022-12-14 13:35:01.485000,1.35597,1.35585,1800000,1200000
2022-12-14 13:35:01.586000,1.35598,1.35585,2240000,1200000
2022-12-14 13:35:01.688000,1.35597,1.35585,1200000,1200000
2022-12-14 13:35:02.078000,1.35598,1.35585,1800000,1200000
2022-12-14 13:35:02.435000,1.35595,1.35586,1200000,1200000
2022-12-14 13:35:04.162000,1.35598,1.35586,1200000,1200000
2022-12-14 13:35:04.550000,1.35599,1.35587,1340000,1200000
2022-12-14 13:35:05.537000,1.35601,1.35588,1340000,1200000
2022-12-14 13:35:05.639000,1.356,1.35588,1200000,1200000
2022-12-14 13:35:05.740000,1.35602,1.3559,1200000,1200000
2022-12-14 13:35:05.841000,1.356,1.3559,1200000,1200000
2022-12-14 13:35:07.580000,1.35601,1.35591,1200000,1200000
2022-12-14 13:35:08.534000,1.35603,1.35592,1200000,1200000
2022-12-14 13:35:08.635000,1.35605,1.35593,1200000,1200000
2022-12-14 13:35:08.737000,1.35606,1.35596,1800000,1200000
2022-12-14 13:35:10.185000,1.35605,1.35595,1200000,1200000
2022-12-14 13:35:10.287000,1.35602,1.35593,1200000,1200000
2022-12-14 13:35:10.489000,1.35605,1.35592,1200000,1200000
2022-12-14 13:35:10.591000,1.35605,1.35595,1200000,1200000
2022-12-14 13:35:12.163000,1.35605,1.35592,1200000,1200000
2022-12-14 13:35:12.264000,1.35602,1.35593,1200000,1200000
2022-12-14 13:35:13.761000,1.35605,1.35592,1200000,1200000
2022-12-14 13:35:14.009000,1.35605,1.35594,1200000,1200000
2022-12-14 13:35:14.111000,1.35608,1.35595,1340000,1200000
2022-12-14 13:35:15.077000,1.35609,1.35596,2240000,1200000
2022-12-14 13:35:16.979000,1.35609,1.35596,1200000,1320000
2022-12-14 13:35:17.234000,1.35609,1.35596,1200000,1320000
2022-12-14 13:35:17.336000,1.35609,1.35596,1200000,1320000
2022-12-14 13:35:17.488000,1.35609,1.35596,1200000,1320000
2022-12-14 13:35:17.539000,1.35611,1.35597,1200000,1320000
2022-12-14 13:35:18.174000,1.35611,1.35597,1200000,1320000
2022-12-14 13:35:18.276000,1.35608,1.35596,1200000,1320000
2022-12-14 13:35:18.431000,1.35608,1.35596,1200000,1320000
2022-12-14 13:35:18.482000,1.3561,1.35597,1200000,1320000
2022-12-14 13:35:18.584000,1.35611,1.35598,1200000,1200000
2022-12-14 13:35:19.546000,1.3561,1.35598,1200000,1200000
2022-12-14 13:35:19.698000,1.35611,1.35598,1800000,1320000
2022-12-14 13:35:19.800000,1.35611,1.35598,1200000,1320000
2022-12-14 13:35:19.901000,1.3561,1.35599,1200000,1320000
2022-12-14 13:35:21.685000,1.35611,1.356,1200000,1200000
2022-12-14 13:35:23.700000,1.35609,1.35597,1200000,1320000
2022-12-14 13:35:23.802000,1.35609,1.35597,1200000,1320000
2022-12-14 13:35:24.620000,1.35609,1.35597,1200000,1320000
2022-12-14 13:35:24.671000,1.35608,1.35596,1200000,1320000
2022-12-14 13:35:24.772000,1.35608,1.35598,1200000,1200000
2022-12-14 13:35:25.653000,1.35609,1.35597,1200000,1320000
2022-12-14 13:35:25.704000,1.3561,1.356,1340000,1200000
2022-12-14 13:35:26.249000,1.3561,1.35598,1200000,1200000
2022-12-14 13:35:26.458000,1.35608,1.35597,1200000,1200000
2022-12-14 13:35:26.559000,1.35606,1.35597,1200000,1200000
2022-12-14 13:35:28.892000,1.35607,1.35597,1200000,1200000
2022-12-14 13:35:29.425000,1.35608,1.35598,1200000,1200000
2022-12-14 13:35:31.671000,1.3561,1.35599,1340000,1320000
2022-12-14 13:35:32.822000,1.35612,1.356,1200000,1320000
2022-12-14 13:35:34.402000,1.35612,1.356,1200000,1200000
2022-12-14 13:35:35.282000,1.35611,1.35599,1200000,1320000
2022-12-14 13:35:35.434000,1.35612,1.35601,1200000,1200000
2022-12-14 13:35:35.691000,1.3561,1.356,1200000,1200000
2022-12-14 13:35:35.793000,1.35608,1.35599,1200000,1200000
2022-12-14 13:35:35.945000,1.35607,1.35598,1200000,1200000
2022-12-14 13:35:36.321000,1.35608,1.35596,1340000,1200000
2022-12-14 13:35:36.422000,1.35607,1.35594,1200000,1200000
2022-12-14 13:35:36.625000,1.35605,1.35593,1200000,1200000
2022-12-14 13:35:36.726000,1.35604,1.35593,1200000,1200000
2022-12-14 13:35:36.828000,1.35604,1.3559,1200000,1320000
2022-12-14 13:35:36.929000,1.35603,1.35589,1200000,1200000
2022-12-14 13:35:36.980000,1.35599,1.35589,1200000,1200000
2022-12-14 13:35:37.082000,1.35599,1.35586,1200000,1920000
2022-12-14 13:35:37.183000,1.35598,1.35587,1200000,1320000
2022-12-14 13:35:37.543000,1.35598,1.35588,1200000,1920000
2022-12-14 13:35:37.644000,1.356,1.35589,1200000,1320000
2022-12-14 13:35:37.746000,1.35603,1.35591,1200000,1320000
2022-12-14 13:35:38.735000,1.35603,1.35591,1200000,1320000
2022-12-14 13:35:38.836000,1.35603,1.35593,1200000,1460000
2022-12-14 13:35:38.887000,1.35607,1.35594,1200000,1320000
2022-12-14 13:35:39.124000,1.35605,1.35594,1200000,1320000
2022-12-14 13:35:39.719000,1.35607,1.35595,1200000,1320000
2022-12-14 13:35:39.820000,1.35608,1.35596,1200000,1200000
2022-12-14 13:35:40.023000,1.35609,1.35597,1200000,1200000
2022-12-14 13:35:41.035000,1.35611,1.35598,1200000,1320000
2022-12-14 13:35:41.798000,1.3561,1.35599,1200000,1320000
2022-12-14 13:35:41.899000,1.3561,1.35599,1200000,1320000
2022-12-14 13:35:42.164000,1.35608,1.35599,1200000,1440000
2022-12-14 13:35:42.626000,1.35608,1.35597,1200000,1320000
2022-12-14 13:35:43.314000,1.35607,1.35596,1200000,1440000
2022-12-14 13:35:44.205000,1.35607,1.35594,1200000,1320000
2022-12-14 13:35:44.307000,1.35605,1.35594,1200000,1320000
2022-12-14 13:35:44.634000,1.35605,1.35595,1200000,1320000
2022-12-14 13:35:45.135000,1.35607,1.35595,1200000,1200000
2022-12-14 13:35:45.236000,1.35608,1.35595,1200000,1200000
2022-12-14 13:35:46.426000,1.35608,1.35596,1200000,1320000
2022-12-14 13:35:46.527000,1.35609,1.35598,1200000,1320000
2022-12-14 13:35:46.922000,1.35609,1.35596,1200000,1320000
2022-12-14 13:35:49.145000,1.35606,1.35594,1200000,1320000
2022-12-14 13:35:49.247000,1.35607,1.35595,1200000,1320000
2022-12-14 13:35:49.451000,1.35609,1.35596,1200000,1320000
2022-12-14 13:35:49.554000,1.35609,1.35596,1200000,1320000
2022-12-14 13:35:50.418000,1.35608,1.35599,1200000,1920000
2022-12-14 13:35:50.519000,1.35611,1.35599,1200000,1320000
2022-12-14 13:35:50.836000,1.3561,1.356,1200000,1320000
2022-12-14 13:35:51.136000,1.35609,1.35598,1200000,1440000
2022-12-14 13:35:52.122000,1.35608,1.35597,1200000,1320000
2022-12-14 13:35:52.223000,1.35607,1.35598,1200000,1320000
2022-12-14 13:35:52.476000,1.35608,1.35595,1200000,1200000
2022-12-14 13:35:53.706000,1.35606,1.35595,1200000,1200000
2022-12-14 13:35:55.860000,1.35606,1.35595,1200000,1320000
2022-12-14 13:35:55.911000,1.35609,1.35597,1200000,1320000
2022-12-14 13:35:56.012000,1.35609,1.35599,1340000,1320000
2022-12-14 13:35:56.309000,1.3561,1.35598,1200000,1320000
2022-12-14 13:35:56.410000,1.3561,1.35598,1200000,1320000
2022-12-14 13:35:56.745000,1.3561,1.35598,1200000,1320000
2022-12-14 13:35:56.846000,1.3561,1.356,1200000,1460000
2022-12-14 13:35:56.998000,1.35611,1.35601,1200000,2820000
2022-12-14 13:35:57.201000,1.35613,1.35601,1200000,4320000
2022-12-14 13:35:57.302000,1.35618,1.35606,1340000,1320000
2022-12-14 13:35:57.404000,1.3562,1.35608,1200000,1320000
2022-12-14 13:35:58.277000,1.35619,1.35607,1200000,1200000
2022-12-14 13:35:58.379000,1.35617,1.35605,1200000,1200000
2022-12-14 13:35:58.683000,1.35619,1.35605,1200000,1320000
2022-12-14 13:35:58.784000,1.35618,1.35607,1200000,1320000
2022-12-14 13:35:58.886000,1.35619,1.35606,1200000,1460000
2022-12-14 13:35:58.937000,1.3562,1.35608,1200000,1320000
2022-12-14 13:35:58.988000,1.35623,1.35611,1800000,1200000
2022-12-14 13:35:59.089000,1.35624,1.35611,1200000,1320000
2022-12-14 13:36:00.338000,1.35622,1.35611,1200000,1200000
2022-12-14 13:36:00.439000,1.35621,1.35609,1200000,1200000
2022-12-14 13:36:00.490000,1.35619,1.35607,1200000,1460000
2022-12-14 13:36:00.962000,1.3562,1.35606,1200000,1200000
2022-12-14 13:36:01.147000,1.35618,1.35605,1200000,1340000
2022-12-14 13:36:01.249000,1.35615,1.356,1200000,1920000
2022-12-14 13:36:01.350000,1.35609,1.35598,1200000,1320000
2022-12-14 13:36:01.452000,1.35609,1.35596,1200000,1320000
2022-12-14 13:36:01.866000,1.35609,1.35596,1200000,1320000
2022-12-14 13:36:02.589000,1.35611,1.35596,1200000,1920000
2022-12-14 13:36:03.243000,1.35611,1.35596,1200000,1920000
2022-12-14 13:36:03.344000,1.35612,1.35597,1200000,1320000
2022-12-14 13:36:03.963000,1.35613,1.35598,1200000,1320000
2022-12-14 13:36:05.866000,1.35612,1.35599,1200000,1460000
2022-12-14 13:36:05.968000,1.35611,1.35599,1200000,1460000
2022-12-14 13:36:06.831000,1.35611,1.35599,1200000,1440000
2022-12-14 13:36:06.933000,1.3561,1.35598,1200000,1200000
2022-12-14 13:36:06.984000,1.35609,1.35596,1200000,1200000
2022-12-14 13:36:07.085000,1.35609,1.35595,1200000,1200000
2022-12-14 13:36:07.187000,1.35606,1.35596,1200000,1200000
2022-12-14 13:36:07.669000,1.3561,1.35598,1340000,1920000
2022-12-14 13:36:07.771000,1.35611,1.35599,1200000,1460000
2022-12-14 13:36:10.183000,1.35613,1.35599,1200000,1320000
2022-12-14 13:36:10.557000,1.35614,1.356,1200000,1320000
2022-12-14 13:36:10.659000,1.35613,1.35602,1200000,1320000
2022-12-14 13:36:11.380000,1.35613,1.35601,2700000,1200000
2022-12-14 13:36:11.482000,1.3561,1.35598,1200000,1920000
2022-12-14 13:36:11.583000,1.35612,1.35598,1200000,1460000
2022-12-14 13:36:11.744000,1.35611,1.35599,1200000,1460000
2022-12-14 13:36:12.010000,1.3561,1.35597,1200000,1320000
2022-12-14 13:36:12.111000,1.35609,1.35596,1200000,1200000
2022-12-14 13:36:12.263000,1.35607,1.35596,1200000,1320000
2022-12-14 13:36:12.415000,1.35608,1.35595,1200000,1320000
2022-12-14 13:36:12.567000,1.35608,1.35595,1200000,1320000
2022-12-14 13:36:13.436000,1.35608,1.35595,1200000,1320000
2022-12-14 13:36:13.538000,1.35607,1.35596,1200000,1320000
2022-12-14 13:36:13.639000,1.35608,1.35595,1200000,1320000
2022-12-14 13:36:13.791000,1.35608,1.35595,1200000,1320000
2022-12-14 13:36:13.893000,1.35608,1.35595,1200000,1320000
2022-12-14 13:36:13.994000,1.35607,1.35596,1200000,1320000
2022-12-14 13:36:14.096000,1.35608,1.35595,1200000,1320000
2022-12-14 13:36:14.197000,1.35608,1.35595,1200000,1320000
2022-12-14 13:36:14.248000,1.35609,1.35598,1200000,1320000
2022-12-14 13:36:14.299000,1.35609,1.35598,1200000,1320000
2022-12-14 13:36:14.400000,1.3561,1.35597,1200000,2820000
2022-12-14 13:36:14.451000,1.35612,1.35598,1200000,1320000
2022-12-14 13:36:14.553000,1.35612,1.35598,1200000,2820000
2022-12-14 13:36:15.067000,1.35612,1.356,1200000,3420000
2022-12-14 13:36:15.118000,1.35614,1.35603,1340000,1440000
2022-12-14 13:36:16.052000,1.35613,1.356,1200000,1440000
2022-12-14 13:36:16.204000,1.35611,1.35599,1200000,1920000
2022-12-14 13:36:16.305000,1.35611,1.35598,1200000,1920000
2022-12-14 13:36:16.407000,1.35613,1.35599,1200000,1440000
2022-12-14 13:36:17.558000,1.35613,1.35599,1200000,1460000
2022-12-14 13:36:17.660000,1.35613,1.35599,1200000,1460000
2022-12-14 13:36:18.374000,1.35611,1.35598,1200000,1200000
2022-12-14 13:36:18.476000,1.3561,1.35597,1200000,1920000
2022-12-14 13:36:18.527000,1.35612,1.35599,1800000,1320000
2022-12-14 13:36:18.628000,1.35613,1.35598,1200000,1320000
2022-12-14 13:36:19.165000,1.3561,1.35596,1340000,1340000
2022-12-14 13:36:19.267000,1.35605,1.35593,1200000,1800000
2022-12-14 13:36:19.368000,1.35602,1.35588,1200000,2360000
2022-12-14 13:36:19.470000,1.35605,1.35588,1200000,2360000
2022-12-14 13:36:20.228000,1.35602,1.35588,1200000,1320000
2022-12-14 13:36:20.330000,1.356,1.35588,1200000,1320000
2022-12-14 13:36:20.431000,1.356,1.35586,1200000,1320000
2022-12-14 13:36:22.207000,1.35598,1.35586,1200000,1320000
2022-12-14 13:36:23.036000,1.35597,1.35587,1200000,1320000
2022-12-14 13:36:23.138000,1.35597,1.35587,1200000,1320000
2022-12-14 13:36:24.138000,1.356,1.35586,1340000,1320000
2022-12-14 13:36:24.239000,1.356,1.35586,1340000,1320000
2022-12-14 13:36:24.340000,1.356,1.35586,1200000,2060000
2022-12-14 13:36:26.771000,1.35599,1.35586,1200000,1200000
2022-12-14 13:36:26.873000,1.35597,1.35586,1200000,1200000
2022-12-14 13:36:27.143000,1.35599,1.35586,1200000,1200000
2022-12-14 13:36:27.599000,1.35599,1.35586,1200000,1320000
2022-12-14 13:36:27.886000,1.35598,1.35587,1200000,1320000
2022-12-14 13:36:30.906000,1.35598,1.35586,1200000,1200000
2022-12-14 13:36:31.619000,1.35595,1.35585,1200000,1320000
2022-12-14 13:36:31.720000,1.35597,1.35585,1200000,1320000
2022-12-14 13:36:31.821000,1.35597,1.35585,1200000,1320000
2022-12-14 13:36:31.923000,1.35598,1.35585,1200000,1320000
2022-12-14 13:36:32.197000,1.35597,1.35584,1200000,1320000
2022-12-14 13:36:32.720000,1.35596,1.35585,1200000,1320000
2022-12-14 13:36:33.293000,1.35595,1.35585,1200000,1320000
2022-12-14 13:36:35.021000,1.35598,1.35585,1200000,1320000
2022-12-14 13:36:35.124000,1.35597,1.35586,1200000,1320000
2022-12-14 13:36:35.232000,1.35597,1.35586,1200000,1320000
2022-12-14 13:36:35.334000,1.35598,1.35585,1200000,1320000
2022-12-14 13:36:36.901000,1.35599,1.35585,1200000,1320000
2022-12-14 13:36:37.002000,1.35598,1.35586,1200000,1320000
2022-12-14 13:36:37.154000,1.35598,1.35587,1200000,1460000
2022-12-14 13:36:39.211000,1.35597,1.35586,1200000,1320000
2022-12-14 13:36:40.201000,1.35598,1.35585,1200000,1320000
2022-12-14 13:36:41.583000,1.35598,1.35585,1200000,1320000
2022-12-14 13:36:41.684000,1.35598,1.35585,1200000,1320000
2022-12-14 13:36:42.083000,1.35598,1.35585,1200000,1320000
2022-12-14 13:36:42.185000,1.356,1.35588,1200000,2520000
2022-12-14 13:36:42.287000,1.35602,1.35591,1340000,1460000
2022-12-14 13:36:42.439000,1.35604,1.35591,1200000,1320000
2022-12-14 13:36:42.641000,1.35605,1.35591,1200000,1320000
2022-12-14 13:36:42.692000,1.35604,1.35591,1200000,1200000
2022-12-14 13:36:42.793000,1.356,1.35588,1200000,1320000
2022-12-14 13:36:42.987000,1.35599,1.35589,1200000,1320000
2022-12-14 13:36:43.098000,1.356,1.35588,1200000,1320000
2022-12-14 13:36:43.540000,1.35602,1.35589,1200000,1320000
2022-12-14 13:36:43.642000,1.35603,1.35589,1340000,1320000
2022-12-14 13:36:47.198000,1.35601,1.35588,1200000,1320000
2022-12-14 13:36:48.165000,1.356,1.35589,1200000,1320000
2022-12-14 13:36:48.216000,1.35602,1.35589,1200000,3720000
2022-12-14 13:36:48.267000,1.35605,1.3559,1200000,1460000
2022-12-14 13:36:48.469000,1.35606,1.35592,1200000,1320000
2022-12-14 13:36:48.722000,1.35607,1.35592,1200000,1320000
2022-12-14 13:36:48.844000,1.35607,1.35592,1200000,1320000
2022-12-14 13:36:50.347000,1.35606,1.35592,1200000,2060000
2022-12-14 13:36:50.565000,1.35607,1.35592,1200000,1920000
2022-12-14 13:36:50.616000,1.35607,1.35593,1200000,1320000
2022-12-14 13:36:51.866000,1.35607,1.35593,1200000,5220000
2022-12-14 13:36:52.146000,1.35607,1.35593,1200000,1920000
2022-12-14 13:36:52.489000,1.35607,1.35593,1200000,1320000
2022-12-14 13:36:52.843000,1.35607,1.35593,1200000,2820000
2022-12-14 13:36:52.944000,1.35607,1.35593,1200000,2360000
2022-12-14 13:36:53.160000,1.35606,1.35593,1200000,1320000
2022-12-14 13:36:53.262000,1.35606,1.35592,1200000,1460000
2022-12-14 13:36:53.380000,1.35605,1.35591,1200000,1920000
2022-12-14 13:36:53.721000,1.35604,1.35591,1200000,1200000
2022-12-14 13:36:53.823000,1.35596,1.35586,1200000,1920000
2022-12-14 13:36:53.924000,1.35599,1.35585,1200000,1320000
2022-12-14 13:36:54.223000,1.35601,1.35586,1200000,1320000
2022-12-14 13:36:54.324000,1.35601,1.35586,1200000,1460000
2022-12-14 13:36:54.667000,1.356,1.3559,1200000,1920000
2022-12-14 13:36:54.769000,1.35605,1.35589,1340000,2520000
2022-12-14 13:36:55.360000,1.35604,1.35591,1200000,1460000
2022-12-14 13:36:55.461000,1.35606,1.35592,1200000,1320000
2022-12-14 13:36:55.563000,1.35606,1.35594,1200000,1320000
2022-12-14 13:36:55.664000,1.35608,1.35595,1200000,1320000
2022-12-14 13:36:55.766000,1.35606,1.35594,1200000,1320000
2022-12-14 13:36:55.868000,1.35606,1.35594,1200000,1200000
2022-12-14 13:36:55.970000,1.35606,1.35593,1200000,1320000
2022-12-14 13:36:56.977000,1.35608,1.35593,1200000,1320000
2022-12-14 13:36:57.129000,1.35608,1.35593,1200000,1320000
2022-12-14 13:36:57.230000,1.35608,1.35593,1200000,1320000
2022-12-14 13:36:57.332000,1.35608,1.35595,1200000,1320000
2022-12-14 13:36:57.433000,1.35607,1.35596,1200000,1320000
2022-12-14 13:37:00.142000,1.35606,1.35595,1200000,1200000
2022-12-14 13:37:00.244000,1.35606,1.35594,1200000,1200000
2022-12-14 13:37:00.869000,1.35607,1.35594,1200000,1200000
2022-12-14 13:37:01.196000,1.35605,1.35593,1200000,1320000
2022-12-14 13:37:01.306000,1.35604,1.35593,1200000,1320000
2022-12-14 13:37:01.410000,1.35605,1.35592,1200000,1200000
2022-12-14 13:37:01.512000,1.35603,1.35592,1200000,1320000
2022-12-14 13:37:03.868000,1.35601,1.35589,1200000,3420000
2022-12-14 13:37:03.969000,1.35598,1.35587,1200000,1920000
2022-12-14 13:37:04.041000,1.35598,1.35587,1200000,1320000
2022-12-14 13:37:07.738000,1.35599,1.35586,1200000,1320000
2022-12-14 13:37:07.840000,1.35598,1.35587,1200000,1200000
2022-12-14 13:37:08.114000,1.35599,1.35585,1200000,1320000
2022-12-14 13:37:08.216000,1.35598,1.35585,1200000,1200000
2022-12-14 13:37:10.997000,1.35598,1.35585,1200000,1320000
2022-12-14 13:37:11.109000,1.35599,1.35586,1200000,1320000
2022-12-14 13:37:11.362000,1.35602,1.35586,1340000,2060000
2022-12-14 13:37:11.413000,1.35602,1.35589,1340000,1460000
2022-12-14 13:37:11.515000,1.35604,1.35592,1800000,1320000
2022-12-14 13:37:11.566000,1.35607,1.35593,1200000,1320000
2022-12-14 13:37:11.668000,1.35607,1.35593,1200000,1320000
2022-12-14 13:37:13.561000,1.35607,1.35593,1200000,1320000
2022-12-14 13:37:13.611000,1.35604,1.35594,1200000,1320000
2022-12-14 13:37:15.188000,1.35607,1.35593,1200000,1320000
2022-12-14 13:37:15.390000,1.35606,1.35595,1200000,1320000
2022-12-14 13:37:16.430000,1.35606,1.35595,1200000,1320000
2022-12-14 13:37:17.434000,1.35606,1.35595,1200000,1320000
2022-12-14 13:37:17.645000,1.35607,1.35594,1200000,1320000
2022-12-14 13:37:18.554000,1.35605,1.35593,1200000,1440000
2022-12-14 13:37:18.686000,1.35603,1.35593,2700000,1800000
2022-12-14 13:37:18.788000,1.35597,1.35587,1200000,1200000
2022-12-14 13:37:18.889000,1.35599,1.35586,1200000,1200000
2022-12-14 13:37:19.921000,1.35598,1.35589,1200000,1200000
2022-12-14 13:37:20.022000,1.35601,1.35588,1200000,1200000
2022-12-14 13:37:20.219000,1.35601,1.35591,1200000,1320000
2022-12-14 13:37:20.320000,1.35603,1.35591,1200000,1200000
2022-12-14 13:37:20.422000,1.35605,1.35591,1200000,1200000
2022-12-14 13:37:21.077000,1.35606,1.35593,1200000,1320000
2022-12-14 13:37:21.179000,1.35609,1.35599,1800000,1200000
2022-12-14 13:37:21.280000,1.35611,1.356,1340000,1200000
2022-12-14 13:37:21.382000,1.35613,1.35601,1200000,1200000
2022-12-14 13:37:21.607000,1.35615,1.35602,1200000,1320000
2022-12-14 13:37:21.708000,1.35616,1.35605,1200000,1200000
2022-12-14 13:37:21.860000,1.35616,1.35604,1200000,1320000
2022-12-14 13:37:23.726000,1.35617,1.35605,1200000,1200000
2022-12-14 13:37:23.827000,1.35618,1.35606,1340000,1200000
2022-12-14 13:37:23.994000,1.35615,1.35604,1200000,1200000
2022-12-14 13:37:25.339000,1.35614,1.35603,1200000,1200000
2022-12-14 13:37:25.440000,1.35613,1.35599,1200000,2520000
2022-12-14 13:37:25.839000,1.35613,1.356,1200000,2820000
2022-12-14 13:37:25.890000,1.35613,1.35601,1200000,1920000
2022-12-14 13:37:25.941000,1.35615,1.35602,1200000,1920000
2022-12-14 13:37:26.162000,1.35617,1.35602,1200000,2520000
2022-12-14 13:37:26.364000,1.35616,1.35603,1200000,1320000
2022-12-14 13:37:26.465000,1.35617,1.35603,1200000,1320000
2022-12-14 13:37:26.819000,1.35617,1.35603,1200000,1200000
2022-12-14 13:37:27.100000,1.35618,1.35604,1200000,1200000
2022-12-14 13:37:27.408000,1.35616,1.35601,1200000,1800000
2022-12-14 13:37:27.510000,1.35612,1.35597,1200000,1320000
2022-12-14 13:37:27.611000,1.35613,1.35598,1340000,1320000
2022-12-14 13:37:27.713000,1.35614,1.35602,1200000,1200000
2022-12-14 13:37:27.814000,1.35614,1.35601,1200000,1320000
2022-12-14 13:37:28.016000,1.35616,1.35602,1200000,1200000
2022-12-14 13:37:28.118000,1.35616,1.35603,1200000,1320000
2022-12-14 13:37:29.723000,1.35616,1.35601,1200000,1320000
2022-12-14 13:37:29.825000,1.35613,1.356,1200000,2520000
2022-12-14 13:37:30.552000,1.35613,1.356,1200000,1320000
2022-12-14 13:37:32.015000,1.35614,1.35599,1200000,1320000
2022-12-14 13:37:32.200000,1.35613,1.35598,1200000,1460000
2022-12-14 13:37:32.853000,1.35612,1.35599,1200000,1460000
2022-12-14 13:37:32.955000,1.3561,1.35599,1200000,1460000
2022-12-14 13:37:33.230000,1.35611,1.35598,1200000,1200000
2022-12-14 13:37:33.331000,1.35613,1.356,1200000,1200000
2022-12-14 13:37:33.527000,1.35614,1.35599,1340000,1200000
2022-12-14 13:37:34.846000,1.3561,1.35599,1340000,1200000
2022-12-14 13:37:34.948000,1.35613,1.35599,1800000,1200000
2022-12-14 13:37:35.049000,1.35615,1.356,2400000,1200000
2022-12-14 13:37:35.502000,1.35615,1.35602,1200000,1200000
2022-12-14 13:37:35.603000,1.35617,1.35603,1800000,1200000
2022-12-14 13:37:35.755000,1.35617,1.35603,1200000,1200000
2022-12-14 13:37:36.504000,1.35616,1.35602,1200000,1200000
2022-12-14 13:37:37.870000,1.35618,1.35603,1340000,1320000
2022-12-14 13:37:37.972000,1.35618,1.35605,1800000,1320000
2022-12-14 13:37:38.716000,1.35617,1.35604,1340000,1320000
2022-12-14 13:37:39.019000,1.35618,1.35604,1340000,1200000
2022-12-14 13:37:40.582000,1.35618,1.35604,1340000,1320000
2022-12-14 13:37:40.797000,1.35617,1.35605,1200000,1320000
2022-12-14 13:37:41.893000,1.35619,1.35607,1940000,1200000
2022-12-14 13:37:43.906000,1.35621,1.35607,1800000,1320000
2022-12-14 13:37:43.957000,1.35621,1.35607,1200000,1320000
2022-12-14 13:37:44.058000,1.35623,1.35608,1800000,1200000
2022-12-14 13:37:44.210000,1.35622,1.35609,1200000,1200000
2022-12-14 13:37:44.970000,1.35623,1.35608,1200000,1320000
2022-12-14 13:37:45.071000,1.35621,1.35611,1200000,1200000
2022-12-14 13:37:48.206000,1.35621,1.35608,1200000,1340000
2022-12-14 13:37:48.307000,1.3562,1.35607,1200000,1800000
2022-12-14 13:37:48.409000,1.35621,1.35609,2400000,1200000
2022-12-14 13:37:48.874000,1.35622,1.35608,1800000,1320000
2022-12-14 13:37:48.976000,1.35623,1.35609,1340000,1320000
2022-12-14 13:37:49.077000,1.35623,1.3561,1200000,1320000
2022-12-14 13:37:49.860000,1.35624,1.35611,1200000,1200000
2022-12-14 13:37:50.940000,1.3562,1.3561,1200000,1200000
2022-12-14 13:37:51.041000,1.3562,1.35609,1200000,1200000
2022-12-14 13:37:51.143000,1.3562,1.35606,1800000,1200000
2022-12-14 13:37:51.863000,1.35619,1.35605,1200000,1200000
2022-12-14 13:37:52.336000,1.35621,1.35606,1800000,1320000
2022-12-14 13:37:52.437000,1.3562,1.35608,1800000,1320000
2022-12-14 13:37:52.648000,1.35621,1.35607,1200000,1320000
2022-12-14 13:37:52.952000,1.3562,1.35608,1200000,1460000
2022-12-14 13:37:53.003000,1.3562,1.35608,1200000,1440000
2022-12-14 13:37:53.105000,1.35621,1.35607,1200000,2060000
2022-12-14 13:37:53.358000,1.35622,1.35609,1200000,1320000
2022-12-14 13:37:53.816000,1.3562,1.35607,1200000,2960000
2022-12-14 13:37:54.998000,1.3562,1.35607,1200000,1920000
2022-12-14 13:37:55.965000,1.35623,1.35608,1200000,1320000
2022-12-14 13:37:56.066000,1.35624,1.35608,1340000,1320000
2022-12-14 13:37:56.505000,1.35624,1.35608,1200000,1920000
2022-12-14 13:37:56.892000,1.35624,1.35608,1200000,1880000
2022-12-14 13:37:56.994000,1.35624,1.35608,1200000,1920000
2022-12-14 13:37:57.408000,1.35623,1.35609,1200000,2780000
2022-12-14 13:37:57.509000,1.35623,1.35609,1200000,2820000
2022-12-14 13:37:57.712000,1.35625,1.35611,2400000,1320000
2022-12-14 13:37:57.813000,1.35625,1.35612,2240000,1320000
2022-12-14 13:37:57.965000,1.35627,1.35611,1200000,1320000
2022-12-14 13:37:58.067000,1.35628,1.35613,1200000,1320000
2022-12-14 13:37:58.168000,1.35631,1.35617,2240000,1320000
2022-12-14 13:37:58.371000,1.35631,1.35616,2400000,1200000
2022-12-14 13:37:58.540000,1.3563,1.35615,1200000,1320000
2022-12-14 13:37:58.641000,1.35634,1.35618,2480000,1200000
2022-12-14 13:37:59.817000,1.35631,1.35619,3740000,1200000
2022-12-14 13:38:00.182000,1.35631,1.35616,1920000,1200000
2022-12-14 13:38:00.578000,1.3563,1.35618,1200000,1320000
2022-12-14 13:38:00.680000,1.35635,1.35622,1800000,1200000
2022-12-14 13:38:00.781000,1.35635,1.35622,1340000,1200000
2022-12-14 13:38:02.705000,1.35638,1.35623,1340000,1200000
2022-12-14 13:38:02.806000,1.35639,1.35623,1800000,1320000
2022-12-14 13:38:02.908000,1.35641,1.35626,1800000,1200000
2022-12-14 13:38:03.302000,1.3564,1.35627,1340000,1200000
2022-12-14 13:38:04.057000,1.35643,1.35628,1800000,1200000
2022-12-14 13:38:04.361000,1.35644,1.35629,1800000,1200000
2022-12-14 13:38:04.462000,1.35644,1.35629,1800000,1200000
2022-12-14 13:38:09.506000,1.35644,1.35631,2400000,1200000
2022-12-14 13:38:09.607000,1.35638,1.35627,1200000,1200000
2022-12-14 13:38:09.709000,1.35635,1.35625,1200000,1200000
2022-12-14 13:38:10.561000,1.35636,1.35626,1200000,1200000
2022-12-14 13:38:10.856000,1.35637,1.35624,1200000,1320000
2022-12-14 13:38:12.698000,1.35636,1.35623,1200000,1320000
2022-12-14 13:38:12.800000,1.35636,1.35623,1200000,1320000
2022-12-14 13:38:12.902000,1.35636,1.35623,1200000,1320000
2022-12-14 13:38:13.054000,1.35634,1.35621,1200000,1320000
2022-12-14 13:38:13.257000,1.35632,1.35622,1200000,1200000
2022-12-14 13:38:13.358000,1.35632,1.35619,1200000,1320000
2022-12-14 13:38:13.460000,1.35634,1.3562,1200000,1320000
2022-12-14 13:38:13.946000,1.35635,1.35622,1340000,1200000
2022-12-14 13:38:14.199000,1.35637,1.35623,2240000,1200000
2022-12-14 13:38:14.300000,1.35634,1.35621,1200000,3720000
2022-12-14 13:38:14.402000,1.35635,1.35624,1200000,1320000
2022-12-14 13:38:14.605000,1.35635,1.35624,1200000,1320000
2022-12-14 13:38:14.807000,1.35633,1.35621,1200000,1320000
2022-12-14 13:38:14.858000,1.35635,1.35622,1200000,1320000
2022-12-14 13:38:14.960000,1.35636,1.35623,2240000,1320000
2022-12-14 13:38:15.061000,1.35635,1.35624,1200000,1200000
2022-12-14 13:38:15.402000,1.35637,1.35624,1200000,1200000
2022-12-14 13:38:15.504000,1.35637,1.35623,1200000,1200000
2022-12-14 13:38:16.232000,1.35635,1.35622,1200000,1200000
2022-12-14 13:38:16.333000,1.35635,1.35624,2400000,1200000
2022-12-14 13:38:17.990000,1.35634,1.35622,1200000,1200000
2022-12-14 13:38:18.091000,1.35635,1.35621,1340000,1200000
2022-12-14 13:38:18.294000,1.35635,1.35622,1200000,1200000
2022-12-14 13:38:18.396000,1.35636,1.35623,1340000,1200000
2022-12-14 13:38:18.598000,1.35637,1.35624,1340000,1200000
2022-12-14 13:38:19.397000,1.35637,1.35626,1200000,1200000
2022-12-14 13:38:19.498000,1.3564,1.35628,1920000,1200000
2022-12-14 13:38:19.600000,1.35636,1.35626,1200000,1200000
2022-12-14 13:38:20.827000,1.35637,1.35624,1200000,1200000
2022-12-14 13:38:20.928000,1.35634,1.35625,1200000,1200000
2022-12-14 13:38:21.863000,1.35633,1.35623,1200000,1200000
2022-12-14 13:38:22.319000,1.35633,1.35621,1200000,1200000
2022-12-14 13:38:22.420000,1.35633,1.35622,1200000,1200000
2022-12-14 13:38:22.623000,1.35631,1.35619,2040000,1200000
2022-12-14 13:38:22.724000,1.35629,1.35616,1340000,1200000
2022-12-14 13:38:23.195000,1.35627,1.35615,1200000,1200000
2022-12-14 13:38:23.550000,1.35628,1.35617,1200000,1200000
2022-12-14 13:38:24.015000,1.3563,1.35617,1340000,1200000
2022-12-14 13:38:25.285000,1.3563,1.3562,1200000,1200000
2022-12-14 13:38:25.386000,1.35632,1.35621,1340000,1200000
2022-12-14 13:38:26.493000,1.35631,1.35619,1340000,1200000
2022-12-14 13:38:26.595000,1.35628,1.35618,1200000,1200000
