time,ask,bid,ask_volume,bid_volume
2020-01-07 13:25:00.044000,1.29871,1.29861,1570000,1000000
2020-01-07 13:25:01.251000,1.29871,1.29861,2700000,1100000
2020-01-07 13:25:01.352000,1.29863,1.29856,1000000,1100000
2020-01-07 13:25:01.403000,1.29862,1.29853,1000000,1000000
2020-01-07 13:25:01.508000,1.29862,1.29852,1000000,1100000
2020-01-07 13:25:01.610000,1.29863,1.29852,1500000,1100000
2020-01-07 13:25:02.310000,1.29863,1.29852,2100000,1100000
2020-01-07 13:25:02.411000,1.29863,1.29852,1570000,1100000
2020-01-07 13:25:10.039000,1.29863,1.29852,1500000,1970000
2020-01-07 13:25:11.153000,1.29861,1.29852,1000000,1970000
2020-01-07 13:25:11.254000,1.29861,1.29852,1000000,1500000
2020-01-07 13:25:12.321000,1.29863,1.29852,2250000,1000000
2020-01-07 13:25:12.474000,1.29862,1.29852,1000000,1000000
2020-01-07 13:25:13.323000,1.29863,1.29852,2060000,1500000
2020-01-07 13:25:16.228000,1.29863,1.29852,1000000,2350000
2020-01-07 13:25:16.825000,1.29863,1.29852,1570000,1950000
2020-01-07 13:25:17.185000,1.29863,1.29852,2420000,1100000
2020-01-07 13:25:20.987000,1.29862,1.29851,1200000,1500000
2020-01-07 13:25:22.318000,1.29862,1.29851,1670000,1000000
2020-01-07 13:25:22.584000,1.29862,1.29852,2010000,1000000
2020-01-07 13:25:23.710000,1.29857,1.29847,1500000,1100000
2020-01-07 13:25:23.761000,1.29855,1.29846,1500000,2720000
2020-01-07 13:25:23.812000,1.29855,1.29845,1950000,1500000
2020-01-07 13:25:23.913000,1.29854,1.29845,1000000,2250000
2020-01-07 13:25:24.566000,1.29854,1.29844,1000000,1000000
2020-01-07 13:25:24.740000,1.29854,1.29845,1000000,1000000
2020-01-07 13:25:24.850000,1.29854,1.29844,1000000,1000000
2020-01-07 13:25:25.637000,1.29854,1.29843,1000000,1570000
2020-01-07 13:25:25.738000,1.29854,1.29846,1000000,1000000
2020-01-07 13:25:26.008000,1.29854,1.29845,1000000,1000000
2020-01-07 13:25:26.340000,1.29854,1.29843,1000000,3070000
2020-01-07 13:25:27.006000,1.29854,1.29844,1000000,1000000
2020-01-07 13:25:30.800000,1.29854,1.29843,1000000,1500000
2020-01-07 13:25:34.954000,1.29855,1.29844,1500000,1000000
2020-01-07 13:25:36.988000,1.29855,1.29844,1500000,2850000
2020-01-07 13:25:37.782000,1.29855,1.29844,1500000,1000000
2020-01-07 13:25:37.987000,1.29855,1.29845,1500000,1500000
2020-01-07 13:25:39.584000,1.29855,1.29844,1500000,1100000
2020-01-07 13:25:39.743000,1.29855,1.29845,1500000,1000000
2020-01-07 13:25:40.348000,1.29855,1.29844,1500000,1570000
2020-01-07 13:25:40.550000,1.29855,1.29845,1500000,1000000
2020-01-07 13:25:41.212000,1.29855,1.29844,1500000,2700000
2020-01-07 13:25:41.468000,1.29855,1.29845,1500000,1000000
2020-01-07 13:25:42.129000,1.29855,1.29844,1500000,1100000
2020-01-07 13:25:43.006000,1.29855,1.29844,1500000,1220000
2020-01-07 13:25:43.392000,1.29855,1.29844,1500000,1000000
2020-01-07 13:25:48.147000,1.29854,1.29843,1570000,1100000
2020-01-07 13:25:54.078000,1.29853,1.29843,1000000,1100000
2020-01-07 13:25:56.154000,1.29854,1.29843,1570000,1100000
2020-01-07 13:26:02.143000,1.29854,1.29844,1000000,1000000
2020-01-07 13:26:02.661000,1.29854,1.29846,1000000,1000000
2020-01-07 13:26:03.136000,1.29859,1.29851,1970000,1000000
2020-01-07 13:26:03.187000,1.2986,1.29851,1500000,1000000
2020-01-07 13:26:03.288000,1.29861,1.29853,1500000,1000000
2020-01-07 13:26:03.927000,1.29861,1.29852,1500000,1000000
2020-01-07 13:26:04.028000,1.29858,1.2985,1500000,1100000
2020-01-07 13:26:04.129000,1.29856,1.29846,1000000,2470000
2020-01-07 13:26:04.180000,1.29856,1.29845,1000000,3120000
2020-01-07 13:26:04.737000,1.29856,1.29845,1000000,1500000
2020-01-07 13:26:05.054000,1.29856,1.29845,3200000,1500000
2020-01-07 13:26:05.810000,1.29856,1.29845,1570000,1570000
2020-01-07 13:26:08.603000,1.29855,1.29845,1000000,1120000
2020-01-07 13:26:09.468000,1.29855,1.29844,1500000,1950000
2020-01-07 13:26:09.952000,1.29855,1.29845,1500000,1570000
2020-01-07 13:26:10.888000,1.29855,1.29846,1100000,1000000
2020-01-07 13:26:11.174000,1.29855,1.29845,1100000,1200000
2020-01-07 13:26:11.929000,1.29855,1.29845,1100000,1770000
2020-01-07 13:26:12.328000,1.29855,1.29844,1100000,4890000
2020-01-07 13:26:12.780000,1.2986,1.2985,3550000,2700000
2020-01-07 13:26:12.881000,1.29861,1.29852,1570000,1000000
2020-01-07 13:26:13.033000,1.29861,1.29852,1000000,1500000
2020-01-07 13:26:13.784000,1.29861,1.29851,1000000,1650000
2020-01-07 13:26:14.785000,1.29861,1.29851,1000000,1670000
2020-01-07 13:26:15.430000,1.29861,1.29851,1000000,2320000
2020-01-07 13:26:15.531000,1.29858,1.2985,2250000,1350000
2020-01-07 13:26:15.582000,1.29856,1.29847,1120000,1000000
2020-01-07 13:26:15.633000,1.29856,1.29845,1500000,1390000
2020-01-07 13:26:15.734000,1.29855,1.29845,1000000,1000000
2020-01-07 13:26:19.827000,1.29854,1.29845,1000000,1000000
2020-01-07 13:26:20.638000,1.29855,1.29845,1000000,1500000
2020-01-07 13:26:24.078000,1.29856,1.29845,2320000,1000000
2020-01-07 13:26:25.691000,1.29856,1.29845,2350000,1100000
2020-01-07 13:26:28.778000,1.29859,1.2985,3470000,1500000
2020-01-07 13:26:28.829000,1.2986,1.29851,1000000,1000000
2020-01-07 13:26:28.930000,1.29862,1.29852,1000000,1970000
2020-01-07 13:26:29.031000,1.29863,1.29852,1500000,1970000
2020-01-07 13:26:30.099000,1.29863,1.29854,1500000,1000000
2020-01-07 13:26:37.570000,1.29865,1.29855,1200000,1000000
2020-01-07 13:26:38.540000,1.29866,1.29859,1350000,1000000
2020-01-07 13:26:38.590000,1.2987,1.2986,2050000,1000000
2020-01-07 13:26:38.692000,1.2987,1.2986,2320000,2370000
2020-01-07 13:26:38.894000,1.29871,1.29863,1000000,1000000
2020-01-07 13:26:39.046000,1.29873,1.29863,1100000,1000000
2020-01-07 13:26:40.393000,1.29873,1.29863,1790000,1120000
2020-01-07 13:26:43.870000,1.29872,1.29863,1000000,1500000
2020-01-07 13:26:44.824000,1.29872,1.29863,1500000,1120000
2020-01-07 13:26:51.006000,1.29872,1.29863,1000000,1620000
2020-01-07 13:26:51.490000,1.29872,1.29863,1500000,1500000
2020-01-07 13:26:51.876000,1.29872,1.29863,1500000,1620000
2020-01-07 13:26:52.315000,1.29872,1.29863,1500000,1500000
2020-01-07 13:26:52.897000,1.29867,1.29863,1000000,1000000
2020-01-07 13:26:52.999000,1.29866,1.29862,1500000,1000000
2020-01-07 13:26:53.050000,1.29866,1.29861,1500000,1000000
2020-01-07 13:26:53.151000,1.29865,1.29854,1000000,1500000
2020-01-07 13:26:53.958000,1.29863,1.29854,1000000,1000000
2020-01-07 13:26:55.134000,1.29865,1.29854,1500000,1000000
2020-01-07 13:26:55.775000,1.29864,1.29854,1000000,1000000
2020-01-07 13:26:57.311000,1.29865,1.29854,1500000,1100000
2020-01-07 13:26:58.438000,1.29864,1.29854,1000000,1500000
2020-01-07 13:26:59.574000,1.29864,1.29854,1000000,1970000
2020-01-07 13:26:59.675000,1.29864,1.29854,1000000,1570000
2020-01-07 13:27:00.135000,1.29865,1.29854,2210000,1100000
2020-01-07 13:27:01.739000,1.29863,1.29854,1500000,1100000
2020-01-07 13:27:09.528000,1.29856,1.29849,1000000,2140000
2020-01-07 13:27:09.580000,1.29857,1.29847,1500000,1000000
2020-01-07 13:27:09.631000,1.29855,1.29846,1000000,1000000
2020-01-07 13:27:20.519000,1.29854,1.29846,1000000,1000000
2020-01-07 13:27:24.078000,1.29855,1.29846,1000000,1000000
2020-01-07 13:27:29.614000,1.29855,1.29847,1000000,1000000
2020-01-07 13:27:33.474000,1.29854,1.29845,1200000,1000000
2020-01-07 13:27:42.078000,1.29855,1.29845,1500000,1000000
2020-01-07 13:27:50.943000,1.29854,1.29845,1000000,1100000
2020-01-07 13:27:51.375000,1.29853,1.29845,1000000,1100000
2020-01-07 13:27:56.637000,1.29854,1.29845,1000000,1500000
2020-01-07 13:27:56.688000,1.29854,1.29845,1000000,1600000
2020-01-07 13:27:56.739000,1.29858,1.29848,1350000,3100000
2020-01-07 13:27:56.841000,1.29859,1.2985,1000000,1000000
2020-01-07 13:27:59.668000,1.2986,1.2985,1000000,1500000
2020-01-07 13:27:59.808000,1.29861,1.2985,1570000,1600000
2020-01-07 13:28:00.116000,1.29856,1.2985,1000000,1000000
2020-01-07 13:28:00.167000,1.29856,1.29847,1000000,1970000
2020-01-07 13:28:00.218000,1.29856,1.29845,1500000,1670000
2020-01-07 13:28:00.320000,1.29855,1.29845,1000000,1100000
2020-01-07 13:28:00.420000,1.29849,1.29843,1000000,1910000
2020-01-07 13:28:00.471000,1.29846,1.29835,1000000,2100000
2020-01-07 13:28:00.522000,1.29844,1.29835,1000000,2100000
2020-01-07 13:28:00.572000,1.29844,1.29835,1000000,1000000
2020-01-07 13:28:00.724000,1.29846,1.2984,1390000,1500000
2020-01-07 13:28:00.775000,1.29851,1.29841,1500000,1500000
2020-01-07 13:28:00.977000,1.29852,1.29841,1000000,1570000
2020-01-07 13:28:01.079000,1.29852,1.29843,1500000,1000000
2020-01-07 13:28:08.562000,1.29856,1.29846,1000000,1100000
2020-01-07 13:28:08.664000,1.29855,1.29846,1000000,1000000
2020-01-07 13:28:08.765000,1.29855,1.29845,1000000,1000000
2020-01-07 13:28:10.699000,1.29855,1.29845,1620000,1000000
2020-01-07 13:28:11.434000,1.29855,1.29845,1000000,1000000
2020-01-07 13:28:13.290000,1.29853,1.29844,1000000,1000000
2020-01-07 13:28:21.079000,1.29854,1.29844,1000000,1000000
2020-01-07 13:28:23.736000,1.29854,1.29844,1620000,1000000
2020-01-07 13:28:24.514000,1.29854,1.29844,1000000,1000000
2020-01-07 13:28:24.717000,1.29854,1.29844,1620000,1000000
2020-01-07 13:28:25.514000,1.29854,1.29844,1000000,1000000
2020-01-07 13:28:25.716000,1.29854,1.29844,1620000,1000000
2020-01-07 13:28:26.522000,1.29854,1.29844,1000000,1000000
2020-01-07 13:28:36.109000,1.29853,1.29844,1000000,1000000
2020-01-07 13:28:38.173000,1.29855,1.29844,1870000,1000000
2020-01-07 13:28:42.078000,1.29854,1.29844,1000000,1500000
2020-01-07 13:28:42.332000,1.29855,1.29844,1870000,1000000
2020-01-07 13:28:45.079000,1.29854,1.29844,1000000,1500000
2020-01-07 13:28:50.255000,1.29855,1.29844,1870000,1000000
2020-01-07 13:28:55.687000,1.29855,1.29846,1120000,1000000
2020-01-07 13:28:55.789000,1.29858,1.29849,1350000,1000000
2020-01-07 13:28:55.840000,1.2986,1.29849,1000000,1600000
2020-01-07 13:28:55.941000,1.29861,1.2985,1500000,3100000
2020-01-07 13:28:56.093000,1.29862,1.29852,1250000,1000000
2020-01-07 13:29:00.065000,1.29863,1.29852,1500000,1200000
2020-01-07 13:29:00.167000,1.29863,1.29852,1500000,2350000
2020-01-07 13:29:00.319000,1.29863,1.29852,1500000,2770000
2020-01-07 13:29:00.673000,1.29863,1.29852,1000000,3220000
2020-01-07 13:29:00.774000,1.29863,1.29852,1000000,2320000
2020-01-07 13:29:01.793000,1.29864,1.29853,2250000,1000000
2020-01-07 13:29:02.712000,1.29864,1.29853,2250000,2050000
2020-01-07 13:29:03.335000,1.29863,1.29853,1000000,2800000
2020-01-07 13:29:03.868000,1.29864,1.29853,1500000,2800000
2020-01-07 13:29:05.580000,1.29864,1.29853,1570000,1650000
2020-01-07 13:29:12.106000,1.29863,1.29853,1000000,1300000
2020-01-07 13:29:12.208000,1.29863,1.29853,1000000,1200000
2020-01-07 13:29:12.769000,1.29863,1.29853,1000000,1220000
2020-01-07 13:29:12.870000,1.29863,1.29853,1000000,1000000
2020-01-07 13:29:14.658000,1.29863,1.29852,1000000,1200000
2020-01-07 13:29:15.314000,1.29863,1.29852,1500000,1700000
2020-01-07 13:29:16.685000,1.29863,1.29852,1000000,1570000
2020-01-07 13:29:16.966000,1.29863,1.29853,1000000,1000000
2020-01-07 13:29:17.546000,1.29863,1.29852,1000000,1100000
2020-01-07 13:29:17.807000,1.29863,1.29853,1000000,1100000
2020-01-07 13:29:18.409000,1.29867,1.29859,1000000,1000000
2020-01-07 13:29:18.460000,1.2987,1.2986,1310000,1000000
2020-01-07 13:29:18.561000,1.29871,1.2986,1000000,1500000
2020-01-07 13:29:18.676000,1.29872,1.2986,1570000,1970000
2020-01-07 13:29:18.778000,1.29872,1.2986,2320000,1000000
2020-01-07 13:29:18.936000,1.29872,1.2986,2320000,1620000
2020-01-07 13:29:19.863000,1.29872,1.2986,1570000,1120000
2020-01-07 13:29:20.884000,1.29872,1.2986,2320000,1620000
2020-01-07 13:29:21.557000,1.29871,1.29861,1000000,1120000
2020-01-07 13:29:29.702000,1.29871,1.2986,1000000,1100000
2020-01-07 13:29:31.832000,1.29873,1.2986,1500000,1000000
2020-01-07 13:29:31.934000,1.29872,1.29861,1000000,1000000
2020-01-07 13:29:33.190000,1.29872,1.2986,1000000,1000000
2020-01-07 13:29:37.723000,1.29873,1.2986,1000000,3560000
2020-01-07 13:29:41.217000,1.29873,1.29861,1000000,1000000
2020-01-07 13:29:43.052000,1.29872,1.29861,1000000,1500000
2020-01-07 13:29:45.056000,1.29871,1.29862,1000000,1000000
2020-01-07 13:29:45.259000,1.29876,1.29866,1000000,1000000
2020-01-07 13:29:45.310000,1.29879,1.29866,1000000,1000000
2020-01-07 13:29:45.411000,1.29878,1.29866,1000000,1000000
2020-01-07 13:29:45.584000,1.29879,1.29866,1000000,1000000
2020-01-07 13:29:46.160000,1.29877,1.29867,1000000,1000000
2020-01-07 13:29:47.113000,1.29881,1.29869,1000000,1000000
2020-01-07 13:29:47.215000,1.29882,1.29871,1250000,1000000
2020-01-07 13:29:47.266000,1.29881,1.29868,1000000,1000000
2020-01-07 13:29:52.901000,1.29879,1.29869,1000000,1000000
2020-01-07 13:29:53.703000,1.2988,1.29867,1000000,1000000
2020-01-07 13:29:55.123000,1.29879,1.29868,1000000,1000000
2020-01-07 13:29:55.225000,1.29879,1.29867,1000000,1000000
2020-01-07 13:29:56.141000,1.29878,1.29865,1000000,1000000
2020-01-07 13:29:56.249000,1.29879,1.29867,1000000,1000000
2020-01-07 13:29:58.191000,1.29881,1.29868,1000000,1000000
2020-01-07 13:29:58.343000,1.29879,1.29868,1000000,1000000
2020-01-07 13:29:59.202000,1.29879,1.29866,1000000,1000000
2020-01-07 13:29:59.303000,1.2988,1.29867,1000000,1000000
2020-01-07 13:30:00.359000,1.29874,1.29861,1000000,1000000
2020-01-07 13:30:00.662000,1.29875,1.29862,1000000,1000000
2020-01-07 13:30:00.763000,1.29873,1.2986,1000000,1000000
2020-01-07 13:30:02.456000,1.29871,1.2986,1000000,1000000
2020-01-07 13:30:02.557000,1.29869,1.29858,1000000,1000000
2020-01-07 13:30:02.608000,1.2987,1.29856,1000000,1000000
2020-01-07 13:30:02.721000,1.29863,1.29849,1000000,1870000
2020-01-07 13:30:02.823000,1.29858,1.29846,1000000,1000000
2020-01-07 13:30:02.925000,1.29858,1.29847,1000000,1000000
2020-01-07 13:30:03.369000,1.29859,1.29845,1000000,1000000
2020-01-07 13:30:04.198000,1.29854,1.29841,1000000,1000000
2020-01-07 13:30:06.291000,1.29856,1.29842,1000000,1000000
2020-01-07 13:30:10.899000,1.2986,1.29851,1000000,1000000
2020-01-07 13:30:10.951000,1.29864,1.29851,1500000,1000000
2020-01-07 13:30:11.306000,1.29865,1.29853,1500000,1000000
2020-01-07 13:30:11.407000,1.29864,1.29853,1000000,1000000
2020-01-07 13:30:11.874000,1.29869,1.29858,1750000,1000000
2020-01-07 13:30:11.926000,1.29871,1.29858,1100000,1000000
2020-01-07 13:30:12.027000,1.29871,1.29858,1000000,1000000
2020-01-07 13:30:12.078000,1.29871,1.2986,1500000,1000000
2020-01-07 13:30:15.048000,1.29871,1.29861,1000000,1000000
2020-01-07 13:30:16.609000,1.29871,1.2986,1000000,1000000
2020-01-07 13:30:18.344000,1.29872,1.2986,1000000,1500000
2020-01-07 13:30:18.885000,1.29872,1.2986,1000000,1000000
2020-01-07 13:30:18.994000,1.29873,1.2986,2250000,1000000
2020-01-07 13:30:21.411000,1.29872,1.2986,1000000,1000000
2020-01-07 13:30:22.732000,1.29873,1.2986,2250000,1000000
2020-01-07 13:30:22.946000,1.29873,1.2986,2250000,1620000
2020-01-07 13:30:24.929000,1.29873,1.2986,2250000,1500000
2020-01-07 13:30:27.927000,1.29867,1.29857,1000000,2060000
2020-01-07 13:30:27.977000,1.29871,1.29859,1500000,2250000
2020-01-07 13:30:28.028000,1.29865,1.29857,1000000,1500000
2020-01-07 13:30:28.079000,1.29867,1.29856,1500000,1000000
2020-01-07 13:30:28.130000,1.29864,1.29856,1100000,1000000
2020-01-07 13:30:28.282000,1.29865,1.29856,1000000,1500000
2020-01-07 13:30:28.597000,1.29867,1.29856,2060000,3000000
2020-01-07 13:30:28.698000,1.2987,1.29859,3000000,1000000
2020-01-07 13:30:28.800000,1.29871,1.2986,1000000,1000000
2020-01-07 13:30:28.924000,1.29872,1.2986,2890000,1000000
2020-01-07 13:30:33.016000,1.29872,1.29859,1390000,1100000
2020-01-07 13:30:36.552000,1.29871,1.29862,1000000,1000000
2020-01-07 13:30:41.729000,1.29871,1.2986,1000000,2320000
2020-01-07 13:30:41.843000,1.29872,1.2986,2810000,1100000
2020-01-07 13:30:42.426000,1.29872,1.29861,3560000,1000000
2020-01-07 13:30:43.980000,1.2987,1.29861,1000000,1000000
2020-01-07 13:30:44.081000,1.29863,1.29853,1000000,1200000
2020-01-07 13:30:44.183000,1.29865,1.29852,1450000,3000000
2020-01-07 13:30:44.234000,1.29865,1.29854,5240000,1000000
2020-01-07 13:30:44.335000,1.29865,1.29854,1350000,1000000
2020-01-07 13:30:44.437000,1.29866,1.29858,1000000,1000000
2020-01-07 13:30:44.538000,1.29867,1.2986,3750000,1000000
2020-01-07 13:30:44.589000,1.29868,1.29857,1000000,2540000
2020-01-07 13:30:44.691000,1.2987,1.2986,1310000,1000000
2020-01-07 13:30:44.793000,1.29872,1.2986,2250000,1100000
2020-01-07 13:30:45.066000,1.29872,1.29861,3560000,1000000
2020-01-07 13:30:45.167000,1.29871,1.2986,1000000,1220000
2020-01-07 13:30:45.269000,1.29871,1.2986,1000000,1000000
2020-01-07 13:30:45.422000,1.29871,1.2986,1000000,1790000
2020-01-07 13:30:46.618000,1.29871,1.29862,1000000,1000000
2020-01-07 13:30:47.087000,1.2987,1.29861,1000000,2320000
2020-01-07 13:30:47.436000,1.29871,1.29861,1000000,2250000
2020-01-07 13:30:48.167000,1.29872,1.29861,1500000,1000000
2020-01-07 13:30:50.323000,1.2987,1.29861,1000000,2250000
2020-01-07 13:30:50.632000,1.29872,1.29861,3560000,1000000
2020-01-07 13:30:51.188000,1.29872,1.29862,1570000,1000000
2020-01-07 13:30:53.120000,1.29872,1.29863,1970000,1000000
2020-01-07 13:30:53.171000,1.29872,1.29861,2160000,1000000
2020-01-07 13:30:53.273000,1.29872,1.29861,1570000,1100000
2020-01-07 13:30:54.562000,1.29872,1.29862,1570000,1500000
2020-01-07 13:30:54.613000,1.29874,1.29863,1600000,2290000
2020-01-07 13:30:54.714000,1.29877,1.29868,1000000,1570000
2020-01-07 13:30:54.816000,1.29879,1.2987,1570000,1000000
2020-01-07 13:30:55.485000,1.2988,1.29869,1310000,1500000
2020-01-07 13:30:55.587000,1.2988,1.2987,1310000,1000000
2020-01-07 13:30:56.916000,1.2988,1.2987,1790000,1000000
2020-01-07 13:30:57.460000,1.2988,1.2987,1100000,1000000
2020-01-07 13:30:59.333000,1.29881,1.29872,2510000,1000000
2020-01-07 13:30:59.435000,1.29881,1.29871,1100000,1000000
2020-01-07 13:30:59.789000,1.29881,1.29871,1450000,1000000
2020-01-07 13:30:59.890000,1.29881,1.29871,1010000,1000000
2020-01-07 13:31:00.013000,1.29881,1.29871,1850000,1000000
2020-01-07 13:31:00.347000,1.29881,1.29872,1850000,1000000
2020-01-07 13:31:00.561000,1.29881,1.2987,1850000,1000000
2020-01-07 13:31:00.662000,1.29879,1.2987,1000000,1500000
2020-01-07 13:31:07.785000,1.29875,1.2987,2000000,1000000
2020-01-07 13:31:07.855000,1.29875,1.29868,2940000,1000000
2020-01-07 13:31:07.908000,1.29875,1.29865,3760000,1000000
2020-01-07 13:31:08.262000,1.29875,1.29868,3010000,1000000
2020-01-07 13:31:08.313000,1.29874,1.29865,1250000,1100000
2020-01-07 13:31:08.415000,1.29872,1.29861,1000000,1970000
2020-01-07 13:31:08.516000,1.29871,1.29861,1250000,1100000
2020-01-07 13:31:08.617000,1.29871,1.29861,1250000,1000000
2020-01-07 13:31:08.890000,1.29871,1.29862,1250000,1000000
2020-01-07 13:31:10.738000,1.29871,1.29862,1690000,1500000
2020-01-07 13:31:10.840000,1.29872,1.29863,1000000,1220000
2020-01-07 13:31:10.890000,1.29872,1.29862,3000000,1100000
2020-01-07 13:31:10.992000,1.2987,1.29862,1250000,1000000
2020-01-07 13:31:12.274000,1.2987,1.29862,2500000,1000000
2020-01-07 13:31:14.170000,1.29871,1.29862,1250000,1000000
2020-01-07 13:31:15.080000,1.2987,1.29861,1250000,1500000
2020-01-07 13:31:19.567000,1.29872,1.29861,3250000,1570000
2020-01-07 13:31:20.740000,1.29872,1.29861,3250000,2050000
2020-01-07 13:31:21.681000,1.29871,1.29861,1250000,1570000
2020-01-07 13:31:21.732000,1.29872,1.29861,3190000,2050000
2020-01-07 13:31:27.020000,1.29873,1.29866,1310000,1000000
2020-01-07 13:31:27.123000,1.29879,1.2987,1250000,1000000
2020-01-07 13:31:27.235000,1.2988,1.2987,2320000,1000000
2020-01-07 13:31:29.747000,1.29881,1.2987,3260000,1500000
2020-01-07 13:31:29.949000,1.2988,1.2987,1000000,1500000
2020-01-07 13:31:30.070000,1.29881,1.2987,2440000,1500000
2020-01-07 13:31:30.206000,1.2988,1.2987,1000000,1500000
2020-01-07 13:31:30.308000,1.2988,1.29871,1250000,1000000
2020-01-07 13:31:30.412000,1.29879,1.29871,1000000,1000000
2020-01-07 13:31:30.516000,1.2988,1.29871,1250000,1000000
2020-01-07 13:31:30.617000,1.29879,1.29871,1000000,1000000
2020-01-07 13:31:30.871000,1.2988,1.29871,1250000,1000000
2020-01-07 13:31:32.825000,1.29879,1.29871,1000000,1000000
2020-01-07 13:31:33.338000,1.2988,1.29871,1250000,1000000
2020-01-07 13:31:33.596000,1.29879,1.29871,1000000,1000000
2020-01-07 13:31:33.739000,1.2988,1.29871,1250000,1000000
2020-01-07 13:31:34.362000,1.29879,1.29871,1000000,1000000
2020-01-07 13:31:34.546000,1.2988,1.29871,1250000,1000000
2020-01-07 13:31:38.986000,1.29881,1.29874,1250000,1000000
2020-01-07 13:31:39.037000,1.29885,1.29875,3290000,1000000
2020-01-07 13:31:39.240000,1.29886,1.29875,1250000,1500000
2020-01-07 13:31:39.291000,1.29887,1.29877,1350000,1500000
2020-01-07 13:31:39.392000,1.29889,1.29877,2570000,1500000
2020-01-07 13:31:39.544000,1.29888,1.29877,1250000,2140000
2020-01-07 13:31:39.999000,1.29889,1.29879,3620000,1500000
2020-01-07 13:31:40.149000,1.29888,1.29879,1250000,1500000
2020-01-07 13:31:40.251000,1.29889,1.29879,1250000,1570000
2020-01-07 13:31:40.638000,1.2989,1.29879,3320000,1570000
2020-01-07 13:31:41.470000,1.2989,1.29879,2220000,1500000
2020-01-07 13:31:41.933000,1.2989,1.29879,2200000,1570000
2020-01-07 13:31:42.518000,1.2989,1.29879,1250000,2700000
2020-01-07 13:31:42.619000,1.2989,1.2988,2440000,1500000
2020-01-07 13:31:42.774000,1.2989,1.2988,1750000,1500000
2020-01-07 13:31:46.149000,1.2989,1.2988,1760000,1000000
2020-01-07 13:31:49.504000,1.29889,1.2988,1000000,1000000
2020-01-07 13:31:56.388000,1.29888,1.29878,1250000,1000000
2020-01-07 13:31:56.490000,1.29888,1.29878,1970000,1000000
2020-01-07 13:31:56.596000,1.29886,1.29878,1000000,1000000
2020-01-07 13:31:56.748000,1.29888,1.29878,1000000,1500000
2020-01-07 13:32:00.090000,1.29889,1.29878,3070000,1500000
2020-01-07 13:32:01.564000,1.29889,1.29878,3470000,1500000
2020-01-07 13:32:02.586000,1.29889,1.29878,2700000,1500000
2020-01-07 13:32:02.687000,1.29888,1.2988,1000000,1000000
2020-01-07 13:32:02.737000,1.29889,1.2988,1570000,1000000
2020-01-07 13:32:05.580000,1.29891,1.29886,1750000,1000000
2020-01-07 13:32:05.631000,1.29895,1.29888,2250000,1000000
2020-01-07 13:32:05.733000,1.29899,1.29889,2060000,1000000
2020-01-07 13:32:06.514000,1.29898,1.29889,1000000,1000000
2020-01-07 13:32:06.617000,1.29897,1.29889,1000000,1000000
2020-01-07 13:32:06.668000,1.29899,1.29889,2140000,1000000
2020-01-07 13:32:07.066000,1.29897,1.29888,1000000,1000000
2020-01-07 13:32:07.301000,1.29899,1.29888,2540000,1000000
2020-01-07 13:32:07.402000,1.29898,1.29888,1620000,1000000
2020-01-07 13:32:07.935000,1.29898,1.29889,2370000,1000000
2020-01-07 13:32:08.239000,1.29898,1.29889,3450000,1000000
2020-01-07 13:32:08.391000,1.29897,1.29889,1000000,1000000
2020-01-07 13:32:08.493000,1.29898,1.29889,2700000,1000000
2020-01-07 13:32:08.696000,1.29897,1.29889,1000000,1000000
2020-01-07 13:32:09.152000,1.29897,1.29888,1500000,1000000
2020-01-07 13:32:11.228000,1.29892,1.29887,1500000,1000000
2020-01-07 13:32:11.329000,1.2989,1.29885,2620000,1000000
2020-01-07 13:32:11.430000,1.29888,1.29883,1690000,1000000
2020-01-07 13:32:11.481000,1.29882,1.29873,1000000,1390000
2020-01-07 13:32:11.583000,1.29883,1.29873,1570000,1000000
2020-01-07 13:32:11.950000,1.29883,1.29873,3290000,1000000
2020-01-07 13:32:12.051000,1.29881,1.29873,1200000,1000000
2020-01-07 13:32:12.303000,1.29881,1.29871,1000000,1000000
2020-01-07 13:32:13.914000,1.29881,1.2987,1000000,1000000
2020-01-07 13:32:14.066000,1.2988,1.29869,1500000,1310000
2020-01-07 13:32:14.167000,1.2988,1.2987,2850000,1000000
2020-01-07 13:32:14.269000,1.2988,1.2987,2140000,1000000
2020-01-07 13:32:15.557000,1.29881,1.29871,3450000,1000000
2020-01-07 13:32:15.659000,1.29881,1.29871,1570000,1000000
2020-01-07 13:32:15.912000,1.29882,1.29878,1310000,1000000
2020-01-07 13:32:16.014000,1.29889,1.29879,1350000,1000000
2020-01-07 13:32:16.115000,1.2989,1.29879,1760000,1000000
2020-01-07 13:32:16.611000,1.29888,1.29879,1000000,1500000
2020-01-07 13:32:17.374000,1.29887,1.29877,1000000,1500000
2020-01-07 13:32:17.477000,1.29886,1.29874,1500000,4460000
2020-01-07 13:32:18.256000,1.29888,1.29879,4220000,1000000
2020-01-07 13:32:18.358000,1.29889,1.2988,1760000,1000000
2020-01-07 13:32:29.259000,1.29888,1.2988,1000000,1000000
2020-01-07 13:32:29.411000,1.29889,1.2988,1000000,1000000
2020-01-07 13:32:30.617000,1.29893,1.29889,1390000,1000000
2020-01-07 13:32:30.668000,1.29896,1.29889,1120000,1000000
2020-01-07 13:32:30.720000,1.29899,1.29889,1410000,1500000
2020-01-07 13:32:30.771000,1.29899,1.29887,1790000,1570000
2020-01-07 13:32:30.873000,1.29898,1.29888,1100000,1000000
2020-01-07 13:32:31.044000,1.29898,1.29888,1220000,1000000
2020-01-07 13:32:31.179000,1.29898,1.29888,1000000,1000000
2020-01-07 13:32:31.741000,1.29901,1.29891,4220000,1000000
2020-01-07 13:32:31.842000,1.29901,1.29891,1500000,1000000
2020-01-07 13:32:31.944000,1.29902,1.29896,1100000,1000000
2020-01-07 13:32:31.995000,1.29904,1.29894,1500000,1870000
2020-01-07 13:32:32.107000,1.29907,1.29896,1690000,1500000
2020-01-07 13:32:32.208000,1.29907,1.29895,1760000,1500000
2020-01-07 13:32:33.759000,1.29907,1.29896,1000000,1000000
2020-01-07 13:32:34.639000,1.29907,1.29896,1300000,1000000
2020-01-07 13:32:34.791000,1.29902,1.29894,1000000,1000000
2020-01-07 13:32:34.842000,1.29904,1.29895,1000000,1000000
2020-01-07 13:32:34.893000,1.29905,1.29893,3070000,1500000
2020-01-07 13:32:34.944000,1.29906,1.29895,4970000,1000000
2020-01-07 13:32:35.045000,1.29906,1.29897,2060000,1000000
2020-01-07 13:32:36.039000,1.29907,1.29897,3070000,1000000
2020-01-07 13:32:37.120000,1.29907,1.29898,1570000,1000000
2020-01-07 13:32:40.839000,1.29907,1.29897,1200000,1000000
2020-01-07 13:32:41.261000,1.29907,1.29897,1220000,1000000
2020-01-07 13:32:42.050000,1.29907,1.29897,1100000,1000000
2020-01-07 13:32:44.909000,1.29906,1.29896,1200000,1000000
2020-01-07 13:32:45.010000,1.29904,1.29896,1000000,1000000
2020-01-07 13:32:45.224000,1.29901,1.29892,2370000,1100000
2020-01-07 13:32:45.275000,1.29904,1.29893,3820000,1500000
2020-01-07 13:32:45.360000,1.29901,1.29893,1000000,1000000
2020-01-07 13:32:45.411000,1.29905,1.29895,3470000,1000000
2020-01-07 13:32:45.512000,1.29905,1.29895,1390000,1500000
2020-01-07 13:32:46.572000,1.29905,1.29896,1000000,1000000
2020-01-07 13:32:46.623000,1.29907,1.29898,2540000,1000000
2020-01-07 13:32:46.729000,1.29907,1.29898,2810000,1000000
2020-01-07 13:32:47.624000,1.29907,1.29897,1000000,1000000
2020-01-07 13:32:48.432000,1.29907,1.29896,1960000,1000000
2020-01-07 13:32:48.533000,1.29907,1.29896,1270000,1000000
2020-01-07 13:32:48.787000,1.29906,1.29895,1000000,1000000
2020-01-07 13:32:48.888000,1.29904,1.29893,2350000,1950000
2020-01-07 13:32:49.948000,1.29904,1.29893,2320000,1120000
2020-01-07 13:32:50.049000,1.29904,1.29894,1310000,1000000
2020-01-07 13:32:50.175000,1.29906,1.29896,1200000,1500000
2020-01-07 13:32:51.595000,1.29907,1.29896,1500000,1500000
2020-01-07 13:32:54.327000,1.29906,1.29896,1000000,1500000
2020-01-07 13:32:55.367000,1.29906,1.29898,1000000,1000000
2020-01-07 13:32:55.515000,1.29912,1.29906,1120000,1000000
2020-01-07 13:32:55.566000,1.29916,1.29907,2250000,1000000
2020-01-07 13:32:55.667000,1.29916,1.29906,1500000,1000000
2020-01-07 13:32:55.768000,1.29916,1.29906,3290000,1500000
2020-01-07 13:32:57.590000,1.29915,1.29908,1000000,1000000
2020-01-07 13:32:57.691000,1.29915,1.29906,1500000,1100000
2020-01-07 13:32:57.843000,1.29915,1.29905,2750000,1000000
2020-01-07 13:32:58.787000,1.29915,1.29905,1000000,2250000
2020-01-07 13:32:58.889000,1.29914,1.29905,1000000,1570000
2020-01-07 13:32:59.183000,1.29916,1.29905,1500000,1570000
2020-01-07 13:32:59.347000,1.29917,1.29908,1390000,1500000
2020-01-07 13:32:59.449000,1.29919,1.29908,1790000,1000000
2020-01-07 13:33:00.567000,1.29918,1.2991,1100000,1000000
2020-01-07 13:33:00.668000,1.29916,1.29906,1100000,1000000
2020-01-07 13:33:00.719000,1.29914,1.29905,1000000,1500000
2020-01-07 13:33:00.821000,1.29913,1.29905,1000000,1000000
2020-01-07 13:33:01.391000,1.29915,1.29905,1100000,1000000
2020-01-07 13:33:01.493000,1.29916,1.29906,1690000,1000000
2020-01-07 13:33:03.250000,1.29919,1.29911,2290000,1000000
2020-01-07 13:33:03.301000,1.29921,1.29912,1310000,1000000
2020-01-07 13:33:03.403000,1.29922,1.29912,1000000,1000000
2020-01-07 13:33:03.757000,1.29922,1.29913,1000000,1000000
2020-01-07 13:33:03.808000,1.29924,1.29913,1120000,1600000
2020-01-07 13:33:03.909000,1.29926,1.29919,1000000,1000000
2020-01-07 13:33:03.961000,1.2993,1.2992,3190000,1000000
2020-01-07 13:33:04.012000,1.29931,1.29922,2250000,1000000
2020-01-07 13:33:04.163000,1.29931,1.29922,1200000,1000000
2020-01-07 13:33:06.115000,1.29928,1.2992,1570000,1000000
2020-01-07 13:33:06.219000,1.29927,1.29918,1000000,1000000
2020-01-07 13:33:06.270000,1.29923,1.29916,1000000,1000000
2020-01-07 13:33:06.371000,1.29923,1.29919,1000000,1000000
2020-01-07 13:33:06.422000,1.29927,1.29918,3470000,1000000
2020-01-07 13:33:06.473000,1.29927,1.29916,1500000,1000000
2020-01-07 13:33:06.523000,1.29923,1.29914,1500000,1000000
2020-01-07 13:33:06.778000,1.29923,1.29913,1000000,1570000
2020-01-07 13:33:08.157000,1.29923,1.29915,1000000,1000000
2020-01-07 13:33:08.781000,1.29924,1.29915,1100000,1500000
2020-01-07 13:33:08.882000,1.29929,1.29921,1000000,1000000
2020-01-07 13:33:08.983000,1.2993,1.29921,1000000,1500000
2020-01-07 13:33:10.177000,1.2993,1.29922,1000000,1000000
2020-01-07 13:33:10.329000,1.29928,1.29919,1500000,1570000
2020-01-07 13:33:10.380000,1.29926,1.29918,2250000,1000000
2020-01-07 13:33:10.481000,1.29926,1.29917,1100000,1500000
2020-01-07 13:33:10.583000,1.29927,1.29917,2320000,1000000
2020-01-07 13:33:10.894000,1.29926,1.29915,2250000,1220000
2020-01-07 13:33:10.998000,1.29925,1.29914,1000000,1500000
2020-01-07 13:33:11.099000,1.29924,1.29913,2250000,2250000
2020-01-07 13:33:12.507000,1.29924,1.29913,3120000,2320000
2020-01-07 13:33:13.180000,1.29927,1.29919,2890000,1500000
2020-01-07 13:33:13.282000,1.29928,1.2992,1220000,2250000
2020-01-07 13:33:13.383000,1.29929,1.29921,1000000,1000000
2020-01-07 13:33:14.302000,1.2993,1.29921,1000000,1000000
2020-01-07 13:33:15.041000,1.29928,1.2992,3000000,1000000
2020-01-07 13:33:15.143000,1.29924,1.29914,1000000,2250000
2020-01-07 13:33:15.194000,1.29923,1.29913,1000000,3820000
2020-01-07 13:33:16.130000,1.29923,1.29913,1120000,1570000
2020-01-07 13:33:16.233000,1.29924,1.29914,1000000,1970000
2020-01-07 13:33:16.335000,1.29926,1.29915,2890000,1100000
2020-01-07 13:33:16.739000,1.29928,1.2992,2720000,1000000
2020-01-07 13:33:16.841000,1.29929,1.29919,1120000,1310000
2020-01-07 13:33:16.942000,1.2993,1.2992,1250000,1570000
2020-01-07 13:33:17.330000,1.29931,1.2992,1120000,1570000
2020-01-07 13:33:17.825000,1.29931,1.29921,1950000,1000000
2020-01-07 13:33:18.582000,1.29927,1.29919,1000000,1100000
2020-01-07 13:33:18.684000,1.29924,1.29914,1500000,1100000
2020-01-07 13:33:18.795000,1.29922,1.29913,1000000,1390000
2020-01-07 13:33:18.896000,1.29923,1.29913,1000000,1100000
2020-01-07 13:33:21.174000,1.29921,1.29913,1000000,1000000
2020-01-07 13:33:21.276000,1.29919,1.29911,1570000,1000000
2020-01-07 13:33:21.378000,1.29918,1.29909,1000000,1000000
2020-01-07 13:33:21.480000,1.29915,1.29907,1000000,1000000
2020-01-07 13:33:21.582000,1.29914,1.29906,1000000,1000000
2020-01-07 13:33:21.633000,1.29914,1.29904,1620000,1000000
2020-01-07 13:33:22.327000,1.29913,1.29903,1500000,1000000
2020-01-07 13:33:22.550000,1.29913,1.29903,1120000,1000000
2020-01-07 13:33:22.702000,1.29914,1.29903,1500000,2800000
2020-01-07 13:33:23.515000,1.29914,1.29905,1500000,1000000
2020-01-07 13:33:24.409000,1.29914,1.29905,1000000,1000000
2020-01-07 13:33:25.357000,1.29914,1.29903,1200000,1000000
2020-01-07 13:33:25.484000,1.29913,1.29903,1000000,1000000
2020-01-07 13:33:25.830000,1.29913,1.29902,1000000,1570000
2020-01-07 13:33:26.892000,1.29913,1.29903,1870000,1000000
2020-01-07 13:33:28.041000,1.29914,1.29904,1870000,1000000
2020-01-07 13:33:29.440000,1.29914,1.29903,1200000,1000000
2020-01-07 13:33:33.168000,1.29914,1.29904,1200000,1000000
2020-01-07 13:33:33.861000,1.29915,1.29905,1910000,1000000
2020-01-07 13:33:38.937000,1.29914,1.29904,1200000,1000000
2020-01-07 13:33:39.142000,1.29914,1.29905,1200000,1000000
2020-01-07 13:33:39.193000,1.29912,1.29905,1000000,1000000
2020-01-07 13:33:39.294000,1.29908,1.29899,2250000,1600000
2020-01-07 13:33:39.346000,1.29905,1.29895,1000000,1100000
2020-01-07 13:33:41.283000,1.29905,1.29896,1000000,1000000
2020-01-07 13:33:43.593000,1.29905,1.29895,1000000,1000000
2020-01-07 13:33:44.503000,1.29903,1.29895,1000000,1000000
2020-01-07 13:33:44.604000,1.29903,1.29894,1000000,1000000
2020-01-07 13:33:44.891000,1.29904,1.29894,1390000,1000000
2020-01-07 13:33:45.340000,1.29902,1.29894,1500000,1000000
2020-01-07 13:33:45.442000,1.29899,1.29891,1870000,1000000
2020-01-07 13:33:45.544000,1.29899,1.2989,1000000,1000000
2020-01-07 13:33:45.646000,1.299,1.29892,1010000,1000000
2020-01-07 13:33:45.748000,1.29902,1.29894,1000000,1000000
2020-01-07 13:33:46.191000,1.29904,1.29894,2250000,1000000
2020-01-07 13:33:46.393000,1.29904,1.29895,1500000,1000000
2020-01-07 13:33:46.495000,1.29905,1.29895,1000000,1000000
2020-01-07 13:33:46.697000,1.29905,1.29896,1000000,1000000
2020-01-07 13:33:47.606000,1.29907,1.299,1110000,1000000
2020-01-07 13:33:47.708000,1.29909,1.29899,1000000,2250000
2020-01-07 13:33:47.809000,1.29909,1.299,1000000,1500000
2020-01-07 13:33:48.013000,1.29911,1.29903,4010000,1500000
2020-01-07 13:33:48.114000,1.29913,1.29904,2250000,1000000
2020-01-07 13:33:48.165000,1.29914,1.29904,1000000,1000000
2020-01-07 13:33:50.794000,1.29915,1.29907,1000000,1000000
2020-01-07 13:33:54.080000,1.29915,1.29906,1000000,1000000
2020-01-07 13:33:55.269000,1.29914,1.29906,1000000,1000000
2020-01-07 13:33:56.602000,1.29916,1.29906,1000000,1000000
2020-01-07 13:33:59.777000,1.29913,1.29905,1000000,1100000
2020-01-07 13:33:59.889000,1.29913,1.29904,1000000,1000000
2020-01-07 13:34:00.041000,1.29913,1.29903,1000000,1120000
2020-01-07 13:34:02.220000,1.29913,1.29903,1000000,2350000
2020-01-07 13:34:04.834000,1.29913,1.29905,1000000,1000000
2020-01-07 13:34:06.165000,1.29914,1.29905,1000000,1000000
2020-01-07 13:34:07.073000,1.29911,1.29905,1000000,1000000
2020-01-07 13:34:07.918000,1.29911,1.29904,1000000,1000000
2020-01-07 13:34:08.868000,1.29907,1.299,1000000,2720000
2020-01-07 13:34:08.919000,1.2991,1.29902,2700000,1000000
2020-01-07 13:34:09.020000,1.2991,1.29901,1200000,1000000
2020-01-07 13:34:09.121000,1.29912,1.29905,1000000,1000000
2020-01-07 13:34:09.273000,1.29913,1.29905,1000000,1000000
2020-01-07 13:34:09.374000,1.29913,1.29906,1000000,1000000
2020-01-07 13:34:09.757000,1.29915,1.29906,1000000,1000000
2020-01-07 13:34:09.859000,1.29914,1.29906,1000000,1000000
2020-01-07 13:34:11.179000,1.29914,1.29905,1000000,1000000
2020-01-07 13:34:11.280000,1.29913,1.29905,1000000,1000000
2020-01-07 13:34:11.432000,1.29912,1.29903,1000000,1500000
2020-01-07 13:34:11.770000,1.29913,1.29903,1000000,1100000
2020-01-07 13:34:11.871000,1.29913,1.29905,1000000,1000000
2020-01-07 13:34:14.216000,1.29914,1.29905,1000000,1000000
2020-01-07 13:34:14.784000,1.29915,1.29906,1000000,1500000
2020-01-07 13:34:14.916000,1.2992,1.29911,1310000,1000000
2020-01-07 13:34:14.967000,1.2992,1.29913,1000000,1000000
2020-01-07 13:34:15.068000,1.29925,1.29916,1500000,1100000
2020-01-07 13:34:15.119000,1.29926,1.29919,1760000,1000000
2020-01-07 13:34:15.271000,1.29926,1.29918,1000000,1000000
2020-01-07 13:34:15.321000,1.29928,1.29919,1760000,1000000
2020-01-07 13:34:15.846000,1.29929,1.29919,1200000,1100000
2020-01-07 13:34:16.048000,1.29929,1.2992,1000000,1000000
2020-01-07 13:34:17.733000,1.29927,1.2992,1000000,1000000
2020-01-07 13:34:17.835000,1.29923,1.29915,1000000,1000000
2020-01-07 13:34:17.937000,1.2992,1.29913,1000000,1690000
2020-01-07 13:34:20.283000,1.29923,1.29913,1700000,1500000
2020-01-07 13:34:21.042000,1.29923,1.29913,2060000,1500000
2020-01-07 13:34:22.389000,1.29923,1.29913,1850000,1000000
2020-01-07 13:34:23.763000,1.29924,1.29913,2590000,1000000
2020-01-07 13:34:24.671000,1.29924,1.29913,2740000,1000000
2020-01-07 13:34:25.630000,1.29923,1.29913,1350000,1000000
2020-01-07 13:34:28.385000,1.29924,1.29913,2740000,1000000
2020-01-07 13:34:28.732000,1.29924,1.29914,2660000,1000000
2020-01-07 13:34:33.860000,1.29922,1.29914,1010000,1000000
2020-01-07 13:34:36.528000,1.29924,1.29914,1760000,1000000
2020-01-07 13:34:36.960000,1.29924,1.29913,1840000,1000000
2020-01-07 13:34:37.011000,1.29924,1.29913,1990000,1000000
2020-01-07 13:34:38.536000,1.29924,1.29913,1650000,1000000
2020-01-07 13:34:38.840000,1.29924,1.29914,1100000,1000000
2020-01-07 13:34:41.146000,1.29923,1.29914,1000000,1000000
2020-01-07 13:34:43.938000,1.29923,1.29913,1200000,1500000
2020-01-07 13:34:46.291000,1.29924,1.29913,1310000,1000000
2020-01-07 13:34:46.392000,1.29926,1.29914,5610000,1500000
2020-01-07 13:34:50.314000,1.29924,1.29914,1100000,1000000
2020-01-07 13:34:50.516000,1.29924,1.29913,1670000,1500000
2020-01-07 13:34:50.617000,1.29922,1.29913,1000000,1500000
2020-01-07 13:34:50.719000,1.29922,1.29912,2810000,1000000
2020-01-07 13:34:51.174000,1.29923,1.29913,1000000,1000000
2020-01-07 13:34:52.259000,1.29922,1.29913,1100000,1000000
2020-01-07 13:34:52.381000,1.29918,1.29913,1570000,1000000
2020-01-07 13:34:52.432000,1.29918,1.29911,1100000,1000000
2020-01-07 13:34:52.483000,1.29919,1.29908,5400000,1570000
2020-01-07 13:34:52.584000,1.29919,1.29908,3150000,1500000
2020-01-07 13:34:52.685000,1.29918,1.29908,2060000,1000000
2020-01-07 13:34:54.936000,1.29916,1.29906,1000000,1570000
2020-01-07 13:34:55.038000,1.29914,1.29904,2210000,2060000
2020-01-07 13:34:55.673000,1.29915,1.29906,1220000,1000000
2020-01-07 13:34:55.774000,1.29915,1.29906,1570000,1000000
2020-01-07 13:34:59.224000,1.29914,1.29906,1100000,1000000
2020-01-07 13:34:59.913000,1.29914,1.29904,1000000,1500000
2020-01-07 13:35:01.500000,1.29914,1.29903,1120000,1500000
2020-01-07 13:35:01.652000,1.29914,1.29905,1100000,1000000
2020-01-07 13:35:02.493000,1.29914,1.29905,1220000,1000000
2020-01-07 13:35:02.595000,1.29914,1.29905,1100000,1000000
2020-01-07 13:35:02.949000,1.29914,1.29903,2770000,1000000
2020-01-07 13:35:03.051000,1.29913,1.29903,1570000,1000000
2020-01-07 13:35:05.272000,1.29913,1.29902,1000000,1500000
2020-01-07 13:35:05.373000,1.29913,1.29904,1500000,1000000
2020-01-07 13:35:07.342000,1.29914,1.29905,1000000,1000000
2020-01-07 13:35:23.219000,1.29914,1.29906,1000000,1100000
2020-01-07 13:35:23.270000,1.29916,1.29906,1390000,2320000
2020-01-07 13:35:23.321000,1.29918,1.29911,1000000,1500000
2020-01-07 13:35:23.422000,1.29921,1.29912,1000000,1570000
2020-01-07 13:35:23.563000,1.29922,1.29913,2250000,1000000
2020-01-07 13:35:23.664000,1.29923,1.29913,1500000,1000000
2020-01-07 13:35:23.992000,1.29923,1.29913,1950000,1000000
2020-01-07 13:35:24.093000,1.29923,1.29912,1100000,3450000
2020-01-07 13:35:24.907000,1.29923,1.29913,1000000,1000000
2020-01-07 13:35:25.009000,1.29924,1.29913,1500000,1000000
2020-01-07 13:35:25.111000,1.29927,1.2992,1600000,1000000
2020-01-07 13:35:25.162000,1.29931,1.29921,2320000,1000000
2020-01-07 13:35:25.213000,1.29931,1.29921,1000000,1000000
2020-01-07 13:35:25.970000,1.29931,1.29922,1000000,1000000
2020-01-07 13:35:26.079000,1.29931,1.29921,1000000,1500000
2020-01-07 13:35:26.684000,1.29931,1.29922,1000000,1000000
2020-01-07 13:35:26.836000,1.29931,1.29921,1000000,2250000
2020-01-07 13:35:36.586000,1.2993,1.29921,1000000,1000000
2020-01-07 13:35:36.688000,1.29928,1.29919,1000000,1100000
2020-01-07 13:35:36.789000,1.29929,1.29919,1100000,1000000
2020-01-07 13:35:36.902000,1.29926,1.29916,1000000,2540000
2020-01-07 13:35:37.004000,1.29925,1.29915,1000000,2350000
2020-01-07 13:35:37.055000,1.29927,1.29915,1570000,2350000
2020-01-07 13:35:37.542000,1.29926,1.29915,1000000,2720000
2020-01-07 13:35:37.644000,1.29926,1.29915,1000000,1000000
2020-01-07 13:35:39.949000,1.29924,1.29914,1000000,1570000
2020-01-07 13:35:40.050000,1.29923,1.29912,1000000,1970000
2020-01-07 13:35:40.152000,1.29922,1.29912,1500000,1690000
2020-01-07 13:35:40.515000,1.29923,1.29912,1870000,3000000
2020-01-07 13:35:41.209000,1.29923,1.29913,1000000,2250000
2020-01-07 13:35:41.311000,1.29924,1.29915,1000000,1000000
2020-01-07 13:35:41.475000,1.29927,1.2992,1390000,1000000
2020-01-07 13:35:41.526000,1.29928,1.29918,1500000,1500000
2020-01-07 13:35:41.577000,1.2993,1.29919,1390000,1100000
2020-01-07 13:35:42.461000,1.29931,1.2992,2400000,1000000
2020-01-07 13:35:42.762000,1.29931,1.2992,2800000,1000000
2020-01-07 13:35:42.864000,1.29931,1.2992,2890000,1000000
2020-01-07 13:35:44.978000,1.29931,1.2992,3170000,1500000
2020-01-07 13:35:46.317000,1.29929,1.2992,1000000,1500000
2020-01-07 13:35:53.702000,1.29925,1.29917,1500000,1350000
2020-01-07 13:35:53.804000,1.29925,1.29917,2500000,1000000
2020-01-07 13:35:53.907000,1.29925,1.29917,1690000,1000000
2020-01-07 13:35:54.110000,1.29926,1.29917,2140000,1000000
2020-01-07 13:35:54.537000,1.29927,1.29917,3820000,1000000
2020-01-07 13:35:54.791000,1.29927,1.29917,2140000,1000000
2020-01-07 13:35:55.644000,1.29927,1.29915,2890000,2720000
2020-01-07 13:35:56.534000,1.29926,1.29915,1000000,2720000
2020-01-07 13:35:56.898000,1.29924,1.29915,1500000,1000000
2020-01-07 13:35:56.999000,1.29924,1.29913,2440000,1500000
2020-01-07 13:35:57.298000,1.29924,1.29913,2070000,1500000
2020-01-07 13:35:57.411000,1.29924,1.29913,1950000,1500000
2020-01-07 13:35:57.594000,1.29924,1.29913,2070000,1500000
2020-01-07 13:35:57.695000,1.29924,1.29913,1570000,1570000
2020-01-07 13:35:57.827000,1.29924,1.29913,1970000,1500000
2020-01-07 13:35:58.453000,1.29922,1.29913,1100000,1000000
2020-01-07 13:36:00.134000,1.29918,1.29913,1000000,1000000
2020-01-07 13:36:00.186000,1.29917,1.29911,1000000,1000000
2020-01-07 13:36:00.237000,1.29916,1.29909,1000000,1310000
2020-01-07 13:36:00.289000,1.29916,1.29906,1000000,1000000
2020-01-07 13:36:00.390000,1.29916,1.29909,1570000,1000000
2020-01-07 13:36:00.441000,1.29917,1.29906,1790000,1000000
2020-01-07 13:36:00.570000,1.29917,1.29906,1570000,1570000
2020-01-07 13:36:00.772000,1.29917,1.29907,1100000,1000000
2020-01-07 13:36:02.266000,1.29918,1.29907,1500000,1000000
2020-01-07 13:36:02.317000,1.29919,1.29909,1500000,1000000
2020-01-07 13:36:02.776000,1.29919,1.2991,1000000,1000000
2020-01-07 13:36:04.285000,1.29921,1.29911,3290000,1000000
2020-01-07 13:36:04.386000,1.29921,1.29912,1500000,2250000
2020-01-07 13:36:06.160000,1.29922,1.29911,1000000,2820000
2020-01-07 13:36:15.078000,1.29922,1.29914,1000000,1000000
2020-01-07 13:36:18.078000,1.29922,1.29913,1000000,1000000
2020-01-07 13:36:20.797000,1.29922,1.29914,1000000,1000000
2020-01-07 13:36:27.120000,1.29922,1.29913,1000000,1500000
2020-01-07 13:36:32.128000,1.29922,1.29914,1000000,1000000
2020-01-07 13:36:32.230000,1.29925,1.29914,4790000,2320000
2020-01-07 13:36:32.282000,1.29925,1.2992,1220000,1000000
2020-01-07 13:36:32.333000,1.29925,1.29916,1000000,3640000
2020-01-07 13:36:32.384000,1.29925,1.29919,1000000,1000000
2020-01-07 13:36:32.448000,1.2993,1.29919,1350000,1000000
2020-01-07 13:36:32.549000,1.29929,1.2992,1000000,1000000
2020-01-07 13:36:32.600000,1.2993,1.29922,1000000,1000000
2020-01-07 13:36:36.103000,1.2993,1.29921,1000000,1500000
2020-01-07 13:36:36.589000,1.2993,1.29922,1000000,1000000
2020-01-07 13:36:38.051000,1.29931,1.29922,1000000,2250000
2020-01-07 13:36:38.152000,1.29931,1.29923,1000000,1000000
2020-01-07 13:36:40.727000,1.29931,1.29922,1000000,1000000
2020-01-07 13:36:41.726000,1.29931,1.2992,2400000,2320000
2020-01-07 13:36:41.777000,1.29929,1.2992,1000000,2320000
2020-01-07 13:36:42.408000,1.29928,1.29919,1000000,1000000
2020-01-07 13:36:42.459000,1.29928,1.29917,1500000,1570000
2020-01-07 13:36:42.611000,1.29929,1.29918,1500000,1000000
2020-01-07 13:36:42.836000,1.29926,1.29915,1000000,3410000
2020-01-07 13:36:42.937000,1.29924,1.29915,1000000,1000000
2020-01-07 13:36:46.968000,1.29924,1.29913,3390000,1500000
2020-01-07 13:36:47.070000,1.29924,1.29913,3070000,1000000
2020-01-07 13:36:47.382000,1.29923,1.29913,1000000,1000000
2020-01-07 13:36:47.484000,1.29923,1.29912,1870000,1000000
2020-01-07 13:36:51.567000,1.29922,1.29912,1570000,1500000
2020-01-07 13:36:52.317000,1.29922,1.29911,2400000,1100000
2020-01-07 13:36:56.663000,1.29918,1.29911,1000000,1000000
2020-01-07 13:36:56.765000,1.29919,1.29911,1000000,1000000
2020-01-07 13:36:56.866000,1.29919,1.2991,1500000,1100000
2020-01-07 13:36:59.062000,1.29923,1.29913,2510000,1100000
2020-01-07 13:36:59.113000,1.29923,1.29915,1850000,1200000
2020-01-07 13:36:59.164000,1.29926,1.29915,4870000,1970000
2020-01-07 13:36:59.215000,1.29926,1.29915,5000000,1220000
2020-01-07 13:36:59.265000,1.29926,1.29916,3000000,1100000
2020-01-07 13:36:59.468000,1.29924,1.29915,1000000,1100000
2020-01-07 13:36:59.619000,1.29928,1.29919,1000000,1650000
2020-01-07 13:36:59.670000,1.2993,1.2992,1000000,1570000
2020-01-07 13:37:00.824000,1.2993,1.29922,1000000,1000000
2020-01-07 13:37:00.926000,1.29931,1.29922,1000000,1000000
2020-01-07 13:37:01.574000,1.29931,1.29922,1000000,1000000
2020-01-07 13:37:02.101000,1.29931,1.29922,1000000,3000000
2020-01-07 13:37:02.409000,1.29931,1.29921,1000000,1000000
2020-01-07 13:37:02.562000,1.29931,1.29922,1000000,1000000
2020-01-07 13:37:03.156000,1.29931,1.29923,1000000,1000000
2020-01-07 13:37:04.088000,1.29931,1.29922,1000000,1000000
2020-01-07 13:37:04.139000,1.29931,1.2992,1000000,2400000
2020-01-07 13:37:04.241000,1.29931,1.29923,1000000,1000000
2020-01-07 13:37:04.894000,1.29931,1.29922,1000000,1500000
2020-01-07 13:37:04.999000,1.29931,1.29921,1000000,1000000
2020-01-07 13:37:05.260000,1.29931,1.29922,1000000,1000000
2020-01-07 13:37:05.382000,1.29931,1.29921,1000000,1000000
2020-01-07 13:37:05.964000,1.2993,1.2992,1000000,1000000
2020-01-07 13:37:06.920000,1.2993,1.29923,1000000,1000000
2020-01-07 13:37:07.021000,1.2993,1.2992,1000000,1500000
2020-01-07 13:37:07.715000,1.2993,1.29923,1000000,1000000
2020-01-07 13:37:08.537000,1.29931,1.29923,1500000,1000000
2020-01-07 13:37:08.689000,1.29931,1.29922,1500000,1000000
2020-01-07 13:37:09.405000,1.29931,1.2992,1500000,1000000
2020-01-07 13:37:10.218000,1.29931,1.29922,1000000,1000000
2020-01-07 13:37:10.319000,1.29931,1.2992,1000000,1500000
2020-01-07 13:37:10.984000,1.29931,1.29921,1000000,1000000
2020-01-07 13:37:11.270000,1.29931,1.2992,1000000,1500000
2020-01-07 13:37:12.068000,1.29931,1.29921,2060000,1000000
2020-01-07 13:37:12.281000,1.29931,1.2992,1500000,1000000
2020-01-07 13:37:12.877000,1.29931,1.29922,1500000,1000000
2020-01-07 13:37:13.029000,1.29931,1.2992,1500000,1000000
2020-01-07 13:37:15.361000,1.29931,1.29921,1500000,1000000
2020-01-07 13:37:15.463000,1.29931,1.2992,1500000,1000000
2020-01-07 13:37:16.619000,1.29931,1.29921,1500000,1100000
2020-01-07 13:37:17.349000,1.29931,1.29923,1500000,2250000
2020-01-07 13:37:19.324000,1.29931,1.29922,1500000,1500000
2020-01-07 13:37:20.974000,1.29931,1.29921,1500000,1270000
2020-01-07 13:37:21.076000,1.29935,1.29925,1000000,2370000
2020-01-07 13:37:21.178000,1.29931,1.29925,1500000,1000000
2020-01-07 13:37:21.280000,1.29931,1.29922,1500000,1620000
2020-01-07 13:37:21.722000,1.29931,1.29921,1500000,1120000
2020-01-07 13:37:22.191000,1.29931,1.2992,1500000,1650000
2020-01-07 13:37:24.141000,1.2993,1.2992,1000000,1000000
2020-01-07 13:37:26.919000,1.29929,1.2992,1000000,1500000
2020-01-07 13:37:27.959000,1.2993,1.2992,1000000,1000000
2020-01-07 13:37:30.944000,1.29923,1.29916,1000000,1750000
2020-01-07 13:37:30.995000,1.29921,1.29913,1000000,1000000
2020-01-07 13:37:31.147000,1.29921,1.29911,1000000,1100000
2020-01-07 13:37:34.078000,1.29921,1.2991,2320000,1200000
2020-01-07 13:37:34.230000,1.29921,1.29912,1570000,1000000
2020-01-07 13:37:35.105000,1.29921,1.29911,1500000,1000000
2020-01-07 13:37:35.206000,1.29918,1.29909,1000000,1570000
2020-01-07 13:37:35.408000,1.29915,1.29906,1000000,1350000
2020-01-07 13:37:35.510000,1.29914,1.29904,1000000,2140000
2020-01-07 13:37:36.465000,1.29914,1.29906,1000000,1000000
2020-01-07 13:37:36.758000,1.29917,1.2991,2250000,1000000
2020-01-07 13:37:36.859000,1.29919,1.29912,1000000,1000000
2020-01-07 13:37:36.960000,1.29919,1.29911,1000000,1100000
2020-01-07 13:37:37.011000,1.29921,1.2991,1000000,1310000
2020-01-07 13:37:37.112000,1.29919,1.2991,1000000,1220000
2020-01-07 13:37:37.213000,1.29919,1.2991,1000000,1000000
2020-01-07 13:37:38.091000,1.29921,1.2991,1670000,1000000
2020-01-07 13:37:38.965000,1.29921,1.29909,2420000,1500000
2020-01-07 13:37:39.067000,1.29919,1.29909,1200000,1000000
2020-01-07 13:37:39.219000,1.29916,1.29909,1000000,1000000
2020-01-07 13:37:39.269000,1.29916,1.29905,2250000,2660000
2020-01-07 13:37:39.320000,1.29914,1.29905,1500000,1600000
2020-01-07 13:37:39.371000,1.29912,1.29903,1000000,1000000
2020-01-07 13:37:40.477000,1.29914,1.29905,1000000,1000000
2020-01-07 13:37:41.014000,1.29915,1.29905,2060000,1000000
2020-01-07 13:37:41.657000,1.29915,1.29905,3070000,1000000
2020-01-07 13:37:41.758000,1.29915,1.29905,1570000,1000000
2020-01-07 13:37:41.885000,1.29914,1.29905,1000000,1000000
2020-01-07 13:37:43.769000,1.29915,1.29905,1500000,1000000
2020-01-07 13:37:45.680000,1.29915,1.29905,1970000,1000000
2020-01-07 13:37:46.446000,1.29915,1.29908,1970000,1000000
2020-01-07 13:37:47.003000,1.29915,1.29908,1500000,1000000
2020-01-07 13:37:49.985000,1.29915,1.29908,1970000,1000000
2020-01-07 13:37:52.493000,1.29915,1.29908,2810000,1000000
2020-01-07 13:37:53.266000,1.29915,1.29906,2140000,1000000
2020-01-07 13:37:54.557000,1.29913,1.29905,2250000,1000000
2020-01-07 13:37:54.963000,1.29912,1.29905,1000000,1000000
2020-01-07 13:37:55.313000,1.2991,1.29905,1000000,1000000
2020-01-07 13:37:55.414000,1.29911,1.29905,1000000,1000000
2020-01-07 13:37:55.516000,1.29912,1.29902,1970000,1000000
2020-01-07 13:37:55.617000,1.29912,1.29903,1570000,1000000
2020-01-07 13:37:55.718000,1.29912,1.29902,1000000,1000000
2020-01-07 13:37:58.244000,1.2991,1.29902,1000000,1000000
2020-01-07 13:37:58.346000,1.29907,1.29899,1000000,1390000
2020-01-07 13:37:58.447000,1.29908,1.29899,1570000,1000000
2020-01-07 13:38:00.484000,1.29912,1.29908,1000000,1000000
2020-01-07 13:38:00.536000,1.29915,1.29907,1100000,2250000
2020-01-07 13:38:00.586000,1.2992,1.29913,1390000,1000000
2020-01-07 13:38:00.688000,1.29923,1.29914,1100000,1000000
2020-01-07 13:38:00.963000,1.29923,1.29916,1000000,1000000
2020-01-07 13:38:02.796000,1.29924,1.29916,1000000,1000000
2020-01-07 13:38:02.897000,1.29924,1.29917,1000000,1000000
2020-01-07 13:38:05.926000,1.29925,1.29917,1390000,1000000
2020-01-07 13:38:06.027000,1.29924,1.29916,1000000,1000000
2020-01-07 13:38:06.129000,1.29925,1.29916,1000000,1000000
2020-01-07 13:38:06.586000,1.29927,1.29919,1350000,1500000
2020-01-07 13:38:06.638000,1.29929,1.29921,1000000,1000000
2020-01-07 13:38:06.790000,1.29929,1.29922,1000000,1000000
2020-01-07 13:38:09.104000,1.2993,1.29921,1650000,1000000
2020-01-07 13:38:09.206000,1.29925,1.29916,1220000,1310000
2020-01-07 13:38:09.307000,1.29925,1.29916,3410000,1000000
2020-01-07 13:38:09.409000,1.29925,1.29916,4390000,1000000
2020-01-07 13:38:09.545000,1.29925,1.29917,1100000,1000000
2020-01-07 13:38:10.608000,1.29925,1.29916,3070000,1000000
2020-01-07 13:38:10.710000,1.29924,1.29915,2200000,1000000
2020-01-07 13:38:10.812000,1.29924,1.29915,2140000,1000000
2020-01-07 13:38:15.866000,1.29923,1.29915,1000000,1000000
2020-01-07 13:38:16.797000,1.29924,1.29915,1760000,1000000
2020-01-07 13:38:18.230000,1.29923,1.29915,1000000,1000000
2020-01-07 13:38:20.830000,1.29924,1.29913,2890000,1500000
2020-01-07 13:38:21.001000,1.29923,1.29913,1000000,2250000
2020-01-07 13:38:24.431000,1.29924,1.29913,2140000,2250000
2020-01-07 13:38:25.533000,1.29924,1.29915,1310000,1000000
2020-01-07 13:38:27.797000,1.29924,1.29917,1500000,1000000
2020-01-07 13:38:29.036000,1.29924,1.29917,1850000,1000000
2020-01-07 13:38:29.735000,1.29924,1.29917,1570000,1000000
2020-01-07 13:38:30.521000,1.29924,1.29915,1200000,1000000
2020-01-07 13:38:30.622000,1.29924,1.29915,1950000,1000000
2020-01-07 13:38:33.375000,1.29923,1.29915,1200000,1000000
2020-01-07 13:38:43.741000,1.29924,1.29915,2210000,1000000
2020-01-07 13:38:43.936000,1.29924,1.29915,3090000,1000000
2020-01-07 13:38:44.460000,1.29924,1.29915,2210000,1000000
2020-01-07 13:38:45.834000,1.29924,1.29915,3090000,1000000
2020-01-07 13:38:46.836000,1.29924,1.29915,2210000,1000000
2020-01-07 13:38:48.017000,1.29924,1.29915,3090000,1000000
2020-01-07 13:38:48.815000,1.29924,1.29915,2210000,1000000
2020-01-07 13:38:48.916000,1.29924,1.29915,2570000,1000000
2020-01-07 13:38:49.352000,1.29924,1.29915,2210000,1000000
2020-01-07 13:38:49.737000,1.29924,1.29915,3090000,1000000
2020-01-07 13:38:50.106000,1.29924,1.29915,2210000,1000000
2020-01-07 13:38:54.238000,1.29924,1.29915,3090000,1000000
2020-01-07 13:38:54.396000,1.29924,1.29915,2210000,1000000
2020-01-07 13:38:56.581000,1.29924,1.29915,2770000,1000000
2020-01-07 13:39:02.297000,1.29917,1.2991,1500000,2060000
2020-01-07 13:39:02.399000,1.29918,1.2991,1500000,1000000
2020-01-07 13:39:02.551000,1.29919,1.29912,2250000,1000000
2020-01-07 13:39:03.181000,1.29923,1.29914,5820000,1000000
2020-01-07 13:39:03.282000,1.29923,1.29916,1010000,1000000
2020-01-07 13:39:07.523000,1.29924,1.29916,2060000,1000000
2020-01-07 13:39:07.675000,1.29924,1.29916,2540000,1000000
2020-01-07 13:39:08.411000,1.29924,1.29916,2060000,1000000
2020-01-07 13:39:10.415000,1.29924,1.29916,1860000,1000000
2020-01-07 13:39:12.423000,1.29923,1.29913,2060000,2250000
2020-01-07 13:39:12.677000,1.29923,1.29915,1000000,1000000
2020-01-07 13:39:14.707000,1.29924,1.29915,1650000,3000000
2020-01-07 13:39:14.809000,1.29926,1.29918,1500000,1000000
2020-01-07 13:39:14.911000,1.29926,1.29919,1000000,1000000
2020-01-07 13:39:15.309000,1.29925,1.29919,1100000,1000000
2020-01-07 13:39:15.360000,1.29926,1.29917,3660000,1000000
2020-01-07 13:39:15.461000,1.29926,1.29921,1350000,1000000
2020-01-07 13:39:15.512000,1.29928,1.29921,1750000,1000000
2020-01-07 13:39:15.613000,1.29928,1.29921,1000000,1000000
2020-01-07 13:39:15.715000,1.29928,1.2992,1200000,1000000
2020-01-07 13:39:18.366000,1.29926,1.29918,1100000,1000000
2020-01-07 13:39:18.467000,1.29926,1.29918,1790000,1000000
2020-01-07 13:39:19.020000,1.29926,1.29917,3290000,1000000
2020-01-07 13:39:19.172000,1.29925,1.29916,2140000,1000000
2020-01-07 13:39:19.750000,1.29925,1.29916,3070000,1000000
2020-01-07 13:39:19.869000,1.29925,1.29916,2250000,1000000
2020-01-07 13:39:24.007000,1.29925,1.29917,1650000,1000000
2020-01-07 13:39:24.108000,1.29924,1.29917,2400000,1000000
2020-01-07 13:39:24.852000,1.29923,1.29917,1000000,1000000
2020-01-07 13:39:29.020000,1.29923,1.29917,1670000,1000000
2020-01-07 13:39:31.161000,1.29923,1.29915,1200000,1000000
2020-01-07 13:39:31.689000,1.29923,1.29915,1100000,1000000
2020-01-07 13:39:31.790000,1.29924,1.29915,2060000,1000000
2020-01-07 13:39:32.949000,1.29924,1.29915,1300000,1000000
2020-01-07 13:39:34.544000,1.29924,1.29915,2060000,1000000
2020-01-07 13:39:35.047000,1.29924,1.29917,1100000,1000000
2020-01-07 13:39:35.859000,1.29924,1.29915,1250000,1000000
2020-01-07 13:39:38.634000,1.29924,1.29915,1220000,1000000
2020-01-07 13:39:38.736000,1.29924,1.29915,1100000,1000000
2020-01-07 13:39:38.837000,1.29924,1.29915,1220000,1000000
2020-01-07 13:39:38.939000,1.29924,1.29915,2140000,1000000
2020-01-07 13:39:39.248000,1.29924,1.29915,1220000,1000000
2020-01-07 13:39:39.450000,1.29924,1.29915,1390000,1000000
2020-01-07 13:39:39.552000,1.29924,1.29915,1300000,1000000
2020-01-07 13:39:40.598000,1.29924,1.29915,1650000,1000000
2020-01-07 13:39:41.072000,1.29923,1.29915,1000000,1000000
2020-01-07 13:39:41.219000,1.29924,1.29915,1670000,1000000
2020-01-07 13:39:43.042000,1.29924,1.29915,2210000,1000000
2020-01-07 13:39:44.976000,1.29924,1.29915,2240000,1000000
2020-01-07 13:39:46.278000,1.29924,1.29915,3760000,1000000
2020-01-07 13:39:46.784000,1.29924,1.29915,2590000,1000000
2020-01-07 13:39:46.886000,1.29923,1.29915,1000000,1000000
2020-01-07 13:39:47.464000,1.29924,1.29915,3340000,1000000
2020-01-07 13:39:47.565000,1.29922,1.29915,2440000,1000000
2020-01-07 13:39:47.667000,1.29917,1.2991,1500000,1500000
2020-01-07 13:39:47.768000,1.29915,1.29908,1000000,1000000
2020-01-07 13:39:47.870000,1.29915,1.29908,1220000,1000000
2020-01-07 13:39:48.072000,1.29915,1.29908,1310000,1000000
2020-01-07 13:39:48.223000,1.29917,1.29914,1000000,1000000
2020-01-07 13:39:48.274000,1.29923,1.29916,1910000,1000000
2020-01-07 13:39:48.375000,1.29924,1.29916,1000000,1000000
2020-01-07 13:39:48.883000,1.29926,1.29917,4970000,1000000
2020-01-07 13:39:48.985000,1.29928,1.29919,2720000,1000000
2020-01-07 13:39:49.087000,1.2993,1.29922,2850000,1000000
2020-01-07 13:39:49.138000,1.29929,1.29922,1000000,1000000
2020-01-07 13:39:49.239000,1.2993,1.29922,1690000,1000000
2020-01-07 13:39:50.849000,1.29928,1.2992,1000000,1000000
2020-01-07 13:39:51.304000,1.29928,1.29919,2320000,1000000
2020-01-07 13:39:53.179000,1.29926,1.2992,1000000,1000000
2020-01-07 13:39:56.224000,1.29927,1.2992,1000000,1000000
2020-01-07 13:39:57.599000,1.29928,1.2992,1200000,1000000
2020-01-07 13:39:59.083000,1.29926,1.2992,1000000,1000000
2020-01-07 13:40:00.710000,1.29927,1.2992,1000000,1000000
2020-01-07 13:40:01.194000,1.29928,1.2992,1000000,1000000
2020-01-07 13:40:01.794000,1.29931,1.2992,2820000,1000000
2020-01-07 13:40:01.845000,1.29926,1.2992,1000000,1000000
2020-01-07 13:40:01.946000,1.29924,1.29918,1000000,1000000
2020-01-07 13:40:02.200000,1.29925,1.29918,1570000,1500000
2020-01-07 13:40:03.738000,1.29925,1.29917,1100000,1000000
2020-01-07 13:40:04.019000,1.29924,1.29917,1000000,1000000
2020-01-07 13:40:05.077000,1.29925,1.29917,2890000,1000000
2020-01-07 13:40:05.232000,1.29923,1.29917,1000000,1000000
2020-01-07 13:40:05.513000,1.29923,1.29916,1100000,1000000
2020-01-07 13:40:05.665000,1.29922,1.29916,1000000,1000000
2020-01-07 13:40:05.766000,1.29922,1.29915,1000000,1000000
2020-01-07 13:40:06.229000,1.29924,1.29915,2960000,1000000
2020-01-07 13:40:07.602000,1.29923,1.29915,1000000,1000000
2020-01-07 13:40:08.170000,1.29924,1.29915,2400000,1000000
2020-01-07 13:40:08.372000,1.29924,1.29915,2420000,1000000
2020-01-07 13:40:08.625000,1.29924,1.29915,2210000,1000000
2020-01-07 13:40:08.726000,1.29923,1.29915,1100000,1000000
2020-01-07 13:40:08.929000,1.29921,1.29915,1000000,1000000
2020-01-07 13:40:09.298000,1.2992,1.29911,1000000,1000000
2020-01-07 13:40:09.400000,1.29916,1.29909,1000000,1000000
2020-01-07 13:40:09.539000,1.29914,1.29909,1000000,1000000
2020-01-07 13:40:11.030000,1.29914,1.29907,1000000,1000000
2020-01-07 13:40:11.852000,1.29915,1.29907,1310000,1000000
2020-01-07 13:40:13.052000,1.29916,1.29907,3260000,1000000
2020-01-07 13:40:15.088000,1.29915,1.29907,1000000,1000000
2020-01-07 13:40:16.126000,1.29916,1.29907,1250000,1000000
2020-01-07 13:40:16.177000,1.29917,1.29909,2200000,1000000
2020-01-07 13:40:16.279000,1.29917,1.29911,1100000,1000000
2020-01-07 13:40:16.329000,1.2992,1.29911,1390000,1000000
2020-01-07 13:40:16.481000,1.2992,1.2991,1570000,1000000
2020-01-07 13:40:16.582000,1.2992,1.29909,1000000,1500000
2020-01-07 13:40:16.633000,1.2992,1.29911,1000000,1000000
2020-01-07 13:40:16.735000,1.2992,1.29911,2240000,1000000
2020-01-07 13:40:17.608000,1.29918,1.29911,1010000,1000000
2020-01-07 13:40:18.333000,1.29917,1.29911,1000000,1000000
2020-01-07 13:40:18.535000,1.29917,1.2991,1000000,1000000
2020-01-07 13:40:18.968000,1.29916,1.29908,1450000,1000000
2020-01-07 13:40:19.019000,1.29916,1.29906,1110000,1000000
2020-01-07 13:40:19.221000,1.29916,1.29907,1450000,1000000
2020-01-07 13:40:19.378000,1.29915,1.29906,1010000,1000000
2020-01-07 13:40:20.060000,1.29916,1.29906,1460000,1000000
2020-01-07 13:40:20.162000,1.29916,1.29906,1950000,1000000
2020-01-07 13:40:20.263000,1.29914,1.29906,1000000,1000000
2020-01-07 13:40:22.602000,1.29915,1.29905,1000000,1500000
2020-01-07 13:40:22.704000,1.29914,1.29904,1000000,1000000
2020-01-07 13:40:22.805000,1.29914,1.29904,1220000,1000000
2020-01-07 13:40:23.136000,1.29914,1.29904,1000000,1500000
2020-01-07 13:40:23.998000,1.29915,1.29908,1500000,1000000
2020-01-07 13:40:26.284000,1.29911,1.29902,3750000,1570000
2020-01-07 13:40:26.385000,1.2991,1.29903,1000000,1000000
2020-01-07 13:40:26.486000,1.29911,1.29903,1000000,1000000
2020-01-07 13:40:27.112000,1.29912,1.29903,1570000,1000000
2020-01-07 13:40:27.605000,1.29914,1.29905,2890000,1000000
2020-01-07 13:40:27.706000,1.29914,1.29906,1500000,1000000
2020-01-07 13:40:33.171000,1.29916,1.29906,3700000,1000000
2020-01-07 13:40:33.273000,1.29917,1.29907,1850000,1000000
2020-01-07 13:40:33.374000,1.29917,1.29907,1000000,1000000
2020-01-07 13:40:33.875000,1.29917,1.29907,2050000,1000000
2020-01-07 13:40:41.350000,1.29917,1.29907,2320000,1000000
2020-01-07 13:40:41.451000,1.29916,1.29907,1000000,1000000
2020-01-07 13:40:42.320000,1.29917,1.29907,2890000,1000000
2020-01-07 13:40:44.125000,1.29917,1.29907,1970000,1000000
2020-01-07 13:40:48.424000,1.29915,1.29907,1310000,1500000
2020-01-07 13:40:48.928000,1.29917,1.29907,1970000,1500000
2020-01-07 13:40:52.879000,1.29918,1.29909,4460000,1000000
2020-01-07 13:40:53.911000,1.29917,1.29909,1310000,1000000
2020-01-07 13:40:57.101000,1.29917,1.29909,1970000,1000000
2020-01-07 13:40:57.388000,1.29917,1.29909,1000000,1000000
2020-01-07 13:40:57.507000,1.29917,1.29907,1000000,2440000
2020-01-07 13:40:59.129000,1.29917,1.29908,1000000,1000000
2020-01-07 13:40:59.950000,1.2992,1.29914,1350000,1000000
2020-01-07 13:41:00.001000,1.29923,1.29914,1390000,1000000
2020-01-07 13:41:00.052000,1.29921,1.29914,1500000,1000000
2020-01-07 13:41:00.153000,1.2992,1.29912,1100000,1000000
2020-01-07 13:41:00.306000,1.2992,1.29912,1300000,1000000
2020-01-07 13:41:00.534000,1.29919,1.29911,1100000,1000000
2020-01-07 13:41:01.832000,1.29918,1.29911,1000000,1000000
2020-01-07 13:41:01.989000,1.2992,1.29913,2820000,1000000
2020-01-07 13:41:02.091000,1.2992,1.29912,2350000,1000000
2020-01-07 13:41:02.244000,1.29917,1.2991,1000000,1000000
2020-01-07 13:41:02.345000,1.29917,1.29909,4790000,1000000
2020-01-07 13:41:02.446000,1.29915,1.29909,1000000,1000000
2020-01-07 13:41:03.334000,1.29916,1.29909,1570000,1000000
2020-01-07 13:41:27.139000,1.29914,1.29909,1500000,1000000
2020-01-07 13:41:27.240000,1.29911,1.29907,1570000,1000000
2020-01-07 13:41:27.291000,1.2991,1.29902,3100000,1000000
2020-01-07 13:41:27.342000,1.29907,1.29897,1500000,2060000
2020-01-07 13:41:27.443000,1.29907,1.29898,1000000,1500000
2020-01-07 13:41:28.243000,1.29908,1.29898,3710000,1000000
2020-01-07 13:41:29.321000,1.29906,1.29898,1000000,1500000
2020-01-07 13:41:29.422000,1.29908,1.29898,4110000,1500000
2020-01-07 13:41:33.019000,1.29907,1.29897,1390000,1500000
2020-01-07 13:41:33.120000,1.29907,1.29898,2800000,1000000
2020-01-07 13:41:33.272000,1.29906,1.29898,1300000,1000000
2020-01-07 13:41:33.373000,1.29906,1.29898,2070000,1000000
2020-01-07 13:41:35.213000,1.29904,1.29896,1200000,1000000
2020-01-07 13:41:35.264000,1.299,1.29891,1000000,2660000
2020-01-07 13:41:35.365000,1.299,1.29891,1200000,1000000
2020-01-07 13:41:35.481000,1.299,1.29891,2240000,1000000
2020-01-07 13:41:36.484000,1.299,1.29891,2770000,1000000
2020-01-07 13:41:39.867000,1.29901,1.29893,1850000,1000000
2020-01-07 13:41:39.970000,1.29904,1.29895,1000000,1000000
2020-01-07 13:41:40.021000,1.29904,1.29897,1000000,1000000
2020-01-07 13:41:40.164000,1.29905,1.29897,2250000,1000000
2020-01-07 13:41:40.435000,1.29904,1.29897,1000000,1000000
2020-01-07 13:41:40.638000,1.29905,1.29897,2250000,1000000
2020-01-07 13:41:41.175000,1.29904,1.29897,1000000,1000000
2020-01-07 13:41:42.046000,1.29903,1.29896,2320000,1000000
2020-01-07 13:41:42.147000,1.29902,1.29896,1570000,1000000
2020-01-07 13:41:42.248000,1.29901,1.29896,1000000,1000000
2020-01-07 13:41:42.350000,1.29904,1.29896,2060000,1000000
2020-01-07 13:41:42.572000,1.29904,1.29897,1000000,1000000
2020-01-07 13:41:48.466000,1.29906,1.29897,2890000,1000000
2020-01-07 13:41:52.424000,1.29907,1.29897,1500000,1000000
2020-01-07 13:41:56.020000,1.29907,1.29898,2060000,1000000
2020-01-07 13:41:59.390000,1.29908,1.29898,1500000,1500000
2020-01-07 13:42:00.800000,1.29911,1.29903,1970000,1500000
2020-01-07 13:42:00.851000,1.29914,1.29905,1100000,1000000
2020-01-07 13:42:00.952000,1.29916,1.29905,2720000,1500000
2020-01-07 13:42:01.053000,1.29916,1.29905,3560000,2370000
2020-01-07 13:42:01.155000,1.29916,1.29907,1500000,1000000
2020-01-07 13:42:02.907000,1.29915,1.29907,1000000,1000000
2020-01-07 13:42:04.366000,1.29916,1.29907,1500000,1000000
2020-01-07 13:42:04.512000,1.29915,1.29907,1000000,1000000
2020-01-07 13:42:04.614000,1.29913,1.29905,1100000,1500000
2020-01-07 13:42:04.715000,1.29915,1.29905,4890000,1000000
2020-01-07 13:42:04.766000,1.29915,1.29905,3390000,1000000
2020-01-07 13:42:08.397000,1.29913,1.29905,1500000,1000000
2020-01-07 13:42:08.498000,1.29914,1.29905,1500000,1000000
2020-01-07 13:42:08.599000,1.29913,1.29905,1500000,1000000
2020-01-07 13:42:08.811000,1.29914,1.29905,1500000,1000000
2020-01-07 13:42:10.343000,1.29914,1.29906,1000000,1500000
2020-01-07 13:42:10.445000,1.29915,1.29906,1000000,1000000
2020-01-07 13:42:10.547000,1.29917,1.29914,1250000,1000000
2020-01-07 13:42:10.648000,1.29925,1.29918,1390000,1000000
2020-01-07 13:42:10.750000,1.29926,1.29918,2140000,1000000
2020-01-07 13:42:10.851000,1.29925,1.29918,1250000,1000000
2020-01-07 13:42:11.157000,1.29925,1.29916,1250000,1000000
2020-01-07 13:42:11.208000,1.29925,1.29915,1690000,1120000
2020-01-07 13:42:11.309000,1.29924,1.29915,1100000,1120000
2020-01-07 13:42:11.410000,1.29924,1.29916,1000000,1000000
2020-01-07 13:42:11.461000,1.29926,1.29917,2320000,1000000
2020-01-07 13:42:11.566000,1.29925,1.29917,1000000,1000000
2020-01-07 13:42:12.700000,1.29926,1.29919,1350000,1500000
2020-01-07 13:42:12.752000,1.29931,1.29922,3550000,1000000
2020-01-07 13:42:12.854000,1.29931,1.29923,2140000,1000000
2020-01-07 13:42:16.992000,1.29932,1.29923,1000000,1000000
2020-01-07 13:42:18.770000,1.29932,1.29923,1100000,1000000
2020-01-07 13:42:19.998000,1.29931,1.29924,1410000,1000000
2020-01-07 13:42:21.673000,1.29931,1.29922,3740000,1000000
2020-01-07 13:42:21.724000,1.29928,1.29921,1000000,1000000
2020-01-07 13:42:23.719000,1.29929,1.29921,3560000,1000000
2020-01-07 13:42:24.290000,1.2993,1.29924,1000000,1000000
2020-01-07 13:42:24.392000,1.29936,1.29931,1870000,1000000
2020-01-07 13:42:24.493000,1.29935,1.29929,1250000,1000000
2020-01-07 13:42:24.544000,1.29936,1.29926,4660000,1000000
2020-01-07 13:42:24.897000,1.29935,1.29926,1350000,1000000
2020-01-07 13:42:26.148000,1.29935,1.29927,1500000,1000000
2020-01-07 13:42:26.249000,1.29938,1.2993,1000000,1000000
2020-01-07 13:42:26.350000,1.29939,1.29931,1100000,1000000
2020-01-07 13:42:26.553000,1.29935,1.29931,1000000,1000000
2020-01-07 13:42:26.604000,1.29936,1.29928,2140000,1000000
2020-01-07 13:42:26.654000,1.29935,1.29926,1600000,1000000
2020-01-07 13:42:26.705000,1.29933,1.29924,1570000,3070000
2020-01-07 13:42:26.806000,1.29934,1.29925,3360000,1500000
2020-01-07 13:42:26.857000,1.29936,1.29926,3010000,1000000
2020-01-07 13:42:27.384000,1.29936,1.29926,4040000,1000000
2020-01-07 13:42:27.536000,1.29937,1.29928,5360000,1000000
2020-01-07 13:42:27.637000,1.29937,1.29928,1000000,1000000
2020-01-07 13:42:27.688000,1.29936,1.2993,1100000,1500000
2020-01-07 13:42:27.739000,1.29938,1.2993,1000000,1620000
2020-01-07 13:42:27.840000,1.29938,1.2993,1600000,1000000
2020-01-07 13:42:27.941000,1.29937,1.29928,1570000,1000000
2020-01-07 13:42:27.992000,1.29934,1.29928,1000000,1000000
2020-01-07 13:42:28.093000,1.29936,1.29926,4040000,1620000
2020-01-07 13:42:28.529000,1.29936,1.29926,5050000,1000000
2020-01-07 13:42:28.870000,1.29938,1.2993,1750000,2250000
2020-01-07 13:42:28.920000,1.29942,1.29933,1750000,1100000
2020-01-07 13:42:28.971000,1.29946,1.29936,6310000,1000000
2020-01-07 13:42:29.022000,1.29946,1.29937,1310000,1600000
2020-01-07 13:42:29.123000,1.29949,1.29939,1000000,1000000
2020-01-07 13:42:29.225000,1.29949,1.29938,1970000,1000000
2020-01-07 13:42:29.417000,1.29949,1.29938,1390000,1000000
2020-01-07 13:42:29.708000,1.29949,1.29939,1000000,1000000
2020-01-07 13:42:31.109000,1.2995,1.29938,4860000,2700000
2020-01-07 13:42:31.533000,1.2995,1.29939,4040000,1000000
2020-01-07 13:42:31.635000,1.2995,1.29938,4790000,2700000
2020-01-07 13:42:31.838000,1.29949,1.29939,1100000,1000000
2020-01-07 13:42:32.141000,1.2995,1.29938,1970000,1950000
2020-01-07 13:42:34.809000,1.29949,1.29939,1100000,1000000
2020-01-07 13:42:35.639000,1.29949,1.29941,2320000,1000000
2020-01-07 13:42:35.741000,1.29949,1.2994,5910000,1000000
2020-01-07 13:42:35.842000,1.29949,1.2994,2140000,1000000
2020-01-07 13:42:40.271000,1.29949,1.2994,1500000,1000000
2020-01-07 13:42:41.033000,1.29949,1.2994,1500000,1000000
2020-01-07 13:42:41.255000,1.29949,1.2994,1500000,1000000
2020-01-07 13:42:41.743000,1.29949,1.2994,1500000,1000000
2020-01-07 13:42:41.845000,1.29949,1.2994,1500000,1000000
2020-01-07 13:42:41.946000,1.29947,1.2994,1500000,1000000
2020-01-07 13:42:42.047000,1.29946,1.29939,1500000,1000000
2020-01-07 13:42:42.148000,1.29947,1.2994,2140000,1000000
2020-01-07 13:42:45.866000,1.29947,1.29941,1000000,1000000
2020-01-07 13:42:45.917000,1.29947,1.29939,1120000,1000000
2020-01-07 13:42:46.018000,1.29948,1.2994,1120000,1000000
2020-01-07 13:42:46.760000,1.29948,1.2994,1400000,1000000
2020-01-07 13:42:46.926000,1.29948,1.2994,1050000,1000000
2020-01-07 13:42:48.298000,1.29949,1.2994,1900000,1000000
2020-01-07 13:42:48.907000,1.29949,1.2994,1900000,1000000
2020-01-07 13:42:49.575000,1.29949,1.2994,2650000,1000000
2020-01-07 13:42:50.148000,1.29949,1.2994,2650000,1000000
2020-01-07 13:42:50.505000,1.29949,1.2994,2810000,1000000
2020-01-07 13:42:50.607000,1.2995,1.2994,1000000,1500000
2020-01-07 13:42:50.718000,1.29949,1.2994,1000000,1000000
2020-01-07 13:42:51.040000,1.2995,1.2994,2440000,1690000
2020-01-07 13:42:51.383000,1.29949,1.2994,1000000,1690000
2020-01-07 13:42:51.485000,1.2995,1.2994,1250000,1690000
2020-01-07 13:42:55.093000,1.29949,1.2994,1000000,1000000
2020-01-07 13:42:56.887000,1.29949,1.29939,1390000,1000000
2020-01-07 13:42:56.938000,1.29947,1.29939,1000000,1000000
2020-01-07 13:42:56.989000,1.29949,1.29939,1760000,1000000
2020-01-07 13:42:57.090000,1.29948,1.29939,1000000,1000000
2020-01-07 13:42:57.376000,1.29949,1.29939,2320000,1000000
2020-01-07 13:42:57.486000,1.29948,1.29939,1000000,1000000
2020-01-07 13:42:57.638000,1.29948,1.2994,4090000,1000000
2020-01-07 13:42:57.740000,1.29948,1.2994,2540000,1000000
2020-01-07 13:42:57.841000,1.29948,1.2994,1310000,1000000
2020-01-07 13:42:57.982000,1.29949,1.2994,2320000,1000000
2020-01-07 13:42:58.623000,1.29948,1.2994,1000000,1000000
2020-01-07 13:43:01.936000,1.29947,1.29939,3100000,1000000
2020-01-07 13:43:02.038000,1.29947,1.29938,2050000,1000000
2020-01-07 13:43:02.139000,1.29947,1.29938,1500000,1000000
2020-01-07 13:43:04.043000,1.29948,1.29938,4390000,1000000
2020-01-07 13:43:04.500000,1.29947,1.29938,1310000,1000000
2020-01-07 13:43:05.564000,1.29948,1.29942,3560000,1000000
2020-01-07 13:43:05.724000,1.29949,1.29942,2140000,1000000
2020-01-07 13:43:05.826000,1.29949,1.29942,2320000,1000000
2020-01-07 13:43:06.029000,1.29949,1.29942,1100000,1000000
2020-01-07 13:43:08.699000,1.29949,1.29942,3290000,1000000
2020-01-07 13:43:08.901000,1.29947,1.29942,1000000,1000000
2020-01-07 13:43:10.221000,1.29949,1.29942,1220000,1000000
2020-01-07 13:43:11.890000,1.29947,1.29942,1000000,1000000
2020-01-07 13:43:15.078000,1.29948,1.29942,1390000,1000000
2020-01-07 13:43:20.122000,1.29948,1.29938,1390000,1500000
2020-01-07 13:43:21.371000,1.29947,1.29938,1000000,1500000
2020-01-07 13:43:21.473000,1.29948,1.29938,1100000,1000000
2020-01-07 13:43:25.200000,1.29944,1.29939,1000000,1000000
2020-01-07 13:43:25.251000,1.29946,1.29939,2140000,1000000
2020-01-07 13:43:25.352000,1.29945,1.29939,1000000,1000000
2020-01-07 13:43:25.453000,1.29946,1.29939,2060000,1000000
2020-01-07 13:43:25.554000,1.29947,1.2994,4390000,1000000
2020-01-07 13:43:25.707000,1.29948,1.2994,1310000,1000000
2020-01-07 13:43:29.627000,1.29949,1.2994,3070000,1000000
2020-01-07 13:43:32.135000,1.29943,1.29938,1000000,1000000
2020-01-07 13:43:32.186000,1.29943,1.29935,2250000,1760000
2020-01-07 13:43:32.237000,1.29945,1.29937,1390000,1000000
2020-01-07 13:43:32.338000,1.29947,1.2994,1750000,1000000
2020-01-07 13:43:32.439000,1.29947,1.2994,1000000,1000000
2020-01-07 13:43:36.078000,1.29948,1.2994,1000000,1000000
2020-01-07 13:43:39.078000,1.29947,1.2994,1000000,1000000
2020-01-07 13:43:54.087000,1.29948,1.2994,1310000,1000000
2020-01-07 13:43:58.927000,1.29948,1.2994,3070000,1000000
2020-01-07 13:43:59.675000,1.29943,1.29937,4310000,1000000
2020-01-07 13:43:59.777000,1.29949,1.29939,2820000,1000000
2020-01-07 13:43:59.828000,1.2995,1.29941,3890000,1000000
2020-01-07 13:43:59.878000,1.2995,1.29941,3070000,1000000
2020-01-07 13:43:59.980000,1.29949,1.29939,1220000,1500000
2020-01-07 13:44:04.565000,1.29949,1.2994,2140000,1000000
2020-01-07 13:44:04.666000,1.2995,1.29941,3640000,1000000
2020-01-07 13:44:04.767000,1.2995,1.29944,1310000,1000000
2020-01-07 13:44:04.818000,1.29952,1.29943,1500000,1000000
2020-01-07 13:44:04.919000,1.2995,1.29941,1000000,1000000
2020-01-07 13:44:05.280000,1.29949,1.29941,1100000,1000000
2020-01-07 13:44:07.229000,1.2995,1.29943,1350000,1000000
2020-01-07 13:44:07.330000,1.2995,1.29941,1220000,1000000
2020-01-07 13:44:07.381000,1.29952,1.29942,1220000,2370000
2020-01-07 13:44:07.482000,1.29952,1.29943,1000000,1120000
2020-01-07 13:44:08.131000,1.29952,1.29944,1000000,1000000
2020-01-07 13:44:09.037000,1.29953,1.29944,7390000,1000000
2020-01-07 13:44:09.139000,1.29953,1.29944,1850000,4570000
2020-01-07 13:44:09.240000,1.29954,1.29944,1500000,3750000
2020-01-07 13:44:09.424000,1.29953,1.29944,1000000,4500000
2020-01-07 13:44:09.475000,1.29953,1.29946,1000000,1000000
2020-01-07 13:44:09.677000,1.29954,1.29946,1570000,1000000
2020-01-07 13:44:10.225000,1.29953,1.29946,1000000,1000000
2020-01-07 13:44:10.762000,1.29953,1.29947,1000000,1000000
2020-01-07 13:44:10.813000,1.29955,1.29947,1390000,1000000
2020-01-07 13:44:10.915000,1.29955,1.29948,1100000,1000000
2020-01-07 13:44:11.067000,1.29955,1.29946,1100000,1000000
2020-01-07 13:44:21.078000,1.29954,1.29946,1000000,1000000
2020-01-07 13:44:25.025000,1.29954,1.29945,1000000,1100000
2020-01-07 13:44:27.117000,1.29955,1.29945,1000000,1100000
2020-01-07 13:44:31.976000,1.29954,1.29945,1000000,1000000
2020-01-07 13:44:36.080000,1.29955,1.29945,1000000,1000000
2020-01-07 13:44:36.200000,1.29955,1.29946,1000000,1000000
2020-01-07 13:44:36.251000,1.29951,1.29943,1500000,1100000
2020-01-07 13:44:36.352000,1.29952,1.29946,1750000,1000000
2020-01-07 13:44:36.403000,1.29955,1.29946,2540000,1000000
2020-01-07 13:44:36.505000,1.29955,1.29945,1000000,1000000
2020-01-07 13:44:39.544000,1.29955,1.29945,1000000,2100000
2020-01-07 13:44:40.385000,1.29955,1.29946,1000000,1600000
2020-01-07 13:44:42.581000,1.29955,1.29946,1000000,1270000
2020-01-07 13:44:45.078000,1.29956,1.29946,1000000,1090000
2020-01-07 13:44:46.086000,1.29956,1.29946,1000000,1700000
2020-01-07 13:44:47.186000,1.29955,1.29947,1000000,1000000
2020-01-07 13:44:47.656000,1.29955,1.29946,1000000,1270000
2020-01-07 13:44:48.014000,1.29958,1.29953,2250000,1000000
2020-01-07 13:44:48.115000,1.29961,1.29953,1000000,1200000
2020-01-07 13:44:48.217000,1.29963,1.29953,2440000,1000000
2020-01-07 13:44:48.267000,1.29961,1.29953,1000000,1000000
2020-01-07 13:44:48.661000,1.29956,1.2995,1000000,1000000
2020-01-07 13:44:48.763000,1.29956,1.29946,1000000,2370000
2020-01-07 13:44:48.914000,1.29957,1.29946,1000000,2070000
2020-01-07 13:44:49.016000,1.29956,1.29946,1500000,2070000
2020-01-07 13:44:49.294000,1.29956,1.29946,1500000,1200000
2020-01-07 13:44:57.078000,1.29955,1.29946,1000000,1000000
2020-01-07 13:45:03.078000,1.29956,1.29946,1000000,1120000
