time,ask,bid,ask_volume,bid_volume
2023-02-15 13:25:00.093000,1.34211,1.342,1200000,1200000
2023-02-15 13:25:00.194000,1.34215,1.342,1600000,1200000
2023-02-15 13:25:00.347000,1.34216,1.342,1600000,1200000
2023-02-15 13:25:02.583000,1.34215,1.34201,1350000,1200000
2023-02-15 13:25:03.860000,1.34215,1.34199,1350000,1800000
2023-02-15 13:25:03.911000,1.34213,1.34199,3600000,1200000
2023-02-15 13:25:04.401000,1.34211,1.34197,2700000,1200000
2023-02-15 13:25:04.502000,1.3421,1.34198,1600000,1200000
2023-02-15 13:25:04.654000,1.34209,1.34195,1200000,1200000
2023-02-15 13:25:06.806000,1.34208,1.34195,1600000,1200000
2023-02-15 13:25:06.908000,1.34207,1.34192,2700000,1200000
2023-02-15 13:25:07.009000,1.34206,1.34191,1200000,1200000
2023-02-15 13:25:08.634000,1.34205,1.34191,3600000,1200000
2023-02-15 13:25:08.736000,1.34204,1.3419,1200000,1200000
2023-02-15 13:25:09.090000,1.34204,1.34188,1350000,1200000
2023-02-15 13:25:10.706000,1.34202,1.34189,1200000,1200000
2023-02-15 13:25:11.695000,1.34204,1.34188,1350000,1200000
2023-02-15 13:25:12.142000,1.34201,1.34189,4500000,1200000
2023-02-15 13:25:12.244000,1.34201,1.34188,4050000,1200000
2023-02-15 13:25:12.803000,1.34202,1.34188,1350000,1200000
2023-02-15 13:25:12.905000,1.34206,1.34191,1600000,1200000
2023-02-15 13:25:13.057000,1.34205,1.34192,1350000,1200000
2023-02-15 13:25:13.271000,1.34206,1.34193,1200000,1200000
2023-02-15 13:25:13.373000,1.34207,1.34193,1200000,1200000
2023-02-15 13:25:13.474000,1.34209,1.34193,1350000,1200000
2023-02-15 13:25:14.127000,1.34209,1.34193,1600000,1200000
2023-02-15 13:25:14.229000,1.34208,1.34192,1350000,1200000
2023-02-15 13:25:14.330000,1.34207,1.34192,4050000,1200000
2023-02-15 13:25:16.309000,1.34206,1.34192,4050000,1200000
2023-02-15 13:25:16.410000,1.34207,1.34189,2850000,1200000
2023-02-15 13:25:16.687000,1.34205,1.34189,1200000,1200000
2023-02-15 13:25:16.821000,1.34203,1.3419,1200000,1200000
2023-02-15 13:25:17.211000,1.34204,1.34191,1200000,1200000
2023-02-15 13:25:17.262000,1.34205,1.34193,1350000,1200000
2023-02-15 13:25:17.927000,1.34205,1.34194,1200000,1200000
2023-02-15 13:25:18.180000,1.34208,1.34193,1350000,1200000
2023-02-15 13:25:18.398000,1.34208,1.34194,1200000,1200000
2023-02-15 13:25:19.070000,1.3421,1.34194,1600000,1200000
2023-02-15 13:25:19.448000,1.34209,1.34194,2850000,1200000
2023-02-15 13:25:21.089000,1.34207,1.34194,1200000,1200000
2023-02-15 13:25:21.190000,1.34206,1.34194,1200000,1200000
2023-02-15 13:25:22.807000,1.34207,1.34195,1200000,1200000
2023-02-15 13:25:23.208000,1.34208,1.34195,1350000,1200000
2023-02-15 13:25:24.489000,1.34207,1.34195,1200000,1200000
2023-02-15 13:25:24.793000,1.34208,1.34196,1350000,1200000
2023-02-15 13:25:25.799000,1.34207,1.34196,1200000,1200000
2023-02-15 13:25:26.232000,1.34208,1.34195,1600000,1200000
2023-02-15 13:25:26.645000,1.34208,1.34194,2470000,1200000
2023-02-15 13:25:26.696000,1.34204,1.34195,1200000,1200000
2023-02-15 13:25:26.747000,1.34204,1.34192,1200000,1200000
2023-02-15 13:25:26.855000,1.34204,1.34191,1200000,1200000
2023-02-15 13:25:27.007000,1.34203,1.34191,1200000,1200000
2023-02-15 13:25:27.547000,1.34201,1.34191,3600000,1200000
2023-02-15 13:25:27.648000,1.34202,1.34188,3600000,1200000
2023-02-15 13:25:28.533000,1.34201,1.34188,1600000,1200000
2023-02-15 13:25:29.432000,1.342,1.34188,1600000,1200000
2023-02-15 13:25:29.534000,1.342,1.34186,2850000,1200000
2023-02-15 13:25:29.736000,1.34196,1.34185,1200000,1200000
2023-02-15 13:25:29.838000,1.34197,1.3418,2250000,1890000
2023-02-15 13:25:30.041000,1.34197,1.3418,1800000,4120000
2023-02-15 13:25:32.244000,1.34192,1.3418,1350000,1200000
2023-02-15 13:25:32.345000,1.3419,1.34173,1800000,1600000
2023-02-15 13:25:32.447000,1.3419,1.34173,2250000,1200000
2023-02-15 13:25:32.694000,1.34187,1.34172,1800000,1600000
2023-02-15 13:25:35.895000,1.34188,1.34171,1200000,1800000
2023-02-15 13:25:36.067000,1.34188,1.34172,1350000,1800000
2023-02-15 13:25:36.270000,1.34188,1.34173,1350000,1320000
2023-02-15 13:25:37.105000,1.34188,1.34172,1200000,1200000
2023-02-15 13:25:37.308000,1.34189,1.34173,1350000,1200000
2023-02-15 13:25:37.409000,1.3419,1.34174,2250000,1200000
2023-02-15 13:25:38.155000,1.3419,1.34173,2250000,1200000
2023-02-15 13:25:38.307000,1.34188,1.34174,1200000,1200000
2023-02-15 13:25:38.755000,1.34188,1.34173,1800000,2340000
2023-02-15 13:25:39.568000,1.34189,1.34174,1200000,1200000
2023-02-15 13:25:39.670000,1.34188,1.34172,1200000,1440000
2023-02-15 13:25:41.208000,1.34187,1.34172,1200000,1350000
2023-02-15 13:25:42.084000,1.34187,1.34173,1200000,1200000
2023-02-15 13:25:42.509000,1.34187,1.34172,1200000,1200000
2023-02-15 13:25:42.747000,1.34187,1.34173,1200000,1800000
2023-02-15 13:25:43.735000,1.34189,1.34172,1800000,3150000
2023-02-15 13:25:43.837000,1.34189,1.34173,1800000,1200000
2023-02-15 13:25:45.185000,1.34188,1.34172,1350000,1200000
2023-02-15 13:25:45.236000,1.34185,1.3417,1200000,2100000
2023-02-15 13:25:45.388000,1.34186,1.34168,1800000,1200000
2023-02-15 13:25:46.585000,1.34186,1.34169,1200000,1200000
2023-02-15 13:25:47.252000,1.34184,1.34168,4050000,1200000
2023-02-15 13:25:47.356000,1.34183,1.34168,4050000,2250000
2023-02-15 13:25:47.457000,1.34183,1.34169,2850000,1200000
2023-02-15 13:25:47.761000,1.34183,1.34167,3600000,1200000
2023-02-15 13:25:48.134000,1.34181,1.34166,1200000,1200000
2023-02-15 13:25:49.293000,1.34181,1.34165,3600000,1200000
2023-02-15 13:25:49.994000,1.34181,1.34164,1350000,1200000
2023-02-15 13:25:50.108000,1.3418,1.34166,1350000,1200000
2023-02-15 13:25:50.209000,1.3418,1.34165,1350000,1200000
2023-02-15 13:25:50.311000,1.3418,1.34164,1350000,1200000
2023-02-15 13:25:50.781000,1.34179,1.34164,2250000,1800000
2023-02-15 13:25:51.023000,1.34177,1.34164,1200000,1800000
2023-02-15 13:25:51.125000,1.34175,1.34162,1200000,1600000
2023-02-15 13:25:51.226000,1.34175,1.3416,1800000,2340000
2023-02-15 13:25:51.548000,1.34176,1.34159,1800000,2550000
2023-02-15 13:25:52.119000,1.34176,1.34159,1800000,2790000
2023-02-15 13:25:52.221000,1.34174,1.34158,5400000,1200000
2023-02-15 13:25:52.322000,1.34174,1.34157,5400000,2700000
2023-02-15 13:25:52.583000,1.34174,1.3416,1800000,1440000
2023-02-15 13:25:52.685000,1.34175,1.34159,5400000,1350000
2023-02-15 13:25:52.786000,1.34173,1.34159,1200000,1600000
2023-02-15 13:25:52.938000,1.34176,1.34159,1600000,1350000
2023-02-15 13:25:53.040000,1.34175,1.34159,2470000,1200000
2023-02-15 13:25:53.141000,1.34174,1.34158,5400000,1200000
2023-02-15 13:25:53.243000,1.34176,1.34159,2100000,1200000
2023-02-15 13:25:53.345000,1.34176,1.34159,1600000,1200000
2023-02-15 13:25:53.446000,1.34176,1.3416,1600000,1200000
2023-02-15 13:25:53.548000,1.34176,1.34159,1600000,1200000
2023-02-15 13:25:54.066000,1.34175,1.3416,1200000,1440000
2023-02-15 13:25:54.268000,1.34175,1.34161,1200000,1200000
2023-02-15 13:25:54.370000,1.34175,1.3416,2700000,1200000
2023-02-15 13:25:54.472000,1.34176,1.34162,1350000,1200000
2023-02-15 13:25:54.845000,1.34178,1.34164,1600000,1200000
2023-02-15 13:25:54.896000,1.3418,1.34163,1600000,1200000
2023-02-15 13:25:54.947000,1.34179,1.34166,1600000,1200000
2023-02-15 13:25:55.513000,1.34181,1.34166,1600000,1200000
2023-02-15 13:25:55.615000,1.34181,1.34167,1600000,1200000
2023-02-15 13:25:55.716000,1.34182,1.34166,1350000,1200000
2023-02-15 13:25:56.376000,1.34182,1.34166,1600000,1200000
2023-02-15 13:25:57.368000,1.34181,1.34168,1600000,1200000
2023-02-15 13:25:57.485000,1.34182,1.34166,1600000,1200000
2023-02-15 13:25:57.697000,1.34182,1.34165,1600000,1200000
2023-02-15 13:26:00.673000,1.34181,1.34166,1350000,1200000
2023-02-15 13:26:00.774000,1.34181,1.3417,1200000,1200000
2023-02-15 13:26:00.825000,1.34185,1.3417,1600000,1200000
2023-02-15 13:26:00.977000,1.34187,1.34169,2100000,1200000
2023-02-15 13:26:01.413000,1.34187,1.3417,1600000,1200000
2023-02-15 13:26:02.692000,1.34187,1.3417,1350000,1200000
2023-02-15 13:26:04.712000,1.34187,1.34171,1200000,1200000
2023-02-15 13:26:04.918000,1.34187,1.34172,1200000,1200000
2023-02-15 13:26:05.777000,1.34189,1.34172,1800000,2370000
2023-02-15 13:26:05.878000,1.34189,1.34176,1200000,1200000
2023-02-15 13:26:05.980000,1.34191,1.34178,1600000,1200000
2023-02-15 13:26:06.081000,1.3419,1.34178,1600000,1200000
2023-02-15 13:26:06.183000,1.3419,1.34174,1350000,1200000
2023-02-15 13:26:07.760000,1.34189,1.34174,2250000,1320000
2023-02-15 13:26:07.915000,1.34188,1.34174,1200000,1200000
2023-02-15 13:26:08.364000,1.3419,1.34173,2250000,1320000
2023-02-15 13:26:08.466000,1.3419,1.34173,1200000,3190000
2023-02-15 13:26:08.567000,1.3419,1.34173,1200000,1440000
2023-02-15 13:26:08.839000,1.34191,1.34174,1800000,1200000
2023-02-15 13:26:09.231000,1.34191,1.34176,1200000,2070000
2023-02-15 13:26:09.333000,1.34193,1.34179,2100000,2820000
2023-02-15 13:26:09.434000,1.34195,1.34181,1200000,1440000
2023-02-15 13:26:09.536000,1.34197,1.3418,2250000,1440000
2023-02-15 13:26:10.328000,1.34197,1.3418,1800000,4500000
2023-02-15 13:26:12.224000,1.34196,1.34183,1200000,1990000
2023-02-15 13:26:12.275000,1.34199,1.34183,1200000,1320000
2023-02-15 13:26:12.377000,1.34197,1.34184,1200000,1200000
2023-02-15 13:26:13.262000,1.34198,1.34182,1200000,1200000
2023-02-15 13:26:14.421000,1.34198,1.34181,1800000,1200000
2023-02-15 13:26:21.913000,1.34192,1.34181,1800000,1200000
2023-02-15 13:26:22.015000,1.3419,1.34175,1200000,1100000
2023-02-15 13:26:22.117000,1.34186,1.34172,1200000,1200000
2023-02-15 13:26:22.218000,1.34187,1.34172,1350000,1200000
2023-02-15 13:26:25.203000,1.34185,1.34171,1100000,1200000
2023-02-15 13:26:25.304000,1.34183,1.34167,2250000,1600000
2023-02-15 13:26:25.406000,1.34183,1.34167,2250000,1200000
2023-02-15 13:26:27.148000,1.34181,1.34166,1200000,1350000
2023-02-15 13:26:27.685000,1.3418,1.34166,1200000,1200000
2023-02-15 13:26:27.787000,1.34173,1.34159,1200000,4270000
2023-02-15 13:26:27.889000,1.34172,1.34157,1200000,1320000
2023-02-15 13:26:29.363000,1.34172,1.34158,1200000,1200000
2023-02-15 13:26:29.464000,1.34171,1.34156,1200000,1200000
2023-02-15 13:26:30.477000,1.34171,1.34154,1200000,1720000
2023-02-15 13:26:30.579000,1.34169,1.34154,1200000,1700000
2023-02-15 13:26:30.681000,1.34169,1.34154,1200000,1320000
2023-02-15 13:26:32.449000,1.34168,1.34154,1200000,1200000
2023-02-15 13:26:32.551000,1.34167,1.34153,1200000,1200000
2023-02-15 13:26:32.652000,1.3417,1.34152,2100000,3490000
2023-02-15 13:26:32.703000,1.3417,1.34152,1800000,1990000
2023-02-15 13:26:32.805000,1.3417,1.34152,1800000,1990000
2023-02-15 13:26:34.551000,1.3417,1.34154,1350000,1200000
2023-02-15 13:26:34.835000,1.34168,1.34152,1200000,2340000
2023-02-15 13:26:34.937000,1.34167,1.34152,1200000,2250000
2023-02-15 13:26:35.534000,1.34167,1.34153,1350000,1800000
2023-02-15 13:26:36.241000,1.34169,1.34153,2100000,1200000
2023-02-15 13:26:36.342000,1.34168,1.34152,1350000,1200000
2023-02-15 13:26:42.167000,1.34166,1.34152,1800000,1200000
2023-02-15 13:26:42.268000,1.34167,1.34152,1200000,1200000
2023-02-15 13:26:43.254000,1.34167,1.34153,1350000,1200000
2023-02-15 13:26:44.980000,1.34168,1.34154,1200000,1200000
2023-02-15 13:26:45.082000,1.34168,1.34155,1200000,1200000
2023-02-15 13:26:50.131000,1.34171,1.34155,2250000,1200000
2023-02-15 13:26:50.233000,1.3417,1.34158,1200000,1200000
2023-02-15 13:26:50.902000,1.34171,1.34158,1200000,2340000
2023-02-15 13:26:50.953000,1.34173,1.34158,1200000,1620000
2023-02-15 13:26:51.004000,1.34176,1.34161,1600000,1800000
2023-02-15 13:26:51.106000,1.34177,1.3416,1200000,1800000
2023-02-15 13:26:51.731000,1.34178,1.34161,2250000,1200000
2023-02-15 13:26:52.865000,1.34176,1.34162,2850000,1200000
2023-02-15 13:26:52.967000,1.34173,1.34159,1200000,1200000
2023-02-15 13:26:53.068000,1.34173,1.34157,1800000,1200000
2023-02-15 13:26:53.998000,1.34172,1.34157,1200000,1200000
2023-02-15 13:26:56.904000,1.3417,1.34158,1200000,1200000
2023-02-15 13:26:59.911000,1.34172,1.34157,1200000,1200000
2023-02-15 13:27:00.931000,1.3417,1.34158,1200000,1200000
2023-02-15 13:27:02.126000,1.34171,1.34156,1200000,1200000
2023-02-15 13:27:02.278000,1.34171,1.34158,1200000,1200000
2023-02-15 13:27:02.890000,1.34172,1.34158,1350000,1200000
2023-02-15 13:27:05.494000,1.34172,1.34157,1350000,1200000
2023-02-15 13:27:05.596000,1.3417,1.34157,3150000,1200000
2023-02-15 13:27:05.718000,1.34169,1.34157,1200000,1200000
2023-02-15 13:27:06.946000,1.3417,1.34157,1350000,1200000
2023-02-15 13:27:07.148000,1.34169,1.34156,1350000,1200000
2023-02-15 13:27:07.591000,1.34168,1.34155,1200000,1200000
2023-02-15 13:27:07.693000,1.34167,1.34155,1800000,1200000
2023-02-15 13:27:07.794000,1.34168,1.34155,1200000,1200000
2023-02-15 13:27:08.642000,1.3417,1.34155,2250000,1200000
2023-02-15 13:27:09.613000,1.34168,1.34155,1200000,1120000
2023-02-15 13:27:09.714000,1.34171,1.34157,1350000,1200000
2023-02-15 13:27:09.816000,1.34172,1.34158,1200000,1200000
2023-02-15 13:27:11.878000,1.34171,1.3416,1350000,1200000
2023-02-15 13:27:12.645000,1.34172,1.3416,1350000,1200000
2023-02-15 13:27:14.829000,1.34173,1.3416,2250000,1200000
2023-02-15 13:27:15.177000,1.34173,1.34158,2250000,1200000
2023-02-15 13:27:15.380000,1.34173,1.3416,2250000,1200000
2023-02-15 13:27:15.917000,1.34173,1.34159,2250000,1200000
2023-02-15 13:27:20.117000,1.34174,1.34161,1600000,1200000
2023-02-15 13:27:20.218000,1.34175,1.34161,1200000,1200000
2023-02-15 13:27:20.428000,1.34176,1.3416,1200000,1120000
2023-02-15 13:27:20.530000,1.34176,1.34163,1200000,1320000
2023-02-15 13:27:20.632000,1.34178,1.34162,1200000,1800000
2023-02-15 13:27:22.630000,1.34177,1.34162,1200000,1200000
2023-02-15 13:27:23.606000,1.34177,1.34163,2340000,1200000
2023-02-15 13:27:24.636000,1.34176,1.34161,1350000,1200000
2023-02-15 13:27:24.738000,1.34177,1.34162,1700000,1200000
2023-02-15 13:27:27.095000,1.34175,1.3416,1120000,1200000
2023-02-15 13:27:27.606000,1.34175,1.3416,2340000,1200000
2023-02-15 13:27:27.708000,1.34175,1.34161,1200000,1200000
2023-02-15 13:27:27.809000,1.34176,1.34162,1700000,1200000
2023-02-15 13:27:27.911000,1.34177,1.34163,1240000,1200000
2023-02-15 13:27:28.159000,1.34178,1.34162,1440000,1200000
2023-02-15 13:27:29.332000,1.34178,1.34162,1240000,1200000
2023-02-15 13:27:32.046000,1.34177,1.34161,1890000,1200000
2023-02-15 13:27:32.249000,1.34176,1.34161,1200000,1200000
2023-02-15 13:27:32.350000,1.34176,1.34162,1800000,1200000
2023-02-15 13:27:32.666000,1.34175,1.34161,1200000,1200000
2023-02-15 13:27:33.551000,1.34177,1.34161,2170000,1200000
2023-02-15 13:27:36.683000,1.34176,1.3416,2340000,1800000
2023-02-15 13:27:36.785000,1.34174,1.34161,1800000,1200000
2023-02-15 13:27:36.886000,1.34174,1.34159,1350000,1200000
2023-02-15 13:27:37.597000,1.34174,1.34161,1600000,1200000
2023-02-15 13:27:37.698000,1.34174,1.34159,1350000,1200000
2023-02-15 13:27:38.011000,1.34174,1.3416,1350000,1200000
2023-02-15 13:27:38.113000,1.34175,1.34161,1800000,1800000
2023-02-15 13:27:38.682000,1.34176,1.34162,1200000,1200000
2023-02-15 13:27:38.784000,1.34178,1.34162,1200000,1800000
2023-02-15 13:27:39.590000,1.34177,1.34162,1200000,1200000
2023-02-15 13:27:40.017000,1.34178,1.34162,1200000,1800000
2023-02-15 13:27:40.680000,1.34179,1.34163,2250000,1200000
2023-02-15 13:27:42.101000,1.34178,1.34165,1350000,1200000
2023-02-15 13:27:44.757000,1.34178,1.34164,2250000,1200000
2023-02-15 13:27:45.028000,1.34176,1.34164,2250000,1200000
2023-02-15 13:27:45.130000,1.34176,1.34161,1200000,1200000
2023-02-15 13:27:45.546000,1.34174,1.34161,2340000,1200000
2023-02-15 13:27:45.648000,1.34173,1.34161,1350000,1200000
2023-02-15 13:27:47.561000,1.34174,1.34161,1200000,1350000
2023-02-15 13:27:47.612000,1.34177,1.34161,1200000,1350000
2023-02-15 13:27:47.663000,1.34178,1.34163,1800000,1200000
2023-02-15 13:27:48.892000,1.3418,1.34163,2100000,1200000
2023-02-15 13:27:50.276000,1.34177,1.34164,1200000,1200000
2023-02-15 13:27:51.246000,1.34179,1.34167,1200000,1200000
2023-02-15 13:27:51.297000,1.34181,1.34168,1200000,1200000
2023-02-15 13:27:51.981000,1.34184,1.34169,1200000,1200000
2023-02-15 13:27:52.083000,1.34185,1.34169,1200000,2250000
2023-02-15 13:27:52.466000,1.34184,1.34169,1200000,1350000
2023-02-15 13:27:52.567000,1.34181,1.34169,1200000,1350000
2023-02-15 13:27:52.669000,1.34183,1.34168,1200000,1350000
2023-02-15 13:27:53.042000,1.34185,1.34168,1800000,1200000
2023-02-15 13:27:53.245000,1.34185,1.34168,1200000,5100000
2023-02-15 13:27:53.346000,1.34186,1.34169,1200000,1350000
2023-02-15 13:27:53.471000,1.34185,1.34171,1200000,1200000
2023-02-15 13:27:56.031000,1.34185,1.34172,1200000,1200000
2023-02-15 13:27:59.277000,1.34183,1.34172,1200000,1350000
2023-02-15 13:28:00.139000,1.34185,1.34171,1200000,1350000
2023-02-15 13:28:01.331000,1.34184,1.34171,1200000,1200000
2023-02-15 13:28:01.382000,1.34184,1.34168,1200000,2100000
2023-02-15 13:28:01.433000,1.34182,1.34168,1200000,1600000
2023-02-15 13:28:01.535000,1.34182,1.34168,1200000,1200000
2023-02-15 13:28:01.992000,1.34182,1.34168,1200000,2170000
2023-02-15 13:28:02.145000,1.34183,1.3417,1200000,1200000
2023-02-15 13:28:03.087000,1.34181,1.34169,1200000,2250000
2023-02-15 13:28:03.188000,1.34179,1.34165,1200000,1200000
2023-02-15 13:28:03.547000,1.34178,1.34165,1200000,1200000
2023-02-15 13:28:04.020000,1.34178,1.34163,1200000,2100000
2023-02-15 13:28:04.599000,1.34176,1.34163,1200000,2100000
2023-02-15 13:28:04.765000,1.34176,1.34163,1200000,1800000
2023-02-15 13:28:07.968000,1.34173,1.34163,1200000,1200000
2023-02-15 13:28:08.019000,1.34173,1.34161,1320000,1350000
2023-02-15 13:28:08.070000,1.34168,1.34157,1200000,1600000
2023-02-15 13:28:08.121000,1.34169,1.34156,1200000,1200000
2023-02-15 13:28:10.954000,1.34169,1.34154,1200000,2340000
2023-02-15 13:28:11.709000,1.34169,1.34154,1200000,3340000
2023-02-15 13:28:12.126000,1.34171,1.34156,1200000,1350000
2023-02-15 13:28:12.177000,1.34171,1.34159,1200000,1120000
2023-02-15 13:28:12.228000,1.34173,1.3416,1350000,3720000
2023-02-15 13:28:12.330000,1.34174,1.34161,1200000,2340000
2023-02-15 13:28:13.529000,1.34176,1.34162,1200000,1200000
2023-02-15 13:28:14.234000,1.34176,1.34163,1200000,1200000
2023-02-15 13:28:17.549000,1.34177,1.34163,1200000,1800000
2023-02-15 13:28:17.959000,1.34174,1.34163,1200000,1200000
2023-02-15 13:28:18.696000,1.34174,1.34162,1200000,1200000
2023-02-15 13:28:20.182000,1.34173,1.34162,1200000,1350000
2023-02-15 13:28:20.461000,1.34174,1.34164,1200000,1440000
2023-02-15 13:28:20.563000,1.34178,1.34164,1200000,1440000
2023-02-15 13:28:20.664000,1.3418,1.34164,1200000,1440000
2023-02-15 13:28:23.957000,1.34176,1.34165,1200000,1440000
2023-02-15 13:28:25.182000,1.3418,1.34164,1800000,1440000
2023-02-15 13:28:25.637000,1.34177,1.34165,1200000,1350000
2023-02-15 13:28:26.148000,1.34176,1.34164,1200000,1350000
2023-02-15 13:28:26.250000,1.34177,1.34164,1200000,1350000
2023-02-15 13:28:26.670000,1.34177,1.34163,1200000,1440000
2023-02-15 13:28:26.826000,1.34174,1.34161,1200000,1350000
2023-02-15 13:28:26.928000,1.3417,1.34162,1200000,1350000
2023-02-15 13:28:26.979000,1.34172,1.34162,1200000,1440000
2023-02-15 13:28:27.195000,1.34175,1.34162,1200000,1320000
2023-02-15 13:28:27.937000,1.34176,1.34162,1200000,1200000
2023-02-15 13:28:28.437000,1.34172,1.34163,1200000,1200000
2023-02-15 13:28:29.466000,1.34175,1.34162,1200000,1440000
2023-02-15 13:28:35.722000,1.34178,1.34162,1200000,1440000
2023-02-15 13:28:37.252000,1.34178,1.34163,1800000,1440000
2023-02-15 13:28:39.180000,1.34178,1.34162,1200000,1350000
2023-02-15 13:28:43.044000,1.34179,1.34162,3150000,1200000
2023-02-15 13:28:43.192000,1.34177,1.34163,1200000,1200000
2023-02-15 13:28:44.098000,1.34178,1.34163,3150000,1200000
2023-02-15 13:28:46.102000,1.34178,1.34162,1200000,1200000
2023-02-15 13:28:47.107000,1.34178,1.34161,1800000,1440000
2023-02-15 13:28:47.721000,1.34178,1.34161,1800000,1700000
2023-02-15 13:28:50.146000,1.34177,1.34164,1200000,1200000
2023-02-15 13:28:50.502000,1.34179,1.34163,1800000,1320000
2023-02-15 13:28:50.604000,1.34181,1.34164,2100000,1200000
2023-02-15 13:28:51.609000,1.3418,1.34163,1800000,1440000
2023-02-15 13:28:51.855000,1.3418,1.34164,1800000,1200000
2023-02-15 13:28:51.963000,1.3418,1.34166,1800000,1200000
2023-02-15 13:28:52.065000,1.3418,1.34163,1800000,1440000
2023-02-15 13:28:52.868000,1.34179,1.34163,1200000,1440000
2023-02-15 13:28:54.513000,1.3418,1.34163,1800000,1350000
2023-02-15 13:28:54.716000,1.34179,1.34164,1800000,1700000
2023-02-15 13:28:57.436000,1.3418,1.34163,2250000,1200000
2023-02-15 13:28:57.711000,1.34178,1.34164,1200000,1320000
2023-02-15 13:28:58.147000,1.34179,1.34164,1200000,1200000
2023-02-15 13:28:58.401000,1.34179,1.34165,2250000,1200000
2023-02-15 13:28:59.087000,1.3418,1.34164,1800000,1720000
2023-02-15 13:28:59.552000,1.3418,1.34166,1350000,1200000
2023-02-15 13:29:00.787000,1.34181,1.34168,1600000,1120000
2023-02-15 13:29:00.838000,1.34184,1.34169,1200000,1320000
2023-02-15 13:29:00.940000,1.34186,1.34168,1800000,1320000
2023-02-15 13:29:01.344000,1.34186,1.34168,1200000,1120000
2023-02-15 13:29:01.396000,1.34187,1.34171,1200000,1120000
2023-02-15 13:29:01.497000,1.34188,1.34173,1350000,1620000
2023-02-15 13:29:01.599000,1.34191,1.34173,1350000,2220000
2023-02-15 13:29:02.057000,1.34191,1.34179,1350000,1890000
2023-02-15 13:29:02.158000,1.34191,1.34179,1200000,3120000
2023-02-15 13:29:02.209000,1.34199,1.34181,1600000,1120000
2023-02-15 13:29:02.260000,1.342,1.3418,1350000,1720000
2023-02-15 13:29:02.362000,1.34198,1.34182,1200000,1240000
2023-02-15 13:29:02.463000,1.34199,1.34184,1200000,2740000
2023-02-15 13:29:02.565000,1.342,1.34183,1200000,1320000
2023-02-15 13:29:02.667000,1.34201,1.34183,1890000,1200000
2023-02-15 13:29:02.718000,1.342,1.34181,2340000,4090000
2023-02-15 13:29:02.920000,1.342,1.3418,1200000,3990000
2023-02-15 13:29:03.022000,1.34206,1.34185,4350000,1800000
2023-02-15 13:29:03.124000,1.34206,1.34187,1350000,2740000
2023-02-15 13:29:03.225000,1.34207,1.34187,1350000,2590000
2023-02-15 13:29:03.428000,1.34207,1.34189,1200000,1620000
2023-02-15 13:29:03.580000,1.34207,1.34189,1200000,3320000
2023-02-15 13:29:03.783000,1.34208,1.34189,1200000,3320000
2023-02-15 13:29:04.012000,1.34207,1.3419,1200000,1620000
2023-02-15 13:29:04.614000,1.34208,1.34189,1200000,5940000
2023-02-15 13:29:06.982000,1.34208,1.3419,1200000,1200000
2023-02-15 13:29:07.445000,1.34206,1.34191,1200000,1320000
2023-02-15 13:29:08.102000,1.34205,1.34191,1200000,1200000
2023-02-15 13:29:08.203000,1.34206,1.34191,1200000,1200000
2023-02-15 13:29:08.305000,1.34206,1.3419,1200000,1200000
2023-02-15 13:29:08.406000,1.34204,1.34187,1200000,1700000
2023-02-15 13:29:08.457000,1.34204,1.34187,1200000,1440000
2023-02-15 13:29:09.369000,1.34204,1.34187,1200000,1120000
2023-02-15 13:29:09.521000,1.34203,1.34187,1200000,1120000
2023-02-15 13:29:09.623000,1.34205,1.34186,1200000,1120000
2023-02-15 13:29:10.081000,1.34204,1.34187,1200000,2370000
2023-02-15 13:29:10.312000,1.34206,1.34187,1200000,1120000
2023-02-15 13:29:10.894000,1.34205,1.34186,1200000,2370000
2023-02-15 13:29:10.995000,1.34204,1.34186,1200000,1120000
2023-02-15 13:29:11.148000,1.34204,1.34186,1200000,1200000
2023-02-15 13:29:11.249000,1.34203,1.34186,1200000,1890000
2023-02-15 13:29:11.502000,1.34205,1.34186,1200000,1320000
2023-02-15 13:29:11.655000,1.34203,1.34186,1200000,1200000
2023-02-15 13:29:11.756000,1.342,1.34184,1200000,2340000
2023-02-15 13:29:14.003000,1.342,1.34185,1200000,1200000
2023-02-15 13:29:14.923000,1.34195,1.34182,1200000,1200000
2023-02-15 13:29:15.025000,1.34188,1.34172,1200000,1600000
2023-02-15 13:29:15.127000,1.34186,1.34168,1200000,1320000
2023-02-15 13:29:15.279000,1.34184,1.34166,1440000,1350000
2023-02-15 13:29:15.330000,1.34183,1.34165,1200000,1200000
2023-02-15 13:29:16.016000,1.34181,1.34165,1200000,1200000
2023-02-15 13:29:16.118000,1.34179,1.34162,1200000,2340000
2023-02-15 13:29:17.126000,1.34178,1.34163,1200000,1620000
2023-02-15 13:29:18.320000,1.3418,1.34163,1200000,1240000
2023-02-15 13:29:18.754000,1.3418,1.34163,1200000,1990000
2023-02-15 13:29:18.856000,1.34181,1.34167,1200000,1990000
2023-02-15 13:29:18.907000,1.34181,1.34168,1200000,1320000
2023-02-15 13:29:18.958000,1.34185,1.34169,1200000,1320000
2023-02-15 13:29:19.211000,1.34187,1.34168,1200000,1320000
2023-02-15 13:29:20.793000,1.34186,1.34168,1200000,1320000
2023-02-15 13:29:20.895000,1.34183,1.34168,1200000,1320000
2023-02-15 13:29:20.997000,1.34184,1.34168,1200000,1320000
2023-02-15 13:29:21.147000,1.34184,1.34169,1200000,1320000
2023-02-15 13:29:21.248000,1.34182,1.34168,1200000,1320000
2023-02-15 13:29:22.447000,1.34183,1.34166,1200000,1320000
2023-02-15 13:29:23.091000,1.34182,1.34166,1200000,1320000
2023-02-15 13:29:23.565000,1.34184,1.34166,1200000,1320000
2023-02-15 13:29:23.961000,1.34184,1.34168,1200000,1120000
2023-02-15 13:29:24.062000,1.34186,1.34169,1200000,1200000
2023-02-15 13:29:24.164000,1.34186,1.3417,1200000,1200000
2023-02-15 13:29:25.156000,1.34186,1.34169,1200000,1200000
2023-02-15 13:29:25.207000,1.34186,1.34167,1200000,3690000
2023-02-15 13:29:26.209000,1.34186,1.34168,1200000,1200000
2023-02-15 13:29:27.031000,1.34186,1.34172,1200000,1800000
2023-02-15 13:29:27.133000,1.34187,1.34172,1200000,1800000
2023-02-15 13:29:27.184000,1.3419,1.34172,1800000,1800000
2023-02-15 13:29:28.185000,1.3419,1.34173,1800000,1200000
2023-02-15 13:29:29.432000,1.34192,1.34173,3240000,1200000
2023-02-15 13:29:30.064000,1.34192,1.34173,1620000,1200000
2023-02-15 13:29:30.165000,1.34191,1.34174,1350000,1800000
2023-02-15 13:29:30.368000,1.34193,1.34173,2700000,1200000
2023-02-15 13:29:30.470000,1.34192,1.34175,4500000,2700000
2023-02-15 13:29:31.113000,1.34192,1.34174,4500000,1200000
2023-02-15 13:29:31.251000,1.34192,1.34174,4500000,1120000
2023-02-15 13:29:31.390000,1.34193,1.34173,4500000,1320000
2023-02-15 13:29:31.666000,1.34192,1.34173,3600000,1200000
2023-02-15 13:29:31.767000,1.34193,1.34173,1890000,1800000
2023-02-15 13:29:32.362000,1.34192,1.34173,4050000,1890000
2023-02-15 13:29:32.463000,1.34193,1.34172,1200000,1120000
2023-02-15 13:29:32.565000,1.34192,1.34173,1700000,1320000
2023-02-15 13:29:32.757000,1.34193,1.34172,2790000,1320000
2023-02-15 13:29:32.997000,1.34192,1.34172,1320000,1200000
2023-02-15 13:29:33.149000,1.34191,1.34172,1200000,1800000
2023-02-15 13:29:33.200000,1.34193,1.34172,1320000,1890000
2023-02-15 13:29:33.302000,1.34192,1.34172,3600000,1890000
2023-02-15 13:29:33.403000,1.34193,1.34172,1320000,1890000
2023-02-15 13:29:33.514000,1.34192,1.34172,3600000,1890000
2023-02-15 13:29:33.615000,1.34191,1.34172,1200000,1800000
2023-02-15 13:29:33.717000,1.34192,1.34172,1320000,1800000
2023-02-15 13:29:34.336000,1.34192,1.34173,1200000,1620000
2023-02-15 13:29:34.593000,1.34193,1.34172,2790000,1620000
2023-02-15 13:29:35.010000,1.34193,1.34172,2700000,1620000
2023-02-15 13:29:35.112000,1.34193,1.34172,2700000,1620000
2023-02-15 13:29:36.397000,1.34192,1.34172,4050000,1620000
2023-02-15 13:29:36.448000,1.34195,1.34172,2220000,1620000
2023-02-15 13:29:36.563000,1.34194,1.34173,1120000,1620000
2023-02-15 13:29:39.979000,1.34193,1.34173,1720000,2340000
2023-02-15 13:29:40.081000,1.34195,1.34173,1990000,1920000
2023-02-15 13:29:40.233000,1.34198,1.34173,2120000,1420000
2023-02-15 13:29:41.466000,1.34199,1.34173,2490000,1420000
2023-02-15 13:29:41.568000,1.34197,1.34173,1240000,1920000
2023-02-15 13:29:41.670000,1.34196,1.34173,1990000,1920000
2023-02-15 13:29:43.040000,1.34199,1.34174,1120000,2420000
2023-02-15 13:29:45.021000,1.34199,1.34176,2120000,1420000
2023-02-15 13:29:45.123000,1.34202,1.34175,3240000,1120000
2023-02-15 13:29:45.225000,1.342,1.34173,1620000,1840000
2023-02-15 13:29:46.121000,1.34201,1.34172,3120000,2220000
2023-02-15 13:29:46.275000,1.34203,1.34171,1120000,1620000
2023-02-15 13:29:46.704000,1.34201,1.34173,1200000,1200000
2023-02-15 13:29:49.198000,1.342,1.34172,1200000,1800000
2023-02-15 13:29:49.761000,1.34201,1.34169,1200000,1620000
2023-02-15 13:29:50.445000,1.34201,1.34171,1200000,1080000
2023-02-15 13:29:50.597000,1.342,1.3417,1200000,1120000
2023-02-15 13:29:54.411000,1.34202,1.34171,1620000,1320000
2023-02-15 13:29:54.513000,1.34201,1.3417,1800000,1320000
2023-02-15 13:29:54.776000,1.34204,1.34171,2370000,1800000
2023-02-15 13:29:55.071000,1.34204,1.34173,3870000,1200000
2023-02-15 13:29:55.173000,1.342,1.34173,1200000,1200000
2023-02-15 13:29:55.325000,1.34197,1.34169,1620000,1800000
2023-02-15 13:29:55.376000,1.34197,1.34167,1470000,1200000
2023-02-15 13:29:55.477000,1.34196,1.34165,1120000,1800000
2023-02-15 13:29:56.128000,1.34195,1.34166,2520000,1200000
2023-02-15 13:29:56.506000,1.34194,1.34166,1800000,1200000
2023-02-15 13:29:56.558000,1.34193,1.34165,1200000,1200000
2023-02-15 13:29:56.764000,1.34195,1.34165,1200000,1200000
2023-02-15 13:29:56.815000,1.34187,1.34161,1200000,1200000
2023-02-15 13:29:56.916000,1.34183,1.34155,1200000,1200000
2023-02-15 13:29:57.463000,1.34185,1.34158,1800000,1200000
2023-02-15 13:29:57.619000,1.34186,1.34158,1200000,1200000
2023-02-15 13:29:57.721000,1.34189,1.34158,2460000,1200000
2023-02-15 13:29:57.822000,1.34185,1.34157,1200000,1200000
2023-02-15 13:29:57.924000,1.34183,1.34157,1200000,1200000
2023-02-15 13:29:58.075000,1.34186,1.34158,1800000,1200000
2023-02-15 13:29:58.649000,1.34189,1.34155,2700000,1800000
2023-02-15 13:29:58.750000,1.34189,1.34161,1200000,1200000
2023-02-15 13:29:58.801000,1.34189,1.34157,1200000,1200000
2023-02-15 13:29:59.409000,1.34185,1.34157,1200000,1200000
2023-02-15 13:29:59.634000,1.34188,1.34152,2700000,1800000
2023-02-15 13:29:59.736000,1.34189,1.34152,1800000,1800000
2023-02-15 13:29:59.787000,1.34189,1.3415,1800000,1200000
2023-02-15 13:30:00.179000,1.34189,1.34172,1200000,4050000
2023-02-15 13:30:00.230000,1.34244,1.34226,1600000,1200000
2023-02-15 13:30:00.280000,1.34259,1.34228,900000,1200000
2023-02-15 13:30:00.331000,1.34285,1.34241,1200000,1590000
2023-02-15 13:30:00.382000,1.34262,1.34241,1800000,1200000
2023-02-15 13:30:00.433000,1.34326,1.34277,1200000,1200000
2023-02-15 13:30:00.484000,1.34313,1.34294,1800000,1200000
2023-02-15 13:30:00.585000,1.34315,1.34297,1800000,1800000
2023-02-15 13:30:00.686000,1.34324,1.34278,1200000,1200000
2023-02-15 13:30:00.787000,1.34329,1.34281,1230000,1200000
2023-02-15 13:30:00.838000,1.34329,1.34281,1200000,1200000
2023-02-15 13:30:00.888000,1.34339,1.3431,1200000,1200000
2023-02-15 13:30:00.990000,1.3434,1.34312,1200000,1200000
2023-02-15 13:30:01.091000,1.3434,1.34314,1200000,1200000
2023-02-15 13:30:01.192000,1.34357,1.3432,1200000,1200000
2023-02-15 13:30:01.243000,1.3433,1.3432,900000,1200000
2023-02-15 13:30:01.294000,1.34322,1.34299,1200000,1200000
2023-02-15 13:30:01.395000,1.34327,1.34284,1200000,1200000
2023-02-15 13:30:01.496000,1.34322,1.34284,1200000,1200000
2023-02-15 13:30:01.598000,1.34322,1.34311,1200000,1200000
2023-02-15 13:30:01.648000,1.34333,1.34315,900000,1800000
2023-02-15 13:30:01.699000,1.34348,1.34318,1200000,1200000
2023-02-15 13:30:01.800000,1.34348,1.34308,1200000,1200000
2023-02-15 13:30:01.851000,1.3433,1.34308,1200000,1200000
2023-02-15 13:30:01.902000,1.3433,1.34297,1800000,1200000
2023-02-15 13:30:02.003000,1.34324,1.34291,1200000,1800000
2023-02-15 13:30:02.105000,1.34315,1.34283,1200000,1800000
2023-02-15 13:30:02.206000,1.34315,1.34282,1200000,1800000
2023-02-15 13:30:02.307000,1.34315,1.34284,1200000,1200000
2023-02-15 13:30:02.408000,1.34316,1.34285,1200000,1200000
2023-02-15 13:30:02.509000,1.34316,1.34282,1200000,1800000
2023-02-15 13:30:02.711000,1.34317,1.34282,1200000,1800000
2023-02-15 13:30:02.813000,1.34315,1.34282,1200000,1800000
2023-02-15 13:30:02.941000,1.34317,1.34282,1200000,1800000
2023-02-15 13:30:03.042000,1.34317,1.34283,1200000,1800000
2023-02-15 13:30:03.093000,1.34293,1.3427,3600000,1200000
2023-02-15 13:30:03.143000,1.34289,1.34255,1200000,1200000
2023-02-15 13:30:03.446000,1.34288,1.34255,1200000,1200000
2023-02-15 13:30:03.497000,1.34287,1.34253,1200000,1200000
2023-02-15 13:30:03.548000,1.34286,1.34252,1200000,1200000
2023-02-15 13:30:03.649000,1.34288,1.34252,1200000,1200000
2023-02-15 13:30:03.700000,1.34288,1.34255,1200000,1800000
2023-02-15 13:30:03.851000,1.34288,1.34256,1200000,1800000
2023-02-15 13:30:03.954000,1.3429,1.34255,1200000,1800000
2023-02-15 13:30:04.005000,1.34289,1.34253,1200000,1800000
2023-02-15 13:30:04.055000,1.34283,1.34252,1200000,1800000
2023-02-15 13:30:04.156000,1.34284,1.34253,1200000,1200000
2023-02-15 13:30:04.236000,1.34284,1.34256,1200000,1200000
2023-02-15 13:30:04.291000,1.34289,1.34255,1200000,1200000
2023-02-15 13:30:04.396000,1.34287,1.34256,1200000,1200000
2023-02-15 13:30:04.497000,1.3429,1.34276,1200000,1200000
2023-02-15 13:30:04.598000,1.34307,1.34286,1200000,1200000
2023-02-15 13:30:04.649000,1.34308,1.34277,1200000,1200000
2023-02-15 13:30:04.751000,1.34311,1.34277,1200000,1200000
2023-02-15 13:30:04.801000,1.34311,1.34284,1200000,1200000
2023-02-15 13:30:04.852000,1.3432,1.34282,3600000,1840000
2023-02-15 13:30:04.954000,1.34326,1.34291,1200000,1200000
2023-02-15 13:30:05.257000,1.34323,1.34291,1200000,1800000
2023-02-15 13:30:05.358000,1.34325,1.34291,1200000,1800000
2023-02-15 13:30:05.409000,1.34325,1.34294,1200000,1200000
2023-02-15 13:30:05.510000,1.3432,1.34291,1200000,1800000
2023-02-15 13:30:05.561000,1.34317,1.34285,1200000,1200000
2023-02-15 13:30:05.663000,1.34316,1.34283,1200000,1800000
2023-02-15 13:30:05.764000,1.34316,1.34282,1200000,1200000
2023-02-15 13:30:05.865000,1.34316,1.34285,1200000,1200000
2023-02-15 13:30:05.916000,1.34315,1.34283,2700000,1200000
2023-02-15 13:30:05.967000,1.34316,1.34276,1200000,2250000
2023-02-15 13:30:06.069000,1.34312,1.34285,1200000,1200000
2023-02-15 13:30:06.171000,1.34315,1.34285,1800000,1200000
2023-02-15 13:30:06.272000,1.34316,1.34286,1200000,1350000
2023-02-15 13:30:06.323000,1.34312,1.34282,1200000,1800000
2023-02-15 13:30:06.374000,1.34312,1.34276,1200000,1350000
2023-02-15 13:30:06.425000,1.34309,1.34276,1200000,1350000
2023-02-15 13:30:06.684000,1.34308,1.34276,1200000,1350000
2023-02-15 13:30:06.836000,1.34308,1.34282,1200000,1200000
2023-02-15 13:30:06.887000,1.34315,1.34282,1200000,1600000
2023-02-15 13:30:06.988000,1.34318,1.34282,1350000,2100000
2023-02-15 13:30:07.241000,1.34315,1.34283,1200000,2470000
2023-02-15 13:30:07.343000,1.34318,1.34282,1350000,2470000
2023-02-15 13:30:07.850000,1.34316,1.34286,1200000,1350000
2023-02-15 13:30:07.951000,1.34315,1.34285,1200000,1350000
2023-02-15 13:30:08.053000,1.34307,1.3428,1200000,1200000
2023-02-15 13:30:08.154000,1.34307,1.34277,1200000,2250000
2023-02-15 13:30:08.306000,1.34308,1.34277,1200000,2250000
2023-02-15 13:30:08.408000,1.34311,1.34279,1200000,1200000
2023-02-15 13:30:08.459000,1.34313,1.34278,1800000,1600000
2023-02-15 13:30:08.561000,1.3431,1.34276,1600000,2250000
2023-02-15 13:30:08.663000,1.3431,1.34276,1200000,2250000
2023-02-15 13:30:08.966000,1.3431,1.34285,1200000,1350000
2023-02-15 13:30:09.017000,1.34318,1.34285,2250000,1350000
2023-02-15 13:30:09.120000,1.34316,1.34286,2700000,2250000
2023-02-15 13:30:09.171000,1.34315,1.34285,1200000,2250000
2023-02-15 13:30:09.272000,1.34321,1.34294,1350000,1200000
2023-02-15 13:30:09.374000,1.34319,1.34285,1600000,2250000
2023-02-15 13:30:09.576000,1.3432,1.34286,1350000,2250000
2023-02-15 13:30:09.627000,1.34324,1.34287,3150000,1980000
2023-02-15 13:30:09.679000,1.34327,1.34294,1350000,1350000
2023-02-15 13:30:09.780000,1.3433,1.34303,1720000,1200000
2023-02-15 13:30:09.831000,1.34329,1.343,1600000,1800000
2023-02-15 13:30:09.882000,1.34327,1.34294,1350000,2250000
2023-02-15 13:30:09.933000,1.34321,1.34294,1200000,1200000
2023-02-15 13:30:10.085000,1.34321,1.34291,1200000,1800000
2023-02-15 13:30:10.187000,1.34321,1.34287,1200000,1200000
2023-02-15 13:30:10.288000,1.34318,1.34286,1200000,1200000
2023-02-15 13:30:10.390000,1.34321,1.34285,1800000,4050000
2023-02-15 13:30:10.491000,1.34321,1.34286,1200000,1200000
2023-02-15 13:30:10.542000,1.34318,1.34286,1200000,1200000
2023-02-15 13:30:10.745000,1.3432,1.34287,1200000,1200000
2023-02-15 13:30:10.847000,1.34318,1.34286,1200000,1200000
2023-02-15 13:30:10.948000,1.34312,1.34286,1200000,1350000
2023-02-15 13:30:10.999000,1.34321,1.34285,2470000,1350000
2023-02-15 13:30:11.203000,1.34318,1.34287,1350000,1200000
2023-02-15 13:30:11.457000,1.34318,1.34286,1720000,1200000
2023-02-15 13:30:11.558000,1.34313,1.34286,1200000,1200000
2023-02-15 13:30:11.609000,1.34318,1.34286,1350000,1200000
2023-02-15 13:30:11.711000,1.34318,1.34287,1350000,1200000
2023-02-15 13:30:12.014000,1.34318,1.34288,1350000,1200000
2023-02-15 13:30:12.065000,1.34316,1.34288,1200000,1200000
2023-02-15 13:30:12.116000,1.34316,1.34285,1200000,1350000
2023-02-15 13:30:12.167000,1.34312,1.34285,1200000,1350000
2023-02-15 13:30:12.218000,1.34318,1.34287,1800000,1200000
2023-02-15 13:30:12.319000,1.34318,1.34289,1350000,1200000
2023-02-15 13:30:12.370000,1.34321,1.34289,3150000,1200000
2023-02-15 13:30:12.421000,1.34321,1.34289,2470000,1200000
2023-02-15 13:30:12.472000,1.34321,1.3429,1350000,1200000
2023-02-15 13:30:12.574000,1.3432,1.34291,1720000,1200000
2023-02-15 13:30:13.268000,1.34316,1.34289,1200000,1200000
2023-02-15 13:30:13.319000,1.34315,1.34288,1200000,1200000
2023-02-15 13:30:13.421000,1.34314,1.34288,1200000,1200000
2023-02-15 13:30:13.523000,1.34308,1.34287,1350000,1200000
2023-02-15 13:30:13.574000,1.34309,1.34282,1350000,1200000
2023-02-15 13:30:13.675000,1.34311,1.34284,1600000,1200000
2023-02-15 13:30:13.777000,1.34309,1.34283,4950000,1200000
2023-02-15 13:30:13.878000,1.34309,1.34281,1600000,1200000
2023-02-15 13:30:13.980000,1.34309,1.34283,5850000,1200000
2023-02-15 13:30:14.497000,1.34306,1.34282,1200000,1200000
2023-02-15 13:30:14.548000,1.34306,1.3428,1200000,1200000
2023-02-15 13:30:14.599000,1.34295,1.3428,1200000,1200000
2023-02-15 13:30:14.650000,1.34294,1.3427,1200000,1350000
2023-02-15 13:30:14.802000,1.34295,1.34272,1600000,1120000
2023-02-15 13:30:14.904000,1.3429,1.34267,2590000,1200000
2023-02-15 13:30:15.005000,1.3429,1.34267,1890000,1200000
2023-02-15 13:30:15.056000,1.3429,1.34267,1620000,1200000
2023-02-15 13:30:15.107000,1.34288,1.34264,1200000,1320000
2023-02-15 13:30:15.158000,1.3429,1.34267,3600000,1440000
2023-02-15 13:30:15.260000,1.34298,1.34276,1200000,1350000
2023-02-15 13:30:15.361000,1.343,1.34279,1200000,1200000
2023-02-15 13:30:15.463000,1.343,1.34278,1800000,1200000
2023-02-15 13:30:15.564000,1.343,1.3428,3600000,1200000
2023-02-15 13:30:15.666000,1.34301,1.3428,1800000,1600000
2023-02-15 13:30:15.768000,1.34319,1.34298,2160000,1200000
2023-02-15 13:30:15.870000,1.34321,1.34298,1480000,1200000
2023-02-15 13:30:15.921000,1.34326,1.34302,3480000,1200000
2023-02-15 13:30:15.972000,1.34326,1.34304,3060000,1200000
2023-02-15 13:30:16.023000,1.34327,1.34309,1200000,1350000
2023-02-15 13:30:16.074000,1.34333,1.34312,1800000,1200000
2023-02-15 13:30:16.125000,1.34335,1.34311,3060000,1200000
2023-02-15 13:30:16.227000,1.3434,1.34316,1260000,1120000
2023-02-15 13:30:16.328000,1.34348,1.34329,1200000,1200000
2023-02-15 13:30:16.430000,1.34348,1.34321,2830000,1200000
2023-02-15 13:30:16.481000,1.34344,1.34321,1000000,1200000
2023-02-15 13:30:16.582000,1.34338,1.34322,1200000,1200000
2023-02-15 13:30:16.633000,1.34339,1.34316,1890000,1200000
2023-02-15 13:30:16.735000,1.34339,1.34313,2050000,1200000
2023-02-15 13:30:16.786000,1.34336,1.34314,1100000,1200000
2023-02-15 13:30:16.888000,1.34333,1.34312,1080000,1200000
2023-02-15 13:30:16.939000,1.34336,1.34312,1200000,1350000
2023-02-15 13:30:17.040000,1.34335,1.34314,1350000,1200000
2023-02-15 13:30:17.142000,1.34334,1.34313,1200000,1350000
2023-02-15 13:30:17.193000,1.34338,1.34312,1200000,2340000
2023-02-15 13:30:17.244000,1.34337,1.34314,1200000,1200000
2023-02-15 13:30:17.345000,1.34342,1.34318,1480000,1200000
2023-02-15 13:30:17.497000,1.34334,1.34318,1100000,1200000
2023-02-15 13:30:17.549000,1.34334,1.34309,1710000,1200000
2023-02-15 13:30:17.600000,1.34334,1.34309,2020000,1200000
2023-02-15 13:30:17.701000,1.34332,1.34308,1200000,1700000
2023-02-15 13:30:17.752000,1.3433,1.34312,1100000,1200000
2023-02-15 13:30:17.955000,1.34335,1.34312,1650000,1200000
2023-02-15 13:30:18.057000,1.34334,1.34313,1100000,1200000
2023-02-15 13:30:18.108000,1.34334,1.34312,1600000,2570000
2023-02-15 13:30:18.159000,1.34334,1.34315,1200000,2740000
2023-02-15 13:30:18.210000,1.34342,1.3432,1600000,1200000
2023-02-15 13:30:18.312000,1.34339,1.3432,1720000,1200000
2023-02-15 13:30:18.413000,1.34339,1.34318,1720000,1200000
2023-02-15 13:30:18.515000,1.34343,1.3432,1100000,1200000
2023-02-15 13:30:18.718000,1.34339,1.34317,1720000,1200000
2023-02-15 13:30:18.769000,1.3433,1.34317,1350000,1200000
2023-02-15 13:30:18.820000,1.34332,1.34315,1100000,1200000
2023-02-15 13:30:18.871000,1.34334,1.34314,1480000,1200000
2023-02-15 13:30:18.922000,1.3433,1.34312,1200000,1200000
2023-02-15 13:30:19.023000,1.34335,1.34313,1650000,1200000
2023-02-15 13:30:19.125000,1.34335,1.34312,1650000,1200000
2023-02-15 13:30:19.176000,1.34335,1.34312,1650000,1200000
2023-02-15 13:30:19.227000,1.34339,1.34314,2100000,1200000
2023-02-15 13:30:19.329000,1.34337,1.34316,1000000,1200000
2023-02-15 13:30:19.430000,1.34336,1.34315,1000000,1200000
2023-02-15 13:30:19.532000,1.34337,1.34315,2400000,1200000
2023-02-15 13:30:19.634000,1.34336,1.34316,1750000,1200000
2023-02-15 13:30:19.685000,1.34337,1.34313,1100000,1200000
2023-02-15 13:30:19.786000,1.34339,1.34318,1650000,1200000
2023-02-15 13:30:19.888000,1.34338,1.3432,1720000,1200000
2023-02-15 13:30:19.939000,1.34339,1.34319,1100000,1200000
2023-02-15 13:30:19.990000,1.34339,1.34316,1100000,1200000
2023-02-15 13:30:20.092000,1.3433,1.34312,1350000,1200000
2023-02-15 13:30:20.194000,1.34321,1.34301,1820000,1200000
2023-02-15 13:30:20.296000,1.34307,1.34289,1200000,1200000
2023-02-15 13:30:20.347000,1.34307,1.34289,1600000,1200000
2023-02-15 13:30:20.398000,1.34312,1.34286,1200000,1200000
2023-02-15 13:30:20.550000,1.34312,1.34286,1820000,1200000
2023-02-15 13:30:20.602000,1.34308,1.34283,1700000,1200000
2023-02-15 13:30:20.703000,1.34311,1.34283,2500000,1200000
2023-02-15 13:30:20.805000,1.34313,1.34288,1700000,1200000
2023-02-15 13:30:20.907000,1.34304,1.34285,1700000,1200000
2023-02-15 13:30:21.008000,1.34303,1.34281,1320000,1200000
2023-02-15 13:30:21.060000,1.34306,1.34281,1600000,1820000
2023-02-15 13:30:21.161000,1.34306,1.34286,1600000,1200000
2023-02-15 13:30:21.263000,1.34311,1.34287,1300000,1200000
2023-02-15 13:30:21.365000,1.34311,1.34288,1100000,1200000
2023-02-15 13:30:21.416000,1.34312,1.34294,1600000,1200000
2023-02-15 13:30:21.518000,1.34322,1.34297,1600000,1440000
2023-02-15 13:30:21.569000,1.34325,1.34297,2950000,1350000
2023-02-15 13:30:21.620000,1.34312,1.34292,1720000,1200000
2023-02-15 13:30:21.671000,1.34311,1.34286,2200000,1800000
2023-02-15 13:30:21.722000,1.3431,1.34283,1700000,1320000
2023-02-15 13:30:21.773000,1.34309,1.34283,2100000,1200000
2023-02-15 13:30:21.825000,1.34311,1.34285,1700000,1200000
2023-02-15 13:30:21.876000,1.34311,1.34286,1600000,1720000
2023-02-15 13:30:21.977000,1.34315,1.34289,2200000,1200000
2023-02-15 13:30:22.180000,1.34311,1.34288,1720000,1720000
2023-02-15 13:30:22.282000,1.34315,1.34293,2920000,1600000
2023-02-15 13:30:22.333000,1.34316,1.34294,1700000,1200000
2023-02-15 13:30:22.384000,1.34311,1.34289,1200000,1200000
2023-02-15 13:30:22.506000,1.34312,1.3429,1240000,1200000
2023-02-15 13:30:22.557000,1.3431,1.34287,1700000,1600000
2023-02-15 13:30:22.760000,1.34308,1.34285,1600000,2470000
2023-02-15 13:30:22.963000,1.3431,1.34287,1600000,1700000
2023-02-15 13:30:23.216000,1.34313,1.34285,1600000,3320000
2023-02-15 13:30:23.520000,1.34317,1.34291,1700000,1200000
2023-02-15 13:30:23.622000,1.34315,1.34291,2580000,1200000
2023-02-15 13:30:23.723000,1.34314,1.34286,1700000,1700000
2023-02-15 13:30:24.179000,1.34315,1.34287,1700000,1700000
2023-02-15 13:30:24.533000,1.34317,1.34291,3330000,1200000
2023-02-15 13:30:25.191000,1.34317,1.34293,2580000,1200000
2023-02-15 13:30:25.293000,1.34317,1.34292,3330000,1200000
2023-02-15 13:30:25.394000,1.34308,1.3429,1100000,1200000
2023-02-15 13:30:25.546000,1.34313,1.34287,3700000,1600000
2023-02-15 13:30:25.648000,1.34314,1.34291,1600000,1200000
2023-02-15 13:30:25.699000,1.34316,1.34291,1700000,1200000
2023-02-15 13:30:26.054000,1.34312,1.3429,1800000,1200000
2023-02-15 13:30:26.105000,1.34309,1.3429,1720000,1200000
2023-02-15 13:30:26.156000,1.34309,1.34288,1720000,1350000
2023-02-15 13:30:26.308000,1.3431,1.34288,1600000,1600000
2023-02-15 13:30:26.359000,1.34313,1.34292,2100000,1200000
2023-02-15 13:30:26.410000,1.34314,1.34291,1600000,1200000
2023-02-15 13:30:26.512000,1.34316,1.3429,1700000,1200000
2023-02-15 13:30:26.613000,1.34315,1.3429,1700000,1200000
2023-02-15 13:30:26.715000,1.34315,1.34289,1700000,1350000
2023-02-15 13:30:26.816000,1.34315,1.3429,1600000,1320000
2023-02-15 13:30:26.918000,1.34315,1.34292,1700000,1200000
2023-02-15 13:30:27.070000,1.34312,1.34291,3320000,1200000
2023-02-15 13:30:27.121000,1.34304,1.34286,1120000,1200000
2023-02-15 13:30:27.172000,1.34291,1.34282,1350000,4050000
2023-02-15 13:30:27.223000,1.3429,1.34274,1600000,1200000
2023-02-15 13:30:27.427000,1.3429,1.34268,1700000,1200000
2023-02-15 13:30:27.529000,1.34285,1.34266,1800000,1200000
2023-02-15 13:30:27.631000,1.34288,1.34262,1120000,1200000
2023-02-15 13:30:27.732000,1.34288,1.34264,1120000,1200000
2023-02-15 13:30:27.834000,1.3429,1.34269,3120000,1200000
2023-02-15 13:30:27.935000,1.34291,1.34265,1120000,1200000
2023-02-15 13:30:28.037000,1.34291,1.34265,1250000,1200000
2023-02-15 13:30:28.088000,1.34292,1.34268,1700000,1200000
2023-02-15 13:30:28.190000,1.34293,1.34272,1200000,1200000
2023-02-15 13:30:28.291000,1.34295,1.34272,1200000,1200000
2023-02-15 13:30:28.342000,1.34299,1.34272,2500000,1200000
2023-02-15 13:30:28.393000,1.34299,1.34274,1720000,1200000
2023-02-15 13:30:28.495000,1.34299,1.34275,1720000,1200000
2023-02-15 13:30:28.850000,1.34297,1.34272,1100000,1200000
2023-02-15 13:30:30.578000,1.34297,1.34274,1600000,1200000
2023-02-15 13:30:30.939000,1.34296,1.3428,1200000,2200000
2023-02-15 13:30:31.041000,1.34312,1.34288,2920000,1200000
2023-02-15 13:30:31.142000,1.34309,1.34289,1620000,1200000
2023-02-15 13:30:31.244000,1.34306,1.34282,1240000,1200000
2023-02-15 13:30:31.346000,1.34306,1.34281,2740000,1800000
2023-02-15 13:30:31.447000,1.343,1.3428,1840000,1200000
2023-02-15 13:30:31.701000,1.34301,1.3428,2700000,1700000
2023-02-15 13:30:31.802000,1.34303,1.34281,1200000,1200000
2023-02-15 13:30:31.904000,1.34302,1.3428,1200000,1800000
2023-02-15 13:30:32.006000,1.34305,1.3428,2000000,1200000
2023-02-15 13:30:32.107000,1.34306,1.34281,3350000,1200000
2023-02-15 13:30:32.259000,1.34305,1.34281,1620000,1350000
2023-02-15 13:30:32.361000,1.34306,1.34279,1200000,1720000
2023-02-15 13:30:32.463000,1.34306,1.34282,1200000,1200000
2023-02-15 13:30:32.666000,1.34304,1.34282,1200000,1200000
2023-02-15 13:30:32.767000,1.34305,1.34282,1200000,1200000
2023-02-15 13:30:32.970000,1.34307,1.34282,1440000,1200000
2023-02-15 13:30:33.173000,1.34308,1.34283,1720000,1200000
2023-02-15 13:30:33.296000,1.34306,1.34284,1700000,1200000
2023-02-15 13:30:33.347000,1.34308,1.34285,1200000,1800000
2023-02-15 13:30:33.398000,1.34307,1.34288,1320000,1200000
2023-02-15 13:30:33.499000,1.34305,1.34283,1700000,1600000
2023-02-15 13:30:33.550000,1.34304,1.34283,1200000,1200000
2023-02-15 13:30:33.652000,1.34305,1.34282,1700000,1200000
2023-02-15 13:30:33.805000,1.34303,1.34282,4370000,1200000
2023-02-15 13:30:33.856000,1.34301,1.3428,1600000,1800000
2023-02-15 13:30:34.059000,1.34303,1.34281,2200000,1200000
2023-02-15 13:30:34.161000,1.34302,1.34281,2600000,1200000
2023-02-15 13:30:34.263000,1.34301,1.3428,1220000,1200000
2023-02-15 13:30:34.415000,1.34301,1.3428,1440000,1200000
2023-02-15 13:30:34.516000,1.343,1.34281,1240000,1200000
2023-02-15 13:30:34.618000,1.34301,1.34282,2170000,1200000
2023-02-15 13:30:34.720000,1.34307,1.34286,1620000,1200000
2023-02-15 13:30:34.821000,1.34306,1.34283,1620000,1200000
2023-02-15 13:30:34.923000,1.34306,1.34282,1620000,1200000
2023-02-15 13:30:35.024000,1.34303,1.34282,2000000,1200000
2023-02-15 13:30:35.126000,1.34297,1.34282,1200000,1200000
2023-02-15 13:30:35.177000,1.34302,1.34282,1320000,1200000
2023-02-15 13:30:35.228000,1.34302,1.34282,1700000,1200000
2023-02-15 13:30:35.330000,1.34302,1.34281,1700000,1200000
2023-02-15 13:30:35.482000,1.34293,1.3428,1200000,1200000
2023-02-15 13:30:35.584000,1.34293,1.34273,2570000,1200000
2023-02-15 13:30:35.685000,1.34291,1.34273,2370000,1200000
2023-02-15 13:30:35.787000,1.34291,1.34272,2370000,1200000
2023-02-15 13:30:36.048000,1.34291,1.3427,2740000,1200000
2023-02-15 13:30:36.251000,1.34291,1.3427,1990000,1200000
2023-02-15 13:30:36.352000,1.34287,1.34267,1840000,1800000
2023-02-15 13:30:36.454000,1.34288,1.34264,3340000,1350000
2023-02-15 13:30:36.656000,1.34286,1.34264,1200000,1350000
2023-02-15 13:30:37.077000,1.34285,1.34264,1890000,1200000
2023-02-15 13:30:37.128000,1.34282,1.34263,1350000,1200000
2023-02-15 13:30:37.230000,1.34283,1.34263,1200000,1200000
2023-02-15 13:30:37.331000,1.34283,1.34263,1600000,1200000
2023-02-15 13:30:37.483000,1.34283,1.34263,1350000,1200000
2023-02-15 13:30:38.353000,1.34283,1.34264,1350000,1200000
2023-02-15 13:30:38.781000,1.34283,1.34263,1200000,1200000
2023-02-15 13:30:38.883000,1.34283,1.34266,1200000,1200000
2023-02-15 13:30:38.934000,1.34286,1.34266,2170000,1200000
2023-02-15 13:30:39.137000,1.34284,1.34266,4050000,1200000
2023-02-15 13:30:39.542000,1.34285,1.34267,2470000,1200000
2023-02-15 13:30:39.593000,1.34276,1.34263,1350000,1200000
2023-02-15 13:30:39.644000,1.34282,1.34263,1720000,1200000
2023-02-15 13:30:39.695000,1.34276,1.3426,1200000,1600000
2023-02-15 13:30:39.797000,1.34277,1.34258,1200000,1200000
2023-02-15 13:30:39.899000,1.34276,1.34256,1350000,1200000
2023-02-15 13:30:40.253000,1.34273,1.34256,1200000,1200000
2023-02-15 13:30:40.906000,1.34276,1.34256,1600000,1200000
2023-02-15 13:30:41.210000,1.34277,1.34256,1350000,1200000
2023-02-15 13:30:41.261000,1.34281,1.34258,2250000,2470000
2023-02-15 13:30:41.362000,1.3428,1.34262,1350000,1350000
2023-02-15 13:30:41.464000,1.34283,1.34267,1350000,1720000
2023-02-15 13:30:41.566000,1.34283,1.34273,1350000,2250000
2023-02-15 13:30:41.617000,1.34291,1.34271,1720000,3600000
2023-02-15 13:30:41.668000,1.34292,1.34278,2700000,1200000
2023-02-15 13:30:41.719000,1.3429,1.34274,1200000,1200000
2023-02-15 13:30:41.770000,1.3429,1.34274,1720000,1200000
2023-02-15 13:30:41.821000,1.34289,1.34273,1720000,1200000
2023-02-15 13:30:41.923000,1.34289,1.34271,1810000,1200000
2023-02-15 13:30:42.126000,1.34287,1.3427,1120000,1200000
2023-02-15 13:30:42.227000,1.34285,1.34266,2440000,1200000
2023-02-15 13:30:42.380000,1.34285,1.34266,2860000,1200000
2023-02-15 13:30:42.481000,1.34284,1.34267,2860000,1200000
2023-02-15 13:30:42.633000,1.34282,1.34265,1350000,1200000
2023-02-15 13:30:42.735000,1.34282,1.34262,1200000,1200000
2023-02-15 13:30:42.836000,1.34279,1.34261,1200000,1200000
2023-02-15 13:30:43.261000,1.3428,1.34261,1200000,1200000
2023-02-15 13:30:43.312000,1.34281,1.34261,1200000,1200000
2023-02-15 13:30:43.414000,1.34282,1.34262,2250000,1200000
2023-02-15 13:30:43.617000,1.34281,1.34265,2250000,1200000
2023-02-15 13:30:44.642000,1.34282,1.34265,1200000,1200000
2023-02-15 13:30:44.744000,1.34283,1.34266,1200000,1200000
2023-02-15 13:30:44.846000,1.34285,1.34268,1600000,1100000
2023-02-15 13:30:44.947000,1.34285,1.34271,1100000,1200000
2023-02-15 13:30:45.049000,1.34284,1.34271,1200000,1200000
2023-02-15 13:30:45.100000,1.34283,1.34267,1200000,1200000
2023-02-15 13:30:45.252000,1.34283,1.34264,2700000,1200000
2023-02-15 13:30:46.279000,1.34281,1.34264,1100000,1200000
2023-02-15 13:30:46.381000,1.3427,1.34251,1200000,1200000
2023-02-15 13:30:46.483000,1.34267,1.34247,2250000,1350000
2023-02-15 13:30:46.585000,1.34261,1.34241,1200000,1600000
2023-02-15 13:30:46.686000,1.34259,1.34239,2930000,1600000
2023-02-15 13:30:46.737000,1.34258,1.3424,2350000,1200000
2023-02-15 13:30:46.788000,1.34259,1.34237,2270000,1800000
2023-02-15 13:30:46.991000,1.34258,1.34236,1830000,1200000
2023-02-15 13:30:47.093000,1.34258,1.34237,2790000,1200000
2023-02-15 13:30:47.195000,1.34255,1.34239,1200000,1200000
2023-02-15 13:30:47.246000,1.34261,1.34238,2100000,1200000
2023-02-15 13:30:47.449000,1.34261,1.34239,1600000,1200000
2023-02-15 13:30:47.803000,1.34261,1.34239,1200000,1620000
2023-02-15 13:30:47.905000,1.34265,1.34244,1600000,1200000
2023-02-15 13:30:48.360000,1.34265,1.34244,1600000,1350000
2023-02-15 13:30:48.462000,1.34272,1.34253,1600000,1200000
2023-02-15 13:30:48.665000,1.34273,1.34251,2920000,1200000
2023-02-15 13:30:48.766000,1.34269,1.34248,1870000,1600000
2023-02-15 13:30:48.868000,1.34266,1.34248,2550000,1200000
2023-02-15 13:30:49.020000,1.34267,1.34245,2270000,1200000
2023-02-15 13:30:49.174000,1.34264,1.34245,1800000,1200000
2023-02-15 13:30:49.275000,1.34261,1.34244,1200000,1200000
2023-02-15 13:30:49.327000,1.3426,1.3424,2900000,1350000
2023-02-15 13:30:49.428000,1.34261,1.34243,1600000,1200000
2023-02-15 13:30:49.530000,1.34261,1.3424,1200000,1200000
2023-02-15 13:30:49.682000,1.34259,1.34241,1100000,1200000
2023-02-15 13:30:49.784000,1.3426,1.34239,1330000,1200000
2023-02-15 13:30:49.885000,1.34258,1.34238,2250000,1200000
2023-02-15 13:30:49.936000,1.34257,1.34239,1720000,1200000
2023-02-15 13:30:50.139000,1.34258,1.34238,2700000,1200000
2023-02-15 13:30:50.291000,1.34258,1.34237,2700000,1200000
2023-02-15 13:30:50.342000,1.34258,1.34237,3400000,1200000
2023-02-15 13:30:50.444000,1.34256,1.34238,1830000,1200000
2023-02-15 13:30:50.545000,1.34254,1.34237,1830000,1200000
2023-02-15 13:30:51.448000,1.34255,1.34237,3710000,1200000
2023-02-15 13:30:51.704000,1.34254,1.34237,2270000,1200000
2023-02-15 13:30:52.058000,1.34256,1.34236,3250000,1200000
2023-02-15 13:30:52.311000,1.34252,1.34236,1350000,1200000
2023-02-15 13:30:52.413000,1.34251,1.3423,3620000,1200000
2023-02-15 13:30:52.514000,1.34252,1.34231,1600000,1200000
2023-02-15 13:30:52.616000,1.34252,1.3423,1600000,1200000
2023-02-15 13:30:52.717000,1.3425,1.34231,1100000,1200000
2023-02-15 13:30:52.768000,1.34251,1.34231,2120000,1200000
2023-02-15 13:30:52.870000,1.34248,1.3423,1350000,1200000
2023-02-15 13:30:52.972000,1.34245,1.3423,2500000,1200000
2023-02-15 13:30:53.023000,1.34246,1.34225,3520000,1200000
2023-02-15 13:30:53.125000,1.34244,1.34221,1600000,1320000
2023-02-15 13:30:53.378000,1.34244,1.34224,1350000,1320000
2023-02-15 13:30:53.480000,1.34248,1.34228,1600000,1200000
2023-02-15 13:30:53.581000,1.34248,1.34228,1350000,1200000
2023-02-15 13:30:53.683000,1.34247,1.3423,1350000,1200000
2023-02-15 13:30:53.784000,1.34251,1.3423,1600000,1200000
2023-02-15 13:30:53.937000,1.34251,1.34229,2100000,1200000
2023-02-15 13:30:53.988000,1.34246,1.3423,1200000,1200000
2023-02-15 13:30:54.090000,1.34252,1.34233,1600000,1200000
2023-02-15 13:30:54.141000,1.34252,1.34231,1600000,1200000
2023-02-15 13:30:54.799000,1.34251,1.34234,1600000,1200000
2023-02-15 13:30:55.103000,1.34254,1.34234,1200000,1240000
2023-02-15 13:30:55.205000,1.34254,1.34239,1200000,1200000
2023-02-15 13:30:55.306000,1.34251,1.34238,1350000,1200000
2023-02-15 13:30:55.408000,1.34252,1.34231,1600000,1200000
2023-02-15 13:30:55.510000,1.34252,1.34231,1600000,1200000
2023-02-15 13:30:55.774000,1.34252,1.34231,1350000,1200000
2023-02-15 13:30:56.382000,1.34251,1.34231,1200000,1200000
2023-02-15 13:30:56.756000,1.34251,1.34232,1200000,1200000
2023-02-15 13:30:57.062000,1.3425,1.34233,1200000,1120000
2023-02-15 13:30:57.113000,1.34255,1.34237,1600000,1200000
2023-02-15 13:30:57.164000,1.34256,1.34236,1600000,1200000
2023-02-15 13:30:57.265000,1.34256,1.34236,1600000,1200000
2023-02-15 13:30:57.316000,1.34258,1.34238,1200000,1320000
2023-02-15 13:30:57.418000,1.3426,1.34238,1350000,1200000
2023-02-15 13:30:57.672000,1.34257,1.34239,1600000,1200000
2023-02-15 13:30:57.824000,1.34257,1.34238,2850000,1200000
2023-02-15 13:30:58.077000,1.34256,1.34241,1800000,2550000
2023-02-15 13:30:58.128000,1.34257,1.3424,1200000,1800000
2023-02-15 13:30:58.230000,1.34258,1.34239,3600000,1200000
2023-02-15 13:30:58.281000,1.34256,1.34239,1600000,1200000
2023-02-15 13:30:58.822000,1.34256,1.34237,1600000,1200000
2023-02-15 13:30:58.932000,1.34256,1.34238,1600000,1200000
2023-02-15 13:30:59.337000,1.34255,1.34237,1350000,1200000
2023-02-15 13:30:59.438000,1.34255,1.34238,2250000,1200000
2023-02-15 13:30:59.540000,1.34255,1.34243,1200000,1200000
2023-02-15 13:30:59.642000,1.34259,1.34248,1200000,1200000
2023-02-15 13:30:59.693000,1.34263,1.34247,1200000,1200000
2023-02-15 13:30:59.744000,1.34266,1.34249,1600000,1200000
2023-02-15 13:30:59.795000,1.34268,1.34249,1200000,1200000
2023-02-15 13:30:59.846000,1.34268,1.34252,1200000,1200000
2023-02-15 13:30:59.897000,1.3427,1.34253,1350000,1200000
2023-02-15 13:30:59.998000,1.34271,1.34254,1350000,1200000
2023-02-15 13:31:00.201000,1.3427,1.34257,1200000,1200000
2023-02-15 13:31:00.252000,1.34274,1.34256,2340000,1200000
2023-02-15 13:31:00.404000,1.34273,1.34259,1350000,1200000
2023-02-15 13:31:00.506000,1.34277,1.34259,1600000,1200000
2023-02-15 13:31:00.557000,1.34277,1.34256,1720000,1200000
2023-02-15 13:31:00.658000,1.34274,1.34257,1600000,1200000
2023-02-15 13:31:00.861000,1.34275,1.34259,1720000,1200000
2023-02-15 13:31:01.064000,1.34274,1.34257,1720000,1200000
2023-02-15 13:31:01.115000,1.34274,1.34256,1720000,1200000
2023-02-15 13:31:01.368000,1.34272,1.34255,1100000,1200000
2023-02-15 13:31:01.470000,1.34271,1.34251,1200000,1200000
2023-02-15 13:31:01.571000,1.34271,1.34257,1720000,1200000
2023-02-15 13:31:01.673000,1.34272,1.34254,1350000,1200000
2023-02-15 13:31:01.954000,1.34271,1.34257,4050000,1200000
2023-02-15 13:31:02.207000,1.34272,1.34255,1800000,1200000
2023-02-15 13:31:02.410000,1.34267,1.34253,1100000,1200000
2023-02-15 13:31:02.512000,1.34265,1.34248,1800000,1200000
2023-02-15 13:31:02.613000,1.34265,1.34247,3600000,1200000
2023-02-15 13:31:02.715000,1.34269,1.34251,1600000,1200000
2023-02-15 13:31:02.766000,1.34269,1.34251,1600000,1200000
2023-02-15 13:31:02.918000,1.34269,1.34252,2480000,1200000
2023-02-15 13:31:03.020000,1.34269,1.34251,1600000,1200000
2023-02-15 13:31:03.172000,1.34269,1.34249,1600000,1200000
2023-02-15 13:31:03.223000,1.34269,1.34249,1600000,1200000
2023-02-15 13:31:03.325000,1.34268,1.34252,1800000,1200000
2023-02-15 13:31:03.426000,1.34269,1.34251,2100000,1200000
2023-02-15 13:31:03.528000,1.34269,1.34249,2100000,1200000
2023-02-15 13:31:03.629000,1.34267,1.34249,1600000,1200000
2023-02-15 13:31:03.731000,1.34266,1.34247,1600000,1200000
2023-02-15 13:31:03.833000,1.34264,1.34249,2480000,1200000
2023-02-15 13:31:03.934000,1.34264,1.34247,1200000,1200000
2023-02-15 13:31:04.036000,1.34266,1.34248,2100000,1200000
2023-02-15 13:31:04.137000,1.34263,1.34245,1600000,1200000
2023-02-15 13:31:04.239000,1.34264,1.34247,1720000,1200000
2023-02-15 13:31:04.442000,1.34264,1.34247,1800000,1200000
2023-02-15 13:31:04.543000,1.34264,1.34246,1800000,1200000
2023-02-15 13:31:04.645000,1.34268,1.34252,2250000,1200000
2023-02-15 13:31:04.957000,1.34267,1.34251,1600000,1200000
2023-02-15 13:31:05.058000,1.34268,1.34251,1600000,1200000
2023-02-15 13:31:05.160000,1.34267,1.34251,1600000,1200000
2023-02-15 13:31:05.666000,1.34267,1.34249,1800000,1200000
2023-02-15 13:31:05.768000,1.34267,1.34248,1350000,1200000
2023-02-15 13:31:05.819000,1.34268,1.34248,1720000,1200000
2023-02-15 13:31:05.920000,1.34269,1.34251,2100000,1200000
2023-02-15 13:31:05.971000,1.34269,1.34248,2100000,1200000
2023-02-15 13:31:06.073000,1.34268,1.3425,1600000,1200000
2023-02-15 13:31:06.175000,1.34269,1.3425,1600000,1200000
2023-02-15 13:31:06.327000,1.34268,1.34249,1600000,1200000
2023-02-15 13:31:06.378000,1.34264,1.3425,1600000,1200000
2023-02-15 13:31:06.429000,1.34263,1.34242,1600000,2100000
2023-02-15 13:31:06.530000,1.34263,1.3424,1600000,1600000
2023-02-15 13:31:06.581000,1.34258,1.34241,1350000,1200000
2023-02-15 13:31:06.784000,1.34259,1.34241,1350000,1200000
2023-02-15 13:31:06.988000,1.34259,1.3424,1350000,1200000
2023-02-15 13:31:07.039000,1.34258,1.3424,3670000,1200000
2023-02-15 13:31:07.090000,1.34253,1.34239,2070000,1200000
2023-02-15 13:31:07.141000,1.34251,1.34239,1200000,1200000
2023-02-15 13:31:07.192000,1.34252,1.34234,1200000,1200000
2023-02-15 13:31:07.394000,1.34252,1.34236,1350000,1200000
2023-02-15 13:31:07.496000,1.34257,1.34237,1870000,1200000
2023-02-15 13:31:07.781000,1.34257,1.34238,1870000,1200000
2023-02-15 13:31:07.832000,1.34256,1.34239,2320000,1200000
2023-02-15 13:31:07.984000,1.34259,1.34237,2470000,1200000
2023-02-15 13:31:08.035000,1.3426,1.34237,2100000,1200000
2023-02-15 13:31:08.086000,1.34259,1.34241,2470000,1200000
2023-02-15 13:31:08.288000,1.3426,1.3424,1350000,1200000
2023-02-15 13:31:08.390000,1.34259,1.3424,2700000,1200000
2023-02-15 13:31:08.873000,1.34257,1.3424,2120000,1200000
2023-02-15 13:31:08.975000,1.34254,1.34235,3070000,1200000
2023-02-15 13:31:09.076000,1.34255,1.34237,1600000,1200000
2023-02-15 13:31:09.229000,1.34255,1.34237,3450000,1200000
2023-02-15 13:31:09.280000,1.34251,1.34234,1200000,1200000
2023-02-15 13:31:09.943000,1.34251,1.34232,1200000,1200000
2023-02-15 13:31:10.210000,1.34251,1.34235,1200000,1200000
2023-02-15 13:31:10.312000,1.34254,1.34234,1600000,1200000
2023-02-15 13:31:10.515000,1.34253,1.34233,3230000,1200000
2023-02-15 13:31:10.718000,1.34251,1.34233,1200000,1200000
2023-02-15 13:31:10.819000,1.34251,1.34232,1350000,1200000
2023-02-15 13:31:10.922000,1.34245,1.34229,1620000,1200000
2023-02-15 13:31:11.023000,1.34242,1.34228,1200000,1200000
2023-02-15 13:31:11.125000,1.34241,1.34223,1240000,1200000
2023-02-15 13:31:11.227000,1.34237,1.34221,1100000,1800000
2023-02-15 13:31:11.473000,1.34237,1.34221,1350000,1200000
2023-02-15 13:31:11.575000,1.34238,1.34224,1200000,1200000
2023-02-15 13:31:11.626000,1.34246,1.34228,4050000,1200000
2023-02-15 13:31:11.728000,1.34245,1.34229,1600000,1200000
2023-02-15 13:31:11.829000,1.34245,1.34229,1350000,1200000
2023-02-15 13:31:12.138000,1.34245,1.34235,1200000,1200000
2023-02-15 13:31:12.240000,1.34253,1.34234,1600000,1200000
2023-02-15 13:31:12.342000,1.34254,1.34237,2100000,1200000
2023-02-15 13:31:12.494000,1.34254,1.34237,1200000,1200000
2023-02-15 13:31:12.941000,1.34255,1.34238,1350000,1200000
2023-02-15 13:31:13.043000,1.34256,1.3424,1350000,1200000
2023-02-15 13:31:13.942000,1.34256,1.34241,1600000,1200000
2023-02-15 13:31:14.044000,1.34258,1.34237,1600000,1200000
2023-02-15 13:31:14.145000,1.34259,1.34237,1700000,1200000
2023-02-15 13:31:14.881000,1.34258,1.34236,2170000,1200000
2023-02-15 13:31:15.765000,1.34258,1.34236,3600000,1350000
2023-02-15 13:31:16.254000,1.3426,1.3424,1600000,3690000
2023-02-15 13:31:16.356000,1.3426,1.34245,2850000,1200000
2023-02-15 13:31:16.407000,1.3426,1.34245,3150000,1200000
2023-02-15 13:31:16.508000,1.34261,1.34243,4050000,1200000
2023-02-15 13:31:17.007000,1.34261,1.34245,2470000,1200000
2023-02-15 13:31:17.109000,1.34262,1.34244,2700000,1200000
2023-02-15 13:31:17.528000,1.34261,1.34244,2700000,1200000
2023-02-15 13:31:17.579000,1.34258,1.34244,1200000,1200000
2023-02-15 13:31:17.631000,1.34258,1.34239,1200000,1600000
2023-02-15 13:31:17.732000,1.34258,1.34239,1600000,1200000
2023-02-15 13:31:17.935000,1.34259,1.34238,1700000,1200000
2023-02-15 13:31:18.188000,1.34259,1.34238,1700000,1200000
2023-02-15 13:31:18.290000,1.34258,1.34238,3670000,1200000
2023-02-15 13:31:18.392000,1.34258,1.34237,3600000,1200000
2023-02-15 13:31:18.696000,1.34258,1.34239,3600000,1200000
2023-02-15 13:31:18.826000,1.34257,1.3424,3600000,1200000
2023-02-15 13:31:18.928000,1.34261,1.34241,3600000,1200000
2023-02-15 13:31:19.029000,1.34262,1.34244,2170000,1200000
2023-02-15 13:31:19.283000,1.3426,1.34245,4500000,1200000
2023-02-15 13:31:19.435000,1.34262,1.34246,1600000,1200000
2023-02-15 13:31:19.536000,1.34263,1.34247,1100000,1200000
2023-02-15 13:31:19.941000,1.34262,1.34246,3600000,1200000
2023-02-15 13:31:20.093000,1.34263,1.34248,1200000,1200000
2023-02-15 13:31:20.195000,1.34261,1.34245,1600000,1200000
2023-02-15 13:31:20.297000,1.3426,1.34242,1200000,1600000
2023-02-15 13:31:20.399000,1.3426,1.34242,1200000,1200000
2023-02-15 13:31:20.450000,1.34257,1.34244,1320000,1200000
2023-02-15 13:31:20.551000,1.34258,1.34237,2920000,2100000
2023-02-15 13:31:20.704000,1.34255,1.34235,1800000,1700000
2023-02-15 13:31:20.856000,1.34254,1.34236,2250000,1440000
2023-02-15 13:31:21.008000,1.34253,1.34235,1350000,2700000
2023-02-15 13:31:21.160000,1.34252,1.34235,1120000,1350000
2023-02-15 13:31:21.262000,1.34246,1.34228,1440000,1600000
2023-02-15 13:31:21.313000,1.34246,1.34228,5490000,1200000
2023-02-15 13:31:21.617000,1.34243,1.34228,1240000,1200000
2023-02-15 13:31:21.668000,1.34244,1.34223,1620000,1200000
2023-02-15 13:31:21.820000,1.34244,1.34223,1700000,1200000
2023-02-15 13:31:21.922000,1.34241,1.34222,3150000,1200000
2023-02-15 13:31:22.024000,1.34239,1.34222,1620000,1200000
2023-02-15 13:31:22.125000,1.3424,1.3422,3700000,1200000
2023-02-15 13:31:22.227000,1.34238,1.3422,3300000,1200000
2023-02-15 13:31:22.329000,1.34237,1.34219,1320000,1200000
2023-02-15 13:31:22.586000,1.34236,1.34216,3690000,1800000
2023-02-15 13:31:22.688000,1.34234,1.34217,1600000,1200000
2023-02-15 13:31:22.789000,1.34235,1.34215,1600000,1200000
2023-02-15 13:31:22.891000,1.34235,1.34213,1820000,1200000
2023-02-15 13:31:22.993000,1.34234,1.34212,2120000,1200000
2023-02-15 13:31:23.094000,1.34233,1.3421,2200000,1800000
2023-02-15 13:31:23.196000,1.34233,1.34213,1440000,1200000
2023-02-15 13:31:23.399000,1.34233,1.34214,1350000,1200000
2023-02-15 13:31:23.501000,1.34234,1.34218,1200000,1200000
2023-02-15 13:31:23.754000,1.34236,1.34218,1800000,1200000
2023-02-15 13:31:24.058000,1.34238,1.34219,1600000,1200000
2023-02-15 13:31:24.314000,1.34241,1.34219,1700000,1200000
2023-02-15 13:31:24.365000,1.34241,1.34221,1600000,1200000
2023-02-15 13:31:24.467000,1.3424,1.34221,1600000,1200000
2023-02-15 13:31:24.669000,1.34241,1.34222,1200000,1200000
2023-02-15 13:31:24.771000,1.34243,1.34224,1600000,1320000
2023-02-15 13:31:24.873000,1.34251,1.34232,1700000,1200000
2023-02-15 13:31:24.924000,1.34251,1.34233,1320000,1200000
2023-02-15 13:31:25.076000,1.34253,1.34234,1700000,1200000
2023-02-15 13:31:25.127000,1.34254,1.34234,1200000,1240000
2023-02-15 13:31:25.178000,1.34259,1.34237,2170000,1200000
2023-02-15 13:31:25.330000,1.34255,1.34238,1320000,1200000
2023-02-15 13:31:25.381000,1.34254,1.34238,1120000,1200000
2023-02-15 13:31:25.432000,1.34255,1.34237,2160000,1200000
2023-02-15 13:31:25.534000,1.34256,1.34236,3570000,1200000
2023-02-15 13:31:25.825000,1.34256,1.34236,3960000,1200000
2023-02-15 13:31:25.977000,1.34255,1.34236,1440000,1200000
2023-02-15 13:31:26.028000,1.34254,1.34234,1840000,1200000
2023-02-15 13:31:26.130000,1.34246,1.34231,1200000,1200000
2023-02-15 13:31:26.181000,1.3425,1.34232,1840000,1200000
2023-02-15 13:31:26.232000,1.34251,1.34229,1700000,1200000
2023-02-15 13:31:27.925000,1.34238,1.34229,1350000,1200000
2023-02-15 13:31:27.977000,1.34237,1.34223,1440000,1800000
2023-02-15 13:31:28.028000,1.34237,1.34223,2100000,1800000
2023-02-15 13:31:28.079000,1.34232,1.34212,1200000,1320000
2023-02-15 13:31:28.180000,1.34234,1.34213,1350000,1200000
2023-02-15 13:31:28.282000,1.34234,1.34213,1600000,1200000
2023-02-15 13:31:28.383000,1.34233,1.34213,1600000,1320000
2023-02-15 13:31:29.243000,1.34234,1.34216,2250000,1120000
2023-02-15 13:31:29.345000,1.34239,1.34224,1600000,1820000
2023-02-15 13:31:29.447000,1.34247,1.34231,1200000,1200000
2023-02-15 13:31:29.498000,1.3425,1.34231,2850000,1200000
2023-02-15 13:31:29.599000,1.34252,1.34236,1600000,1720000
2023-02-15 13:31:29.650000,1.34256,1.34239,1200000,1320000
2023-02-15 13:31:29.701000,1.34261,1.34238,2700000,1980000
2023-02-15 13:31:29.803000,1.34263,1.34241,3220000,1200000
2023-02-15 13:31:29.905000,1.34267,1.34246,1200000,1200000
2023-02-15 13:31:30.108000,1.34267,1.34247,1200000,1120000
2023-02-15 13:31:30.159000,1.34269,1.34247,1200000,2340000
2023-02-15 13:31:30.210000,1.34271,1.34249,1800000,1200000
2023-02-15 13:31:30.313000,1.34271,1.34249,2850000,1200000
2023-02-15 13:31:30.465000,1.34269,1.34252,1200000,1200000
2023-02-15 13:31:30.567000,1.34272,1.34252,1100000,1200000
2023-02-15 13:31:30.618000,1.34273,1.34252,1600000,1320000
2023-02-15 13:31:30.669000,1.34274,1.34254,1720000,1200000
2023-02-15 13:31:30.821000,1.34273,1.34255,1200000,1200000
2023-02-15 13:31:31.125000,1.34274,1.34256,1600000,1200000
2023-02-15 13:31:31.227000,1.34263,1.34256,1200000,1200000
2023-02-15 13:31:31.278000,1.34258,1.34246,1800000,1600000
2023-02-15 13:31:31.329000,1.34258,1.34243,1800000,1200000
2023-02-15 13:31:31.380000,1.34257,1.34241,1200000,1200000
2023-02-15 13:31:31.482000,1.34256,1.34239,1200000,1200000
2023-02-15 13:31:31.583000,1.34255,1.34236,1200000,1200000
2023-02-15 13:31:31.685000,1.34255,1.34237,1350000,1200000
2023-02-15 13:31:31.837000,1.34256,1.34238,1200000,1200000
2023-02-15 13:31:31.938000,1.34257,1.34242,1350000,1200000
2023-02-15 13:31:32.040000,1.34259,1.34243,3600000,1350000
2023-02-15 13:31:32.142000,1.34255,1.3424,1200000,1200000
2023-02-15 13:31:32.243000,1.34257,1.34242,1200000,1200000
2023-02-15 13:31:32.345000,1.34261,1.34246,1600000,1120000
2023-02-15 13:31:32.446000,1.3427,1.34254,1600000,1200000
2023-02-15 13:31:32.498000,1.34272,1.34255,1200000,1320000
2023-02-15 13:31:32.599000,1.34276,1.34255,1600000,1320000
2023-02-15 13:31:32.701000,1.34276,1.34256,1600000,1200000
2023-02-15 13:31:32.839000,1.34277,1.34256,1600000,1200000
2023-02-15 13:31:32.940000,1.34277,1.34257,1600000,1200000
2023-02-15 13:31:33.398000,1.34277,1.34256,1600000,1200000
2023-02-15 13:31:33.601000,1.34274,1.34254,1600000,1120000
2023-02-15 13:31:33.703000,1.34274,1.34252,1800000,1320000
2023-02-15 13:31:33.754000,1.34262,1.34253,1800000,1200000
2023-02-15 13:31:33.805000,1.3426,1.3425,2250000,1350000
2023-02-15 13:31:33.907000,1.34258,1.34243,1200000,2020000
2023-02-15 13:31:33.958000,1.34257,1.34245,1200000,1620000
2023-02-15 13:31:34.009000,1.34269,1.34248,4350000,1200000
2023-02-15 13:31:34.161000,1.3427,1.34247,5850000,1200000
2023-02-15 13:31:34.263000,1.34269,1.34247,1350000,1200000
2023-02-15 13:31:34.466000,1.34269,1.34248,1350000,1200000
2023-02-15 13:31:34.690000,1.34269,1.34247,1800000,1200000
2023-02-15 13:31:34.792000,1.34268,1.34247,1200000,1200000
2023-02-15 13:31:34.995000,1.34266,1.34248,1200000,1200000
2023-02-15 13:31:35.096000,1.34268,1.34247,1200000,1200000
2023-02-15 13:31:35.147000,1.34262,1.34246,1600000,1200000
2023-02-15 13:31:35.249000,1.34255,1.34238,2700000,1200000
2023-02-15 13:31:35.522000,1.34254,1.34236,1200000,1200000
2023-02-15 13:31:36.556000,1.34255,1.34237,1200000,1200000
2023-02-15 13:31:36.911000,1.3425,1.34236,1980000,1200000
2023-02-15 13:31:37.013000,1.34249,1.34229,3120000,1200000
2023-02-15 13:31:37.114000,1.34248,1.34228,1120000,1200000
2023-02-15 13:31:37.612000,1.34241,1.34228,1200000,1200000
2023-02-15 13:31:37.663000,1.3424,1.34225,1200000,1200000
2023-02-15 13:31:37.714000,1.34244,1.34224,1440000,1200000
2023-02-15 13:31:37.815000,1.34244,1.34224,2550000,1200000
2023-02-15 13:31:37.917000,1.34244,1.34222,1440000,1120000
2023-02-15 13:31:38.018000,1.34242,1.34224,3240000,1320000
2023-02-15 13:31:38.334000,1.34244,1.34224,1440000,1320000
2023-02-15 13:31:38.436000,1.34243,1.34226,2730000,1200000
2023-02-15 13:31:38.537000,1.34242,1.34223,1260000,1200000
2023-02-15 13:31:38.689000,1.34243,1.34222,2100000,1200000
2023-02-15 13:31:38.892000,1.34243,1.34222,2850000,1120000
2023-02-15 13:31:38.993000,1.34244,1.34224,2700000,1600000
2023-02-15 13:31:39.095000,1.34243,1.34225,2700000,1200000
2023-02-15 13:31:39.196000,1.34243,1.34223,1200000,1200000
2023-02-15 13:31:39.298000,1.34242,1.34223,3150000,1200000
2023-02-15 13:31:39.500000,1.34242,1.34221,2250000,1200000
2023-02-15 13:31:39.602000,1.34237,1.34221,1200000,1200000
2023-02-15 13:31:39.916000,1.34238,1.34218,1200000,1200000
2023-02-15 13:31:40.372000,1.34236,1.34218,1350000,1200000
2023-02-15 13:31:40.575000,1.34236,1.34217,2250000,1200000
2023-02-15 13:31:40.676000,1.34235,1.34217,3150000,1200000
2023-02-15 13:31:41.635000,1.34236,1.34217,3150000,1200000
2023-02-15 13:31:42.532000,1.34236,1.34218,1200000,1200000
2023-02-15 13:31:42.785000,1.34235,1.34216,1350000,1320000
2023-02-15 13:31:42.836000,1.34228,1.34216,1200000,1200000
2023-02-15 13:31:42.887000,1.34228,1.34211,1200000,1200000
2023-02-15 13:31:42.938000,1.3423,1.34211,2880000,1200000
2023-02-15 13:31:42.989000,1.34227,1.34211,1200000,1200000
2023-02-15 13:31:43.333000,1.34228,1.34208,3870000,1320000
2023-02-15 13:31:43.434000,1.34227,1.34208,2700000,1200000
2023-02-15 13:31:43.536000,1.34226,1.34205,3150000,1200000
2023-02-15 13:31:43.840000,1.34224,1.34205,3600000,1320000
2023-02-15 13:31:43.942000,1.34226,1.34206,1200000,1200000
2023-02-15 13:31:44.094000,1.34225,1.34208,1200000,1120000
2023-02-15 13:31:44.145000,1.34227,1.34208,1200000,1240000
2023-02-15 13:31:44.197000,1.34228,1.34213,1200000,1200000
2023-02-15 13:31:44.248000,1.34231,1.34212,1200000,1200000
2023-02-15 13:31:44.349000,1.34231,1.34211,3150000,1200000
2023-02-15 13:31:44.451000,1.34231,1.34212,3150000,1200000
2023-02-15 13:31:44.921000,1.34229,1.3421,1200000,1200000
2023-02-15 13:31:45.023000,1.34229,1.34211,1200000,1200000
2023-02-15 13:31:45.124000,1.34232,1.34213,1200000,1200000
2023-02-15 13:31:45.226000,1.34232,1.34212,1800000,1200000
2023-02-15 13:31:46.103000,1.34229,1.34209,1200000,1240000
2023-02-15 13:31:46.305000,1.34227,1.3421,1200000,1990000
2023-02-15 13:31:47.075000,1.3423,1.34209,1200000,1990000
2023-02-15 13:31:47.176000,1.34231,1.34209,1800000,1990000
2023-02-15 13:31:47.278000,1.34228,1.34209,1200000,2340000
2023-02-15 13:31:47.380000,1.34229,1.34209,1200000,1440000
2023-02-15 13:31:47.633000,1.3423,1.34208,1800000,1990000
2023-02-15 13:31:47.998000,1.34228,1.34208,1200000,1990000
2023-02-15 13:31:48.099000,1.34225,1.34208,1200000,1200000
2023-02-15 13:31:48.201000,1.34224,1.34207,1200000,1440000
2023-02-15 13:31:48.353000,1.34224,1.34203,1800000,1120000
2023-02-15 13:31:48.657000,1.34222,1.34202,1200000,1620000
2023-02-15 13:31:48.708000,1.34222,1.34202,1200000,1800000
2023-02-15 13:31:48.810000,1.34223,1.34202,1200000,1320000
2023-02-15 13:31:49.013000,1.34221,1.342,1200000,1240000
2023-02-15 13:31:49.114000,1.34222,1.342,1200000,1240000
2023-02-15 13:31:49.418000,1.34222,1.342,1200000,1440000
2023-02-15 13:31:49.570000,1.34222,1.342,1800000,1240000
2023-02-15 13:31:50.111000,1.34221,1.342,1800000,1440000
2023-02-15 13:31:50.213000,1.3422,1.34202,1200000,1320000
2023-02-15 13:31:50.812000,1.34221,1.34202,1200000,1320000
2023-02-15 13:31:50.863000,1.34222,1.34203,3600000,1890000
2023-02-15 13:31:50.914000,1.34221,1.34202,1200000,1890000
2023-02-15 13:31:51.057000,1.3422,1.34201,1800000,1240000
2023-02-15 13:31:51.209000,1.3422,1.34201,1800000,1200000
2023-02-15 13:31:51.361000,1.34217,1.34202,1200000,1200000
2023-02-15 13:31:51.463000,1.34214,1.34199,1200000,1800000
2023-02-15 13:31:51.564000,1.34213,1.342,1200000,1200000
2023-02-15 13:31:52.517000,1.34213,1.34202,1200000,1200000
2023-02-15 13:31:53.080000,1.34212,1.342,1200000,1200000
2023-02-15 13:31:53.181000,1.34208,1.34196,1200000,2250000
2023-02-15 13:31:53.283000,1.34207,1.34195,1200000,1600000
2023-02-15 13:31:53.384000,1.34209,1.34194,1200000,1200000
2023-02-15 13:31:53.537000,1.34208,1.34194,1200000,1200000
2023-02-15 13:31:53.638000,1.34206,1.34193,1200000,1200000
2023-02-15 13:31:53.841000,1.34203,1.34191,1200000,1200000
2023-02-15 13:31:53.943000,1.34198,1.34185,1200000,1200000
2023-02-15 13:31:54.045000,1.34199,1.34186,1200000,1200000
2023-02-15 13:31:54.146000,1.34197,1.34186,1200000,1200000
2023-02-15 13:31:54.248000,1.342,1.34186,1200000,1200000
2023-02-15 13:31:54.349000,1.34202,1.34187,1200000,1200000
2023-02-15 13:31:54.502000,1.34201,1.34185,1800000,1800000
2023-02-15 13:31:54.553000,1.34197,1.34185,1350000,1200000
2023-02-15 13:31:54.604000,1.34191,1.34179,1200000,1200000
2023-02-15 13:31:54.705000,1.34194,1.34177,1200000,1320000
2023-02-15 13:31:54.858000,1.34191,1.34178,1200000,1200000
2023-02-15 13:31:54.959000,1.3419,1.34177,1200000,1200000
2023-02-15 13:31:55.061000,1.34192,1.34175,1200000,2340000
2023-02-15 13:31:55.378000,1.34193,1.34176,1200000,1200000
2023-02-15 13:31:55.480000,1.34191,1.34177,1200000,1200000
2023-02-15 13:31:55.581000,1.3419,1.34176,1200000,1890000
2023-02-15 13:31:55.784000,1.34187,1.34172,1200000,1200000
2023-02-15 13:31:55.886000,1.34187,1.34171,1200000,1200000
2023-02-15 13:31:55.988000,1.34188,1.34172,1200000,1200000
2023-02-15 13:31:56.190000,1.34188,1.34173,1200000,1120000
2023-02-15 13:31:56.292000,1.34189,1.34175,1200000,1320000
2023-02-15 13:31:56.545000,1.34191,1.34175,1200000,1320000
2023-02-15 13:31:56.596000,1.3419,1.34176,1200000,1120000
2023-02-15 13:31:56.698000,1.34192,1.34177,1200000,2870000
2023-02-15 13:31:56.799000,1.34191,1.34183,1200000,1200000
2023-02-15 13:31:56.850000,1.34195,1.34181,1200000,1200000
2023-02-15 13:31:56.952000,1.34194,1.3418,1200000,1440000
2023-02-15 13:31:57.155000,1.34193,1.34178,1200000,1350000
2023-02-15 13:31:57.307000,1.34193,1.34177,1200000,1320000
2023-02-15 13:31:57.510000,1.34183,1.34171,1350000,1600000
2023-02-15 13:31:57.561000,1.3418,1.34171,1200000,1200000
2023-02-15 13:31:57.612000,1.34177,1.34164,1200000,1800000
2023-02-15 13:31:57.714000,1.34172,1.34164,1200000,1200000
2023-02-15 13:31:57.967000,1.34172,1.34162,1200000,1200000
2023-02-15 13:31:58.474000,1.34173,1.34163,1200000,1200000
2023-02-15 13:31:58.828000,1.3417,1.34161,2250000,1200000
2023-02-15 13:31:58.879000,1.34172,1.34161,1200000,1200000
2023-02-15 13:31:58.930000,1.34166,1.34151,1200000,1600000
2023-02-15 13:31:58.981000,1.34166,1.34151,1200000,1200000
2023-02-15 13:31:59.032000,1.34166,1.34153,1200000,1350000
2023-02-15 13:31:59.134000,1.34165,1.34154,1200000,1200000
2023-02-15 13:31:59.235000,1.34166,1.34152,1200000,1600000
2023-02-15 13:31:59.337000,1.34159,1.34149,1200000,1200000
2023-02-15 13:31:59.438000,1.34159,1.34147,1200000,1200000
2023-02-15 13:31:59.540000,1.3416,1.34146,1200000,1200000
2023-02-15 13:31:59.641000,1.34159,1.34146,1200000,1200000
2023-02-15 13:31:59.894000,1.34161,1.34149,1200000,1200000
2023-02-15 13:31:59.996000,1.34159,1.34142,1800000,1350000
2023-02-15 13:32:00.098000,1.34153,1.34141,1200000,1350000
2023-02-15 13:32:00.149000,1.34153,1.34135,1200000,1120000
2023-02-15 13:32:00.534000,1.34153,1.34137,1200000,1320000
2023-02-15 13:32:00.635000,1.34153,1.34135,1200000,1620000
2023-02-15 13:32:00.737000,1.34154,1.34135,1200000,1840000
2023-02-15 13:32:00.788000,1.34153,1.34142,1200000,2120000
2023-02-15 13:32:00.839000,1.34161,1.34142,1600000,1690000
2023-02-15 13:32:00.890000,1.34161,1.34142,1200000,2440000
2023-02-15 13:32:00.941000,1.34165,1.3415,1600000,1620000
2023-02-15 13:32:01.043000,1.34168,1.34151,1600000,1900000
2023-02-15 13:32:01.094000,1.34168,1.34151,1200000,2000000
2023-02-15 13:32:01.465000,1.34169,1.34151,1200000,2670000
2023-02-15 13:32:01.566000,1.34169,1.34152,1200000,2670000
2023-02-15 13:32:01.668000,1.34173,1.3416,1200000,2950000
2023-02-15 13:32:01.770000,1.34181,1.34166,1600000,1320000
2023-02-15 13:32:01.821000,1.34182,1.34166,1200000,1120000
2023-02-15 13:32:01.872000,1.34184,1.34168,1200000,1620000
2023-02-15 13:32:01.974000,1.34191,1.34175,1350000,1320000
2023-02-15 13:32:02.076000,1.34191,1.34172,1350000,1120000
2023-02-15 13:32:02.127000,1.34191,1.34172,1350000,1690000
2023-02-15 13:32:02.228000,1.34191,1.34175,1200000,1690000
2023-02-15 13:32:02.279000,1.34194,1.34175,1200000,1120000
2023-02-15 13:32:02.381000,1.34195,1.34174,1200000,1320000
2023-02-15 13:32:02.482000,1.34194,1.34172,1200000,3570000
2023-02-15 13:32:02.584000,1.34194,1.34177,1200000,2290000
2023-02-15 13:32:02.686000,1.34196,1.34181,1200000,1240000
2023-02-15 13:32:02.787000,1.34198,1.3418,1200000,1240000
2023-02-15 13:32:02.889000,1.34198,1.34178,1200000,1720000
2023-02-15 13:32:02.990000,1.34198,1.3418,1200000,3040000
2023-02-15 13:32:03.398000,1.34197,1.34179,1200000,1540000
2023-02-15 13:32:03.500000,1.34196,1.34179,1200000,1120000
2023-02-15 13:32:04.006000,1.34196,1.34178,1200000,1820000
2023-02-15 13:32:04.057000,1.34197,1.34179,1200000,2190000
2023-02-15 13:32:04.209000,1.34197,1.34181,1200000,1220000
2023-02-15 13:32:04.311000,1.34199,1.34179,1200000,3320000
2023-02-15 13:32:04.463000,1.34198,1.34181,1200000,3490000
2023-02-15 13:32:04.564000,1.34202,1.34185,1200000,1120000
2023-02-15 13:32:04.666000,1.34203,1.34185,1200000,1320000
2023-02-15 13:32:04.717000,1.34201,1.34183,1200000,1240000
2023-02-15 13:32:04.818000,1.342,1.34182,1200000,1240000
2023-02-15 13:32:04.920000,1.342,1.34182,1200000,1120000
2023-02-15 13:32:05.021000,1.342,1.34183,1200000,1200000
2023-02-15 13:32:05.123000,1.34199,1.34182,1200000,2570000
2023-02-15 13:32:05.225000,1.34199,1.3418,1200000,2220000
2023-02-15 13:32:05.326000,1.34199,1.34182,1200000,1320000
2023-02-15 13:32:05.377000,1.34197,1.3418,1200000,1620000
2023-02-15 13:32:05.681000,1.34198,1.3418,1200000,1240000
2023-02-15 13:32:05.783000,1.34199,1.34181,1200000,1720000
2023-02-15 13:32:05.834000,1.34202,1.34187,1200000,1200000
2023-02-15 13:32:05.936000,1.34206,1.34191,1350000,1200000
2023-02-15 13:32:06.042000,1.34209,1.34195,1200000,1200000
2023-02-15 13:32:06.143000,1.34208,1.34195,1200000,1200000
2023-02-15 13:32:06.245000,1.34208,1.34193,1200000,1320000
2023-02-15 13:32:06.296000,1.34209,1.34195,1200000,1120000
2023-02-15 13:32:06.347000,1.34213,1.342,1200000,1200000
2023-02-15 13:32:06.448000,1.34218,1.34199,1200000,1120000
2023-02-15 13:32:06.550000,1.34217,1.342,1200000,1320000
2023-02-15 13:32:06.652000,1.34216,1.34199,1200000,1120000
2023-02-15 13:32:06.854000,1.34216,1.34199,1200000,1120000
2023-02-15 13:32:06.956000,1.34217,1.342,1200000,1120000
2023-02-15 13:32:07.108000,1.34218,1.342,1200000,1320000
2023-02-15 13:32:07.210000,1.34219,1.34201,1200000,1200000
2023-02-15 13:32:07.311000,1.34218,1.342,1200000,1320000
2023-02-15 13:32:07.427000,1.34218,1.342,1200000,1120000
2023-02-15 13:32:07.478000,1.34218,1.34201,1200000,1120000
2023-02-15 13:32:07.580000,1.34226,1.34208,1200000,1200000
2023-02-15 13:32:07.681000,1.34225,1.34207,1200000,1620000
2023-02-15 13:32:07.732000,1.34225,1.3421,1200000,1390000
2023-02-15 13:32:07.783000,1.34232,1.34213,1200000,1120000
2023-02-15 13:32:07.885000,1.34235,1.34218,1200000,1120000
2023-02-15 13:32:07.987000,1.34243,1.34222,1200000,1620000
2023-02-15 13:32:08.139000,1.3424,1.34219,2250000,1200000
2023-02-15 13:32:08.241000,1.34239,1.34218,1200000,1120000
2023-02-15 13:32:08.342000,1.3424,1.34218,1200000,3070000
2023-02-15 13:32:08.444000,1.3424,1.3422,1200000,1120000
2023-02-15 13:32:08.495000,1.3424,1.34219,1800000,1350000
2023-02-15 13:32:08.597000,1.34239,1.34217,1200000,1120000
2023-02-15 13:32:08.648000,1.34237,1.34217,1350000,1200000
2023-02-15 13:32:08.749000,1.34234,1.34216,1200000,1240000
2023-02-15 13:32:08.800000,1.34237,1.34216,1200000,1620000
2023-02-15 13:32:08.902000,1.34239,1.34216,1200000,3120000
2023-02-15 13:32:08.953000,1.34238,1.34221,1200000,1120000
2023-02-15 13:32:09.055000,1.3424,1.34221,1200000,1120000
2023-02-15 13:32:09.157000,1.34241,1.34222,1200000,1200000
2023-02-15 13:32:09.258000,1.3424,1.34231,1200000,1890000
2023-02-15 13:32:09.309000,1.34248,1.34231,1200000,1200000
2023-02-15 13:32:09.360000,1.34249,1.3423,1200000,1120000
2023-02-15 13:32:09.411000,1.34249,1.3423,1200000,1320000
2023-02-15 13:32:09.462000,1.34247,1.34228,1200000,1120000
2023-02-15 13:32:09.513000,1.34247,1.34228,1200000,1200000
2023-02-15 13:32:09.565000,1.34245,1.34227,1200000,1320000
2023-02-15 13:32:09.666000,1.34248,1.34228,1200000,2370000
2023-02-15 13:32:09.717000,1.34248,1.34228,1200000,1120000
2023-02-15 13:32:09.768000,1.34248,1.34228,1200000,3120000
2023-02-15 13:32:09.870000,1.34248,1.34227,1200000,2370000
2023-02-15 13:32:09.921000,1.34248,1.34227,1200000,1240000
2023-02-15 13:32:10.040000,1.34247,1.34228,1200000,1120000
2023-02-15 13:32:10.142000,1.34246,1.34226,1350000,2100000
2023-02-15 13:32:10.193000,1.34244,1.34223,1200000,1200000
2023-02-15 13:32:10.295000,1.34236,1.34218,1350000,1890000
2023-02-15 13:32:10.397000,1.34231,1.34214,1200000,1700000
2023-02-15 13:32:10.448000,1.34231,1.34212,1200000,1120000
2023-02-15 13:32:10.499000,1.34233,1.34213,1200000,2370000
2023-02-15 13:32:10.601000,1.34233,1.34215,1200000,1120000
2023-02-15 13:32:10.753000,1.34232,1.34214,1200000,2370000
2023-02-15 13:32:11.197000,1.34233,1.34214,1200000,2220000
2023-02-15 13:32:11.299000,1.34234,1.34214,1200000,1620000
2023-02-15 13:32:11.603000,1.34233,1.34216,1200000,3720000
2023-02-15 13:32:11.704000,1.34233,1.34214,1200000,1120000
2023-02-15 13:32:11.755000,1.34232,1.34212,1200000,1320000
2023-02-15 13:32:11.857000,1.34229,1.3421,1200000,2220000
2023-02-15 13:32:11.959000,1.34226,1.34208,1200000,1600000
2023-02-15 13:32:12.060000,1.34226,1.34205,1200000,1720000
2023-02-15 13:32:12.162000,1.34224,1.34205,1200000,2970000
2023-02-15 13:32:12.368000,1.34224,1.34204,1200000,3720000
2023-02-15 13:32:12.535000,1.34224,1.34205,1320000,1200000
2023-02-15 13:32:12.586000,1.34217,1.34203,1200000,1200000
2023-02-15 13:32:12.637000,1.34217,1.34198,1200000,2740000
2023-02-15 13:32:12.790000,1.34217,1.34199,1200000,1120000
2023-02-15 13:32:12.841000,1.34219,1.34201,1200000,2740000
2023-02-15 13:32:12.942000,1.34223,1.34204,1200000,1620000
2023-02-15 13:32:13.044000,1.34223,1.34204,1200000,2790000
2023-02-15 13:32:13.095000,1.34222,1.34205,1200000,2370000
2023-02-15 13:32:13.248000,1.34222,1.34204,1200000,1890000
2023-02-15 13:32:13.400000,1.34221,1.34204,1200000,3490000
2023-02-15 13:32:13.502000,1.34221,1.34205,1200000,2370000
2023-02-15 13:32:13.553000,1.34223,1.3421,1200000,4500000
2023-02-15 13:32:13.705000,1.34222,1.3421,1200000,4500000
2023-02-15 13:32:13.756000,1.34223,1.34207,1200000,4140000
2023-02-15 13:32:14.060000,1.34223,1.34209,1200000,4500000
2023-02-15 13:32:14.162000,1.34221,1.34208,1200000,4500000
2023-02-15 13:32:14.466000,1.34223,1.34207,1200000,4500000
2023-02-15 13:32:14.567000,1.34224,1.3421,1200000,4500000
2023-02-15 13:32:14.669000,1.34224,1.34212,1200000,4500000
2023-02-15 13:32:14.771000,1.34226,1.34218,1200000,4500000
2023-02-15 13:32:14.873000,1.34233,1.34219,1600000,4500000
2023-02-15 13:32:14.924000,1.34233,1.34222,1200000,4500000
2023-02-15 13:32:14.975000,1.34234,1.3422,1200000,4500000
2023-02-15 13:32:15.076000,1.34235,1.34224,1200000,4500000
2023-02-15 13:32:15.178000,1.34236,1.34224,1200000,4500000
2023-02-15 13:32:15.280000,1.34236,1.34225,1200000,4500000
2023-02-15 13:32:15.331000,1.34236,1.34219,1200000,1120000
2023-02-15 13:32:15.432000,1.34236,1.34219,1200000,1620000
2023-02-15 13:32:15.483000,1.3424,1.34223,1350000,1320000
2023-02-15 13:32:15.585000,1.34242,1.34223,1200000,1320000
2023-02-15 13:32:15.686000,1.3424,1.34219,1200000,1720000
2023-02-15 13:32:15.788000,1.3424,1.34219,1200000,1120000
2023-02-15 13:32:15.839000,1.34242,1.3422,1200000,1320000
2023-02-15 13:32:15.890000,1.34241,1.34221,1200000,1120000
2023-02-15 13:32:15.992000,1.34242,1.3422,1200000,1120000
2023-02-15 13:32:16.098000,1.34242,1.3423,1200000,4500000
2023-02-15 13:32:16.200000,1.34243,1.34233,1200000,4500000
2023-02-15 13:32:16.301000,1.34247,1.34235,1200000,4500000
2023-02-15 13:32:16.352000,1.34249,1.34233,1200000,4500000
2023-02-15 13:32:16.403000,1.34249,1.34235,1200000,4500000
2023-02-15 13:32:16.505000,1.34247,1.34229,1100000,5400000
2023-02-15 13:32:16.657000,1.34245,1.3423,1200000,4500000
2023-02-15 13:32:16.759000,1.34244,1.3423,1200000,4500000
2023-02-15 13:32:16.860000,1.34245,1.34228,1200000,4500000
2023-02-15 13:32:16.962000,1.34245,1.34229,1200000,4500000
2023-02-15 13:32:17.123000,1.34243,1.3423,1200000,4500000
2023-02-15 13:32:17.225000,1.34244,1.34234,1200000,4500000
2023-02-15 13:32:17.276000,1.34245,1.34225,1200000,1740000
2023-02-15 13:32:17.378000,1.34246,1.34226,1200000,2790000
2023-02-15 13:32:17.429000,1.34244,1.34225,1200000,1890000
2023-02-15 13:32:17.530000,1.34244,1.34225,1600000,1200000
2023-02-15 13:32:17.632000,1.3424,1.34223,2250000,1200000
2023-02-15 13:32:17.734000,1.3424,1.34219,3150000,2340000
2023-02-15 13:32:17.835000,1.34241,1.34222,1200000,1700000
2023-02-15 13:32:17.937000,1.34243,1.34224,1200000,1620000
2023-02-15 13:32:18.038000,1.34245,1.34225,1200000,1620000
2023-02-15 13:32:18.140000,1.34245,1.34228,1200000,1800000
2023-02-15 13:32:18.494000,1.34245,1.34227,1200000,1440000
2023-02-15 13:32:18.596000,1.34244,1.34228,1200000,1800000
2023-02-15 13:32:18.697000,1.34245,1.34228,1200000,1800000
2023-02-15 13:32:18.813000,1.34245,1.3423,1200000,1800000
2023-02-15 13:32:18.864000,1.34248,1.34229,1200000,1890000
2023-02-15 13:32:19.066000,1.34248,1.3423,1600000,4500000
2023-02-15 13:32:19.117000,1.34246,1.34226,1200000,2170000
2023-02-15 13:32:19.168000,1.34244,1.34225,1200000,1220000
2023-02-15 13:32:19.270000,1.34246,1.34227,1200000,1350000
2023-02-15 13:32:19.371000,1.34244,1.34227,1200000,1440000
2023-02-15 13:32:19.696000,1.34244,1.34229,1200000,1350000
2023-02-15 13:32:19.747000,1.34247,1.34227,1200000,1600000
2023-02-15 13:32:19.848000,1.3425,1.34234,1600000,2700000
2023-02-15 13:32:19.950000,1.3425,1.34232,1600000,2700000
2023-02-15 13:32:20.051000,1.34247,1.34229,1200000,1800000
2023-02-15 13:32:20.153000,1.34249,1.34229,1200000,1200000
2023-02-15 13:32:20.305000,1.34248,1.34232,1200000,1200000
2023-02-15 13:32:20.407000,1.34247,1.34232,1200000,1200000
2023-02-15 13:32:20.508000,1.34237,1.34224,1200000,1200000
2023-02-15 13:32:20.610000,1.3424,1.34224,1200000,1200000
2023-02-15 13:32:20.712000,1.34243,1.34226,1200000,1200000
2023-02-15 13:32:20.965000,1.34243,1.34226,1200000,2700000
2023-02-15 13:32:21.067000,1.34245,1.34228,1200000,2250000
2023-02-15 13:32:21.168000,1.34247,1.34229,1200000,1200000
2023-02-15 13:32:21.270000,1.34247,1.3423,1200000,1200000
2023-02-15 13:32:21.372000,1.34248,1.3423,1200000,1200000
2023-02-15 13:32:21.500000,1.34248,1.34231,1200000,1350000
2023-02-15 13:32:21.603000,1.34248,1.34229,1200000,1600000
2023-02-15 13:32:21.704000,1.34248,1.34234,1200000,1200000
2023-02-15 13:32:21.907000,1.34249,1.34234,1200000,1800000
2023-02-15 13:32:22.015000,1.34248,1.34234,1200000,1800000
2023-02-15 13:32:22.117000,1.34251,1.34234,1200000,2700000
2023-02-15 13:32:22.190000,1.34251,1.34239,1200000,4500000
2023-02-15 13:32:22.248000,1.34253,1.3424,1200000,1200000
2023-02-15 13:32:22.299000,1.34252,1.34234,1200000,1800000
2023-02-15 13:32:22.401000,1.34245,1.34234,1600000,1200000
2023-02-15 13:32:22.502000,1.34232,1.34224,1200000,1200000
2023-02-15 13:32:22.604000,1.34233,1.34216,1200000,1200000
2023-02-15 13:32:22.908000,1.34233,1.34215,1200000,1200000
2023-02-15 13:32:23.010000,1.34232,1.34214,1200000,1800000
2023-02-15 13:32:23.061000,1.3423,1.34216,1200000,1600000
2023-02-15 13:32:23.162000,1.34231,1.34219,1200000,1200000
2023-02-15 13:32:23.213000,1.34233,1.34222,1200000,1200000
2023-02-15 13:32:23.365000,1.34234,1.34222,1200000,1200000
2023-02-15 13:32:23.468000,1.34236,1.34225,1200000,1200000
2023-02-15 13:32:23.569000,1.34238,1.34227,1350000,1200000
2023-02-15 13:32:23.620000,1.34237,1.34226,3150000,1200000
2023-02-15 13:32:23.671000,1.34233,1.34222,1200000,1200000
2023-02-15 13:32:23.773000,1.34234,1.34225,1200000,1200000
2023-02-15 13:32:23.874000,1.34234,1.34221,1200000,1200000
2023-02-15 13:32:24.027000,1.34234,1.34223,1200000,1620000
2023-02-15 13:32:24.129000,1.34241,1.34228,1200000,1600000
2023-02-15 13:32:24.180000,1.34243,1.34228,1200000,1600000
2023-02-15 13:32:24.231000,1.34248,1.34232,1600000,1200000
2023-02-15 13:32:24.282000,1.34247,1.34232,1200000,1200000
2023-02-15 13:32:24.484000,1.34247,1.34233,1200000,1200000
2023-02-15 13:32:24.687000,1.34248,1.34233,1200000,1200000
2023-02-15 13:32:24.789000,1.34249,1.34239,1200000,1200000
2023-02-15 13:32:24.991000,1.34249,1.34237,1200000,1200000
2023-02-15 13:32:25.093000,1.3425,1.34238,1200000,1200000
2023-02-15 13:32:25.447000,1.3425,1.34239,1200000,1200000
2023-02-15 13:32:25.549000,1.34252,1.34241,1200000,1200000
2023-02-15 13:32:25.651000,1.34254,1.34242,1800000,1200000
2023-02-15 13:32:25.753000,1.34251,1.34241,1200000,1200000
2023-02-15 13:32:25.854000,1.34252,1.34242,1200000,1200000
2023-02-15 13:32:25.956000,1.34252,1.34241,1200000,1200000
2023-02-15 13:32:26.057000,1.34251,1.34239,1200000,1200000
2023-02-15 13:32:26.412000,1.34251,1.34238,1200000,1200000
2023-02-15 13:32:26.566000,1.3425,1.34238,1200000,1200000
2023-02-15 13:32:26.769000,1.34248,1.34234,1200000,1200000
2023-02-15 13:32:26.974000,1.34249,1.34232,1200000,1200000
2023-02-15 13:32:27.025000,1.34247,1.34232,1120000,1200000
2023-02-15 13:32:27.076000,1.34246,1.34229,1120000,1200000
2023-02-15 13:32:27.178000,1.34242,1.3423,1200000,1200000
2023-02-15 13:32:27.482000,1.34242,1.34228,1200000,1200000
2023-02-15 13:32:27.634000,1.34241,1.34231,1200000,1200000
2023-02-15 13:32:27.736000,1.34243,1.34232,1200000,1200000
2023-02-15 13:32:27.837000,1.34242,1.34231,1200000,1200000
2023-02-15 13:32:28.141000,1.34242,1.34229,1200000,1440000
2023-02-15 13:32:28.496000,1.34243,1.34225,1200000,2590000
2023-02-15 13:32:28.876000,1.34244,1.34226,1200000,1320000
2023-02-15 13:32:29.129000,1.34243,1.34227,1200000,1600000
2023-02-15 13:32:29.281000,1.34244,1.34226,1320000,1350000
2023-02-15 13:32:29.383000,1.34244,1.34228,1200000,2700000
2023-02-15 13:32:29.485000,1.34244,1.34227,1200000,1350000
2023-02-15 13:32:29.859000,1.34244,1.34227,1200000,1600000
2023-02-15 13:32:30.090000,1.34246,1.34227,1200000,1600000
2023-02-15 13:32:30.192000,1.34252,1.34236,1600000,1700000
2023-02-15 13:32:30.293000,1.34252,1.34236,1200000,1700000
2023-02-15 13:32:30.344000,1.34252,1.34236,1200000,1320000
2023-02-15 13:32:30.547000,1.34252,1.34237,1200000,2250000
2023-02-15 13:32:31.054000,1.34252,1.34235,1200000,1320000
2023-02-15 13:32:31.156000,1.34251,1.34236,1200000,1720000
2023-02-15 13:32:31.257000,1.34252,1.34237,1200000,1350000
2023-02-15 13:32:31.359000,1.34253,1.34238,1200000,1350000
2023-02-15 13:32:31.873000,1.34253,1.34236,1200000,1700000
2023-02-15 13:32:31.924000,1.34252,1.34238,1200000,1700000
2023-02-15 13:32:32.026000,1.34254,1.34241,1800000,2700000
2023-02-15 13:32:32.127000,1.34254,1.34239,1800000,2250000
2023-02-15 13:32:32.229000,1.34254,1.3424,1800000,4500000
2023-02-15 13:32:32.331000,1.34254,1.34241,1800000,3600000
2023-02-15 13:32:32.432000,1.34254,1.34239,1800000,2250000
2023-02-15 13:32:32.635000,1.34254,1.34237,1800000,2920000
2023-02-15 13:32:32.798000,1.34252,1.34236,1200000,1700000
2023-02-15 13:32:32.899000,1.34251,1.34237,1200000,1700000
2023-02-15 13:32:33.001000,1.34252,1.34242,1200000,1720000
2023-02-15 13:32:33.103000,1.34254,1.34242,1200000,1200000
2023-02-15 13:32:33.205000,1.34254,1.34243,1200000,1800000
2023-02-15 13:32:33.307000,1.34254,1.34241,1800000,1200000
2023-02-15 13:32:33.358000,1.34252,1.34239,1200000,2250000
2023-02-15 13:32:33.459000,1.34254,1.34241,1200000,1200000
2023-02-15 13:32:33.612000,1.34254,1.34243,1200000,1200000
2023-02-15 13:32:33.663000,1.34253,1.34241,1200000,1200000
2023-02-15 13:32:33.865000,1.34254,1.34239,1200000,1200000
2023-02-15 13:32:33.967000,1.34254,1.34238,1200000,1200000
2023-02-15 13:32:34.069000,1.34253,1.34238,1200000,1200000
2023-02-15 13:32:34.271000,1.34254,1.34239,1200000,1200000
2023-02-15 13:32:34.373000,1.34254,1.34243,1200000,1200000
2023-02-15 13:32:34.475000,1.34254,1.34241,1200000,1200000
2023-02-15 13:32:34.576000,1.34254,1.34244,1200000,1200000
2023-02-15 13:32:34.779000,1.34254,1.34242,1200000,1200000
2023-02-15 13:32:34.881000,1.34254,1.34243,1200000,1200000
2023-02-15 13:32:34.982000,1.34253,1.34243,1200000,1200000
2023-02-15 13:32:35.084000,1.34254,1.3424,1200000,1200000
2023-02-15 13:32:35.185000,1.34254,1.34242,1200000,1200000
2023-02-15 13:32:35.287000,1.34254,1.34241,1200000,1200000
2023-02-15 13:32:35.389000,1.34254,1.34243,1200000,1200000
2023-02-15 13:32:35.490000,1.34254,1.34241,1200000,2250000
2023-02-15 13:32:35.744000,1.34253,1.34241,1200000,1200000
2023-02-15 13:32:36.098000,1.34254,1.34241,1200000,1200000
2023-02-15 13:32:36.199000,1.34254,1.3424,1200000,1200000
2023-02-15 13:32:36.301000,1.34254,1.34239,1200000,1200000
2023-02-15 13:32:36.989000,1.34253,1.34239,1200000,1200000
2023-02-15 13:32:37.040000,1.3425,1.34238,1200000,1200000
2023-02-15 13:32:37.091000,1.3425,1.34235,1320000,1200000
2023-02-15 13:32:37.142000,1.3425,1.34235,2550000,1200000
2023-02-15 13:32:37.194000,1.34249,1.34233,2170000,1200000
2023-02-15 13:32:37.295000,1.34251,1.34234,1600000,1200000
2023-02-15 13:32:37.397000,1.3425,1.34236,1200000,1200000
2023-02-15 13:32:37.650000,1.34251,1.34234,1200000,1200000
2023-02-15 13:32:37.752000,1.34251,1.34235,1200000,1200000
2023-02-15 13:32:37.853000,1.34251,1.34236,1200000,1200000
2023-02-15 13:32:37.955000,1.34251,1.34235,1200000,1200000
2023-02-15 13:32:38.057000,1.34251,1.34236,1200000,1200000
2023-02-15 13:32:38.259000,1.34254,1.34236,2250000,1200000
2023-02-15 13:32:38.513000,1.3425,1.34236,1200000,1200000
2023-02-15 13:32:38.564000,1.3425,1.34233,1200000,1350000
2023-02-15 13:32:38.665000,1.34249,1.3423,3220000,1200000
2023-02-15 13:32:38.767000,1.34246,1.34229,1350000,1200000
2023-02-15 13:32:38.868000,1.34247,1.3423,1200000,1200000
2023-02-15 13:32:39.056000,1.34247,1.34229,1200000,1200000
2023-02-15 13:32:39.259000,1.34249,1.34229,2100000,1200000
2023-02-15 13:32:39.360000,1.34251,1.34231,3220000,1320000
2023-02-15 13:32:39.876000,1.34251,1.34233,3220000,1200000
2023-02-15 13:32:40.140000,1.34251,1.34232,3220000,1200000
2023-02-15 13:32:40.323000,1.34249,1.34232,1200000,1200000
2023-02-15 13:32:40.425000,1.34248,1.34232,1200000,1200000
2023-02-15 13:32:40.562000,1.34249,1.34229,1200000,1200000
2023-02-15 13:32:40.614000,1.34249,1.34231,1200000,1890000
2023-02-15 13:32:40.867000,1.34249,1.34229,1200000,2340000
2023-02-15 13:32:40.969000,1.34249,1.34228,1600000,1320000
2023-02-15 13:32:41.121000,1.34249,1.34228,1600000,1120000
2023-02-15 13:32:41.288000,1.34249,1.34228,2100000,1320000
2023-02-15 13:32:41.390000,1.34246,1.34226,1600000,1200000
2023-02-15 13:32:41.491000,1.34245,1.34225,1350000,2340000
2023-02-15 13:32:41.593000,1.34244,1.34226,1600000,2790000
2023-02-15 13:32:41.695000,1.34245,1.34226,1600000,1200000
2023-02-15 13:32:41.796000,1.34245,1.34225,1600000,2340000
2023-02-15 13:32:41.999000,1.34247,1.34229,1600000,1200000
2023-02-15 13:32:42.101000,1.34249,1.34231,1800000,1800000
2023-02-15 13:32:42.204000,1.34248,1.34235,1200000,1440000
2023-02-15 13:32:42.255000,1.34254,1.34235,2250000,1800000
2023-02-15 13:32:42.305000,1.34253,1.34238,1350000,1200000
2023-02-15 13:32:42.610000,1.34254,1.34239,1200000,1200000
2023-02-15 13:32:42.711000,1.34254,1.34242,1200000,1200000
2023-02-15 13:32:42.813000,1.34253,1.3424,1200000,1200000
2023-02-15 13:32:42.914000,1.34254,1.34237,1200000,1200000
2023-02-15 13:32:43.319000,1.34254,1.34238,1200000,1200000
2023-02-15 13:32:43.421000,1.34254,1.34242,1200000,1200000
2023-02-15 13:32:43.522000,1.34254,1.34243,1200000,1200000
2023-02-15 13:32:43.574000,1.34254,1.3424,1200000,1200000
2023-02-15 13:32:43.675000,1.34253,1.34238,1200000,1800000
2023-02-15 13:32:43.726000,1.34254,1.34242,1200000,1200000
2023-02-15 13:32:43.828000,1.34257,1.34238,1600000,1200000
2023-02-15 13:32:44.088000,1.34255,1.34239,2170000,1200000
2023-02-15 13:32:44.240000,1.34256,1.34242,2850000,1200000
2023-02-15 13:32:44.291000,1.34257,1.34241,1200000,1200000
2023-02-15 13:32:44.342000,1.34257,1.34241,1600000,1200000
2023-02-15 13:32:44.545000,1.34256,1.34238,4350000,1200000
2023-02-15 13:32:44.849000,1.34256,1.34239,1100000,1200000
2023-02-15 13:32:45.721000,1.34256,1.34238,1720000,1200000
2023-02-15 13:32:45.874000,1.34256,1.34239,1720000,1200000
2023-02-15 13:32:45.925000,1.34256,1.34244,1100000,1200000
2023-02-15 13:32:46.026000,1.34259,1.34243,2100000,1200000
2023-02-15 13:32:46.128000,1.34258,1.34246,1100000,1200000
2023-02-15 13:32:46.230000,1.34257,1.34244,3220000,1200000
2023-02-15 13:32:46.736000,1.3426,1.34244,1600000,1200000
2023-02-15 13:32:46.787000,1.34259,1.34252,1200000,1890000
2023-02-15 13:32:46.889000,1.34268,1.34255,1200000,1200000
2023-02-15 13:32:46.940000,1.34265,1.34254,1200000,1200000
2023-02-15 13:32:46.991000,1.34268,1.34254,3600000,1200000
