time,ask,bid,ask_volume,bid_volume
2021-10-22 12:25:00.501000,1.23262,1.2325,2850000,1000000
2021-10-22 12:25:00.552000,1.23259,1.23249,2820000,1500000
2021-10-22 12:25:00.704000,1.2326,1.23247,2720000,1500000
2021-10-22 12:25:01.158000,1.23259,1.23247,2070000,1120000
2021-10-22 12:25:02.851000,1.23255,1.23244,1100000,1500000
2021-10-22 12:25:02.901000,1.23256,1.23243,1600000,1500000
2021-10-22 12:25:03.812000,1.23252,1.23241,1000000,1500000
2021-10-22 12:25:03.913000,1.23249,1.2324,3000000,1120000
2021-10-22 12:25:04.118000,1.2325,1.23238,1600000,1120000
2021-10-22 12:25:06.609000,1.23251,1.23239,1500000,1000000
2021-10-22 12:25:06.659000,1.23253,1.23241,1700000,1000000
2021-10-22 12:25:06.710000,1.23253,1.23241,1120000,1500000
2021-10-22 12:25:07.100000,1.23254,1.23241,2320000,1500000
2021-10-22 12:25:07.352000,1.23254,1.23242,1000000,1500000
2021-10-22 12:25:09.861000,1.23252,1.23242,1000000,1500000
2021-10-22 12:25:10.012000,1.23251,1.2324,1570000,2000000
2021-10-22 12:25:10.114000,1.23253,1.23241,1120000,1500000
2021-10-22 12:25:10.311000,1.23251,1.23241,2620000,1500000
2021-10-22 12:25:15.208000,1.23252,1.23241,1100000,1500000
2021-10-22 12:25:16.767000,1.2325,1.23238,1000000,1500000
2021-10-22 12:25:16.969000,1.23249,1.23238,2070000,1500000
2021-10-22 12:25:29.441000,1.23251,1.23239,2100000,1000000
2021-10-22 12:25:30.014000,1.2325,1.23238,2070000,1120000
2021-10-22 12:25:32.057000,1.23251,1.23239,2070000,1000000
2021-10-22 12:25:32.158000,1.23252,1.2324,2450000,1120000
2021-10-22 12:25:32.259000,1.23251,1.23242,1000000,1000000
2021-10-22 12:25:32.360000,1.23251,1.23242,1000000,1120000
2021-10-22 12:25:33.235000,1.23251,1.23243,1000000,1000000
2021-10-22 12:25:33.865000,1.23253,1.23243,2820000,1120000
2021-10-22 12:25:34.726000,1.23254,1.23242,1000000,1500000
2021-10-22 12:25:34.827000,1.23255,1.23245,1700000,1120000
2021-10-22 12:25:34.929000,1.23257,1.23245,2100000,1000000
2021-10-22 12:25:35.131000,1.23258,1.23246,3220000,1120000
2021-10-22 12:25:35.585000,1.23257,1.23246,1600000,1000000
2021-10-22 12:25:35.686000,1.23256,1.23245,1000000,1120000
2021-10-22 12:25:37.936000,1.23258,1.23246,2850000,1000000
2021-10-22 12:25:39.105000,1.23257,1.23245,2820000,1120000
2021-10-22 12:25:40.641000,1.23256,1.23244,1500000,1120000
2021-10-22 12:25:42.084000,1.23257,1.23245,2070000,1000000
2021-10-22 12:25:42.336000,1.23258,1.23245,3570000,1120000
2021-10-22 12:25:42.923000,1.23255,1.23245,1120000,1120000
2021-10-22 12:25:45.335000,1.23257,1.23245,1500000,1000000
2021-10-22 12:25:45.436000,1.23257,1.23244,2070000,1120000
2021-10-22 12:25:46.444000,1.23257,1.23245,1600000,1000000
2021-10-22 12:25:46.545000,1.23257,1.23247,3570000,1000000
2021-10-22 12:25:49.386000,1.23257,1.23245,2000000,1000000
2021-10-22 12:25:49.491000,1.23258,1.23246,2070000,1000000
2021-10-22 12:25:49.794000,1.23256,1.23246,2000000,1000000
2021-10-22 12:25:51.553000,1.23258,1.23246,1500000,1500000
2021-10-22 12:25:51.755000,1.23259,1.23248,1120000,1120000
2021-10-22 12:25:54.779000,1.23261,1.23249,1600000,1120000
2021-10-22 12:25:55.707000,1.23262,1.23251,1120000,1120000
2021-10-22 12:25:55.808000,1.23264,1.23252,1700000,1000000
2021-10-22 12:25:56.907000,1.23265,1.23253,1700000,1000000
2021-10-22 12:25:57.184000,1.23265,1.23252,2820000,1000000
2021-10-22 12:25:58.991000,1.23264,1.23252,1500000,1120000
2021-10-22 12:26:00.958000,1.23265,1.23253,1600000,1000000
2021-10-22 12:26:01.059000,1.23266,1.23254,4350000,1000000
2021-10-22 12:26:01.160000,1.23265,1.23253,2070000,1000000
2021-10-22 12:26:02.397000,1.23263,1.23253,1500000,1120000
2021-10-22 12:26:03.577000,1.23265,1.23253,2070000,1000000
2021-10-22 12:26:06.013000,1.23265,1.23253,2070000,1120000
2021-10-22 12:26:12.085000,1.23263,1.23253,1000000,1120000
2021-10-22 12:26:14.736000,1.23263,1.23253,2000000,1120000
2021-10-22 12:26:20.298000,1.23258,1.2325,1000000,1000000
2021-10-22 12:26:20.399000,1.23258,1.23247,1000000,1500000
2021-10-22 12:26:20.500000,1.23257,1.23246,1500000,1000000
2021-10-22 12:26:21.409000,1.23253,1.23243,1000000,1500000
2021-10-22 12:26:21.460000,1.23255,1.23243,1760000,1500000
2021-10-22 12:26:21.561000,1.23251,1.23241,2620000,1120000
2021-10-22 12:26:21.662000,1.23251,1.23241,1500000,1500000
2021-10-22 12:26:21.814000,1.23253,1.23242,1120000,1000000
2021-10-22 12:26:21.864000,1.2325,1.23242,1500000,1120000
2021-10-22 12:26:21.978000,1.23251,1.23242,1120000,1000000
2021-10-22 12:26:22.079000,1.23256,1.23245,4720000,1000000
2021-10-22 12:26:22.130000,1.23257,1.23244,4720000,1000000
2021-10-22 12:26:27.491000,1.23257,1.23244,4160000,1120000
2021-10-22 12:26:28.829000,1.23257,1.23245,1510000,1000000
2021-10-22 12:26:37.812000,1.23252,1.23242,1570000,1500000
2021-10-22 12:26:37.914000,1.23254,1.23242,1950000,1120000
2021-10-22 12:26:38.020000,1.23253,1.23243,2070000,1120000
2021-10-22 12:26:38.125000,1.23251,1.2324,1000000,1500000
2021-10-22 12:26:38.227000,1.23252,1.2324,6570000,1120000
2021-10-22 12:26:39.448000,1.23249,1.2324,1120000,1500000
2021-10-22 12:26:41.284000,1.2325,1.2324,1950000,1500000
2021-10-22 12:26:41.385000,1.2325,1.23239,1200000,1500000
2021-10-22 12:26:41.537000,1.23249,1.2324,1100000,1120000
2021-10-22 12:26:45.115000,1.23248,1.23238,1000000,1500000
2021-10-22 12:26:48.519000,1.23249,1.23237,1120000,2000000
2021-10-22 12:26:51.246000,1.23247,1.23237,6370000,1500000
2021-10-22 12:26:51.347000,1.23244,1.23236,2620000,1000000
2021-10-22 12:26:51.448000,1.23245,1.23234,1870000,1120000
2021-10-22 12:26:52.756000,1.23247,1.23237,1120000,1000000
2021-10-22 12:26:55.069000,1.2325,1.23243,2250000,1000000
2021-10-22 12:26:55.170000,1.23258,1.23247,3450000,1000000
2021-10-22 12:26:55.272000,1.23258,1.2325,1200000,1000000
2021-10-22 12:26:55.322000,1.23261,1.2325,1500000,1000000
2021-10-22 12:26:57.060000,1.23258,1.23251,1000000,1000000
2021-10-22 12:26:57.161000,1.23258,1.23249,1000000,1000000
2021-10-22 12:27:00.732000,1.23257,1.23249,1000000,1000000
2021-10-22 12:27:18.437000,1.23253,1.23243,1000000,1000000
2021-10-22 12:27:18.488000,1.23254,1.23244,2620000,1000000
2021-10-22 12:27:18.639000,1.23255,1.23243,2000000,1000000
2021-10-22 12:27:23.991000,1.23255,1.23243,2070000,1000000
2021-10-22 12:27:24.380000,1.23253,1.23243,1500000,1000000
2021-10-22 12:27:24.431000,1.23248,1.23239,1500000,1870000
2021-10-22 12:27:24.533000,1.23248,1.23237,1000000,1500000
2021-10-22 12:27:24.638000,1.23247,1.23238,1120000,1000000
2021-10-22 12:27:29.468000,1.23248,1.23236,1870000,1000000
2021-10-22 12:27:30.117000,1.23247,1.23239,1120000,1000000
2021-10-22 12:27:30.218000,1.23248,1.23237,1120000,1000000
2021-10-22 12:27:38.152000,1.23249,1.2324,1500000,1000000
2021-10-22 12:27:38.303000,1.23249,1.2324,1120000,1000000
2021-10-22 12:27:38.971000,1.23249,1.23239,1120000,1000000
2021-10-22 12:27:43.121000,1.23251,1.23239,1600000,1000000
2021-10-22 12:27:45.520000,1.2325,1.2324,1120000,1000000
2021-10-22 12:27:48.311000,1.23248,1.23236,1000000,1870000
2021-10-22 12:27:59.604000,1.23248,1.23236,2070000,1000000
2021-10-22 12:28:09.195000,1.2325,1.23239,1500000,1000000
2021-10-22 12:28:09.246000,1.2325,1.2324,1620000,1000000
2021-10-22 12:28:09.851000,1.23249,1.23237,1120000,1000000
2021-10-22 12:28:11.370000,1.23248,1.23236,1000000,1000000
2021-10-22 12:28:25.714000,1.23247,1.23236,1000000,1000000
2021-10-22 12:28:34.037000,1.23242,1.23233,1000000,1500000
2021-10-22 12:28:34.088000,1.23245,1.23233,1500000,1000000
2021-10-22 12:28:34.290000,1.23245,1.23233,2620000,1000000
2021-10-22 12:28:34.447000,1.23243,1.23232,1000000,1120000
2021-10-22 12:28:34.549000,1.23245,1.23233,1600000,1000000
2021-10-22 12:28:34.700000,1.23245,1.23233,1200000,1000000
2021-10-22 12:28:39.799000,1.23246,1.23235,1120000,1000000
2021-10-22 12:28:45.320000,1.23243,1.23234,1000000,1000000
2021-10-22 12:28:45.371000,1.23243,1.23232,1000000,1000000
2021-10-22 12:28:45.522000,1.23244,1.23234,1120000,1000000
2021-10-22 12:28:46.099000,1.23246,1.23234,2070000,1000000
2021-10-22 12:28:49.611000,1.23243,1.23232,1000000,1870000
2021-10-22 12:28:49.712000,1.23242,1.2323,1120000,1000000
2021-10-22 12:28:49.914000,1.23244,1.23233,1000000,1000000
2021-10-22 12:28:50.015000,1.23246,1.23234,1500000,1000000
2021-10-22 12:28:50.831000,1.23245,1.23235,1000000,1100000
2021-10-22 12:28:50.933000,1.23245,1.23233,1000000,1500000
2021-10-22 12:28:51.034000,1.23245,1.23235,1000000,1120000
2021-10-22 12:28:51.135000,1.23246,1.23234,1000000,1500000
2021-10-22 12:28:52.001000,1.23247,1.23235,1120000,1120000
2021-10-22 12:28:52.485000,1.23248,1.23236,2000000,1000000
2021-10-22 12:28:53.127000,1.23248,1.23236,1500000,1000000
2021-10-22 12:28:54.733000,1.23249,1.23238,1000000,1000000
2021-10-22 12:28:54.834000,1.23249,1.23237,1000000,1000000
2021-10-22 12:28:58.147000,1.23247,1.23236,1000000,1120000
2021-10-22 12:29:00.071000,1.23248,1.23236,1120000,1000000
2021-10-22 12:29:01.440000,1.2325,1.23238,1500000,1500000
2021-10-22 12:29:01.595000,1.2325,1.23238,1500000,1000000
2021-10-22 12:29:01.697000,1.2325,1.2324,1500000,1000000
2021-10-22 12:29:01.800000,1.23251,1.23239,1000000,1000000
2021-10-22 12:29:03.074000,1.23254,1.23246,1120000,1000000
2021-10-22 12:29:03.125000,1.23258,1.23248,1720000,1000000
2021-10-22 12:29:03.227000,1.23257,1.23247,1000000,1000000
2021-10-22 12:29:03.329000,1.23257,1.23248,1000000,1000000
2021-10-22 12:29:03.633000,1.23258,1.23246,1000000,1500000
2021-10-22 12:29:03.989000,1.23258,1.23247,1000000,1000000
2021-10-22 12:29:04.830000,1.2326,1.23248,1000000,1000000
2021-10-22 12:29:04.932000,1.23259,1.2325,1000000,1000000
2021-10-22 12:29:05.234000,1.2326,1.23248,1000000,1000000
2021-10-22 12:29:06.407000,1.23258,1.23249,1000000,1000000
2021-10-22 12:29:07.104000,1.23255,1.23245,1570000,1120000
2021-10-22 12:29:07.155000,1.23252,1.23241,1000000,1500000
2021-10-22 12:29:07.206000,1.23251,1.23239,1000000,1120000
2021-10-22 12:29:07.307000,1.23251,1.23241,1000000,1000000
2021-10-22 12:29:07.562000,1.23252,1.23241,1000000,1000000
2021-10-22 12:29:09.877000,1.23252,1.2324,1000000,3000000
2021-10-22 12:29:11.602000,1.23252,1.23241,1000000,1000000
2021-10-22 12:29:11.757000,1.23251,1.23241,1000000,1000000
2021-10-22 12:29:13.307000,1.23251,1.23242,1000000,1000000
2021-10-22 12:29:13.662000,1.23252,1.2324,1000000,1500000
2021-10-22 12:29:16.817000,1.2325,1.23241,1000000,1000000
2021-10-22 12:29:22.080000,1.23251,1.23241,1000000,1000000
2021-10-22 12:29:22.317000,1.23252,1.23241,1100000,1000000
2021-10-22 12:29:22.831000,1.23251,1.23241,1000000,1000000
2021-10-22 12:29:23.084000,1.23251,1.2324,1000000,2250000
2021-10-22 12:29:26.335000,1.23252,1.2324,1000000,3000000
2021-10-22 12:29:29.557000,1.23253,1.23241,1000000,1000000
2021-10-22 12:29:29.658000,1.23259,1.23247,1600000,1000000
2021-10-22 12:29:29.759000,1.23258,1.23248,1100000,1000000
2021-10-22 12:29:32.732000,1.2326,1.23248,1100000,1000000
2021-10-22 12:29:34.234000,1.23258,1.23248,1100000,1000000
2021-10-22 12:29:35.018000,1.23259,1.23247,1600000,1000000
2021-10-22 12:29:35.511000,1.23258,1.23248,1100000,1000000
2021-10-22 12:29:37.342000,1.2326,1.23248,1100000,1000000
2021-10-22 12:29:37.544000,1.23261,1.23249,1100000,1000000
2021-10-22 12:29:40.082000,1.23262,1.2325,1100000,1000000
2021-10-22 12:29:43.025000,1.23264,1.23252,1000000,1000000
2021-10-22 12:29:43.126000,1.23264,1.23254,1000000,1000000
2021-10-22 12:29:43.853000,1.23265,1.23253,1100000,1000000
2021-10-22 12:29:43.903000,1.23261,1.23249,1000000,1000000
2021-10-22 12:29:44.766000,1.2326,1.23248,1000000,1000000
2021-10-22 12:29:48.041000,1.23258,1.23248,1000000,1000000
2021-10-22 12:29:50.064000,1.2326,1.23248,1000000,1000000
2021-10-22 12:29:52.445000,1.23262,1.23246,1000000,1000000
2021-10-22 12:29:52.496000,1.23265,1.23243,1000000,1000000
2021-10-22 12:29:55.074000,1.23265,1.23244,1000000,1000000
2021-10-22 12:29:55.175000,1.23265,1.23243,1000000,1000000
2021-10-22 12:29:55.276000,1.23265,1.23244,1000000,1000000
2021-10-22 12:29:55.377000,1.23265,1.23243,1000000,1000000
2021-10-22 12:29:56.138000,1.23263,1.23244,1000000,1000000
2021-10-22 12:29:56.289000,1.23265,1.23243,1500000,1000000
2021-10-22 12:30:00.756000,1.23261,1.23238,2250000,2250000
2021-10-22 12:30:00.857000,1.23262,1.23238,3500000,1000000
2021-10-22 12:30:01.059000,1.23259,1.23239,1250000,1000000
2021-10-22 12:30:01.684000,1.23257,1.23236,2250000,1870000
2021-10-22 12:30:01.785000,1.23251,1.23233,1000000,1000000
2021-10-22 12:30:01.836000,1.23251,1.2323,1000000,1250000
2021-10-22 12:30:02.038000,1.23251,1.2323,1000000,2000000
2021-10-22 12:30:03.717000,1.23248,1.23229,1000000,1120000
2021-10-22 12:30:03.768000,1.23248,1.23227,1000000,1000000
2021-10-22 12:30:03.819000,1.23246,1.2323,1120000,1000000
2021-10-22 12:30:03.870000,1.23248,1.23226,2250000,1000000
2021-10-22 12:30:04.021000,1.2325,1.23229,1500000,1000000
2021-10-22 12:30:04.280000,1.23247,1.2323,1500000,1500000
2021-10-22 12:30:04.381000,1.23247,1.23226,1120000,1000000
2021-10-22 12:30:04.482000,1.23248,1.23225,1500000,1870000
2021-10-22 12:30:05.276000,1.23245,1.23225,1250000,1000000
2021-10-22 12:30:05.327000,1.23242,1.23221,1000000,1500000
2021-10-22 12:30:05.378000,1.23241,1.2322,1000000,2250000
2021-10-22 12:30:05.580000,1.23242,1.23218,1120000,1690000
2021-10-22 12:30:06.953000,1.23241,1.23217,1000000,1000000
2021-10-22 12:30:07.155000,1.23239,1.23216,1000000,1000000
2021-10-22 12:30:11.446000,1.23234,1.23224,1000000,1000000
2021-10-22 12:30:12.664000,1.23226,1.23219,1000000,1000000
2021-10-22 12:30:12.731000,1.23226,1.23214,1000000,1500000
2021-10-22 12:30:12.833000,1.23227,1.23214,1000000,1000000
2021-10-22 12:30:14,1.23224,1.23211,1000000,1000000
2021-10-22 12:30:14.152000,1.23222,1.2321,1000000,1000000
2021-10-22 12:30:15.464000,1.23223,1.2321,1000000,1000000
2021-10-22 12:30:15.566000,1.23222,1.2321,1000000,1000000
2021-10-22 12:30:15.667000,1.23222,1.23211,1000000,1000000
2021-10-22 12:30:16.308000,1.23223,1.23212,1000000,1000000
2021-10-22 12:30:16.659000,1.23224,1.23211,1000000,1750000
2021-10-22 12:30:16.962000,1.23225,1.23212,1000000,1120000
2021-10-22 12:30:18.068000,1.23224,1.23211,1000000,1500000
2021-10-22 12:30:18.220000,1.23224,1.23211,1000000,1310000
2021-10-22 12:30:19.509000,1.23224,1.23212,1000000,1000000
2021-10-22 12:30:21.606000,1.23223,1.2321,1000000,1500000
2021-10-22 12:30:25.709000,1.23224,1.23211,1000000,1120000
2021-10-22 12:30:27.533000,1.23223,1.23211,1000000,1120000
2021-10-22 12:30:28.665000,1.23224,1.23214,1000000,2620000
2021-10-22 12:30:28.766000,1.23228,1.23215,1500000,1250000
2021-10-22 12:30:28.817000,1.23229,1.23216,1500000,1000000
2021-10-22 12:30:28.918000,1.2323,1.23218,1000000,1000000
2021-10-22 12:30:29.019000,1.23231,1.23218,1500000,1000000
2021-10-22 12:30:31.569000,1.2323,1.2322,1500000,1000000
2021-10-22 12:30:31.772000,1.23232,1.23219,1500000,1000000
2021-10-22 12:30:32.697000,1.23228,1.23215,1000000,1910000
2021-10-22 12:30:32.798000,1.2323,1.23217,1500000,1000000
2021-10-22 12:30:32.899000,1.23229,1.23218,1120000,1000000
2021-10-22 12:30:34.140000,1.2323,1.23219,1500000,1000000
2021-10-22 12:30:36.008000,1.23231,1.23218,1120000,1000000
2021-10-22 12:30:43.887000,1.2323,1.23219,1500000,1000000
2021-10-22 12:30:44.658000,1.23229,1.23217,1000000,1000000
2021-10-22 12:30:46.131000,1.23228,1.23217,1000000,1120000
2021-10-22 12:30:47.142000,1.23226,1.23214,2250000,1500000
2021-10-22 12:30:47.243000,1.23223,1.2321,1500000,1500000
2021-10-22 12:30:47.294000,1.23222,1.23209,1690000,3370000
2021-10-22 12:30:47.397000,1.23219,1.23208,1000000,1120000
2021-10-22 12:30:48.560000,1.23216,1.23203,1000000,1870000
2021-10-22 12:30:49.440000,1.23215,1.23205,1000000,1000000
2021-10-22 12:30:49.541000,1.23215,1.23204,1000000,1120000
2021-10-22 12:30:50.264000,1.23217,1.23204,1500000,1000000
2021-10-22 12:30:52.807000,1.2322,1.23207,1500000,1500000
2021-10-22 12:30:52.909000,1.23219,1.2321,1000000,1000000
2021-10-22 12:30:53.010000,1.23221,1.23209,1120000,1000000
2021-10-22 12:30:53.311000,1.23219,1.2321,1000000,1000000
2021-10-22 12:30:53.362000,1.23218,1.23208,1000000,1120000
2021-10-22 12:30:53.464000,1.2322,1.23207,1000000,1120000
2021-10-22 12:30:53.970000,1.2322,1.23208,1000000,1000000
2021-10-22 12:30:56.641000,1.2322,1.23209,1870000,1000000
2021-10-22 12:30:57.467000,1.23222,1.23209,1870000,1000000
2021-10-22 12:30:59.599000,1.23221,1.23209,1000000,1000000
2021-10-22 12:31:00.595000,1.23221,1.23208,1500000,1000000
2021-10-22 12:31:01.038000,1.2322,1.23208,1000000,1000000
2021-10-22 12:31:02.407000,1.2322,1.23209,1000000,1000000
2021-10-22 12:31:08.802000,1.2322,1.23208,1000000,1000000
2021-10-22 12:31:10.973000,1.23221,1.23208,1000000,1000000
2021-10-22 12:31:17.286000,1.23222,1.23213,1120000,1500000
2021-10-22 12:31:17.387000,1.2323,1.23216,4950000,1250000
2021-10-22 12:31:17.488000,1.23231,1.23217,1600000,1000000
2021-10-22 12:31:17.642000,1.2323,1.23219,1500000,1000000
2021-10-22 12:31:18.518000,1.23231,1.23218,1500000,1000000
2021-10-22 12:31:20.949000,1.23234,1.23226,1500000,1350000
2021-10-22 12:31:21.051000,1.2324,1.23228,3750000,2500000
2021-10-22 12:31:21.101000,1.23243,1.23237,1000000,1000000
2021-10-22 12:31:21.203000,1.23247,1.23236,1000000,1500000
2021-10-22 12:31:21.254000,1.23248,1.23239,1000000,1870000
2021-10-22 12:31:21.355000,1.23254,1.23245,1000000,1000000
2021-10-22 12:31:21.406000,1.23255,1.23245,1000000,1620000
2021-10-22 12:31:21.457000,1.23258,1.23247,1500000,1120000
2021-10-22 12:31:21.507000,1.2326,1.23249,2750000,1000000
2021-10-22 12:31:21.609000,1.23262,1.23249,1000000,1950000
2021-10-22 12:31:21.660000,1.23262,1.23252,1000000,1370000
2021-10-22 12:31:21.711000,1.23266,1.23255,1120000,1000000
2021-10-22 12:31:21.761000,1.23268,1.23255,1000000,1620000
2021-10-22 12:31:22.387000,1.23266,1.23255,1000000,1120000
2021-10-22 12:31:22.606000,1.23267,1.23256,1000000,1000000
2021-10-22 12:31:23.509000,1.23267,1.23254,1000000,2620000
2021-10-22 12:31:24.951000,1.23266,1.23258,1000000,1500000
2021-10-22 12:31:25.052000,1.23267,1.23257,1000000,1000000
2021-10-22 12:31:25.374000,1.23269,1.23258,1000000,1000000
2021-10-22 12:31:25.552000,1.23269,1.23259,1000000,1000000
2021-10-22 12:31:25.602000,1.23269,1.23258,1000000,1500000
2021-10-22 12:31:26.107000,1.23269,1.23256,1000000,1620000
2021-10-22 12:31:26.843000,1.23268,1.23259,1000000,1000000
2021-10-22 12:31:29.276000,1.23268,1.23257,1000000,1000000
2021-10-22 12:31:30.649000,1.23266,1.23255,1000000,1000000
2021-10-22 12:31:30.751000,1.23265,1.23254,1000000,2000000
2021-10-22 12:31:30.852000,1.23265,1.23254,1000000,1500000
2021-10-22 12:31:30.953000,1.23266,1.23253,1000000,1620000
2021-10-22 12:31:31.266000,1.23264,1.23253,1000000,1000000
2021-10-22 12:31:31.367000,1.23265,1.23253,1120000,1000000
2021-10-22 12:31:31.468000,1.23267,1.23255,1500000,1000000
2021-10-22 12:31:31.519000,1.23267,1.23255,1000000,1000000
2021-10-22 12:31:35.405000,1.2327,1.23257,1200000,1000000
2021-10-22 12:31:35.506000,1.23269,1.23259,1120000,1000000
2021-10-22 12:31:35.557000,1.23274,1.23262,1500000,1000000
2021-10-22 12:31:35.607000,1.23275,1.23263,1500000,1000000
2021-10-22 12:31:35.809000,1.23275,1.23263,1120000,1000000
2021-10-22 12:31:36.826000,1.23275,1.23263,1500000,1000000
2021-10-22 12:31:37.839000,1.23275,1.23262,1500000,1870000
2021-10-22 12:31:38.823000,1.23276,1.23264,1200000,2000000
2021-10-22 12:31:39.025000,1.23277,1.23263,1200000,1500000
2021-10-22 12:31:39.176000,1.23276,1.23263,1000000,1500000
2021-10-22 12:31:43.800000,1.23273,1.23264,1000000,1120000
2021-10-22 12:31:45.105000,1.23275,1.23263,1000000,1000000
2021-10-22 12:31:46.180000,1.23274,1.23264,1000000,1120000
2021-10-22 12:31:48.479000,1.23275,1.23264,1000000,1870000
2021-10-22 12:32:02.154000,1.23276,1.23263,1000000,1620000
2021-10-22 12:32:05.595000,1.23276,1.23266,1120000,1000000
2021-10-22 12:32:06.429000,1.23277,1.23267,1120000,1000000
2021-10-22 12:32:07.222000,1.23278,1.23266,1120000,1500000
2021-10-22 12:32:07.451000,1.23277,1.23267,1120000,1500000
2021-10-22 12:32:08.031000,1.23277,1.23265,1600000,1620000
2021-10-22 12:32:08.200000,1.23276,1.23263,2000000,1870000
2021-10-22 12:32:13.657000,1.23272,1.23263,1000000,1000000
2021-10-22 12:32:13.708000,1.23272,1.23259,1000000,3500000
2021-10-22 12:32:13.860000,1.23273,1.2326,1500000,1500000
2021-10-22 12:32:13.961000,1.23273,1.23261,1500000,1000000
2021-10-22 12:32:14.062000,1.23275,1.23263,1000000,1500000
2021-10-22 12:32:14.163000,1.23276,1.23263,1120000,2000000
2021-10-22 12:32:24.706000,1.23276,1.23263,1120000,1120000
2021-10-22 12:32:27.328000,1.23273,1.23263,2000000,1000000
2021-10-22 12:32:27.379000,1.23273,1.23259,2070000,2000000
2021-10-22 12:32:27.480000,1.2327,1.2326,1000000,1500000
2021-10-22 12:32:27.581000,1.23271,1.23259,1120000,1120000
2021-10-22 12:32:30.932000,1.23268,1.2326,1000000,1120000
2021-10-22 12:32:31.084000,1.23267,1.23258,1120000,1000000
2021-10-22 12:32:37.739000,1.2327,1.23258,1500000,1000000
2021-10-22 12:32:37.840000,1.23274,1.23261,1600000,1000000
2021-10-22 12:32:37.891000,1.23276,1.23262,1950000,3000000
2021-10-22 12:32:38.042000,1.23276,1.23263,1500000,1120000
2021-10-22 12:32:41.469000,1.23274,1.23262,1000000,1500000
2021-10-22 12:32:41.571000,1.23274,1.2326,1200000,1500000
2021-10-22 12:32:41.722000,1.23274,1.2326,1600000,1120000
2021-10-22 12:32:41.924000,1.23274,1.2326,1500000,1620000
2021-10-22 12:32:50.833000,1.23275,1.23264,2070000,1000000
2021-10-22 12:32:50.884000,1.23275,1.23264,2000000,1120000
2021-10-22 12:32:56.842000,1.23267,1.23259,1000000,1000000
2021-10-22 12:32:56.943000,1.23266,1.23254,3290000,1000000
2021-10-22 12:32:57.045000,1.23264,1.23251,1200000,2000000
2021-10-22 12:32:57.146000,1.23263,1.23251,1000000,1500000
2021-10-22 12:32:58.029000,1.23263,1.23251,1120000,1120000
2021-10-22 12:32:59.054000,1.23264,1.23252,1100000,1000000
2021-10-22 12:32:59.155000,1.23265,1.23252,1120000,2000000
2021-10-22 12:33:00.069000,1.23264,1.23251,1000000,1500000
2021-10-22 12:33:01.345000,1.23266,1.23254,1500000,1000000
2021-10-22 12:33:01.446000,1.23266,1.23255,1870000,2000000
2021-10-22 12:33:02.063000,1.23267,1.23255,1000000,1500000
2021-10-22 12:33:02.265000,1.23267,1.23255,1120000,1870000
2021-10-22 12:33:02.546000,1.23267,1.23255,1000000,2000000
2021-10-22 12:33:02.723000,1.23266,1.23256,1120000,1870000
2021-10-22 12:33:04.217000,1.23267,1.23257,1870000,2060000
2021-10-22 12:33:04.267000,1.23269,1.23258,2450000,1620000
2021-10-22 12:33:04.419000,1.23271,1.23258,1120000,2000000
2021-10-22 12:33:10.634000,1.23273,1.2326,1120000,2370000
2021-10-22 12:33:10.736000,1.23276,1.23262,1600000,1500000
2021-10-22 12:33:10.887000,1.23275,1.23264,1500000,1120000
2021-10-22 12:33:12.141000,1.23275,1.23264,1120000,1120000
2021-10-22 12:33:13.302000,1.23277,1.23264,1120000,1870000
2021-10-22 12:33:13.403000,1.23278,1.23265,1500000,1500000
2021-10-22 12:33:15.243000,1.23279,1.23266,1500000,1500000
2021-10-22 12:33:16.241000,1.23279,1.23266,1500000,2750000
2021-10-22 12:33:18.014000,1.23279,1.23266,1500000,1870000
2021-10-22 12:33:19.994000,1.23279,1.23266,1500000,2750000
2021-10-22 12:33:21.002000,1.23279,1.23266,1500000,2250000
2021-10-22 12:33:22.795000,1.23283,1.2327,2820000,2000000
2021-10-22 12:33:22.896000,1.23283,1.2327,1600000,1120000
2021-10-22 12:33:23.129000,1.23282,1.23271,1120000,1620000
2021-10-22 12:33:23.940000,1.23281,1.2327,1000000,1500000
2021-10-22 12:33:23.991000,1.2328,1.23269,1120000,2000000
2021-10-22 12:33:24.727000,1.23281,1.23268,2070000,1000000
2021-10-22 12:33:24.980000,1.23281,1.23268,1500000,1120000
2021-10-22 12:33:25.081000,1.23283,1.2327,1500000,1500000
2021-10-22 12:33:25.182000,1.23283,1.2327,1500000,1870000
2021-10-22 12:33:26.145000,1.23282,1.23272,1500000,1000000
2021-10-22 12:33:26.246000,1.23283,1.23272,1000000,1000000
2021-10-22 12:33:26.833000,1.23284,1.23272,1120000,1000000
2021-10-22 12:33:26.984000,1.23284,1.23273,1120000,2000000
2021-10-22 12:33:30.397000,1.23287,1.23276,1890000,1000000
2021-10-22 12:33:30.498000,1.23289,1.23276,2000000,1500000
2021-10-22 12:33:30.549000,1.23289,1.23276,1500000,1870000
2021-10-22 12:33:31.436000,1.23288,1.23277,1600000,1000000
2021-10-22 12:33:31.587000,1.23287,1.23276,1500000,1870000
2021-10-22 12:33:32.647000,1.2329,1.23277,1600000,1120000
2021-10-22 12:33:33.697000,1.23287,1.23274,1120000,1500000
2021-10-22 12:33:34.255000,1.23286,1.23273,1000000,1500000
2021-10-22 12:33:34.586000,1.23281,1.2327,1000000,2750000
2021-10-22 12:33:34.788000,1.23282,1.23269,1120000,1870000
2021-10-22 12:33:35.078000,1.23282,1.23269,1000000,2000000
2021-10-22 12:33:35.376000,1.23283,1.23271,1120000,1120000
2021-10-22 12:33:38.798000,1.23282,1.23271,1000000,1620000
2021-10-22 12:33:42.858000,1.23283,1.23272,1000000,1500000
2021-10-22 12:33:44.717000,1.23286,1.23273,1870000,1500000
2021-10-22 12:33:45.232000,1.23286,1.23276,1500000,1000000
2021-10-22 12:33:45.934000,1.2329,1.23277,2000000,1500000
2021-10-22 12:33:46.035000,1.23292,1.23281,2520000,1000000
2021-10-22 12:33:46.136000,1.23293,1.2328,1120000,1500000
2021-10-22 12:33:46.389000,1.2329,1.23279,1500000,1870000
2021-10-22 12:33:48.458000,1.23292,1.23281,4250000,1000000
2021-10-22 12:33:48.559000,1.23293,1.2328,1500000,1120000
2021-10-22 12:33:49.756000,1.23293,1.23282,2000000,1120000
2021-10-22 12:33:49.807000,1.23295,1.23283,2000000,1000000
2021-10-22 12:33:49.908000,1.23297,1.23284,3870000,1000000
2021-10-22 12:33:49.958000,1.23297,1.23284,2000000,1120000
2021-10-22 12:33:50.193000,1.23297,1.23286,1500000,1000000
2021-10-22 12:33:50.345000,1.23299,1.23286,1500000,1000000
2021-10-22 12:33:50.396000,1.23298,1.23286,1000000,1120000
2021-10-22 12:33:50.497000,1.233,1.23287,1500000,1000000
2021-10-22 12:33:53.808000,1.233,1.23287,1120000,1500000
2021-10-22 12:33:54.492000,1.23301,1.23288,1120000,1500000
2021-10-22 12:33:59.394000,1.23302,1.2329,2000000,1000000
2021-10-22 12:34:00.519000,1.23301,1.2329,1500000,1120000
2021-10-22 12:34:06.436000,1.23299,1.23287,1000000,2000000
2021-10-22 12:34:07.708000,1.23299,1.23286,1620000,1500000
2021-10-22 12:34:08.777000,1.23299,1.23286,1000000,1500000
2021-10-22 12:34:09.124000,1.23299,1.23286,1120000,1500000
2021-10-22 12:34:09.573000,1.23297,1.23287,1000000,1120000
2021-10-22 12:34:13.659000,1.23298,1.23287,1120000,1500000
2021-10-22 12:34:15.810000,1.233,1.23288,1500000,1000000
2021-10-22 12:34:18.101000,1.23296,1.23289,1000000,1000000
2021-10-22 12:34:18.202000,1.23295,1.23285,1000000,1500000
2021-10-22 12:34:18.252000,1.23294,1.23285,1120000,1000000
2021-10-22 12:34:18.454000,1.23295,1.23284,1500000,1000000
2021-10-22 12:34:18.606000,1.23295,1.23283,1500000,1000000
2021-10-22 12:34:19.301000,1.23295,1.23285,5190000,1000000
2021-10-22 12:34:19.452000,1.23296,1.23286,1500000,1000000
2021-10-22 12:34:19.719000,1.23299,1.23287,2000000,1000000
2021-10-22 12:34:20.379000,1.23299,1.23289,1500000,1000000
2021-10-22 12:34:21.002000,1.233,1.23289,1500000,1000000
2021-10-22 12:34:21.482000,1.23301,1.23289,1500000,1000000
2021-10-22 12:34:22.657000,1.23302,1.23291,1000000,1000000
2021-10-22 12:34:22.992000,1.23302,1.23292,3500000,1000000
2021-10-22 12:34:26.023000,1.23301,1.23289,1750000,1000000
2021-10-22 12:34:26.125000,1.2329,1.23282,1000000,1000000
2021-10-22 12:34:26.176000,1.23292,1.23281,1000000,1000000
2021-10-22 12:34:26.226000,1.23289,1.23279,1000000,1000000
2021-10-22 12:34:26.327000,1.23291,1.23281,1500000,1000000
2021-10-22 12:34:26.428000,1.23293,1.23281,1870000,1120000
2021-10-22 12:34:26.740000,1.23293,1.23282,1120000,1000000
2021-10-22 12:34:26.841000,1.23291,1.23283,1000000,1000000
2021-10-22 12:34:26.942000,1.23291,1.23281,1000000,1120000
2021-10-22 12:34:27.044000,1.23292,1.23282,1000000,1000000
2021-10-22 12:34:28.010000,1.23292,1.23284,1120000,1000000
2021-10-22 12:34:28.111000,1.23294,1.23284,1000000,1000000
2021-10-22 12:34:28.212000,1.23297,1.23287,1500000,1000000
2021-10-22 12:34:28.313000,1.23298,1.23287,1120000,1120000
2021-10-22 12:34:28.529000,1.23297,1.23289,1000000,1120000
2021-10-22 12:34:28.630000,1.23299,1.23288,1000000,1120000
2021-10-22 12:34:29.095000,1.23298,1.2329,1000000,1000000
2021-10-22 12:34:29.196000,1.23299,1.2329,1120000,1000000
2021-10-22 12:34:30.022000,1.23301,1.23289,1120000,1120000
2021-10-22 12:34:30.123000,1.233,1.23289,1250000,1120000
2021-10-22 12:34:30.224000,1.23297,1.23288,1000000,1500000
2021-10-22 12:34:30.771000,1.23295,1.23287,1000000,1500000
2021-10-22 12:34:30.923000,1.23296,1.23285,1000000,1500000
2021-10-22 12:34:31.024000,1.23296,1.23286,1500000,1500000
2021-10-22 12:34:31.125000,1.23296,1.23285,1000000,1500000
2021-10-22 12:34:31.601000,1.23297,1.23285,1000000,1620000
2021-10-22 12:34:32.542000,1.23297,1.23287,1000000,1620000
2021-10-22 12:34:32.593000,1.233,1.23288,1870000,1120000
2021-10-22 12:34:33.614000,1.23297,1.23288,1120000,1120000
2021-10-22 12:34:33.715000,1.23296,1.23283,2620000,1500000
2021-10-22 12:34:33.817000,1.23293,1.23283,1000000,1500000
2021-10-22 12:34:33.918000,1.23294,1.23282,1120000,1120000
2021-10-22 12:34:34.204000,1.23295,1.23283,1870000,1120000
2021-10-22 12:34:34.406000,1.23295,1.23283,1000000,1500000
2021-10-22 12:34:37.151000,1.23294,1.23282,1000000,1500000
2021-10-22 12:34:37.253000,1.23293,1.2328,1500000,1620000
2021-10-22 12:34:37.354000,1.23292,1.23279,1500000,1500000
2021-10-22 12:34:37.404000,1.2329,1.23279,1000000,1500000
2021-10-22 12:34:37.505000,1.2329,1.23277,1500000,1620000
2021-10-22 12:34:38.117000,1.23289,1.23281,1000000,1500000
2021-10-22 12:34:38.168000,1.23291,1.23281,1500000,1500000
2021-10-22 12:34:38.672000,1.23293,1.23281,1120000,1120000
2021-10-22 12:34:38.722000,1.23295,1.23284,1120000,1000000
2021-10-22 12:34:38.874000,1.23296,1.23286,2000000,1000000
2021-10-22 12:34:38.925000,1.23298,1.23286,2620000,1120000
2021-10-22 12:34:39.026000,1.23299,1.23287,2000000,1000000
2021-10-22 12:34:39.750000,1.23296,1.23286,1870000,1500000
2021-10-22 12:34:39.801000,1.23295,1.23283,1000000,1500000
2021-10-22 12:34:39.851000,1.23294,1.23282,1500000,1120000
2021-10-22 12:34:39.952000,1.23292,1.23282,1000000,1500000
2021-10-22 12:34:40.204000,1.23293,1.23283,1120000,1120000
2021-10-22 12:34:40.305000,1.23294,1.23283,1120000,1500000
2021-10-22 12:34:41.696000,1.23294,1.23282,1000000,1500000
2021-10-22 12:34:42.619000,1.23294,1.23283,1000000,1500000
2021-10-22 12:34:42.720000,1.23295,1.23283,1500000,1500000
2021-10-22 12:34:44.531000,1.23295,1.23282,2620000,1500000
2021-10-22 12:34:45.490000,1.23293,1.23283,1000000,1500000
2021-10-22 12:34:45.591000,1.23292,1.23282,1000000,1500000
2021-10-22 12:34:45.692000,1.23293,1.23281,1870000,1120000
2021-10-22 12:34:48.916000,1.23292,1.2328,1000000,1500000
2021-10-22 12:34:51.289000,1.2329,1.23278,1000000,1500000
2021-10-22 12:34:51.491000,1.2329,1.23278,1000000,1500000
2021-10-22 12:34:53.006000,1.23287,1.23278,1000000,1120000
2021-10-22 12:34:53.107000,1.23286,1.23275,1500000,1500000
2021-10-22 12:34:53.208000,1.23287,1.23274,2000000,1500000
2021-10-22 12:34:53.671000,1.23288,1.23275,1120000,1500000
2021-10-22 12:34:53.773000,1.23289,1.2328,1500000,1000000
2021-10-22 12:34:53.874000,1.23291,1.23279,1120000,1120000
2021-10-22 12:34:54.252000,1.2329,1.23278,1000000,1500000
2021-10-22 12:34:54.455000,1.2329,1.2328,1000000,1000000
2021-10-22 12:34:54.940000,1.2329,1.23279,1000000,1120000
2021-10-22 12:34:56.807000,1.23287,1.23278,1000000,1500000
2021-10-22 12:34:56.908000,1.23286,1.23274,1500000,2190000
2021-10-22 12:34:57.160000,1.23286,1.23279,1000000,1000000
2021-10-22 12:34:57.211000,1.23289,1.2328,1500000,1000000
2021-10-22 12:34:57.313000,1.23289,1.2328,1000000,1120000
2021-10-22 12:34:57.414000,1.23291,1.23279,1870000,1120000
2021-10-22 12:34:57.770000,1.23292,1.2328,1500000,1500000
2021-10-22 12:34:58.225000,1.23291,1.23279,1000000,1500000
2021-10-22 12:34:58.326000,1.2329,1.23279,1000000,1500000
2021-10-22 12:34:59.357000,1.23289,1.23278,1000000,1500000
2021-10-22 12:34:59.814000,1.23288,1.23279,1000000,1120000
2021-10-22 12:34:59.915000,1.23287,1.23277,2250000,1500000
2021-10-22 12:34:59.966000,1.23286,1.23274,1000000,1500000
2021-10-22 12:35:00.017000,1.23285,1.23274,1000000,1120000
2021-10-22 12:35:01.891000,1.23283,1.23274,1000000,1120000
2021-10-22 12:35:01.993000,1.23284,1.23274,1120000,1120000
2021-10-22 12:35:04.573000,1.23283,1.23271,1500000,2000000
2021-10-22 12:35:05.160000,1.23281,1.23271,1000000,1120000
2021-10-22 12:35:05.476000,1.23277,1.23268,1000000,1500000
2021-10-22 12:35:05.577000,1.23279,1.23267,1000000,1500000
2021-10-22 12:35:05.679000,1.23279,1.23267,1000000,1500000
2021-10-22 12:35:07.842000,1.23281,1.23269,1120000,1120000
2021-10-22 12:35:08.044000,1.23281,1.23269,1000000,1500000
2021-10-22 12:35:08.420000,1.23283,1.23271,2620000,1120000
2021-10-22 12:35:08.521000,1.23284,1.23273,1000000,1500000
2021-10-22 12:35:08.622000,1.23285,1.23273,1500000,1500000
2021-10-22 12:35:11.203000,1.23285,1.23273,2000000,1000000
2021-10-22 12:35:12.204000,1.23284,1.23272,1120000,1120000
2021-10-22 12:35:12.306000,1.23285,1.23273,1620000,1000000
2021-10-22 12:35:12.466000,1.23285,1.23273,1120000,1500000
2021-10-22 12:35:17.779000,1.23284,1.23273,1000000,1120000
2021-10-22 12:35:17.880000,1.23274,1.23263,1000000,2250000
2021-10-22 12:35:17.982000,1.23276,1.23267,1000000,1000000
2021-10-22 12:35:18.083000,1.23278,1.23266,1000000,1000000
2021-10-22 12:35:18.436000,1.23277,1.23266,1000000,1000000
2021-10-22 12:35:19.093000,1.23278,1.23266,1120000,1120000
2021-10-22 12:35:23.724000,1.23277,1.23266,1000000,1120000
2021-10-22 12:35:25.538000,1.23277,1.23266,1000000,1500000
2021-10-22 12:35:26.624000,1.23279,1.23268,1000000,1120000
2021-10-22 12:35:26.990000,1.23279,1.23268,1000000,1500000
2021-10-22 12:35:27.936000,1.23279,1.23269,1000000,1500000
2021-10-22 12:35:27.987000,1.23282,1.23272,1500000,1000000
2021-10-22 12:35:28.138000,1.23282,1.23272,1000000,1000000
2021-10-22 12:35:28.605000,1.23282,1.23272,1000000,1500000
2021-10-22 12:35:28.807000,1.23284,1.23273,1500000,1120000
2021-10-22 12:35:29.663000,1.23283,1.23272,1000000,1500000
2021-10-22 12:35:30.564000,1.23284,1.23273,1500000,1120000
2021-10-22 12:35:34.757000,1.23284,1.23274,1000000,1500000
2021-10-22 12:35:37.274000,1.23283,1.23272,1000000,1120000
2021-10-22 12:35:37.577000,1.23284,1.23272,1120000,1120000
2021-10-22 12:35:37.678000,1.23284,1.23272,1000000,1500000
2021-10-22 12:35:38.051000,1.23285,1.23273,1000000,1500000
2021-10-22 12:35:38.850000,1.23285,1.23277,1000000,1120000
2021-10-22 12:35:38.900000,1.23288,1.23277,1500000,1000000
2021-10-22 12:35:38.951000,1.23291,1.23279,4570000,1120000
2021-10-22 12:35:39.204000,1.23291,1.2328,1950000,1000000
2021-10-22 12:35:39.557000,1.23293,1.23281,2000000,1000000
2021-10-22 12:35:42.280000,1.23291,1.23279,1620000,1000000
2021-10-22 12:35:42.634000,1.23291,1.23279,1000000,1500000
2021-10-22 12:35:45.040000,1.23292,1.23282,2620000,1120000
2021-10-22 12:35:45.242000,1.23292,1.23281,1000000,1120000
2021-10-22 12:35:45.571000,1.23292,1.23282,1870000,1120000
2021-10-22 12:35:46.118000,1.23291,1.23281,1250000,1120000
2021-10-22 12:35:46.626000,1.23293,1.23281,1120000,1120000
2021-10-22 12:35:46.727000,1.23293,1.23282,1120000,1000000
2021-10-22 12:35:46.879000,1.23293,1.23281,1120000,1120000
2021-10-22 12:35:48.001000,1.23293,1.23283,1500000,1000000
2021-10-22 12:35:48.489000,1.23294,1.23282,1120000,1120000
2021-10-22 12:35:52.341000,1.23292,1.23282,1000000,1500000
2021-10-22 12:35:53.502000,1.23294,1.23282,1870000,1120000
2021-10-22 12:35:55.506000,1.23293,1.23283,1120000,1500000
2021-10-22 12:35:58.911000,1.23292,1.23283,1500000,1000000
2021-10-22 12:35:59.012000,1.23293,1.23281,1500000,1000000
2021-10-22 12:36:00.379000,1.23291,1.23279,2000000,1120000
2021-10-22 12:36:02.457000,1.2329,1.23281,1500000,1120000
2021-10-22 12:36:02.559000,1.23292,1.23281,1120000,1000000
2021-10-22 12:36:04.987000,1.23292,1.2328,1120000,1120000
2021-10-22 12:36:08.214000,1.23291,1.23281,1120000,2000000
2021-10-22 12:36:08.545000,1.23292,1.2328,1120000,2250000
2021-10-22 12:36:09.517000,1.23292,1.2328,1000000,1500000
2021-10-22 12:36:12.478000,1.23293,1.23281,1870000,1120000
2021-10-22 12:36:12.579000,1.23293,1.23282,1120000,1000000
2021-10-22 12:36:14.539000,1.23294,1.23282,1000000,1500000
2021-10-22 12:36:17.123000,1.23293,1.23282,1000000,1500000
2021-10-22 12:36:18.166000,1.23293,1.23283,1120000,1120000
2021-10-22 12:36:19.575000,1.23295,1.23283,1500000,1500000
2021-10-22 12:36:19.626000,1.23298,1.23286,3640000,1120000
2021-10-22 12:36:19.676000,1.23294,1.23284,1870000,1870000
2021-10-22 12:36:19.777000,1.23293,1.23284,1000000,1120000
2021-10-22 12:36:19.878000,1.23294,1.23285,1870000,1000000
2021-10-22 12:36:20.473000,1.23295,1.23283,2620000,1120000
2021-10-22 12:36:20.675000,1.23293,1.23283,1500000,1500000
2021-10-22 12:36:22.390000,1.23293,1.23283,2820000,1000000
2021-10-22 12:36:22.491000,1.23294,1.23282,2700000,1120000
2021-10-22 12:36:23.376000,1.23293,1.23282,1500000,1000000
2021-10-22 12:36:23.477000,1.23292,1.23281,1120000,1000000
2021-10-22 12:36:24.393000,1.23289,1.23277,1120000,1870000
2021-10-22 12:36:24.444000,1.23287,1.23275,1120000,1120000
2021-10-22 12:36:24.647000,1.23286,1.23277,1120000,1000000
2021-10-22 12:36:24.749000,1.23291,1.2328,1120000,1000000
2021-10-22 12:36:25.255000,1.23292,1.23281,1000000,1500000
2021-10-22 12:36:25.356000,1.23293,1.23282,1000000,1120000
2021-10-22 12:36:27.401000,1.23293,1.23283,1870000,1120000
2021-10-22 12:36:29.926000,1.23293,1.23282,1500000,1000000
2021-10-22 12:36:29.977000,1.23292,1.2328,1120000,1120000
2021-10-22 12:36:31.194000,1.23292,1.23283,1500000,1000000
2021-10-22 12:36:31.295000,1.23293,1.23282,1000000,1120000
2021-10-22 12:36:35.701000,1.23294,1.23282,1120000,1120000
2021-10-22 12:36:36.147000,1.23294,1.23283,1950000,1000000
2021-10-22 12:36:36.248000,1.23292,1.23283,1000000,1120000
2021-10-22 12:36:37.239000,1.23295,1.23284,1500000,1870000
2021-10-22 12:36:37.340000,1.23296,1.23288,1000000,1000000
2021-10-22 12:36:37.747000,1.23297,1.23286,1500000,1120000
2021-10-22 12:36:37.999000,1.23296,1.23288,1000000,1120000
2021-10-22 12:36:38.100000,1.23298,1.23287,1000000,1120000
2021-10-22 12:36:38.201000,1.23299,1.23287,1870000,1120000
2021-10-22 12:36:38.454000,1.23295,1.23287,1000000,1120000
2021-10-22 12:36:38.555000,1.23297,1.23286,1500000,1120000
2021-10-22 12:36:41.427000,1.23295,1.23286,2000000,1000000
2021-10-22 12:36:41.529000,1.23294,1.23284,1870000,1120000
2021-10-22 12:36:41.681000,1.23294,1.23283,1120000,1000000
2021-10-22 12:36:45.007000,1.23294,1.23283,1500000,1000000
2021-10-22 12:36:47.701000,1.23294,1.23282,1500000,1500000
2021-10-22 12:36:50.054000,1.23291,1.23282,1000000,1120000
2021-10-22 12:36:59.664000,1.23289,1.2328,1000000,2000000
2021-10-22 12:37:01.707000,1.2329,1.23279,1120000,1000000
2021-10-22 12:37:02.661000,1.2329,1.23279,1000000,1500000
2021-10-22 12:37:03.368000,1.23288,1.23276,1000000,1500000
2021-10-22 12:37:03.469000,1.23287,1.23276,1000000,1120000
2021-10-22 12:37:03.571000,1.23287,1.23275,1500000,1000000
2021-10-22 12:37:03.672000,1.23286,1.23275,1000000,1500000
2021-10-22 12:37:04.041000,1.23286,1.23275,1120000,1000000
2021-10-22 12:37:04.445000,1.23286,1.23274,1120000,1120000
2021-10-22 12:37:08.408000,1.23286,1.23274,1000000,1500000
2021-10-22 12:37:09.318000,1.23286,1.23274,1620000,1500000
2021-10-22 12:37:09.967000,1.23285,1.23274,1500000,1000000
2021-10-22 12:37:12.790000,1.23286,1.23274,1120000,1120000
2021-10-22 12:37:13.991000,1.23287,1.23276,1870000,1000000
2021-10-22 12:37:15.771000,1.23286,1.23277,2750000,1000000
2021-10-22 12:37:15.872000,1.23287,1.23275,2750000,1000000
2021-10-22 12:37:21.267000,1.23279,1.23267,1000000,2100000
2021-10-22 12:37:21.368000,1.23277,1.23266,1120000,1000000
2021-10-22 12:37:22.041000,1.23277,1.23266,1000000,1620000
2021-10-22 12:37:22.344000,1.23275,1.23268,1000000,1120000
2021-10-22 12:37:22.445000,1.23279,1.23267,1000000,1500000
2021-10-22 12:37:22.546000,1.23281,1.23269,1120000,1120000
2021-10-22 12:37:22.647000,1.2328,1.23271,1120000,1000000
2021-10-22 12:37:26.475000,1.23278,1.23267,1310000,1000000
2021-10-22 12:37:26.576000,1.23279,1.23268,1500000,1000000
2021-10-22 12:37:26.628000,1.2328,1.23269,1120000,1000000
2021-10-22 12:37:26.729000,1.23281,1.2327,1500000,1000000
2021-10-22 12:37:26.910000,1.23281,1.2327,1000000,1120000
2021-10-22 12:37:33.165000,1.23279,1.23268,1000000,1870000
2021-10-22 12:37:33.367000,1.23278,1.23267,1000000,1120000
2021-10-22 12:37:34.680000,1.23278,1.23266,1000000,1000000
2021-10-22 12:37:44.793000,1.23277,1.23266,1000000,1000000
2021-10-22 12:37:44.952000,1.23275,1.23263,1120000,1000000
2021-10-22 12:37:45.002000,1.23273,1.23261,1000000,1000000
2021-10-22 12:37:45.104000,1.23272,1.23261,1120000,1000000
2021-10-22 12:37:45.154000,1.23271,1.23259,1000000,1000000
2021-10-22 12:37:46.133000,1.23263,1.23255,1690000,1250000
2021-10-22 12:37:46.234000,1.2326,1.23251,1000000,1000000
2021-10-22 12:37:46.286000,1.23261,1.23252,2250000,1000000
2021-10-22 12:37:46.387000,1.23261,1.2325,1000000,1000000
2021-10-22 12:37:46.438000,1.23258,1.23248,1000000,1000000
2021-10-22 12:37:46.489000,1.23256,1.23245,1000000,1100000
2021-10-22 12:37:46.590000,1.23253,1.23246,1000000,1000000
2021-10-22 12:37:46.700000,1.23254,1.23244,1500000,1000000
2021-10-22 12:37:46.953000,1.23253,1.23244,1000000,1000000
2021-10-22 12:37:47.559000,1.23252,1.23244,1000000,1000000
2021-10-22 12:37:47.827000,1.23253,1.23243,1120000,1500000
2021-10-22 12:37:54.780000,1.2325,1.23239,1000000,1500000
2021-10-22 12:37:55.703000,1.23249,1.2324,1000000,1500000
2021-10-22 12:37:55.932000,1.2325,1.2324,1500000,1500000
2021-10-22 12:37:57.633000,1.23252,1.23242,1500000,1500000
2021-10-22 12:37:59.378000,1.23254,1.23242,1000000,2750000
2021-10-22 12:37:59.479000,1.23255,1.23244,1000000,1120000
2021-10-22 12:37:59.883000,1.23254,1.23243,1000000,1120000
2021-10-22 12:37:59.984000,1.23254,1.23244,1870000,1120000
2021-10-22 12:38:01.345000,1.23252,1.23244,1000000,1120000
2021-10-22 12:38:01.598000,1.2325,1.23242,1000000,1500000
2021-10-22 12:38:01.749000,1.23252,1.23241,1000000,1500000
2021-10-22 12:38:01.901000,1.23253,1.23241,1000000,1500000
2021-10-22 12:38:02.275000,1.23251,1.23242,1000000,1500000
2021-10-22 12:38:03.003000,1.23252,1.23241,1000000,1500000
2021-10-22 12:38:05.656000,1.23251,1.23239,1870000,1120000
2021-10-22 12:38:05.757000,1.23249,1.23238,1000000,1120000
2021-10-22 12:38:05.859000,1.23249,1.2324,1000000,1120000
2021-10-22 12:38:05.960000,1.23251,1.2324,1000000,1120000
2021-10-22 12:38:09.716000,1.23251,1.23241,1000000,1000000
2021-10-22 12:38:10.079000,1.23252,1.23241,1870000,1000000
2021-10-22 12:38:11.046000,1.23251,1.23241,1000000,1120000
2021-10-22 12:38:14.274000,1.2325,1.23239,1000000,1120000
2021-10-22 12:38:14.376000,1.23249,1.23239,1000000,1120000
2021-10-22 12:38:14.477000,1.23248,1.23238,1000000,1500000
2021-10-22 12:38:14.628000,1.23248,1.23238,1000000,1000000
2021-10-22 12:38:15.132000,1.2325,1.23238,1500000,1000000
2021-10-22 12:38:15.906000,1.23249,1.23238,1000000,1500000
2021-10-22 12:38:16.007000,1.23249,1.23241,1000000,1000000
2021-10-22 12:38:16.159000,1.2325,1.23241,1870000,1000000
2021-10-22 12:38:28.357000,1.23249,1.23238,1000000,1500000
2021-10-22 12:38:28.761000,1.23249,1.23238,1120000,1000000
2021-10-22 12:38:28.969000,1.23248,1.23236,1500000,1500000
2021-10-22 12:38:30.691000,1.23247,1.23236,1000000,1500000
2021-10-22 12:38:30.742000,1.23246,1.23236,1120000,1120000
2021-10-22 12:38:31.113000,1.23243,1.23231,1120000,1870000
2021-10-22 12:38:31.214000,1.2324,1.2323,1500000,1500000
2021-10-22 12:38:31.315000,1.23241,1.23229,1500000,1000000
2021-10-22 12:38:31.416000,1.23239,1.23229,1000000,1120000
2021-10-22 12:38:33.082000,1.23238,1.23229,1000000,1000000
2021-10-22 12:38:33.255000,1.23239,1.23227,1620000,1000000
2021-10-22 12:38:34.166000,1.23239,1.23228,1000000,1000000
2021-10-22 12:38:34.268000,1.23241,1.23229,1000000,1000000
2021-10-22 12:38:34.369000,1.2324,1.23228,1000000,1500000
2021-10-22 12:38:34.520000,1.23241,1.23229,1120000,1000000
2021-10-22 12:38:34.873000,1.2324,1.23228,1000000,1000000
2021-10-22 12:38:36.426000,1.23239,1.23228,1000000,1000000
2021-10-22 12:38:38.459000,1.23239,1.23228,1000000,1000000
2021-10-22 12:38:40.019000,1.2324,1.23228,1120000,1000000
2021-10-22 12:38:43.946000,1.23241,1.23229,1620000,1000000
2021-10-22 12:38:44.118000,1.23243,1.23231,2250000,1000000
2021-10-22 12:38:44.321000,1.23245,1.23233,1500000,1000000
2021-10-22 12:38:45.989000,1.23244,1.23234,1500000,1000000
2021-10-22 12:38:48.287000,1.23246,1.23234,1120000,1000000
2021-10-22 12:38:51.244000,1.23247,1.23235,1500000,1000000
2021-10-22 12:38:52.015000,1.23247,1.23235,1000000,1310000
2021-10-22 12:38:52.167000,1.23252,1.23242,1500000,1000000
2021-10-22 12:38:52.268000,1.23255,1.23243,1500000,1000000
2021-10-22 12:38:56.711000,1.23253,1.23243,1000000,1500000
2021-10-22 12:39:00.400000,1.23253,1.2324,2060000,1000000
2021-10-22 12:39:00.501000,1.23251,1.23241,1000000,1000000
2021-10-22 12:39:05.666000,1.23253,1.23241,1810000,1000000
2021-10-22 12:39:05.767000,1.23252,1.23241,1620000,1000000
2021-10-22 12:39:06.209000,1.23253,1.2324,1120000,1000000
2021-10-22 12:39:09.101000,1.23251,1.23241,1000000,1000000
2021-10-22 12:39:10.130000,1.23253,1.2324,1620000,1000000
2021-10-22 12:39:13.458000,1.23247,1.23236,1000000,1120000
2021-10-22 12:39:13.559000,1.23244,1.23235,1000000,1000000
2021-10-22 12:39:13.614000,1.23245,1.23233,2750000,1000000
2021-10-22 12:39:13.665000,1.23242,1.2323,4440000,1000000
2021-10-22 12:39:13.716000,1.23241,1.23228,1310000,1500000
2021-10-22 12:39:14.629000,1.2324,1.23228,1120000,1500000
2021-10-22 12:39:15.109000,1.23237,1.23227,1370000,1000000
2021-10-22 12:39:15.159000,1.23236,1.23225,1250000,1000000
2021-10-22 12:39:15.261000,1.23233,1.23221,1000000,1000000
2021-10-22 12:39:15.462000,1.23231,1.23221,1000000,1000000
2021-10-22 12:39:16.636000,1.23229,1.23217,1000000,1000000
2021-10-22 12:39:16.838000,1.23229,1.23217,1250000,1000000
2021-10-22 12:39:16.939000,1.23228,1.23218,1250000,1000000
2021-10-22 12:39:20.701000,1.23229,1.23216,1250000,1000000
2021-10-22 12:39:22.459000,1.2323,1.23219,1000000,1120000
2021-10-22 12:39:22.560000,1.23231,1.23221,1500000,1000000
2021-10-22 12:39:27.466000,1.23236,1.23224,1870000,1000000
2021-10-22 12:39:27.568000,1.23237,1.23225,1500000,1000000
2021-10-22 12:39:28.520000,1.23237,1.23225,1120000,1000000
2021-10-22 12:39:30.623000,1.23234,1.23222,1310000,1000000
2021-10-22 12:39:30.724000,1.23232,1.23222,1000000,1000000
2021-10-22 12:39:33.061000,1.23232,1.2322,1870000,1000000
2021-10-22 12:39:33.162000,1.23231,1.2322,1120000,1000000
2021-10-22 12:39:37.834000,1.23231,1.23221,1120000,1000000
2021-10-22 12:39:43.509000,1.23233,1.23221,1500000,1000000
2021-10-22 12:39:44.943000,1.23232,1.2322,1000000,1000000
2021-10-22 12:39:47.282000,1.23233,1.23223,1500000,1000000
2021-10-22 12:39:47.333000,1.23236,1.23224,2620000,1250000
2021-10-22 12:39:47.384000,1.23237,1.23226,1000000,1250000
2021-10-22 12:39:47.434000,1.2324,1.23228,1000000,1310000
2021-10-22 12:39:47.485000,1.23242,1.23229,1200000,1000000
2021-10-22 12:39:47.586000,1.23241,1.23229,1000000,1000000
2021-10-22 12:39:48.507000,1.2324,1.23228,1000000,1120000
2021-10-22 12:39:49.044000,1.23241,1.23228,1000000,1120000
2021-10-22 12:39:50.282000,1.2324,1.23228,1500000,1000000
2021-10-22 12:39:51.235000,1.23239,1.23227,1870000,1000000
2021-10-22 12:39:53.200000,1.23242,1.23232,1000000,1500000
2021-10-22 12:39:53.250000,1.23245,1.23233,1870000,1000000
2021-10-22 12:39:53.352000,1.23246,1.23235,1000000,1000000
2021-10-22 12:39:53.453000,1.23248,1.23236,1000000,1000000
2021-10-22 12:39:54.073000,1.23251,1.23239,1000000,1120000
2021-10-22 12:39:54.224000,1.23253,1.2324,1500000,1000000
2021-10-22 12:39:58.017000,1.23256,1.23248,1500000,1250000
2021-10-22 12:39:58.068000,1.23258,1.23251,1120000,1870000
2021-10-22 12:39:58.170000,1.2326,1.23253,1000000,1000000
2021-10-22 12:39:58.221000,1.23265,1.23253,1100000,1000000
2021-10-22 12:39:58.272000,1.23261,1.23252,1000000,1000000
2021-10-22 12:39:58.373000,1.23264,1.23256,1000000,1120000
2021-10-22 12:39:58.423000,1.23267,1.23256,1000000,2250000
2021-10-22 12:39:58.474000,1.23269,1.2326,1000000,1000000
2021-10-22 12:39:58.525000,1.23271,1.23259,1000000,1500000
2021-10-22 12:39:58.626000,1.23271,1.23259,1000000,1000000
2021-10-22 12:40:00.035000,1.23269,1.2326,1000000,1120000
2021-10-22 12:40:00.288000,1.23269,1.2326,1000000,2750000
2021-10-22 12:40:02.279000,1.23274,1.23262,1500000,1120000
2021-10-22 12:40:02.330000,1.23274,1.23262,1000000,2000000
2021-10-22 12:40:02.431000,1.23275,1.23264,5770000,1120000
2021-10-22 12:40:02.532000,1.23276,1.23264,4120000,1120000
2021-10-22 12:40:02.863000,1.23276,1.23266,4120000,1120000
2021-10-22 12:40:04.738000,1.23278,1.23266,4570000,1000000
2021-10-22 12:40:05.095000,1.23279,1.23267,5450000,1000000
2021-10-22 12:40:05.247000,1.23278,1.23266,4570000,1000000
2021-10-22 12:40:05.453000,1.23278,1.23268,5450000,1000000
2021-10-22 12:40:05.554000,1.23281,1.2327,1000000,1500000
2021-10-22 12:40:05.655000,1.23283,1.23271,5450000,1000000
2021-10-22 12:40:06.533000,1.23284,1.23272,4120000,1120000
2021-10-22 12:40:06.583000,1.23285,1.23275,3750000,1000000
2021-10-22 12:40:06.685000,1.23286,1.23274,4620000,1000000
2021-10-22 12:40:07.296000,1.23286,1.23274,3370000,1000000
2021-10-22 12:40:08.023000,1.23287,1.23275,4570000,1000000
2021-10-22 12:40:08.848000,1.23285,1.23275,4700000,1000000
2021-10-22 12:40:10.982000,1.23287,1.23275,4720000,1000000
2021-10-22 12:40:11.137000,1.23288,1.23277,1000000,1120000
2021-10-22 12:40:11.188000,1.2329,1.2328,5470000,1000000
2021-10-22 12:40:11.238000,1.23292,1.2328,4160000,1000000
2021-10-22 12:40:11.340000,1.23292,1.2328,3750000,1000000
2021-10-22 12:40:14.701000,1.23292,1.23282,4700000,1000000
2021-10-22 12:40:17.672000,1.23292,1.2328,2060000,1000000
2021-10-22 12:40:17.723000,1.23292,1.23279,2850000,1000000
2021-10-22 12:40:20.686000,1.23288,1.23278,1000000,1500000
2021-10-22 12:40:20.939000,1.2329,1.23279,1120000,1000000
2021-10-22 12:40:21.040000,1.23291,1.23279,1000000,2370000
2021-10-22 12:40:25.754000,1.23292,1.2328,1000000,2000000
2021-10-22 12:40:31.238000,1.23294,1.23282,2920000,1120000
2021-10-22 12:40:31.390000,1.23293,1.23282,1000000,1120000
2021-10-22 12:40:32.242000,1.23293,1.23281,1000000,1500000
2021-10-22 12:40:33.774000,1.23293,1.23282,1120000,1000000
2021-10-22 12:40:33.875000,1.23293,1.23281,1120000,1500000
2021-10-22 12:40:34.937000,1.23292,1.23281,1000000,1000000
2021-10-22 12:40:41.886000,1.23291,1.23281,1000000,1120000
2021-10-22 12:40:49.102000,1.23292,1.23279,1120000,1870000
2021-10-22 12:40:49.254000,1.23292,1.2328,1120000,1000000
2021-10-22 12:40:49.368000,1.23293,1.23281,1500000,1000000
2021-10-22 12:40:52.884000,1.23292,1.23282,1000000,1000000
2021-10-22 12:40:53.802000,1.23294,1.23282,2170000,1000000
2021-10-22 12:40:54.004000,1.23292,1.2328,1000000,1870000
2021-10-22 12:40:54.206000,1.23293,1.23281,1000000,1000000
2021-10-22 12:40:54.307000,1.23294,1.23282,2920000,1000000
2021-10-22 12:40:56.694000,1.23294,1.23283,2170000,1000000
2021-10-22 12:41:01.095000,1.23293,1.23281,1000000,2250000
2021-10-22 12:41:01.473000,1.23293,1.23284,1800000,1000000
2021-10-22 12:41:02.793000,1.23294,1.23282,2550000,1000000
2021-10-22 12:41:05.951000,1.23293,1.23281,1000000,1120000
2021-10-22 12:41:07.662000,1.23292,1.2328,1000000,1120000
2021-10-22 12:41:10.186000,1.2329,1.23279,1000000,1000000
2021-10-22 12:41:11.188000,1.2329,1.23278,1000000,3520000
2021-10-22 12:41:14.746000,1.23291,1.23278,1000000,2770000
2021-10-22 12:41:18.171000,1.2329,1.23278,1000000,1120000
2021-10-22 12:41:26.506000,1.23291,1.23279,1120000,1000000
2021-10-22 12:41:27.159000,1.23292,1.2328,1120000,1000000
2021-10-22 12:41:28.916000,1.23289,1.23277,1000000,2750000
2021-10-22 12:41:29.017000,1.2329,1.23277,1120000,1870000
2021-10-22 12:41:31.545000,1.23291,1.23278,1500000,1000000
2021-10-22 12:41:31.647000,1.23291,1.2328,1500000,1000000
2021-10-22 12:41:32.077000,1.23292,1.23279,1500000,2370000
2021-10-22 12:41:35.089000,1.2329,1.23279,1120000,2370000
2021-10-22 12:41:35.291000,1.23291,1.23278,1120000,1120000
2021-10-22 12:41:35.957000,1.23286,1.23277,1000000,1000000
2021-10-22 12:41:36.058000,1.23286,1.23274,1000000,2000000
2021-10-22 12:41:36.159000,1.23286,1.23274,1000000,1870000
2021-10-22 12:41:40.800000,1.2328,1.23268,3000000,1870000
2021-10-22 12:41:40.903000,1.23278,1.23266,1120000,1500000
2021-10-22 12:41:41.004000,1.23278,1.23265,1120000,1000000
2021-10-22 12:41:42.219000,1.23275,1.23264,2370000,1000000
2021-10-22 12:41:42.270000,1.23274,1.23262,1500000,1000000
2021-10-22 12:41:43.220000,1.2327,1.2326,1000000,1000000
2021-10-22 12:41:43.321000,1.23271,1.23258,1870000,1000000
2021-10-22 12:41:43.422000,1.2327,1.23257,1000000,1120000
2021-10-22 12:41:43.523000,1.23269,1.23257,1000000,1000000
2021-10-22 12:41:43.675000,1.2327,1.23257,1000000,1500000
2021-10-22 12:41:45.137000,1.2327,1.23258,1000000,1000000
2021-10-22 12:41:45.239000,1.23272,1.23265,1000000,1000000
2021-10-22 12:41:45.289000,1.23275,1.23265,1120000,1000000
2021-10-22 12:41:45.390000,1.23277,1.23265,1120000,1000000
2021-10-22 12:41:48.385000,1.23277,1.23265,1500000,1000000
2021-10-22 12:41:48.436000,1.23276,1.23263,1500000,1500000
2021-10-22 12:41:57.504000,1.23274,1.23264,1500000,1000000
2021-10-22 12:41:58.885000,1.23272,1.2326,1500000,1500000
2021-10-22 12:41:58.986000,1.23271,1.23261,1500000,1000000
2021-10-22 12:42:00.080000,1.23272,1.23259,1500000,1000000
2021-10-22 12:42:01.095000,1.2327,1.23258,1120000,1500000
2021-10-22 12:42:09.553000,1.23269,1.23257,1000000,1120000
2021-10-22 12:42:11.235000,1.23268,1.23256,2190000,1000000
2021-10-22 12:42:11.337000,1.23263,1.23252,1000000,1500000
2021-10-22 12:42:11.449000,1.23263,1.23252,1500000,1500000
2021-10-22 12:42:15.814000,1.23263,1.23251,1120000,1000000
2021-10-22 12:42:16.016000,1.23267,1.23255,1870000,1690000
2021-10-22 12:42:16.117000,1.23268,1.23256,1000000,1120000
2021-10-22 12:42:16.218000,1.2327,1.23257,1500000,1000000
2021-10-22 12:42:16.709000,1.2327,1.23258,1500000,1000000
2021-10-22 12:42:17.933000,1.23271,1.23258,1120000,1870000
2021-10-22 12:42:18.445000,1.23271,1.23258,1000000,2000000
2021-10-22 12:42:19.030000,1.23271,1.23258,1120000,1870000
2021-10-22 12:42:19.536000,1.23271,1.23259,1120000,1000000
2021-10-22 12:42:20.049000,1.23273,1.23263,4500000,1000000
2021-10-22 12:42:20.150000,1.23274,1.23264,1500000,1000000
2021-10-22 12:42:20.504000,1.23276,1.23265,1500000,1000000
2021-10-22 12:42:20.605000,1.23276,1.23266,1500000,1000000
2021-10-22 12:42:20.706000,1.23274,1.23264,1120000,1500000
2021-10-22 12:42:21.463000,1.23275,1.23262,2060000,1000000
2021-10-22 12:42:26.006000,1.23274,1.23263,1500000,1000000
2021-10-22 12:42:28.283000,1.23273,1.23262,1120000,1000000
2021-10-22 12:42:31.230000,1.23271,1.23259,1120000,1500000
2021-10-22 12:42:31.331000,1.23271,1.23258,1120000,1500000
2021-10-22 12:42:31.800000,1.2327,1.23259,1500000,1000000
2021-10-22 12:42:31.901000,1.2327,1.23257,1120000,1000000
2021-10-22 12:42:32.309000,1.23267,1.23256,1120000,1000000
2021-10-22 12:42:32.410000,1.23266,1.23257,1500000,1000000
2021-10-22 12:42:34.129000,1.23267,1.23255,1500000,1000000
2021-10-22 12:42:34.231000,1.23266,1.23254,1120000,1000000
2021-10-22 12:42:35.266000,1.23264,1.23251,1120000,2000000
2021-10-22 12:42:35.367000,1.23264,1.23251,1120000,1120000
2021-10-22 12:42:35.468000,1.23265,1.23252,1500000,1000000
2021-10-22 12:42:36.600000,1.23268,1.23256,3000000,1000000
2021-10-22 12:42:36.701000,1.23272,1.23259,2370000,1000000
2021-10-22 12:42:36.803000,1.23272,1.23259,1120000,1500000
2021-10-22 12:42:36.904000,1.23272,1.23262,1500000,1000000
2021-10-22 12:42:37.005000,1.23275,1.23262,1500000,1120000
2021-10-22 12:42:37.106000,1.23278,1.23265,1500000,1000000
2021-10-22 12:42:37.309000,1.23277,1.23265,1120000,1500000
2021-10-22 12:42:40.023000,1.23278,1.23265,1120000,1000000
2021-10-22 12:42:40.187000,1.23277,1.23265,1000000,1000000
2021-10-22 12:42:40.339000,1.23277,1.23266,1200000,1500000
2021-10-22 12:42:40.541000,1.23276,1.23266,1000000,1500000
2021-10-22 12:42:41.202000,1.23278,1.23265,1120000,1500000
2021-10-22 12:42:41.303000,1.23278,1.23266,1120000,1000000
2021-10-22 12:42:41.947000,1.23278,1.23265,1120000,1000000
2021-10-22 12:42:42.149000,1.23276,1.23266,1000000,1500000
2021-10-22 12:42:46.392000,1.23277,1.23264,1000000,1870000
2021-10-22 12:42:46.494000,1.23277,1.23266,1200000,1000000
2021-10-22 12:42:46.645000,1.23278,1.23266,1120000,1000000
2021-10-22 12:42:47.929000,1.23279,1.23269,1200000,1000000
2021-10-22 12:42:49.525000,1.23279,1.23267,1500000,1500000
2021-10-22 12:42:49.626000,1.23283,1.23272,1120000,1000000
2021-10-22 12:42:52.595000,1.23284,1.23274,1500000,1000000
2021-10-22 12:42:53.275000,1.23284,1.23274,1120000,1000000
2021-10-22 12:42:57.820000,1.23287,1.23275,1500000,1000000
2021-10-22 12:42:58.022000,1.23287,1.23276,1120000,1000000
2021-10-22 12:42:58.073000,1.23289,1.23276,1870000,1870000
2021-10-22 12:42:58.174000,1.23289,1.23277,1500000,1000000
2021-10-22 12:43:01.307000,1.23289,1.23276,1500000,1000000
2021-10-22 12:43:01.358000,1.23286,1.23275,1500000,1000000
2021-10-22 12:43:01.459000,1.23285,1.23273,1120000,1500000
2021-10-22 12:43:02.645000,1.23282,1.23269,1000000,2740000
2021-10-22 12:43:06.190000,1.23281,1.2327,1500000,1000000
2021-10-22 12:43:06.291000,1.23281,1.23269,1500000,1000000
2021-10-22 12:43:08.700000,1.23281,1.23268,1500000,1000000
2021-10-22 12:43:11.054000,1.23278,1.23266,1000000,1000000
2021-10-22 12:43:12.289000,1.23277,1.23265,2620000,1120000
2021-10-22 12:43:12.390000,1.23274,1.23264,1000000,1500000
2021-10-22 12:43:14.615000,1.23276,1.23264,1870000,1000000
2021-10-22 12:43:14.721000,1.23275,1.23263,1000000,1500000
2021-10-22 12:43:15.874000,1.23276,1.23263,1120000,1500000
2021-10-22 12:43:15.975000,1.23276,1.23264,1120000,1500000
2021-10-22 12:43:30.932000,1.23274,1.23265,1000000,1000000
2021-10-22 12:43:31.034000,1.23271,1.23259,1000000,1000000
2021-10-22 12:43:31.395000,1.23269,1.23257,1120000,1500000
2021-10-22 12:43:31.597000,1.2327,1.23258,1810000,1000000
2021-10-22 12:43:31.698000,1.2327,1.23258,1120000,1000000
2021-10-22 12:43:38.615000,1.2327,1.2326,1500000,1000000
2021-10-22 12:43:38.717000,1.23276,1.23265,1000000,1000000
2021-10-22 12:43:38.818000,1.23278,1.23266,1120000,1000000
2021-10-22 12:43:42.090000,1.23281,1.23271,1000000,1690000
2021-10-22 12:43:42.141000,1.23284,1.23273,1500000,1120000
2021-10-22 12:43:42.191000,1.23288,1.23278,3300000,1000000
2021-10-22 12:43:42.242000,1.23288,1.23278,2520000,1000000
2021-10-22 12:43:42.898000,1.2328,1.23272,1120000,1120000
2021-10-22 12:43:42.999000,1.23276,1.23264,2940000,1620000
2021-10-22 12:43:43.100000,1.23271,1.23261,1870000,1000000
2021-10-22 12:43:43.202000,1.2327,1.23259,1000000,3000000
2021-10-22 12:43:43.828000,1.23271,1.23259,1000000,1000000
2021-10-22 12:43:45.692000,1.23272,1.2326,1950000,1000000
2021-10-22 12:43:45.895000,1.23273,1.23265,1500000,1000000
2021-10-22 12:43:45.996000,1.23277,1.23265,1120000,1000000
2021-10-22 12:43:48.205000,1.23277,1.23267,1120000,1000000
2021-10-22 12:43:48.306000,1.23279,1.23267,1600000,1000000
2021-10-22 12:43:48.912000,1.23278,1.23266,1120000,1000000
2021-10-22 12:43:52.056000,1.23276,1.23266,1000000,1000000
2021-10-22 12:43:52.258000,1.23277,1.23268,1000000,1250000
2021-10-22 12:43:52.309000,1.23281,1.23269,2070000,1000000
2021-10-22 12:43:52.410000,1.23281,1.23269,1000000,1120000
2021-10-22 12:43:53.571000,1.23281,1.23271,1600000,1000000
2021-10-22 12:44:04.950000,1.23278,1.23266,1000000,1120000
2021-10-22 12:44:06.070000,1.23278,1.23268,1600000,1000000
2021-10-22 12:44:06.272000,1.2328,1.23268,1500000,1000000
2021-10-22 12:44:06.373000,1.2328,1.23268,1120000,1000000
2021-10-22 12:44:16.016000,1.23278,1.23268,1000000,1000000
2021-10-22 12:44:16.067000,1.23278,1.23265,1200000,1120000
2021-10-22 12:44:16.168000,1.23276,1.23266,1000000,1120000
2021-10-22 12:44:16.320000,1.23278,1.23267,1600000,1000000
2021-10-22 12:44:16.522000,1.23278,1.23265,1200000,1120000
2021-10-22 12:44:17.179000,1.2328,1.2327,3000000,1000000
2021-10-22 12:44:17.280000,1.23283,1.23272,1120000,1000000
2021-10-22 12:44:17.381000,1.23284,1.23272,1000000,1120000
2021-10-22 12:44:17.483000,1.23285,1.23273,1500000,1000000
2021-10-22 12:44:17.585000,1.23286,1.23276,1100000,1000000
2021-10-22 12:44:17.687000,1.23287,1.23278,1000000,1000000
2021-10-22 12:44:17.788000,1.23291,1.23279,1870000,1000000
2021-10-22 12:44:18.660000,1.23291,1.23281,1500000,1000000
2021-10-22 12:44:18.761000,1.23292,1.2328,1000000,1000000
2021-10-22 12:44:18.975000,1.23293,1.23281,1120000,1000000
2021-10-22 12:44:19.502000,1.23293,1.23281,2070000,1000000
2021-10-22 12:44:19.979000,1.23293,1.2328,2820000,1000000
2021-10-22 12:44:23.184000,1.23293,1.23281,2070000,1000000
2021-10-22 12:44:25.509000,1.23293,1.2328,1600000,1000000
2021-10-22 12:44:27.537000,1.2329,1.23278,2190000,1500000
2021-10-22 12:44:27.588000,1.23288,1.23276,1120000,1000000
2021-10-22 12:44:28.212000,1.23286,1.23276,1000000,1120000
2021-10-22 12:44:30.697000,1.23288,1.23276,1120000,1000000
2021-10-22 12:44:30.900000,1.2329,1.2328,1500000,1000000
2021-10-22 12:44:31.001000,1.23292,1.2328,1000000,1870000
2021-10-22 12:44:31.102000,1.23294,1.23282,1310000,1000000
2021-10-22 12:44:31.203000,1.23297,1.23284,1750000,1000000
2021-10-22 12:44:31.304000,1.23296,1.23285,1000000,1000000
2021-10-22 12:44:31.405000,1.23295,1.23285,1000000,1000000
2021-10-22 12:44:31.506000,1.23294,1.23284,1000000,1000000
2021-10-22 12:44:36.807000,1.23296,1.23284,1000000,1000000
2021-10-22 12:44:37.143000,1.23298,1.23288,2000000,1000000
2021-10-22 12:44:37.245000,1.233,1.23289,1120000,1000000
2021-10-22 12:44:37.346000,1.23301,1.23289,1120000,1000000
2021-10-22 12:44:37.497000,1.233,1.2329,1500000,1000000
2021-10-22 12:44:37.649000,1.233,1.23287,1120000,1500000
2021-10-22 12:44:37.800000,1.23302,1.23289,2000000,1000000
2021-10-22 12:44:37.851000,1.23302,1.23289,1120000,1000000
2021-10-22 12:44:38.057000,1.23301,1.23289,1000000,1000000
2021-10-22 12:44:38.974000,1.23302,1.2329,1120000,1000000
2021-10-22 12:44:39.581000,1.23301,1.23289,1000000,1000000
2021-10-22 12:44:40.076000,1.23302,1.2329,1120000,1000000
2021-10-22 12:44:40.177000,1.23301,1.23289,1000000,1000000
2021-10-22 12:44:40.329000,1.23302,1.2329,1120000,1000000
2021-10-22 12:44:41.023000,1.23301,1.23289,1120000,1000000
2021-10-22 12:44:41.379000,1.23301,1.2329,1120000,1000000
2021-10-22 12:44:42.451000,1.23304,1.23296,1000000,1000000
2021-10-22 12:44:42.552000,1.23307,1.23297,1120000,1000000
2021-10-22 12:44:42.653000,1.23309,1.23297,1500000,1000000
2021-10-22 12:44:42.953000,1.23309,1.23297,1120000,1000000
2021-10-22 12:44:43.941000,1.23308,1.23298,1500000,1000000
2021-10-22 12:44:44.244000,1.23308,1.23296,1120000,1120000
2021-10-22 12:44:44.345000,1.23307,1.23295,1000000,1500000
2021-10-22 12:44:44.497000,1.23304,1.23294,1000000,1500000
2021-10-22 12:44:44.598000,1.23303,1.23291,1000000,2000000
2021-10-22 12:44:45.538000,1.23303,1.23291,1120000,1120000
2021-10-22 12:44:45.639000,1.23302,1.2329,1000000,1500000
2021-10-22 12:44:45.740000,1.23299,1.23287,1120000,1870000
2021-10-22 12:44:46.269000,1.23301,1.23289,1120000,1120000
2021-10-22 12:44:46.470000,1.23301,1.23289,1000000,1500000
2021-10-22 12:44:47.148000,1.233,1.2329,1500000,1000000
2021-10-22 12:44:48.181000,1.23298,1.23288,1000000,2000000
2021-10-22 12:44:48.341000,1.23297,1.23287,1000000,1120000
2021-10-22 12:44:48.443000,1.23297,1.23285,1000000,1500000
2021-10-22 12:44:49.102000,1.23297,1.23285,1500000,1000000
2021-10-22 12:44:49.253000,1.23296,1.23284,1120000,1870000
2021-10-22 12:44:49.689000,1.23298,1.23287,1500000,1000000
2021-10-22 12:44:49.740000,1.23299,1.23287,1120000,1120000
2021-10-22 12:44:50.362000,1.233,1.23288,1500000,1000000
2021-10-22 12:44:50.464000,1.233,1.23289,1870000,1500000
2021-10-22 12:44:54.073000,1.233,1.23289,1000000,1120000
2021-10-22 12:44:54.124000,1.23293,1.23287,1000000,1120000
2021-10-22 12:44:54.175000,1.23294,1.23284,1870000,1000000
2021-10-22 12:44:54.226000,1.23293,1.23281,1000000,1500000
2021-10-22 12:44:54.328000,1.23295,1.23285,1500000,1000000
2021-10-22 12:44:54.429000,1.23296,1.23284,1500000,1000000
2021-10-22 12:44:54.530000,1.23296,1.23284,1000000,1120000
2021-10-22 12:44:59.250000,1.23296,1.23283,1120000,1120000
2021-10-22 12:44:59.552000,1.23296,1.23284,1120000,1000000
2021-10-22 12:44:59.654000,1.23299,1.2329,1500000,1120000
2021-10-22 12:44:59.755000,1.233,1.2329,1120000,1120000
2021-10-22 12:45:02.389000,1.23301,1.23291,2000000,1000000
