time,ask,bid,ask_volume,bid_volume
2022-05-24 12:25:00.229000,1.27989,1.27976,1320000,1350000
2022-05-24 12:25:00.463000,1.27991,1.27985,1200000,1200000
2022-05-24 12:25:00.519000,1.27992,1.2798,1200000,1720000
2022-05-24 12:25:00.570000,1.27992,1.27982,1800000,1100000
2022-05-24 12:25:00.672000,1.27991,1.27982,1200000,1350000
2022-05-24 12:25:00.774000,1.27992,1.27979,1200000,2700000
2022-05-24 12:25:00.977000,1.27994,1.27982,1600000,1200000
2022-05-24 12:25:01.878000,1.27994,1.27982,1350000,1200000
2022-05-24 12:25:06.719000,1.27992,1.27979,1350000,1800000
2022-05-24 12:25:06.821000,1.27992,1.27981,1350000,1200000
2022-05-24 12:25:08.095000,1.27993,1.27982,1600000,1200000
2022-05-24 12:25:08.898000,1.2799,1.27979,1200000,1350000
2022-05-24 12:25:08.999000,1.27993,1.2798,1350000,1200000
2022-05-24 12:25:09.957000,1.27993,1.2798,1600000,1200000
2022-05-24 12:25:10.058000,1.27992,1.27979,1350000,1350000
2022-05-24 12:25:10.732000,1.27991,1.2798,1700000,1200000
2022-05-24 12:25:10.783000,1.27989,1.27976,1350000,1200000
2022-05-24 12:25:10.834000,1.27987,1.27974,1200000,2100000
2022-05-24 12:25:10.986000,1.27987,1.27976,1200000,1350000
2022-05-24 12:25:11.417000,1.27989,1.27976,1350000,1200000
2022-05-24 12:25:12.520000,1.27988,1.27975,1200000,1350000
2022-05-24 12:25:12.830000,1.27986,1.27973,1350000,1350000
2022-05-24 12:25:13.965000,1.27982,1.27971,1200000,1600000
2022-05-24 12:25:14.269000,1.27984,1.27971,1200000,1350000
2022-05-24 12:25:14.679000,1.27982,1.27969,1200000,1350000
2022-05-24 12:25:14.882000,1.27983,1.2797,1800000,1200000
2022-05-24 12:25:14.984000,1.27984,1.27971,1350000,1200000
2022-05-24 12:25:16.405000,1.27985,1.27972,1350000,1200000
2022-05-24 12:25:18.401000,1.27986,1.27976,1200000,1200000
2022-05-24 12:25:18.503000,1.27986,1.27977,1200000,1200000
2022-05-24 12:25:18.554000,1.2799,1.27977,1440000,1200000
2022-05-24 12:25:19.267000,1.27991,1.27978,2100000,1200000
2022-05-24 12:25:19.797000,1.27991,1.27979,1570000,1200000
2022-05-24 12:25:19.848000,1.27991,1.27982,1200000,1800000
2022-05-24 12:25:19.899000,1.27997,1.27984,1440000,1200000
2022-05-24 12:25:21.931000,1.27996,1.27983,1200000,1440000
2022-05-24 12:25:22.223000,1.27995,1.27982,1350000,1320000
2022-05-24 12:25:22.325000,1.27995,1.27982,1600000,1200000
2022-05-24 12:25:25.858000,1.27994,1.27981,1350000,2790000
2022-05-24 12:25:25.960000,1.27995,1.27982,1200000,1440000
2022-05-24 12:25:27.947000,1.27997,1.27984,2100000,1200000
2022-05-24 12:25:28.049000,1.27997,1.27984,1200000,1350000
2022-05-24 12:25:28.151000,1.27996,1.27983,1200000,2170000
2022-05-24 12:25:29.876000,1.27996,1.27983,1200000,1350000
2022-05-24 12:25:31.836000,1.27996,1.27985,1350000,1200000
2022-05-24 12:25:32.364000,1.27997,1.27988,1200000,1800000
2022-05-24 12:25:32.466000,1.27998,1.2799,1200000,1800000
2022-05-24 12:25:32.517000,1.28005,1.27992,1600000,1200000
2022-05-24 12:25:33.760000,1.27998,1.27989,1350000,1200000
2022-05-24 12:25:33.862000,1.27997,1.27989,1200000,1120000
2022-05-24 12:25:33.963000,1.27996,1.27985,1200000,1350000
2022-05-24 12:25:34.685000,1.27999,1.27987,1600000,1200000
2022-05-24 12:25:34.837000,1.27999,1.27987,1200000,1200000
2022-05-24 12:25:34.960000,1.27999,1.27988,1350000,1200000
2022-05-24 12:25:35.950000,1.28,1.27987,2170000,1200000
2022-05-24 12:25:36.001000,1.27998,1.27985,1200000,2250000
2022-05-24 12:25:36.103000,1.27999,1.27986,2250000,1200000
2022-05-24 12:25:37.006000,1.27998,1.27985,1200000,1350000
2022-05-24 12:25:37.107000,1.27998,1.27987,2250000,1200000
2022-05-24 12:25:37.310000,1.27998,1.27988,2250000,1200000
2022-05-24 12:25:38.001000,1.27999,1.27986,1350000,1200000
2022-05-24 12:25:38.103000,1.27999,1.27987,1350000,1200000
2022-05-24 12:25:38.990000,1.27999,1.27986,1350000,1200000
2022-05-24 12:25:39.811000,1.28,1.27988,1200000,1200000
2022-05-24 12:25:40.369000,1.27998,1.27988,1200000,1200000
2022-05-24 12:25:41.244000,1.27997,1.27985,1800000,1200000
2022-05-24 12:25:41.345000,1.27997,1.27984,1800000,1440000
2022-05-24 12:25:44.533000,1.28,1.27988,1200000,1200000
2022-05-24 12:25:44.736000,1.28002,1.27989,2250000,1320000
2022-05-24 12:25:46.626000,1.28004,1.27992,1350000,1200000
2022-05-24 12:25:47.263000,1.28003,1.27992,1200000,1440000
2022-05-24 12:25:55.015000,1.28004,1.27992,1200000,1200000
2022-05-24 12:25:55.169000,1.27999,1.27989,1200000,1200000
2022-05-24 12:25:55.270000,1.27998,1.27989,1200000,1120000
2022-05-24 12:25:55.372000,1.27998,1.27985,1200000,1440000
2022-05-24 12:25:55.846000,1.27997,1.27984,1350000,2220000
2022-05-24 12:25:59.236000,1.27996,1.27983,1200000,1700000
2022-05-24 12:26:00.086000,1.27994,1.27984,1200000,1200000
2022-05-24 12:26:00.188000,1.27993,1.27981,1200000,1200000
2022-05-24 12:26:00.290000,1.27993,1.2798,1440000,1200000
2022-05-24 12:26:02,1.27992,1.27979,1200000,1440000
2022-05-24 12:26:02.310000,1.27994,1.27984,1350000,1200000
2022-05-24 12:26:03.307000,1.27993,1.27981,1200000,1200000
2022-05-24 12:26:03.409000,1.27993,1.2798,1200000,2340000
2022-05-24 12:26:05.404000,1.27993,1.2798,1200000,1700000
2022-05-24 12:26:05.709000,1.27995,1.27983,1200000,1350000
2022-05-24 12:26:06.164000,1.27994,1.27982,1200000,2170000
2022-05-24 12:26:06.883000,1.27994,1.27983,1200000,2590000
2022-05-24 12:26:09.340000,1.27994,1.27982,1200000,2550000
2022-05-24 12:26:10.766000,1.27992,1.27981,1200000,1440000
2022-05-24 12:26:10.868000,1.27989,1.27981,1200000,1600000
2022-05-24 12:26:11.534000,1.2799,1.27981,1200000,1600000
2022-05-24 12:26:11.635000,1.2799,1.2798,1200000,1600000
2022-05-24 12:26:11.737000,1.27989,1.27981,1200000,1200000
2022-05-24 12:26:11.889000,1.2799,1.27978,1200000,1720000
2022-05-24 12:26:16.340000,1.27988,1.27978,1200000,1720000
2022-05-24 12:26:18.734000,1.27983,1.27976,1800000,1200000
2022-05-24 12:26:18.836000,1.27983,1.27976,1200000,1120000
2022-05-24 12:26:18.887000,1.27979,1.27969,1200000,1200000
2022-05-24 12:26:18.989000,1.27978,1.27967,1200000,2560000
2022-05-24 12:26:19.192000,1.27979,1.27966,1200000,2010000
2022-05-24 12:26:19.638000,1.27978,1.27966,1200000,2200000
2022-05-24 12:26:21.027000,1.27979,1.27967,1200000,1700000
2022-05-24 12:26:21.545000,1.27978,1.27966,1200000,2200000
2022-05-24 12:26:22.919000,1.27977,1.27966,2100000,1200000
2022-05-24 12:26:23.020000,1.27971,1.27961,1200000,1240000
2022-05-24 12:26:23.122000,1.27972,1.2796,1200000,1440000
2022-05-24 12:26:24.078000,1.27971,1.27959,1200000,2340000
2022-05-24 12:26:31.396000,1.27971,1.2796,1200000,1440000
2022-05-24 12:26:32.853000,1.27971,1.2796,1200000,1240000
2022-05-24 12:26:32.957000,1.27973,1.2796,1350000,1320000
2022-05-24 12:26:33.110000,1.27973,1.27961,1350000,1200000
2022-05-24 12:26:33.266000,1.27973,1.2796,1350000,1320000
2022-05-24 12:26:35.097000,1.27972,1.27962,1200000,1200000
2022-05-24 12:26:36.484000,1.27974,1.27961,1350000,1320000
2022-05-24 12:26:36.687000,1.27976,1.27963,2250000,5220000
2022-05-24 12:26:36.738000,1.27978,1.27968,1800000,1350000
2022-05-24 12:26:36.840000,1.27979,1.27967,1120000,1700000
2022-05-24 12:26:36.941000,1.2798,1.27967,1200000,1700000
2022-05-24 12:26:39.806000,1.2798,1.2797,1200000,1890000
2022-05-24 12:26:39.908000,1.27979,1.27968,1200000,2220000
2022-05-24 12:26:43.496000,1.2798,1.2797,1200000,1240000
2022-05-24 12:26:43.598000,1.27984,1.27972,1800000,1350000
2022-05-24 12:26:44.411000,1.27983,1.27971,1200000,1440000
2022-05-24 12:26:45.221000,1.27986,1.27975,1200000,1200000
2022-05-24 12:26:45.323000,1.27985,1.27976,1200000,1120000
2022-05-24 12:26:45.438000,1.27987,1.27975,1200000,1120000
2022-05-24 12:26:45.594000,1.27986,1.27976,1200000,1320000
2022-05-24 12:26:50.594000,1.27987,1.27975,1200000,2220000
2022-05-24 12:26:50.746000,1.27988,1.27975,1200000,2220000
2022-05-24 12:26:55.270000,1.27984,1.27975,1600000,1320000
2022-05-24 12:26:55.321000,1.27983,1.27972,1200000,1320000
2022-05-24 12:26:55.422000,1.27982,1.2797,1200000,1440000
2022-05-24 12:26:55.828000,1.27982,1.27972,1200000,1440000
2022-05-24 12:26:55.929000,1.27984,1.27972,1200000,1200000
2022-05-24 12:26:56.031000,1.27983,1.27972,1200000,1440000
2022-05-24 12:27:00.335000,1.27986,1.27975,2250000,1200000
2022-05-24 12:27:02.376000,1.27986,1.27975,1200000,1700000
2022-05-24 12:27:03.028000,1.27981,1.27974,1200000,1200000
2022-05-24 12:27:03.079000,1.27983,1.27972,1200000,1440000
2022-05-24 12:27:03.333000,1.27983,1.27973,1200000,1320000
2022-05-24 12:27:07.169000,1.27984,1.27971,1200000,1320000
2022-05-24 12:27:07.221000,1.27982,1.27969,1200000,1990000
2022-05-24 12:27:07.322000,1.27982,1.27969,1200000,1440000
2022-05-24 12:27:07.506000,1.27981,1.27968,1200000,2340000
2022-05-24 12:27:07.659000,1.27979,1.27967,1200000,1240000
2022-05-24 12:27:07.761000,1.27979,1.27966,1200000,1990000
2022-05-24 12:27:07.862000,1.27976,1.27966,1200000,2700000
2022-05-24 12:27:08.066000,1.27976,1.27965,1200000,1440000
2022-05-24 12:27:08.167000,1.27977,1.27964,1200000,1240000
2022-05-24 12:27:08.269000,1.27978,1.27968,1200000,1320000
2022-05-24 12:27:09.698000,1.27979,1.27968,1350000,1660000
2022-05-24 12:27:09.818000,1.2798,1.27967,1200000,1810000
2022-05-24 12:27:10.664000,1.27979,1.27968,1200000,1440000
2022-05-24 12:27:11.799000,1.27981,1.27968,1350000,1320000
2022-05-24 12:27:13.815000,1.2798,1.27967,1200000,1990000
2022-05-24 12:27:14.555000,1.2798,1.27967,1200000,2340000
2022-05-24 12:27:14.743000,1.2798,1.27967,1200000,1990000
2022-05-24 12:27:16.681000,1.27979,1.27968,1200000,1440000
2022-05-24 12:27:16.838000,1.2798,1.27967,1200000,1240000
2022-05-24 12:27:17.500000,1.2798,1.27967,1200000,1440000
2022-05-24 12:27:17.602000,1.2798,1.27967,1200000,1240000
2022-05-24 12:27:21.017000,1.27984,1.27973,1200000,1720000
2022-05-24 12:27:21.119000,1.27984,1.27975,1200000,2170000
2022-05-24 12:27:21.220000,1.27988,1.27975,1200000,2920000
2022-05-24 12:27:22.771000,1.27989,1.27976,1200000,1440000
2022-05-24 12:27:22.822000,1.2799,1.27978,1200000,1200000
2022-05-24 12:27:22.924000,1.27991,1.27978,1350000,1200000
2022-05-24 12:27:23.026000,1.2799,1.27978,1200000,1350000
2022-05-24 12:27:23.441000,1.2799,1.27979,1350000,1350000
2022-05-24 12:27:23.544000,1.27991,1.27982,1200000,1320000
2022-05-24 12:27:23.595000,1.27993,1.27982,1350000,1320000
2022-05-24 12:27:23.697000,1.27994,1.27982,1350000,1200000
2022-05-24 12:27:23.849000,1.27993,1.27981,1200000,1440000
2022-05-24 12:27:23.951000,1.27994,1.27981,1200000,1440000
2022-05-24 12:27:24.318000,1.27992,1.27981,1200000,1350000
2022-05-24 12:27:24.420000,1.27992,1.27979,1200000,2170000
2022-05-24 12:27:24.521000,1.27993,1.2798,1200000,1350000
2022-05-24 12:27:25.009000,1.27992,1.2798,1200000,1350000
2022-05-24 12:27:26.081000,1.27993,1.2798,1200000,1350000
2022-05-24 12:27:26.274000,1.27993,1.2798,1200000,1720000
2022-05-24 12:27:26.325000,1.27995,1.27982,1200000,1700000
2022-05-24 12:27:27.100000,1.27994,1.27983,1200000,2200000
2022-05-24 12:27:28.722000,1.27994,1.27983,1200000,2170000
2022-05-24 12:27:28.925000,1.2799,1.27979,1200000,1200000
2022-05-24 12:27:29.027000,1.27989,1.27977,1200000,1440000
2022-05-24 12:27:29.280000,1.27989,1.27977,1200000,1720000
2022-05-24 12:27:29.331000,1.27992,1.27979,1200000,1600000
2022-05-24 12:27:29.433000,1.2799,1.27979,1200000,2340000
2022-05-24 12:27:31.033000,1.2799,1.27977,1200000,1440000
2022-05-24 12:27:31.827000,1.27989,1.27976,1200000,2170000
2022-05-24 12:27:34.069000,1.27989,1.27976,1350000,2020000
2022-05-24 12:27:34.222000,1.27986,1.27974,1200000,1700000
2022-05-24 12:27:34.323000,1.27985,1.27974,1200000,1200000
2022-05-24 12:27:34.375000,1.27985,1.27972,1200000,2340000
2022-05-24 12:27:34.527000,1.27985,1.27972,1200000,2170000
2022-05-24 12:27:34.882000,1.27986,1.27976,1200000,1350000
2022-05-24 12:27:35.085000,1.27988,1.27976,1200000,1200000
2022-05-24 12:27:35.414000,1.27989,1.27976,1350000,1200000
2022-05-24 12:27:35.870000,1.27988,1.27975,1200000,2220000
2022-05-24 12:27:37.791000,1.27989,1.27976,1200000,1440000
2022-05-24 12:27:37.943000,1.27989,1.27978,1350000,1200000
2022-05-24 12:27:38.512000,1.27988,1.27978,1200000,1200000
2022-05-24 12:27:39.381000,1.27989,1.27978,1350000,1200000
2022-05-24 12:27:44.870000,1.2799,1.27981,1200000,1200000
2022-05-24 12:27:44.921000,1.27993,1.27984,1200000,1200000
2022-05-24 12:27:44.973000,1.27996,1.27983,1200000,1350000
2022-05-24 12:27:45.605000,1.27995,1.27982,1200000,2170000
2022-05-24 12:27:47.298000,1.27992,1.27981,1200000,3240000
2022-05-24 12:27:47.400000,1.27992,1.2798,1200000,1440000
2022-05-24 12:27:52.195000,1.27991,1.27978,1200000,2200000
2022-05-24 12:27:52.297000,1.27991,1.2798,1200000,1700000
2022-05-24 12:27:56.166000,1.27991,1.2798,1200000,1440000
2022-05-24 12:27:56.369000,1.27993,1.27982,2250000,2700000
2022-05-24 12:27:56.471000,1.27994,1.27982,1800000,1200000
2022-05-24 12:27:57.267000,1.27995,1.27982,1200000,1700000
2022-05-24 12:27:58.105000,1.27996,1.27983,1200000,1350000
2022-05-24 12:27:58.547000,1.27995,1.27985,1200000,1200000
2022-05-24 12:27:59.271000,1.27996,1.27983,1200000,1440000
2022-05-24 12:28:00.551000,1.27996,1.27984,1200000,1200000
2022-05-24 12:28:01.122000,1.27992,1.27981,1200000,2100000
2022-05-24 12:28:01.973000,1.27995,1.27983,1800000,1200000
2022-05-24 12:28:03.092000,1.27996,1.27983,1350000,1200000
2022-05-24 12:28:08.933000,1.27992,1.27979,1350000,1320000
2022-05-24 12:28:10.068000,1.2799,1.27979,1200000,1440000
2022-05-24 12:28:12.614000,1.2799,1.27977,1350000,1350000
2022-05-24 12:28:12.715000,1.27989,1.27976,1200000,1440000
2022-05-24 12:28:13.077000,1.27987,1.27976,1200000,2740000
2022-05-24 12:28:13.178000,1.27988,1.27975,1600000,2740000
2022-05-24 12:28:13.426000,1.27988,1.27975,1600000,3010000
2022-05-24 12:28:19.906000,1.27982,1.27976,1200000,1200000
2022-05-24 12:28:19.957000,1.27983,1.27971,1200000,1200000
2022-05-24 12:28:20.059000,1.27982,1.27969,1200000,2850000
2022-05-24 12:28:22.388000,1.27982,1.27969,1350000,1200000
2022-05-24 12:28:22.490000,1.2798,1.27969,1200000,1440000
2022-05-24 12:28:24.184000,1.27981,1.27971,1720000,1200000
2022-05-24 12:28:24.438000,1.27981,1.27971,1350000,1200000
2022-05-24 12:28:25.937000,1.27984,1.27974,1200000,1350000
2022-05-24 12:28:25.988000,1.27986,1.27975,1200000,1350000
2022-05-24 12:28:26.090000,1.27988,1.27975,1350000,1200000
2022-05-24 12:28:26.242000,1.27988,1.27976,1200000,1200000
2022-05-24 12:28:26.496000,1.27988,1.27977,1350000,1200000
2022-05-24 12:28:27.486000,1.27988,1.27976,1200000,1200000
2022-05-24 12:28:28.106000,1.27987,1.27976,1200000,1350000
2022-05-24 12:28:33.554000,1.27988,1.27976,1200000,1200000
2022-05-24 12:28:35.062000,1.27989,1.27977,1200000,1200000
2022-05-24 12:28:35.164000,1.27991,1.2798,1800000,1350000
2022-05-24 12:28:35.266000,1.27992,1.27981,1320000,1350000
2022-05-24 12:28:36.447000,1.27991,1.2798,1440000,1800000
2022-05-24 12:28:36.549000,1.27991,1.27979,1320000,1800000
2022-05-24 12:28:36.869000,1.2799,1.27978,1200000,1350000
2022-05-24 12:28:38.143000,1.2799,1.2798,1200000,1200000
2022-05-24 12:28:38.245000,1.27991,1.27978,1200000,1350000
2022-05-24 12:28:41.588000,1.2799,1.2798,1200000,1200000
2022-05-24 12:28:44.993000,1.27991,1.27978,1320000,1350000
2022-05-24 12:28:45.095000,1.27991,1.27978,1120000,1350000
2022-05-24 12:28:45.529000,1.27987,1.27977,1200000,2250000
2022-05-24 12:28:46.366000,1.27984,1.27975,1120000,1200000
2022-05-24 12:28:46.417000,1.27982,1.2797,1800000,1800000
2022-05-24 12:28:46.570000,1.2798,1.27969,1240000,1200000
2022-05-24 12:28:46.773000,1.27979,1.27966,1320000,2100000
2022-05-24 12:28:46.874000,1.27978,1.27967,1120000,2100000
2022-05-24 12:28:47.077000,1.27979,1.27966,1240000,1800000
2022-05-24 12:28:50.164000,1.27978,1.27967,1320000,1350000
2022-05-24 12:28:50.879000,1.27978,1.27967,1240000,1350000
2022-05-24 12:28:51.809000,1.27978,1.27967,1240000,1200000
2022-05-24 12:28:51.910000,1.27979,1.27966,1240000,1200000
2022-05-24 12:28:55.615000,1.27978,1.27965,1120000,1200000
2022-05-24 12:28:55.925000,1.27975,1.27963,2340000,2700000
2022-05-24 12:28:56.517000,1.27976,1.27963,1320000,1350000
2022-05-24 12:28:56.770000,1.27976,1.27965,1320000,1200000
2022-05-24 12:28:57.393000,1.27979,1.27967,1320000,1200000
2022-05-24 12:28:57.612000,1.2798,1.27968,1320000,1200000
2022-05-24 12:28:58.934000,1.2798,1.27968,1120000,1200000
2022-05-24 12:28:59.036000,1.27979,1.27969,1320000,1200000
2022-05-24 12:28:59.138000,1.2798,1.27968,1200000,1600000
2022-05-24 12:28:59.189000,1.2798,1.27969,1320000,1350000
2022-05-24 12:28:59.291000,1.2798,1.27969,1120000,1200000
2022-05-24 12:28:59.392000,1.27982,1.27969,1240000,1200000
2022-05-24 12:29:00.858000,1.27986,1.27973,2220000,1200000
2022-05-24 12:29:00.960000,1.27985,1.27975,2220000,1200000
2022-05-24 12:29:02.321000,1.27987,1.27977,1120000,1200000
2022-05-24 12:29:02.372000,1.27986,1.27978,1200000,1200000
2022-05-24 12:29:02.474000,1.27989,1.27977,1440000,1200000
2022-05-24 12:29:02.626000,1.27983,1.27974,2220000,1200000
2022-05-24 12:29:02.677000,1.27984,1.27971,1620000,1200000
2022-05-24 12:29:04.424000,1.27985,1.27973,2220000,1200000
2022-05-24 12:29:04.525000,1.27984,1.27974,2340000,1200000
2022-05-24 12:29:05.158000,1.27985,1.27972,1240000,1200000
2022-05-24 12:29:05.286000,1.27983,1.27972,1720000,1200000
2022-05-24 12:29:05.387000,1.27984,1.27971,1620000,1200000
2022-05-24 12:29:05.489000,1.27983,1.2797,1240000,1200000
2022-05-24 12:29:07.345000,1.27979,1.27969,1800000,1200000
2022-05-24 12:29:09.864000,1.27979,1.27967,3340000,1200000
2022-05-24 12:29:09.966000,1.27973,1.27966,1350000,1200000
2022-05-24 12:29:10.067000,1.27973,1.27963,1440000,1200000
2022-05-24 12:29:10.805000,1.27975,1.27963,2170000,1200000
2022-05-24 12:29:10.856000,1.27976,1.27964,1440000,1200000
2022-05-24 12:29:12.114000,1.27976,1.27963,1240000,1200000
2022-05-24 12:29:15.990000,1.27974,1.27963,1100000,1200000
2022-05-24 12:29:16.092000,1.27974,1.27962,2220000,1200000
2022-05-24 12:29:17.693000,1.27975,1.27963,2170000,1200000
2022-05-24 12:29:19.976000,1.27975,1.27963,1440000,1200000
2022-05-24 12:29:20.078000,1.27975,1.27965,1990000,1200000
2022-05-24 12:29:20.180000,1.27976,1.27963,1240000,1200000
2022-05-24 12:29:20.361000,1.27976,1.27965,2170000,1200000
2022-05-24 12:29:20.463000,1.27977,1.27964,2340000,1200000
2022-05-24 12:29:20.564000,1.27977,1.27964,1990000,1200000
2022-05-24 12:29:20.818000,1.27975,1.27965,1240000,1200000
2022-05-24 12:29:21.193000,1.27975,1.27964,1440000,1200000
2022-05-24 12:29:21.869000,1.27976,1.27963,1240000,1200000
2022-05-24 12:29:23.612000,1.27975,1.27964,1440000,1200000
2022-05-24 12:29:23.765000,1.27975,1.27963,1440000,1200000
2022-05-24 12:29:23.893000,1.27975,1.27962,1720000,1200000
2022-05-24 12:29:23.996000,1.27974,1.27962,1700000,1200000
2022-05-24 12:29:24.318000,1.27974,1.27963,1240000,1200000
2022-05-24 12:29:26.963000,1.27975,1.27964,3240000,1200000
2022-05-24 12:29:30.086000,1.27975,1.27965,2970000,1200000
2022-05-24 12:29:30.596000,1.27975,1.27965,2120000,1200000
2022-05-24 12:29:30.698000,1.27975,1.27963,1240000,1200000
2022-05-24 12:29:31.077000,1.27974,1.27963,1200000,1200000
2022-05-24 12:29:31.797000,1.27975,1.27963,1240000,1200000
2022-05-24 12:29:31.898000,1.27975,1.27965,1740000,1200000
2022-05-24 12:29:32.148000,1.27976,1.27964,1840000,1200000
2022-05-24 12:29:33.564000,1.27976,1.27965,2220000,1200000
2022-05-24 12:29:33.667000,1.27977,1.27965,1240000,1200000
2022-05-24 12:29:33.769000,1.27978,1.27966,2170000,1200000
2022-05-24 12:29:33.871000,1.27978,1.27967,1240000,1200000
2022-05-24 12:29:35.817000,1.27978,1.27965,1440000,1200000
2022-05-24 12:29:37.756000,1.2798,1.27968,1440000,1200000
2022-05-24 12:29:38.744000,1.27981,1.2797,2220000,1200000
2022-05-24 12:29:39.863000,1.27985,1.27974,2620000,1200000
2022-05-24 12:29:39.965000,1.27988,1.27977,1700000,1200000
2022-05-24 12:29:40.016000,1.27989,1.27977,1320000,1200000
2022-05-24 12:29:40.168000,1.27989,1.27976,1320000,1200000
2022-05-24 12:29:41.277000,1.27988,1.27976,1440000,1200000
2022-05-24 12:29:41.378000,1.27986,1.27975,1200000,1350000
2022-05-24 12:29:41.480000,1.27987,1.27975,1200000,1200000
2022-05-24 12:29:41.582000,1.27988,1.27975,1440000,1200000
2022-05-24 12:29:41.987000,1.27988,1.27978,1350000,1200000
2022-05-24 12:29:49.837000,1.27989,1.27976,1350000,1200000
2022-05-24 12:29:50.063000,1.27988,1.27977,1240000,1200000
2022-05-24 12:29:50.832000,1.27989,1.27976,1440000,1200000
2022-05-24 12:29:56.934000,1.27989,1.27977,1320000,1200000
2022-05-24 12:29:58.695000,1.2799,1.2798,1120000,1200000
2022-05-24 12:29:58.848000,1.27992,1.27979,1990000,1200000
2022-05-24 12:29:58.979000,1.27992,1.27981,1990000,1200000
2022-05-24 12:29:59.555000,1.27992,1.27981,1240000,1200000
2022-05-24 12:30:01.177000,1.27992,1.27979,1240000,1200000
2022-05-24 12:30:04.506000,1.27991,1.27981,1240000,1200000
2022-05-24 12:30:04.608000,1.27991,1.27981,1320000,1200000
2022-05-24 12:30:05.288000,1.27991,1.2798,1440000,1200000
2022-05-24 12:30:05.390000,1.27992,1.27979,1240000,1200000
2022-05-24 12:30:05.492000,1.2799,1.27978,1200000,1200000
2022-05-24 12:30:05.594000,1.27989,1.27976,1120000,2100000
2022-05-24 12:30:05.695000,1.27989,1.27976,1320000,2100000
2022-05-24 12:30:05.797000,1.27988,1.27976,1320000,2100000
2022-05-24 12:30:06.913000,1.27983,1.27974,1200000,1200000
2022-05-24 12:30:07.015000,1.2798,1.27969,1320000,1350000
2022-05-24 12:30:07.218000,1.27979,1.27968,1890000,1800000
2022-05-24 12:30:07.725000,1.2798,1.27968,1440000,1200000
2022-05-24 12:30:08.730000,1.27981,1.27969,1350000,1200000
2022-05-24 12:30:13.046000,1.27981,1.27968,1320000,1350000
2022-05-24 12:30:13.613000,1.27979,1.27969,1200000,1350000
2022-05-24 12:30:18.888000,1.27982,1.27971,1200000,1350000
2022-05-24 12:30:18.991000,1.27981,1.27969,1200000,1350000
2022-05-24 12:30:19.997000,1.27984,1.27971,1440000,1200000
2022-05-24 12:30:20.383000,1.27984,1.27973,1200000,1350000
2022-05-24 12:30:20.434000,1.27987,1.27975,1200000,1200000
2022-05-24 12:30:20.753000,1.27986,1.27974,1200000,2250000
2022-05-24 12:30:22.024000,1.27986,1.27975,1200000,1350000
2022-05-24 12:30:23.838000,1.27986,1.27974,1200000,1350000
2022-05-24 12:30:24.088000,1.27987,1.27974,1320000,1350000
2022-05-24 12:30:24.367000,1.27982,1.27972,1200000,1200000
2022-05-24 12:30:24.418000,1.27982,1.27969,1350000,2250000
2022-05-24 12:30:25.456000,1.27981,1.2797,1800000,1350000
2022-05-24 12:30:26.725000,1.27982,1.27969,1440000,1350000
2022-05-24 12:30:28.014000,1.27983,1.27971,1200000,1200000
2022-05-24 12:30:28.115000,1.27983,1.27972,1350000,1200000
2022-05-24 12:30:31.768000,1.27984,1.27972,1350000,1200000
2022-05-24 12:30:32.750000,1.27987,1.27974,1320000,1600000
2022-05-24 12:30:32.903000,1.27986,1.27974,1200000,1600000
2022-05-24 12:30:33.238000,1.27987,1.27974,1200000,1600000
2022-05-24 12:30:33.391000,1.27988,1.27975,1350000,1350000
2022-05-24 12:30:33.543000,1.27987,1.27975,1200000,1350000
2022-05-24 12:30:34.401000,1.27986,1.27974,1200000,2100000
2022-05-24 12:30:34.539000,1.27986,1.27973,1200000,2470000
2022-05-24 12:30:35.178000,1.27983,1.27972,1200000,1200000
2022-05-24 12:30:35.280000,1.27981,1.27973,1200000,1200000
2022-05-24 12:30:35.331000,1.27982,1.2797,1200000,1350000
2022-05-24 12:30:35.433000,1.2798,1.2797,1200000,1600000
2022-05-24 12:30:38.367000,1.27979,1.27969,1200000,1350000
2022-05-24 12:30:39.562000,1.27983,1.2797,1320000,2850000
2022-05-24 12:30:39.664000,1.27983,1.27972,1320000,1350000
2022-05-24 12:30:39.766000,1.27988,1.27976,1320000,1350000
2022-05-24 12:30:39.968000,1.27989,1.27976,1320000,1350000
2022-05-24 12:30:40.733000,1.27989,1.27977,1200000,1200000
2022-05-24 12:30:41.562000,1.27989,1.27976,1200000,1350000
2022-05-24 12:30:42.705000,1.27988,1.27975,1320000,2100000
2022-05-24 12:30:42.806000,1.27988,1.27975,1120000,1350000
2022-05-24 12:30:44.723000,1.27987,1.27974,1120000,2290000
2022-05-24 12:30:45.059000,1.27985,1.27973,1320000,1200000
2022-05-24 12:30:45.160000,1.27984,1.27974,1120000,1200000
2022-05-24 12:30:45.262000,1.27988,1.27975,1240000,1200000
2022-05-24 12:30:45.578000,1.27987,1.27974,1320000,1350000
2022-05-24 12:30:47.936000,1.27987,1.27975,1320000,1200000
2022-05-24 12:30:48.342000,1.27987,1.27974,1200000,1350000
2022-05-24 12:30:49.377000,1.27987,1.27974,1200000,2100000
2022-05-24 12:30:50.389000,1.27985,1.27973,1200000,1350000
2022-05-24 12:30:50.491000,1.27983,1.27972,1200000,2850000
2022-05-24 12:30:53.040000,1.27981,1.2797,1200000,2850000
2022-05-24 12:30:53.686000,1.2798,1.2797,1200000,1850000
2022-05-24 12:30:53.787000,1.27979,1.27968,1200000,2290000
2022-05-24 12:30:53.940000,1.27974,1.27965,1200000,1200000
2022-05-24 12:30:54.042000,1.27973,1.27964,1200000,1200000
2022-05-24 12:30:54.143000,1.27972,1.27962,1200000,1200000
2022-05-24 12:30:54.296000,1.27973,1.27962,1350000,1350000
2022-05-24 12:30:54.397000,1.27973,1.27961,1200000,1350000
2022-05-24 12:30:56.835000,1.27971,1.27961,1200000,1200000
2022-05-24 12:30:57.088000,1.27971,1.27959,1200000,1350000
2022-05-24 12:30:57.139000,1.27973,1.2796,1350000,1200000
2022-05-24 12:30:58.489000,1.27971,1.27961,1200000,1200000
2022-05-24 12:30:59.118000,1.27971,1.27959,1200000,1350000
2022-05-24 12:31:00.576000,1.27975,1.27962,2250000,1350000
2022-05-24 12:31:00.628000,1.27975,1.27963,1200000,1600000
2022-05-24 12:31:00.729000,1.27975,1.27964,1200000,1600000
2022-05-24 12:31:00.983000,1.27975,1.27963,1200000,1600000
2022-05-24 12:31:01.088000,1.27974,1.27964,1200000,1200000
2022-05-24 12:31:01.392000,1.27976,1.27963,1350000,1200000
2022-05-24 12:31:02.418000,1.27977,1.27964,1200000,1350000
2022-05-24 12:31:02.519000,1.27975,1.27964,1200000,1600000
2022-05-24 12:31:02.722000,1.27979,1.27966,1800000,1600000
2022-05-24 12:31:02.925000,1.27981,1.27968,1200000,1350000
2022-05-24 12:31:03.876000,1.2798,1.27969,1200000,1600000
2022-05-24 12:31:05.809000,1.27983,1.2797,1350000,1200000
2022-05-24 12:31:05.961000,1.27982,1.27971,1200000,1600000
2022-05-24 12:31:07.275000,1.27984,1.27971,1200000,1350000
2022-05-24 12:31:07.700000,1.27984,1.27971,1200000,1600000
2022-05-24 12:31:09.901000,1.27987,1.27974,1350000,1200000
2022-05-24 12:31:10.003000,1.27986,1.27975,1200000,1600000
2022-05-24 12:31:10.617000,1.27986,1.27974,1200000,1600000
2022-05-24 12:31:10.876000,1.27985,1.27975,1200000,1570000
2022-05-24 12:31:11.131000,1.27985,1.27974,1200000,1120000
2022-05-24 12:31:11.334000,1.27987,1.27974,1200000,1350000
2022-05-24 12:31:14.543000,1.27986,1.27975,1200000,2100000
2022-05-24 12:31:16.884000,1.27989,1.27976,1200000,1600000
2022-05-24 12:31:16.936000,1.27991,1.27979,1800000,1350000
2022-05-24 12:31:17.088000,1.27992,1.27979,1200000,1350000
2022-05-24 12:31:17.876000,1.27992,1.27979,1200000,1600000
2022-05-24 12:31:18.187000,1.27993,1.2798,1200000,1350000
2022-05-24 12:31:19.705000,1.27991,1.27978,1200000,1600000
2022-05-24 12:31:19.807000,1.27991,1.27978,1350000,1200000
2022-05-24 12:31:20.485000,1.2799,1.27978,1200000,1200000
2022-05-24 12:31:20.586000,1.27989,1.27977,1200000,1350000
2022-05-24 12:31:23.907000,1.27989,1.27979,1350000,1200000
2022-05-24 12:31:24.124000,1.27991,1.27978,1350000,1200000
2022-05-24 12:31:25.567000,1.2799,1.2798,1350000,1200000
2022-05-24 12:31:29.112000,1.27991,1.27978,1350000,1200000
2022-05-24 12:31:33.743000,1.27991,1.27979,1200000,1200000
2022-05-24 12:31:37.604000,1.27992,1.27979,1350000,1200000
2022-05-24 12:31:40.417000,1.27991,1.27978,1200000,2100000
2022-05-24 12:31:40.518000,1.27992,1.2798,1200000,1200000
2022-05-24 12:31:40.788000,1.27991,1.27978,1200000,2250000
2022-05-24 12:31:42.364000,1.27989,1.27978,1200000,2850000
2022-05-24 12:31:43.948000,1.27991,1.27978,1200000,1350000
2022-05-24 12:31:44.100000,1.27993,1.27984,1200000,1200000
2022-05-24 12:31:44.152000,1.27995,1.27984,1200000,1350000
2022-05-24 12:31:44.304000,1.27997,1.27984,1200000,1350000
2022-05-24 12:31:45.979000,1.27998,1.27986,1200000,1200000
2022-05-24 12:31:46.081000,1.28004,1.27992,1200000,1200000
2022-05-24 12:31:47.864000,1.28005,1.27992,1350000,1200000
2022-05-24 12:31:51.422000,1.28005,1.27992,3600000,1200000
2022-05-24 12:31:51.524000,1.27999,1.27991,2250000,1200000
2022-05-24 12:31:51.626000,1.27996,1.27985,1200000,1350000
2022-05-24 12:31:52.474000,1.27998,1.27987,1200000,2850000
2022-05-24 12:31:52.576000,1.28,1.27988,1200000,1200000
2022-05-24 12:31:52.881000,1.28,1.27987,1200000,1350000
2022-05-24 12:31:53.033000,1.28,1.27988,1200000,1200000
2022-05-24 12:31:53.135000,1.27996,1.27986,1200000,1200000
2022-05-24 12:31:53.237000,1.27994,1.27985,1200000,1200000
2022-05-24 12:31:53.288000,1.27994,1.27981,1200000,2100000
2022-05-24 12:31:53.542000,1.27995,1.27982,1200000,1350000
2022-05-24 12:31:58.130000,1.27995,1.27983,1200000,1200000
2022-05-24 12:31:59.036000,1.27994,1.27983,1200000,1350000
2022-05-24 12:31:59.137000,1.27993,1.27982,1200000,2100000
2022-05-24 12:31:59.803000,1.27992,1.27982,1200000,1200000
2022-05-24 12:31:59.906000,1.27992,1.27981,1200000,1350000
2022-05-24 12:32:00.122000,1.27992,1.2798,1200000,1350000
2022-05-24 12:32:00.223000,1.27991,1.2798,1200000,2250000
2022-05-24 12:32:00.376000,1.27993,1.27986,1200000,2250000
2022-05-24 12:32:00.436000,1.27993,1.27984,1200000,1350000
2022-05-24 12:32:00.537000,1.27995,1.27982,1200000,1350000
2022-05-24 12:32:01.236000,1.27995,1.27983,1200000,1200000
2022-05-24 12:32:01.558000,1.27994,1.27983,1200000,1350000
2022-05-24 12:32:01.609000,1.27992,1.27982,1350000,1350000
2022-05-24 12:32:01.711000,1.27994,1.27984,1100000,1350000
2022-05-24 12:32:01.762000,1.27996,1.27984,1200000,1350000
2022-05-24 12:32:03.116000,1.27997,1.27984,1350000,1350000
2022-05-24 12:32:03.473000,1.27995,1.27984,1200000,1600000
2022-05-24 12:32:03.524000,1.27994,1.27982,1200000,2100000
2022-05-24 12:32:03.625000,1.27996,1.27983,1200000,1600000
2022-05-24 12:32:05.399000,1.27995,1.27983,1200000,1600000
2022-05-24 12:32:05.809000,1.27995,1.27984,1200000,1600000
2022-05-24 12:32:06.176000,1.27997,1.27984,1350000,1350000
2022-05-24 12:32:06.971000,1.27997,1.27985,1350000,1200000
2022-05-24 12:32:07.073000,1.27997,1.27984,1350000,1350000
2022-05-24 12:32:11.213000,1.27996,1.27983,1200000,2850000
2022-05-24 12:32:11.315000,1.27993,1.27983,1200000,2100000
2022-05-24 12:32:12.425000,1.27993,1.27981,1200000,1800000
2022-05-24 12:32:12.476000,1.27992,1.27979,1800000,1350000
2022-05-24 12:32:13.489000,1.27992,1.27979,2100000,1200000
2022-05-24 12:32:13.641000,1.2799,1.27979,1350000,2250000
2022-05-24 12:32:13.844000,1.2799,1.27977,1200000,1600000
2022-05-24 12:32:13.946000,1.27989,1.27976,1200000,1600000
2022-05-24 12:32:14.667000,1.27989,1.27976,1200000,1350000
2022-05-24 12:32:15.288000,1.27988,1.27975,1200000,2100000
2022-05-24 12:32:15.491000,1.27988,1.27975,1200000,1350000
2022-05-24 12:32:15.593000,1.27987,1.27974,1200000,2100000
2022-05-24 12:32:17.400000,1.27985,1.27975,1200000,1600000
2022-05-24 12:32:17.451000,1.27984,1.27974,1200000,1200000
2022-05-24 12:32:17.654000,1.27982,1.27972,1200000,1800000
2022-05-24 12:32:17.757000,1.27986,1.27973,1720000,1200000
2022-05-24 12:32:17.859000,1.27983,1.2797,1350000,1800000
2022-05-24 12:32:17.960000,1.27982,1.27969,1200000,1350000
2022-05-24 12:32:18.359000,1.27984,1.27971,1350000,1200000
2022-05-24 12:32:19.347000,1.27984,1.27973,1350000,1200000
2022-05-24 12:32:19.600000,1.27988,1.27975,1600000,1200000
2022-05-24 12:32:19.702000,1.27988,1.27975,1200000,1350000
2022-05-24 12:32:20.131000,1.27988,1.27977,1200000,1350000
2022-05-24 12:32:20.233000,1.2799,1.27977,1200000,1350000
2022-05-24 12:32:20.335000,1.27989,1.27977,1200000,1200000
2022-05-24 12:32:20.620000,1.27989,1.27978,1350000,1200000
2022-05-24 12:32:20.722000,1.27989,1.27977,1200000,1200000
2022-05-24 12:32:21.446000,1.27988,1.27976,1200000,1350000
2022-05-24 12:32:21.555000,1.27988,1.27975,1200000,1350000
2022-05-24 12:32:22.217000,1.27989,1.27976,1200000,1350000
2022-05-24 12:32:22.370000,1.27988,1.27975,1200000,2250000
2022-05-24 12:32:22.896000,1.27987,1.27974,1200000,2100000
2022-05-24 12:32:23.406000,1.27989,1.27976,1200000,1800000
2022-05-24 12:32:25.043000,1.27988,1.27976,1200000,1350000
2022-05-24 12:32:28.716000,1.27988,1.27978,1200000,1350000
2022-05-24 12:32:28.767000,1.2799,1.27978,1200000,1600000
2022-05-24 12:32:31.745000,1.27987,1.27977,1200000,1120000
2022-05-24 12:32:31.846000,1.27987,1.27975,1200000,1600000
2022-05-24 12:32:33.730000,1.27985,1.27975,1200000,1600000
2022-05-24 12:32:34.504000,1.27984,1.27974,1200000,1350000
2022-05-24 12:32:34.915000,1.27981,1.27972,1200000,1350000
2022-05-24 12:32:35.067000,1.27981,1.2797,1200000,2100000
2022-05-24 12:32:35.808000,1.27981,1.2797,1720000,1600000
2022-05-24 12:32:37.172000,1.27983,1.2797,1350000,1350000
2022-05-24 12:32:37.324000,1.27982,1.27971,1200000,2100000
2022-05-24 12:32:40.411000,1.27982,1.27969,1200000,2850000
2022-05-24 12:32:40.513000,1.27982,1.27969,1200000,2100000
2022-05-24 12:32:41.036000,1.2798,1.2797,1200000,2100000
2022-05-24 12:32:43.183000,1.2798,1.27969,1200000,2250000
2022-05-24 12:32:45.802000,1.27982,1.2797,1720000,1350000
2022-05-24 12:32:46.057000,1.27981,1.27972,1100000,1200000
2022-05-24 12:32:46.108000,1.27984,1.27971,1350000,1200000
2022-05-24 12:32:50.251000,1.27982,1.27971,1200000,1350000
2022-05-24 12:32:50.405000,1.27983,1.27972,1200000,1350000
2022-05-24 12:32:50.736000,1.27983,1.2797,1200000,2250000
2022-05-24 12:32:51.735000,1.27982,1.27969,1200000,1350000
2022-05-24 12:32:52.212000,1.27981,1.27968,1200000,2850000
2022-05-24 12:32:52.516000,1.27981,1.27968,1200000,3150000
2022-05-24 12:32:52.567000,1.27975,1.27969,1200000,1200000
2022-05-24 12:32:52.770000,1.27976,1.27963,1200000,1600000
2022-05-24 12:32:55.120000,1.27977,1.27964,1200000,1350000
2022-05-24 12:32:56.325000,1.2798,1.27967,1200000,1350000
2022-05-24 12:32:56.427000,1.27981,1.27968,2250000,1200000
2022-05-24 12:32:57.424000,1.27983,1.2797,1600000,1200000
2022-05-24 12:32:58.553000,1.2798,1.27969,1200000,1350000
2022-05-24 12:32:58.857000,1.27982,1.27969,1200000,1350000
2022-05-24 12:32:58.908000,1.27982,1.27971,1800000,1600000
2022-05-24 12:32:59.487000,1.27982,1.27969,1200000,2100000
2022-05-24 12:32:59.589000,1.27982,1.27969,1200000,2250000
2022-05-24 12:33:01.538000,1.27981,1.27968,1200000,1600000
2022-05-24 12:33:06.463000,1.27983,1.27972,1350000,1350000
2022-05-24 12:33:08.176000,1.27985,1.27972,1200000,2850000
2022-05-24 12:33:08.277000,1.27985,1.27972,1350000,1350000
2022-05-24 12:33:08.379000,1.27983,1.27971,1200000,1800000
2022-05-24 12:33:08.481000,1.27982,1.27971,1350000,1200000
2022-05-24 12:33:08.582000,1.27982,1.2797,1200000,1200000
2022-05-24 12:33:08.883000,1.27981,1.2797,1800000,1350000
2022-05-24 12:33:09.390000,1.2798,1.27969,1350000,2100000
2022-05-24 12:33:10.202000,1.27982,1.27969,1800000,1350000
2022-05-24 12:33:10.661000,1.27981,1.27968,1350000,2250000
2022-05-24 12:33:11.376000,1.2798,1.27969,1720000,1200000
2022-05-24 12:33:12.458000,1.2798,1.27969,1200000,1350000
2022-05-24 12:33:15.459000,1.2798,1.27967,1200000,1600000
2022-05-24 12:33:15.561000,1.2798,1.27967,1350000,1200000
2022-05-24 12:33:17.518000,1.2798,1.27969,1800000,1200000
2022-05-24 12:33:18.943000,1.27981,1.27969,1350000,1200000
2022-05-24 12:33:19.247000,1.27981,1.27968,1800000,1200000
2022-05-24 12:33:20.152000,1.27981,1.2797,2250000,1200000
2022-05-24 12:33:21.671000,1.27982,1.27971,2100000,1200000
2022-05-24 12:33:22.046000,1.27981,1.27968,1200000,1350000
2022-05-24 12:33:22.663000,1.27982,1.27969,1800000,1200000
2022-05-24 12:33:24.996000,1.27977,1.27969,2020000,1200000
2022-05-24 12:33:25.047000,1.27977,1.27964,1350000,1600000
2022-05-24 12:33:25.099000,1.27974,1.27963,1200000,1600000
2022-05-24 12:33:25.200000,1.27974,1.27963,1350000,1350000
2022-05-24 12:33:26.684000,1.27973,1.27962,1200000,1350000
2022-05-24 12:33:27.393000,1.27975,1.27962,1200000,1350000
2022-05-24 12:33:27.495000,1.27976,1.27963,1200000,1200000
2022-05-24 12:33:30.630000,1.27973,1.27962,1200000,1200000
2022-05-24 12:33:30.783000,1.27972,1.27961,1200000,1350000
2022-05-24 12:33:31.804000,1.27971,1.2796,1200000,1600000
2022-05-24 12:33:32.015000,1.27972,1.27959,1600000,1200000
2022-05-24 12:33:32.117000,1.27972,1.27959,1350000,1200000
2022-05-24 12:33:39.731000,1.27972,1.27959,1200000,2100000
2022-05-24 12:33:39.833000,1.27974,1.27961,1200000,1800000
2022-05-24 12:33:39.935000,1.27974,1.27963,1350000,1800000
2022-05-24 12:33:40.036000,1.27976,1.27963,1200000,1350000
2022-05-24 12:33:41.401000,1.27972,1.27962,1200000,1350000
2022-05-24 12:33:41.503000,1.27973,1.2796,1200000,1350000
2022-05-24 12:33:41.920000,1.27972,1.27959,1200000,2100000
2022-05-24 12:33:45.306000,1.27973,1.27961,1200000,1200000
2022-05-24 12:33:45.993000,1.27974,1.27961,1350000,1200000
2022-05-24 12:33:51.157000,1.27975,1.27962,1200000,1600000
2022-05-24 12:33:51.259000,1.27976,1.27965,1200000,1350000
2022-05-24 12:33:57.725000,1.27975,1.27964,1200000,1600000
2022-05-24 12:34:01.546000,1.27975,1.27962,1350000,2250000
2022-05-24 12:34:02.625000,1.27976,1.27963,1350000,1350000
2022-05-24 12:34:04.952000,1.27977,1.27966,1350000,1200000
2022-05-24 12:34:05.054000,1.2798,1.27967,2700000,1350000
2022-05-24 12:34:06.667000,1.27978,1.27967,1350000,1200000
2022-05-24 12:34:08.995000,1.2798,1.27967,1200000,1350000
2022-05-24 12:34:09.968000,1.27979,1.27966,1200000,1350000
2022-05-24 12:34:10.070000,1.27977,1.27965,1200000,2100000
2022-05-24 12:34:10.628000,1.27977,1.27964,1200000,2100000
2022-05-24 12:34:10.730000,1.27976,1.27963,1600000,1200000
2022-05-24 12:34:10.831000,1.27975,1.27962,1350000,1350000
2022-05-24 12:34:13.043000,1.27974,1.27961,1200000,1600000
2022-05-24 12:34:15.548000,1.27974,1.27963,1800000,1350000
2022-05-24 12:34:17.914000,1.27977,1.27964,2250000,1200000
2022-05-24 12:34:21.082000,1.27977,1.27964,1200000,2100000
2022-05-24 12:34:21.183000,1.27978,1.27965,1200000,2100000
2022-05-24 12:34:24.595000,1.27979,1.27966,1200000,1600000
2022-05-24 12:34:24.646000,1.27981,1.27968,3150000,1200000
2022-05-24 12:34:34.568000,1.2798,1.2797,1200000,1200000
2022-05-24 12:34:36.162000,1.27984,1.27976,2250000,1200000
2022-05-24 12:34:36.213000,1.27986,1.27973,1200000,2700000
2022-05-24 12:34:36.315000,1.2799,1.27977,4050000,1200000
2022-05-24 12:34:36.416000,1.2799,1.27978,1800000,1200000
2022-05-24 12:34:37.279000,1.27988,1.27978,1200000,1200000
2022-05-24 12:34:37.381000,1.27989,1.27976,1200000,1350000
2022-05-24 12:34:38.570000,1.2799,1.27977,1350000,1200000
2022-05-24 12:34:39.391000,1.27991,1.27978,1600000,1200000
2022-05-24 12:34:41.246000,1.27989,1.27977,1200000,1200000
2022-05-24 12:34:41.348000,1.27988,1.27976,1200000,1350000
2022-05-24 12:34:43.876000,1.27988,1.27975,1200000,1350000
2022-05-24 12:34:45.636000,1.27984,1.27974,1350000,1200000
2022-05-24 12:34:45.788000,1.27983,1.27973,1350000,1200000
2022-05-24 12:34:48.243000,1.27983,1.27971,1200000,1350000
2022-05-24 12:34:48.499000,1.27978,1.2797,1800000,1200000
2022-05-24 12:34:48.550000,1.27977,1.27967,1200000,2100000
2022-05-24 12:34:48.652000,1.27979,1.27966,1200000,2100000
2022-05-24 12:34:48.804000,1.27978,1.27966,1200000,1600000
2022-05-24 12:34:48.905000,1.27976,1.27964,1200000,1600000
2022-05-24 12:34:49.007000,1.27974,1.27965,1200000,1200000
2022-05-24 12:34:49.109000,1.27975,1.27962,1200000,1600000
2022-05-24 12:34:50.817000,1.27974,1.27962,1200000,1600000
2022-05-24 12:34:50.919000,1.27974,1.27962,1200000,1350000
2022-05-24 12:34:51.186000,1.27975,1.27962,1200000,1350000
2022-05-24 12:34:52.362000,1.27976,1.27963,1350000,1200000
2022-05-24 12:34:53.567000,1.27976,1.27964,1350000,1200000
2022-05-24 12:34:55.883000,1.27976,1.27963,1350000,1200000
2022-05-24 12:34:58.497000,1.27975,1.27964,1200000,1720000
2022-05-24 12:34:58.598000,1.27976,1.27965,1200000,1600000
2022-05-24 12:34:59.331000,1.27976,1.27963,1200000,2290000
2022-05-24 12:35:00.942000,1.27976,1.27963,1200000,1350000
2022-05-24 12:35:01.044000,1.27975,1.27962,1200000,1600000
2022-05-24 12:35:03.879000,1.27973,1.27963,1200000,1200000
2022-05-24 12:35:03.980000,1.27974,1.27961,1200000,1350000
2022-05-24 12:35:04.471000,1.27974,1.27961,1720000,1350000
2022-05-24 12:35:05.900000,1.27975,1.27962,1800000,1200000
2022-05-24 12:35:09.687000,1.27975,1.27963,1200000,1200000
2022-05-24 12:35:09.788000,1.27976,1.27963,1200000,1350000
2022-05-24 12:35:10.092000,1.27977,1.27966,1350000,1200000
2022-05-24 12:35:15.766000,1.27978,1.27966,1350000,1200000
2022-05-24 12:35:17.265000,1.27979,1.27968,1800000,1200000
2022-05-24 12:35:17.367000,1.2798,1.27969,3790000,1200000
2022-05-24 12:35:17.897000,1.27981,1.27973,2850000,1800000
2022-05-24 12:35:17.999000,1.27987,1.27976,1980000,1200000
2022-05-24 12:35:18.101000,1.27987,1.27978,1350000,1200000
2022-05-24 12:35:18.558000,1.27988,1.27976,2250000,1200000
2022-05-24 12:35:19.106000,1.27988,1.27977,1350000,1200000
2022-05-24 12:35:19.208000,1.27987,1.27977,1350000,1200000
2022-05-24 12:35:20.476000,1.27989,1.27977,1850000,1200000
2022-05-24 12:35:21.528000,1.2799,1.27981,2100000,1200000
2022-05-24 12:35:21.631000,1.27991,1.27979,1200000,1200000
2022-05-24 12:35:21.733000,1.27993,1.2798,2850000,1200000
2022-05-24 12:35:21.834000,1.27991,1.2798,1600000,1200000
2022-05-24 12:35:21.937000,1.27992,1.2798,2100000,1200000
2022-05-24 12:35:22.611000,1.27992,1.27979,2100000,1200000
2022-05-24 12:35:23.739000,1.2799,1.2798,2100000,1200000
2022-05-24 12:35:23.998000,1.2799,1.27979,2850000,1200000
2022-05-24 12:35:24.202000,1.27988,1.27975,1200000,1600000
2022-05-24 12:35:25.519000,1.27986,1.27974,1200000,1600000
2022-05-24 12:35:25.721000,1.27986,1.27974,1200000,1350000
2022-05-24 12:35:25.825000,1.27986,1.27975,1200000,1600000
2022-05-24 12:35:25.927000,1.27986,1.27974,1200000,1600000
2022-05-24 12:35:26.309000,1.27987,1.27974,1200000,1600000
2022-05-24 12:35:28.008000,1.27986,1.27973,1200000,2100000
2022-05-24 12:35:28.740000,1.27987,1.27974,1200000,1600000
2022-05-24 12:35:34.277000,1.27991,1.27978,1800000,4050000
2022-05-24 12:35:34.328000,1.27991,1.27979,1200000,1600000
2022-05-24 12:35:34.430000,1.27993,1.27983,1200000,1600000
2022-05-24 12:35:34.532000,1.27996,1.27983,1200000,2100000
2022-05-24 12:35:36.747000,1.27996,1.27985,1200000,2470000
2022-05-24 12:35:38.396000,1.28001,1.27989,1200000,1600000
2022-05-24 12:35:38.498000,1.28001,1.27989,1200000,1350000
2022-05-24 12:35:39.303000,1.28,1.27988,1200000,1350000
2022-05-24 12:35:39.404000,1.27999,1.27986,1200000,2100000
2022-05-24 12:35:39.506000,1.27998,1.27987,1200000,2250000
2022-05-24 12:35:40.219000,1.27997,1.27986,1200000,3040000
2022-05-24 12:35:40.473000,1.27997,1.27985,1200000,2290000
2022-05-24 12:35:41.086000,1.27998,1.27985,1200000,2850000
2022-05-24 12:35:43.420000,1.27998,1.27985,1200000,2250000
2022-05-24 12:35:43.522000,1.27997,1.27984,1200000,2100000
2022-05-24 12:35:44.319000,1.27997,1.27984,1200000,2250000
2022-05-24 12:35:44.725000,1.27995,1.27983,1200000,2250000
2022-05-24 12:35:46.615000,1.27996,1.27983,1200000,1600000
2022-05-24 12:35:46.920000,1.27996,1.27983,1200000,2250000
2022-05-24 12:35:48.843000,1.27996,1.27983,1200000,1600000
2022-05-24 12:35:50.065000,1.27998,1.27985,1200000,1350000
2022-05-24 12:35:50.268000,1.27998,1.27986,1200000,1200000
2022-05-24 12:35:50.370000,1.27997,1.27987,1200000,2100000
2022-05-24 12:35:52.623000,1.27999,1.27986,1200000,1600000
2022-05-24 12:35:53.671000,1.27999,1.27986,1200000,1350000
2022-05-24 12:35:55.843000,1.27997,1.27984,1200000,2850000
2022-05-24 12:35:56.697000,1.27995,1.27984,1200000,3600000
2022-05-24 12:35:57.725000,1.27995,1.27983,1200000,1600000
2022-05-24 12:35:58.372000,1.27994,1.27982,1200000,2100000
2022-05-24 12:35:58.473000,1.27994,1.27982,1200000,2850000
2022-05-24 12:35:58.575000,1.27993,1.27983,1200000,2100000
2022-05-24 12:35:59.582000,1.27992,1.2798,1200000,3150000
2022-05-24 12:35:59.637000,1.2799,1.2798,1200000,1200000
2022-05-24 12:35:59.739000,1.2799,1.27977,1200000,2470000
2022-05-24 12:35:59.841000,1.2799,1.27977,1200000,2250000
2022-05-24 12:36:01.835000,1.27986,1.27978,1800000,1200000
2022-05-24 12:36:01.938000,1.27984,1.27971,1200000,2250000
2022-05-24 12:36:02.141000,1.27983,1.27971,1200000,1350000
2022-05-24 12:36:03.556000,1.2798,1.27969,1200000,2100000
2022-05-24 12:36:05.240000,1.2798,1.27968,1200000,1600000
2022-05-24 12:36:08.921000,1.2798,1.27967,1200000,1600000
2022-05-24 12:36:10.190000,1.27978,1.27966,1200000,2850000
2022-05-24 12:36:10.292000,1.27979,1.27966,1200000,3040000
2022-05-24 12:36:10.343000,1.27977,1.27967,1200000,1200000
2022-05-24 12:36:10.445000,1.27976,1.27965,1200000,2850000
2022-05-24 12:36:11.452000,1.27976,1.27964,1200000,1200000
2022-05-24 12:36:11.554000,1.27976,1.27963,1200000,3150000
2022-05-24 12:36:12.455000,1.27972,1.27963,1200000,1350000
2022-05-24 12:36:12.557000,1.27972,1.27962,1200000,1200000
2022-05-24 12:36:12.670000,1.27972,1.2796,1200000,2850000
2022-05-24 12:36:13.308000,1.27972,1.2796,1200000,1350000
2022-05-24 12:36:13.971000,1.2797,1.27958,1200000,2250000
2022-05-24 12:36:14.377000,1.2797,1.27959,1200000,1350000
2022-05-24 12:36:14.887000,1.27971,1.27958,1200000,2100000
2022-05-24 12:36:17.757000,1.27972,1.27959,1200000,1350000
2022-05-24 12:36:17.858000,1.2797,1.27958,1200000,2250000
2022-05-24 12:36:19.095000,1.27971,1.27958,1200000,1350000
2022-05-24 12:36:21.917000,1.2797,1.27958,1200000,1350000
2022-05-24 12:36:23.879000,1.27969,1.27956,1720000,3150000
2022-05-24 12:36:23.980000,1.27967,1.27955,1200000,1600000
2022-05-24 12:36:24.679000,1.27966,1.27956,1200000,1350000
2022-05-24 12:36:24.781000,1.27965,1.27953,1200000,2850000
2022-05-24 12:36:24.883000,1.27966,1.27953,1200000,1600000
2022-05-24 12:36:24.984000,1.27966,1.27955,1200000,1600000
2022-05-24 12:36:25.137000,1.27966,1.27956,1200000,1600000
2022-05-24 12:36:25.188000,1.27969,1.27956,1200000,2470000
2022-05-24 12:36:25.821000,1.2797,1.27957,1200000,2850000
2022-05-24 12:36:26.212000,1.27971,1.27959,1200000,1800000
2022-05-24 12:36:26.315000,1.27971,1.27959,1200000,1720000
2022-05-24 12:36:26.872000,1.27971,1.27961,1200000,2700000
2022-05-24 12:36:27.839000,1.2797,1.2796,1200000,1600000
2022-05-24 12:36:30.305000,1.2797,1.27958,1720000,1200000
2022-05-24 12:36:30.407000,1.27968,1.27959,2470000,1200000
2022-05-24 12:36:30.509000,1.27965,1.27953,1200000,1350000
2022-05-24 12:36:30.881000,1.27968,1.27957,1200000,1720000
2022-05-24 12:36:31.033000,1.2797,1.27959,1200000,1350000
2022-05-24 12:36:32.576000,1.27968,1.27958,1200000,2850000
2022-05-24 12:36:33.231000,1.2797,1.27957,1200000,2100000
2022-05-24 12:36:33.981000,1.27971,1.27958,1200000,1600000
2022-05-24 12:36:34.769000,1.2797,1.27957,1200000,2100000
2022-05-24 12:36:35.180000,1.2797,1.27959,1200000,1600000
2022-05-24 12:36:38.297000,1.27972,1.2796,1200000,1350000
2022-05-24 12:36:38.399000,1.27974,1.27961,1200000,1720000
2022-05-24 12:36:39.729000,1.27973,1.2796,1200000,2250000
2022-05-24 12:36:42.089000,1.2797,1.2796,1200000,2100000
2022-05-24 12:36:43.044000,1.27975,1.27966,1350000,1350000
2022-05-24 12:36:43.146000,1.2797,1.2796,1200000,3600000
2022-05-24 12:36:43.972000,1.27971,1.27959,1200000,1350000
2022-05-24 12:36:44.973000,1.27969,1.27959,1200000,1600000
2022-05-24 12:36:47.252000,1.27968,1.27959,1200000,1200000
2022-05-24 12:36:47.353000,1.27968,1.27958,1200000,1200000
2022-05-24 12:36:47.455000,1.27968,1.27956,1200000,2100000
2022-05-24 12:36:47.557000,1.27966,1.27957,1200000,1350000
2022-05-24 12:36:47.760000,1.27967,1.27956,1200000,1600000
2022-05-24 12:36:47.862000,1.27968,1.27955,1200000,2100000
2022-05-24 12:36:48.068000,1.27967,1.27955,1200000,2290000
2022-05-24 12:36:48.395000,1.27966,1.27954,1200000,2470000
2022-05-24 12:36:49.254000,1.27965,1.27953,1200000,1350000
2022-05-24 12:36:49.457000,1.27965,1.27952,1200000,2250000
2022-05-24 12:36:50.238000,1.27961,1.27949,1200000,2100000
2022-05-24 12:36:50.340000,1.27959,1.27949,1200000,1200000
2022-05-24 12:36:50.441000,1.27959,1.27947,1200000,1100000
2022-05-24 12:36:50.649000,1.27958,1.27946,1200000,2850000
2022-05-24 12:36:51.793000,1.27958,1.27945,1200000,2100000
2022-05-24 12:36:52.258000,1.27958,1.27945,1200000,3600000
2022-05-24 12:36:52.360000,1.27958,1.27947,1200000,1720000
2022-05-24 12:36:53.051000,1.27961,1.2795,1200000,1600000
2022-05-24 12:36:58.032000,1.2796,1.2795,1350000,1200000
2022-05-24 12:36:58.134000,1.27956,1.27945,1200000,1900000
2022-05-24 12:36:58.487000,1.27956,1.27944,1200000,1420000
2022-05-24 12:36:58.588000,1.27955,1.27945,1200000,1350000
2022-05-24 12:37:03.270000,1.27956,1.27945,1200000,1350000
2022-05-24 12:37:04.550000,1.27956,1.27943,1200000,2100000
2022-05-24 12:37:04.651000,1.27954,1.27944,1200000,1570000
2022-05-24 12:37:06.149000,1.27953,1.27942,1800000,1600000
2022-05-24 12:37:06.200000,1.27954,1.27941,1200000,2250000
2022-05-24 12:37:06.301000,1.27954,1.27942,1200000,1200000
2022-05-24 12:37:07.367000,1.27955,1.27942,1350000,1200000
2022-05-24 12:37:07.519000,1.27955,1.27942,1200000,1600000
2022-05-24 12:37:08.329000,1.27953,1.27941,3220000,1800000
2022-05-24 12:37:08.431000,1.27947,1.27937,1200000,2100000
2022-05-24 12:37:09.755000,1.27948,1.27936,1200000,2250000
2022-05-24 12:37:11.193000,1.27945,1.27936,1200000,1600000
2022-05-24 12:37:11.295000,1.27946,1.27934,1200000,1600000
2022-05-24 12:37:14.149000,1.27948,1.27935,1200000,1350000
2022-05-24 12:37:14.251000,1.27948,1.27935,1200000,1600000
2022-05-24 12:37:24.379000,1.27946,1.27934,1200000,2100000
2022-05-24 12:37:26.254000,1.27946,1.27936,1200000,1350000
2022-05-24 12:37:27.400000,1.27946,1.27934,1200000,2850000
2022-05-24 12:37:27.501000,1.27946,1.27936,1200000,1350000
2022-05-24 12:37:28.251000,1.27947,1.27935,1200000,2100000
2022-05-24 12:37:29.158000,1.27948,1.27936,1200000,3150000
2022-05-24 12:37:31.644000,1.27949,1.2794,1200000,2250000
2022-05-24 12:37:31.746000,1.27951,1.27939,1200000,4350000
2022-05-24 12:37:32.898000,1.27951,1.27941,1200000,3220000
2022-05-24 12:37:33.948000,1.27948,1.27938,1200000,1200000
2022-05-24 12:37:34.151000,1.27946,1.27934,1200000,4350000
2022-05-24 12:37:34.405000,1.27945,1.27934,1200000,2100000
2022-05-24 12:37:36.141000,1.27945,1.27933,1200000,3220000
2022-05-24 12:37:37.316000,1.27946,1.27933,1200000,3220000
2022-05-24 12:37:39.179000,1.27945,1.27933,1200000,3220000
2022-05-24 12:37:39.332000,1.27944,1.27933,1200000,2470000
2022-05-24 12:37:39.433000,1.27945,1.27933,1200000,2470000
2022-05-24 12:37:39.644000,1.27946,1.27934,1200000,2100000
2022-05-24 12:37:40.871000,1.27947,1.27934,1200000,5100000
2022-05-24 12:37:43.619000,1.27945,1.27934,1200000,3600000
2022-05-24 12:37:43.721000,1.27946,1.27934,1200000,2100000
2022-05-24 12:37:44.258000,1.27945,1.27934,1200000,1600000
2022-05-24 12:37:45.285000,1.27942,1.27933,1600000,1200000
2022-05-24 12:37:45.488000,1.27938,1.27927,1200000,1600000
2022-05-24 12:37:48.378000,1.27938,1.27926,1200000,1600000
2022-05-24 12:37:50.396000,1.27936,1.27924,1800000,1600000
2022-05-24 12:37:50.498000,1.27933,1.27923,1200000,1200000
2022-05-24 12:37:50.599000,1.27931,1.2792,1200000,1600000
2022-05-24 12:37:50.853000,1.2793,1.27919,1200000,1200000
2022-05-24 12:37:51.108000,1.27929,1.27919,1200000,1800000
2022-05-24 12:38:00.702000,1.2793,1.27918,1200000,2100000
2022-05-24 12:38:01.752000,1.27928,1.27919,1200000,1350000
2022-05-24 12:38:04.037000,1.27928,1.27918,1200000,1350000
2022-05-24 12:38:04.139000,1.27927,1.27915,1200000,2470000
2022-05-24 12:38:04.494000,1.27927,1.27915,1200000,2100000
2022-05-24 12:38:05.262000,1.27928,1.27916,1200000,1600000
2022-05-24 12:38:06.196000,1.27925,1.27915,1200000,2250000
2022-05-24 12:38:09.026000,1.27924,1.27913,1200000,1600000
2022-05-24 12:38:09.077000,1.27923,1.27912,1200000,1350000
2022-05-24 12:38:09.280000,1.27923,1.27911,1200000,2250000
2022-05-24 12:38:14.057000,1.2792,1.27911,1200000,1350000
2022-05-24 12:38:14.159000,1.27918,1.27909,1200000,2100000
2022-05-24 12:38:14.932000,1.27916,1.27907,1200000,1200000
2022-05-24 12:38:14.983000,1.27919,1.27907,1200000,2100000
2022-05-24 12:38:15.927000,1.27919,1.27906,1200000,4050000
2022-05-24 12:38:15.978000,1.27916,1.27905,1200000,1200000
2022-05-24 12:38:16.080000,1.27914,1.27906,1200000,1200000
2022-05-24 12:38:16.181000,1.27915,1.27903,1200000,2100000
2022-05-24 12:38:16.882000,1.27914,1.27904,1200000,1350000
2022-05-24 12:38:17.498000,1.27913,1.27903,1200000,2100000
2022-05-24 12:38:19.908000,1.27915,1.27903,1200000,1350000
2022-05-24 12:38:22.231000,1.27915,1.27904,1200000,1200000
2022-05-24 12:38:22.333000,1.2792,1.27909,1200000,1350000
2022-05-24 12:38:22.444000,1.2792,1.2791,1120000,1570000
2022-05-24 12:38:22.495000,1.27922,1.2791,1200000,1570000
2022-05-24 12:38:23.412000,1.27923,1.2791,1200000,1720000
2022-05-24 12:38:23.514000,1.27924,1.27912,1200000,2850000
2022-05-24 12:38:23.615000,1.27923,1.27913,1200000,2250000
2022-05-24 12:38:24.733000,1.27922,1.27913,1200000,2100000
2022-05-24 12:38:24.835000,1.27925,1.27912,1200000,4350000
2022-05-24 12:38:25.408000,1.27927,1.27915,1200000,2100000
2022-05-24 12:38:26.740000,1.27925,1.27916,1200000,1600000
2022-05-24 12:38:28.427000,1.27925,1.27916,1200000,1350000
2022-05-24 12:38:28.529000,1.27925,1.27915,1200000,1350000
2022-05-24 12:38:28.631000,1.27925,1.27913,1200000,1600000
2022-05-24 12:38:29.187000,1.27923,1.27912,1200000,1720000
2022-05-24 12:38:29.304000,1.27924,1.27912,1200000,2850000
2022-05-24 12:38:29.659000,1.27927,1.27915,1200000,2250000
2022-05-24 12:38:29.761000,1.27924,1.27915,1200000,1600000
2022-05-24 12:38:30.013000,1.27925,1.27914,1200000,1350000
2022-05-24 12:38:33.668000,1.27923,1.27911,1200000,1600000
2022-05-24 12:38:36.051000,1.27922,1.27909,1200000,2100000
2022-05-24 12:38:36.153000,1.27921,1.27908,1200000,2100000
2022-05-24 12:38:36.305000,1.27919,1.27909,1200000,1720000
2022-05-24 12:38:36.457000,1.27918,1.27908,1200000,2100000
2022-05-24 12:38:38.377000,1.27919,1.27907,1200000,1600000
2022-05-24 12:38:38.594000,1.27921,1.27909,1200000,1600000
2022-05-24 12:38:38.696000,1.27921,1.2791,1200000,1100000
2022-05-24 12:38:38.798000,1.2792,1.2791,1200000,3600000
2022-05-24 12:38:41.123000,1.27921,1.27909,1200000,1350000
2022-05-24 12:38:41.225000,1.27918,1.27908,1200000,2100000
2022-05-24 12:38:44.906000,1.27919,1.27907,1200000,1350000
2022-05-24 12:38:45.166000,1.2792,1.27908,1200000,2100000
2022-05-24 12:38:45.318000,1.2792,1.2791,1200000,1350000
2022-05-24 12:38:52.376000,1.2792,1.2791,1200000,1600000
2022-05-24 12:38:57.606000,1.27922,1.2791,1200000,1350000
2022-05-24 12:39:00.474000,1.2792,1.2791,1200000,2100000
2022-05-24 12:39:00.525000,1.27919,1.27907,1200000,1350000
2022-05-24 12:39:02.482000,1.2792,1.2791,1200000,1600000
2022-05-24 12:39:02.684000,1.2792,1.27909,1200000,1350000
2022-05-24 12:39:06.358000,1.2792,1.27909,1200000,1600000
2022-05-24 12:39:06.998000,1.2792,1.2791,1200000,2100000
2022-05-24 12:39:08.841000,1.27922,1.27912,1200000,1800000
2022-05-24 12:39:08.943000,1.27922,1.2791,1350000,4500000
2022-05-24 12:39:08.994000,1.2792,1.2791,1200000,2700000
2022-05-24 12:39:09.096000,1.27919,1.27909,1200000,1350000
2022-05-24 12:39:09.198000,1.2792,1.27908,1200000,1600000
2022-05-24 12:39:16.914000,1.27921,1.27909,1200000,3600000
2022-05-24 12:39:17.017000,1.27922,1.2791,1200000,2470000
2022-05-24 12:39:18.321000,1.27928,1.27916,1200000,1200000
2022-05-24 12:39:18.423000,1.27928,1.27918,1200000,1350000
2022-05-24 12:39:19.733000,1.2793,1.27918,1200000,1350000
2022-05-24 12:39:19.835000,1.27928,1.27918,1200000,1600000
2022-05-24 12:39:19.936000,1.27928,1.27918,1200000,1350000
2022-05-24 12:39:22.095000,1.27929,1.27917,2850000,1200000
2022-05-24 12:39:22.197000,1.27924,1.27915,1200000,1200000
2022-05-24 12:39:22.299000,1.27924,1.27912,1200000,1200000
2022-05-24 12:39:24.487000,1.27923,1.27911,1200000,2250000
2022-05-24 12:39:26.729000,1.27921,1.27909,1200000,1600000
2022-05-24 12:39:27.877000,1.27921,1.27909,1200000,1350000
2022-05-24 12:39:32.062000,1.2792,1.27908,1200000,1600000
2022-05-24 12:39:36.967000,1.27921,1.27909,1200000,1600000
2022-05-24 12:39:37.069000,1.27922,1.2791,1200000,1800000
2022-05-24 12:39:37.171000,1.27923,1.27911,1200000,1200000
2022-05-24 12:39:47.927000,1.27923,1.27913,1200000,1200000
2022-05-24 12:39:49.187000,1.27926,1.27913,1200000,1350000
2022-05-24 12:39:49.238000,1.27927,1.27915,1200000,1200000
2022-05-24 12:39:49.594000,1.27929,1.27917,1600000,1200000
2022-05-24 12:39:49.847000,1.27929,1.27917,1200000,1200000
2022-05-24 12:39:54.204000,1.27928,1.27916,1200000,1200000
2022-05-24 12:39:54.306000,1.27924,1.27915,1200000,1200000
2022-05-24 12:39:54.407000,1.27923,1.27913,1200000,1200000
2022-05-24 12:39:57.595000,1.27926,1.27914,1200000,1200000
2022-05-24 12:40:03.376000,1.27926,1.27914,1200000,2100000
2022-05-24 12:40:03.547000,1.27926,1.27914,1200000,1800000
2022-05-24 12:40:03.649000,1.27923,1.27913,1200000,1350000
2022-05-24 12:40:05.357000,1.27923,1.27911,1200000,1350000
2022-05-24 12:40:05.459000,1.27922,1.2791,1200000,1600000
2022-05-24 12:40:05.561000,1.27918,1.27907,1200000,1350000
2022-05-24 12:40:06.541000,1.27916,1.27908,1100000,1350000
2022-05-24 12:40:09.500000,1.27919,1.27906,1350000,1600000
2022-05-24 12:40:09.551000,1.27917,1.27905,1200000,1350000
2022-05-24 12:40:09.652000,1.27915,1.27905,1200000,1600000
2022-05-24 12:40:10.040000,1.27915,1.27905,1600000,1600000
2022-05-24 12:40:10.396000,1.27915,1.27905,1600000,1350000
2022-05-24 12:40:10.726000,1.27916,1.27904,1350000,1350000
2022-05-24 12:40:11.725000,1.27915,1.27905,1600000,1350000
2022-05-24 12:40:12.437000,1.27916,1.27904,1200000,1350000
2022-05-24 12:40:12.901000,1.27913,1.27905,1200000,1350000
2022-05-24 12:40:13.615000,1.27915,1.27904,1200000,1600000
2022-05-24 12:40:13.890000,1.27916,1.27903,1200000,1350000
2022-05-24 12:40:14.015000,1.27916,1.27904,1200000,1200000
2022-05-24 12:40:15.945000,1.27917,1.27907,1350000,1200000
2022-05-24 12:40:16.046000,1.27918,1.27908,1600000,1200000
2022-05-24 12:40:17.096000,1.27918,1.27908,1200000,1350000
2022-05-24 12:40:17.438000,1.2792,1.27907,1200000,1350000
2022-05-24 12:40:17.540000,1.27926,1.27916,1200000,1350000
2022-05-24 12:40:17.642000,1.27926,1.27918,1200000,1200000
2022-05-24 12:40:17.693000,1.2793,1.27918,1200000,1200000
2022-05-24 12:40:17.794000,1.27932,1.2792,1350000,1200000
2022-05-24 12:40:20.266000,1.2793,1.27918,1200000,1600000
2022-05-24 12:40:23.592000,1.2793,1.27921,1200000,1200000
2022-05-24 12:40:23.644000,1.27935,1.27923,1800000,1200000
2022-05-24 12:40:24.364000,1.27936,1.27924,2170000,1200000
2022-05-24 12:40:24.466000,1.27936,1.27924,1440000,1200000
2022-05-24 12:40:26.074000,1.27934,1.27922,1200000,1320000
2022-05-24 12:40:26.176000,1.27935,1.27923,1350000,1200000
2022-05-24 12:40:27.705000,1.27937,1.27924,1890000,1350000
2022-05-24 12:40:31.604000,1.27936,1.27924,1200000,1200000
2022-05-24 12:40:31.705000,1.27934,1.27924,1200000,1350000
2022-05-24 12:40:32.170000,1.27934,1.27921,1200000,1440000
2022-05-24 12:40:33.026000,1.27935,1.27923,1200000,1200000
2022-05-24 12:40:33.128000,1.27936,1.27923,1440000,1200000
2022-05-24 12:40:33.280000,1.27935,1.27925,1440000,1200000
2022-05-24 12:40:34.980000,1.27935,1.27924,1440000,1200000
2022-05-24 12:40:35.885000,1.27937,1.27924,1720000,1200000
2022-05-24 12:40:35.987000,1.27937,1.27927,1200000,1200000
2022-05-24 12:40:36.089000,1.2794,1.27928,1200000,1200000
2022-05-24 12:40:36.191000,1.27946,1.27936,1200000,1200000
2022-05-24 12:40:36.292000,1.27948,1.27935,1320000,1200000
2022-05-24 12:40:36.782000,1.27947,1.27934,1200000,1700000
2022-05-24 12:40:37.407000,1.27947,1.27934,1320000,1350000
2022-05-24 12:40:37.610000,1.27945,1.27933,1200000,1700000
2022-05-24 12:40:38.306000,1.27945,1.27935,1200000,1350000
2022-05-24 12:40:39.278000,1.27947,1.27935,1200000,1200000
2022-05-24 12:40:39.379000,1.27948,1.27935,1320000,1350000
2022-05-24 12:40:39.481000,1.27946,1.27935,1200000,1700000
2022-05-24 12:40:42.985000,1.27946,1.27935,1200000,1440000
2022-05-24 12:40:45.905000,1.27946,1.27935,1200000,1700000
2022-05-24 12:40:46.230000,1.27948,1.27936,1200000,1200000
2022-05-24 12:40:46.332000,1.2795,1.2794,1200000,1200000
2022-05-24 12:40:46.434000,1.27951,1.27941,1200000,1350000
2022-05-24 12:40:46.565000,1.27952,1.27941,1200000,1350000
2022-05-24 12:40:51.253000,1.27952,1.2794,1200000,1350000
2022-05-24 12:40:51.358000,1.27951,1.27939,1200000,1350000
2022-05-24 12:40:58.107000,1.27952,1.27941,1200000,1350000
2022-05-24 12:40:58.209000,1.27954,1.27941,1200000,1350000
2022-05-24 12:40:59.846000,1.27953,1.27941,1200000,1350000
2022-05-24 12:41:01.608000,1.27948,1.2794,1200000,1200000
2022-05-24 12:41:01.659000,1.27947,1.27934,1350000,1200000
2022-05-24 12:41:01.710000,1.27944,1.27934,1800000,1200000
2022-05-24 12:41:01.862000,1.27944,1.27932,1800000,1350000
2022-05-24 12:41:02.126000,1.27942,1.27933,1100000,1200000
2022-05-24 12:41:04.725000,1.27943,1.27932,1200000,1200000
2022-05-24 12:41:06.321000,1.27944,1.27932,1350000,1200000
2022-05-24 12:41:08.307000,1.27945,1.27932,1320000,1200000
2022-05-24 12:41:08.697000,1.27945,1.27932,1800000,1200000
2022-05-24 12:41:09.740000,1.27944,1.27933,1320000,1200000
2022-05-24 12:41:09.842000,1.27943,1.27933,1200000,1200000
2022-05-24 12:41:10.536000,1.27944,1.27931,1200000,1440000
2022-05-24 12:41:11.570000,1.27944,1.27932,1200000,1200000
2022-05-24 12:41:11.772000,1.27944,1.27932,1720000,1200000
2022-05-24 12:41:13.220000,1.27944,1.27931,1720000,1350000
2022-05-24 12:41:13.762000,1.27943,1.27931,1100000,1350000
2022-05-24 12:41:14.726000,1.27944,1.27931,1800000,1350000
2022-05-24 12:41:14.922000,1.27944,1.27933,1200000,1200000
2022-05-24 12:41:18.372000,1.27942,1.27932,1350000,1200000
2022-05-24 12:41:18.474000,1.2794,1.27928,1200000,1700000
2022-05-24 12:41:19.725000,1.27938,1.27927,1200000,1200000
2022-05-24 12:41:19.826000,1.27938,1.27925,1200000,1440000
2022-05-24 12:41:20.957000,1.27937,1.27925,1200000,1350000
2022-05-24 12:41:21.265000,1.27936,1.27924,1720000,1200000
2022-05-24 12:41:21.467000,1.27935,1.27923,1350000,1440000
2022-05-24 12:41:23.779000,1.27938,1.27926,1200000,1600000
2022-05-24 12:41:23.881000,1.27939,1.27926,1200000,1700000
2022-05-24 12:41:24.699000,1.27935,1.27925,1200000,1800000
2022-05-24 12:41:24.801000,1.27934,1.27922,1200000,1240000
2022-05-24 12:41:25.398000,1.27934,1.27922,1200000,1440000
2022-05-24 12:41:30.621000,1.27932,1.27921,1200000,2120000
2022-05-24 12:41:30.722000,1.27931,1.27921,1200000,1720000
2022-05-24 12:41:30.833000,1.27931,1.27919,1200000,1700000
2022-05-24 12:41:30.934000,1.27931,1.27918,1200000,2870000
2022-05-24 12:41:31.152000,1.27931,1.27918,1200000,2970000
2022-05-24 12:41:31.574000,1.27931,1.27918,1720000,2970000
2022-05-24 12:41:34.556000,1.27931,1.27918,1800000,2220000
2022-05-24 12:41:37.541000,1.27931,1.2792,1200000,1890000
2022-05-24 12:41:37.592000,1.27935,1.27925,1200000,2170000
2022-05-24 12:41:37.643000,1.27938,1.27926,1200000,1240000
2022-05-24 12:41:37.745000,1.27937,1.27925,1200000,2200000
2022-05-24 12:41:37.846000,1.27938,1.27926,1200000,2170000
2022-05-24 12:41:38.521000,1.27936,1.27925,1200000,1200000
2022-05-24 12:41:38.623000,1.27934,1.27925,1200000,1200000
2022-05-24 12:41:38.674000,1.27933,1.27923,1200000,1440000
2022-05-24 12:41:40.579000,1.27934,1.27921,1200000,2340000
2022-05-24 12:41:40.731000,1.27933,1.27921,1200000,2250000
2022-05-24 12:41:40.842000,1.27932,1.2792,1200000,2340000
2022-05-24 12:41:41.938000,1.27932,1.2792,1720000,1440000
2022-05-24 12:41:47.181000,1.27931,1.27919,1100000,2170000
2022-05-24 12:41:47.870000,1.27931,1.27919,1100000,1350000
2022-05-24 12:41:48.022000,1.27932,1.27919,1350000,1350000
2022-05-24 12:41:49.800000,1.27933,1.2792,1720000,1350000
2022-05-24 12:41:49.851000,1.27935,1.27924,1200000,1600000
2022-05-24 12:41:50.003000,1.27936,1.27925,1200000,1700000
2022-05-24 12:41:50.822000,1.27938,1.27927,1200000,1440000
2022-05-24 12:41:50.924000,1.27939,1.27926,1200000,1700000
2022-05-24 12:41:51.398000,1.27937,1.27927,1200000,1700000
2022-05-24 12:41:51.744000,1.27938,1.27925,1200000,1720000
2022-05-24 12:41:52.126000,1.27937,1.27925,1200000,1700000
2022-05-24 12:41:54.187000,1.27937,1.27925,1200000,1440000
2022-05-24 12:41:54.497000,1.2794,1.27927,3600000,1200000
2022-05-24 12:41:54.599000,1.27939,1.27926,1200000,2170000
2022-05-24 12:41:54.802000,1.27939,1.27928,1200000,1440000
2022-05-24 12:41:56.886000,1.2794,1.27927,1200000,2170000
2022-05-24 12:41:57.287000,1.27938,1.27927,1200000,1600000
2022-05-24 12:42:00.671000,1.27938,1.27927,3340000,1200000
2022-05-24 12:42:00.772000,1.27937,1.27924,1350000,1700000
2022-05-24 12:42:00.874000,1.27938,1.27925,1200000,1700000
2022-05-24 12:42:01.026000,1.27937,1.27924,1200000,3320000
2022-05-24 12:42:02.253000,1.27936,1.27925,1200000,1720000
2022-05-24 12:42:02.304000,1.27935,1.27923,1200000,2200000
2022-05-24 12:42:02.507000,1.27937,1.27924,1200000,1840000
2022-05-24 12:42:02.609000,1.27937,1.27924,1200000,2570000
2022-05-24 12:42:04.641000,1.27936,1.27928,1200000,1200000
2022-05-24 12:42:06.366000,1.27937,1.27925,1200000,1200000
2022-05-24 12:42:10.430000,1.27937,1.27925,1200000,1320000
2022-05-24 12:42:10.531000,1.27935,1.27926,1200000,1200000
2022-05-24 12:42:11.405000,1.27936,1.27923,1200000,2220000
2022-05-24 12:42:12.536000,1.27935,1.27922,1350000,1120000
2022-05-24 12:42:12.638000,1.27936,1.27924,1200000,1440000
2022-05-24 12:42:12.906000,1.27936,1.27924,1200000,1240000
2022-05-24 12:42:13.229000,1.27937,1.27926,1200000,1720000
2022-05-24 12:42:18.377000,1.27937,1.27927,1200000,1200000
2022-05-24 12:42:19.844000,1.27936,1.27925,1200000,2920000
2022-05-24 12:42:19.945000,1.27935,1.27925,1200000,1200000
2022-05-24 12:42:20.047000,1.27935,1.27922,1200000,2200000
2022-05-24 12:42:21.241000,1.27933,1.27922,1200000,2220000
2022-05-24 12:42:21.293000,1.27932,1.2792,1200000,1440000
2022-05-24 12:42:21.555000,1.27929,1.2792,1200000,1440000
2022-05-24 12:42:21.985000,1.27932,1.27919,1200000,2340000
2022-05-24 12:42:22.137000,1.27932,1.27919,1200000,2170000
2022-05-24 12:42:22.291000,1.2793,1.2792,1200000,2170000
2022-05-24 12:42:22.669000,1.27931,1.27919,1200000,1350000
2022-05-24 12:42:22.905000,1.27932,1.27919,1200000,1440000
2022-05-24 12:42:22.956000,1.27932,1.2792,1200000,2220000
2022-05-24 12:42:23.007000,1.27933,1.27922,1800000,1440000
2022-05-24 12:42:23.742000,1.27932,1.27922,1200000,1440000
2022-05-24 12:42:25.761000,1.27931,1.2792,1200000,2170000
2022-05-24 12:42:25.863000,1.2793,1.27919,1200000,2170000
2022-05-24 12:42:26.475000,1.27931,1.27918,1200000,1440000
2022-05-24 12:42:27.185000,1.27929,1.27917,1200000,1440000
2022-05-24 12:42:27.286000,1.2793,1.27917,1200000,1240000
2022-05-24 12:42:29.121000,1.27928,1.27917,1200000,2120000
2022-05-24 12:42:29.223000,1.27929,1.27916,1200000,2220000
2022-05-24 12:42:29.489000,1.27927,1.27917,1200000,2220000
2022-05-24 12:42:30.363000,1.2793,1.27917,1200000,1990000
2022-05-24 12:42:30.464000,1.27929,1.27918,1200000,2950000
2022-05-24 12:42:30.706000,1.27928,1.27918,1200000,2920000
2022-05-24 12:42:33.594000,1.27927,1.27915,1200000,2220000
2022-05-24 12:42:33.696000,1.27928,1.27917,1200000,1720000
2022-05-24 12:42:34.800000,1.2793,1.27917,1200000,1620000
2022-05-24 12:42:35.686000,1.2793,1.27919,1350000,1320000
2022-05-24 12:42:38.825000,1.2793,1.27919,1200000,4470000
2022-05-24 12:42:38.939000,1.27932,1.2792,1200000,2920000
2022-05-24 12:42:39.041000,1.27934,1.27924,1200000,2200000
2022-05-24 12:42:39.142000,1.27935,1.27925,1200000,1720000
2022-05-24 12:42:39.244000,1.27939,1.27927,1200000,1320000
2022-05-24 12:42:39.396000,1.27938,1.27927,1200000,1320000
2022-05-24 12:42:40.066000,1.27933,1.27922,1200000,1620000
2022-05-24 12:42:40.168000,1.27936,1.27924,1200000,1440000
2022-05-24 12:42:40.269000,1.27937,1.27924,1200000,1810000
2022-05-24 12:42:40.526000,1.27936,1.27926,1200000,1720000
2022-05-24 12:42:40.628000,1.27938,1.27927,1200000,1200000
2022-05-24 12:42:41.287000,1.27938,1.27925,1200000,2220000
2022-05-24 12:42:50.167000,1.27934,1.27924,1200000,1200000
2022-05-24 12:42:50.269000,1.27933,1.27921,1200000,2200000
2022-05-24 12:42:50.472000,1.27934,1.27921,1200000,2950000
2022-05-24 12:42:52.695000,1.27932,1.27922,1200000,1800000
2022-05-24 12:42:52.796000,1.27931,1.27921,1200000,1850000
2022-05-24 12:42:53.870000,1.27933,1.27921,1200000,1700000
2022-05-24 12:42:55.424000,1.27934,1.27921,1200000,1840000
2022-05-24 12:42:57.391000,1.27935,1.27922,1200000,1700000
2022-05-24 12:42:57.492000,1.27936,1.27926,2020000,1700000
2022-05-24 12:42:57.594000,1.27937,1.27928,1200000,1200000
2022-05-24 12:42:57.797000,1.27938,1.27928,1200000,1200000
2022-05-24 12:42:58.272000,1.27939,1.27928,1200000,1200000
2022-05-24 12:42:58.374000,1.27939,1.27926,1200000,1800000
2022-05-24 12:42:58.555000,1.27939,1.27927,1200000,1100000
2022-05-24 12:43:00.223000,1.27938,1.27926,1200000,2170000
2022-05-24 12:43:00.877000,1.27938,1.27925,1200000,2200000
2022-05-24 12:43:03.601000,1.27939,1.27928,1200000,1440000
2022-05-24 12:43:03.753000,1.2794,1.27927,1200000,1800000
2022-05-24 12:43:09.626000,1.27939,1.27928,1200000,1350000
2022-05-24 12:43:10.297000,1.27938,1.27926,1200000,1350000
2022-05-24 12:43:10.398000,1.27936,1.27927,1200000,1200000
2022-05-24 12:43:10.450000,1.27937,1.27924,1350000,2700000
2022-05-24 12:43:10.501000,1.27935,1.27924,1200000,1200000
2022-05-24 12:43:10.653000,1.27935,1.27923,1200000,1350000
2022-05-24 12:43:17.274000,1.27935,1.27922,1320000,1350000
2022-05-24 12:43:17.376000,1.27933,1.2792,1200000,2250000
2022-05-24 12:43:17.935000,1.27934,1.27921,1350000,1200000
2022-05-24 12:43:19.516000,1.27933,1.27923,1350000,1200000
2022-05-24 12:43:20.538000,1.27933,1.27922,1350000,1200000
2022-05-24 12:43:24.188000,1.27934,1.27922,1350000,1200000
2022-05-24 12:43:24.290000,1.27932,1.27922,1200000,1200000
2022-05-24 12:43:24.391000,1.27932,1.27921,1440000,1200000
2022-05-24 12:43:30.964000,1.27935,1.27923,2850000,1200000
2022-05-24 12:43:31.066000,1.27935,1.27923,1800000,1200000
2022-05-24 12:43:32.836000,1.27935,1.27924,1350000,1200000
2022-05-24 12:43:32.938000,1.27936,1.27924,1350000,1200000
2022-05-24 12:43:36.484000,1.27938,1.27927,1200000,1100000
2022-05-24 12:43:36.585000,1.27939,1.27927,1200000,1600000
2022-05-24 12:43:36.910000,1.27939,1.27927,1200000,1200000
2022-05-24 12:43:37.012000,1.27935,1.27927,1350000,1200000
2022-05-24 12:43:37.063000,1.27935,1.27925,1350000,1200000
2022-05-24 12:43:37.114000,1.27935,1.27922,1200000,1440000
2022-05-24 12:43:37.216000,1.27935,1.27924,1440000,1200000
2022-05-24 12:43:43.940000,1.27935,1.27923,1200000,1320000
2022-05-24 12:43:44.041000,1.27936,1.27923,1440000,1200000
2022-05-24 12:43:45.040000,1.27935,1.27922,1200000,1350000
2022-05-24 12:43:45.193000,1.27935,1.27923,1200000,1200000
2022-05-24 12:43:45.648000,1.27935,1.27922,1200000,1350000
2022-05-24 12:43:45.785000,1.27935,1.27923,1200000,1200000
2022-05-24 12:43:46.619000,1.27935,1.27922,1200000,1350000
2022-05-24 12:43:46.923000,1.27935,1.27923,1350000,1200000
2022-05-24 12:43:47.111000,1.27935,1.27922,1350000,1200000
2022-05-24 12:43:48.159000,1.27931,1.27921,1200000,2700000
2022-05-24 12:43:48.261000,1.27933,1.27923,1440000,1200000
2022-05-24 12:43:52.302000,1.27932,1.27921,1350000,1200000
2022-05-24 12:43:52.455000,1.27928,1.27919,1200000,1800000
2022-05-24 12:43:52.556000,1.27927,1.27915,2170000,1300000
2022-05-24 12:43:52.658000,1.27925,1.27915,1890000,1200000
2022-05-24 12:43:52.709000,1.27921,1.2791,1200000,1990000
2022-05-24 12:43:52.828000,1.27922,1.27909,1200000,1440000
2022-05-24 12:43:52.980000,1.27918,1.27906,1200000,1800000
2022-05-24 12:43:53.133000,1.27918,1.27907,1200000,2340000
2022-05-24 12:43:53.415000,1.27918,1.27907,1200000,1620000
2022-05-24 12:43:53.466000,1.27922,1.27909,1200000,1200000
2022-05-24 12:43:54.254000,1.27922,1.27909,1200000,2170000
2022-05-24 12:43:55.735000,1.27922,1.27911,1200000,1440000
2022-05-24 12:43:56.495000,1.27923,1.2791,1200000,2170000
2022-05-24 12:43:57.818000,1.27925,1.27914,1200000,3600000
2022-05-24 12:43:57.869000,1.27927,1.27915,1200000,1700000
2022-05-24 12:43:57.971000,1.27927,1.27917,1200000,1220000
2022-05-24 12:44:00.618000,1.27928,1.27917,1200000,1200000
2022-05-24 12:44:01.617000,1.27927,1.27917,1200000,1700000
2022-05-24 12:44:02.347000,1.27929,1.27916,1200000,1700000
2022-05-24 12:44:02.500000,1.27928,1.27916,1200000,1700000
2022-05-24 12:44:07.437000,1.27926,1.27915,1200000,1350000
2022-05-24 12:44:07.753000,1.27926,1.27915,1200000,3300000
2022-05-24 12:44:07.804000,1.27929,1.27916,1200000,1350000
2022-05-24 12:44:09.664000,1.27925,1.27915,1200000,1200000
2022-05-24 12:44:09.766000,1.27924,1.27915,1200000,1200000
2022-05-24 12:44:09.817000,1.27924,1.27912,1200000,1600000
2022-05-24 12:44:09.919000,1.27923,1.27913,1200000,1350000
2022-05-24 12:44:16.854000,1.27925,1.27913,1200000,4450000
2022-05-24 12:44:16.956000,1.27926,1.27914,1200000,1700000
2022-05-24 12:44:17.057000,1.27927,1.27915,1200000,1240000
2022-05-24 12:44:17.361000,1.2793,1.27919,1200000,1350000
2022-05-24 12:44:17.897000,1.27931,1.27918,1200000,1800000
2022-05-24 12:44:18.856000,1.27931,1.27918,1200000,1890000
2022-05-24 12:44:20.439000,1.27928,1.27918,1200000,2170000
2022-05-24 12:44:21.152000,1.27929,1.27917,1200000,1800000
2022-05-24 12:44:21.940000,1.27927,1.27917,1200000,1440000
2022-05-24 12:44:24.636000,1.27926,1.27916,1200000,1600000
2022-05-24 12:44:24.738000,1.27925,1.27915,1200000,1200000
2022-05-24 12:44:24.789000,1.27925,1.27912,1200000,1700000
2022-05-24 12:44:25.349000,1.27925,1.27913,1200000,1700000
2022-05-24 12:44:25.451000,1.27927,1.27915,1200000,1240000
2022-05-24 12:44:25.553000,1.27928,1.27915,1200000,1720000
2022-05-24 12:44:25.756000,1.27928,1.27917,1200000,1720000
2022-05-24 12:44:26.161000,1.27927,1.27915,1200000,2340000
2022-05-24 12:44:26.263000,1.27926,1.27915,1200000,1350000
2022-05-24 12:44:28.470000,1.27926,1.27913,1200000,1720000
2022-05-24 12:44:28.915000,1.27925,1.27912,1200000,2340000
2022-05-24 12:44:29.918000,1.27924,1.27911,1200000,1700000
2022-05-24 12:44:30.070000,1.27923,1.2791,1200000,2170000
2022-05-24 12:44:30.172000,1.27923,1.2791,1350000,1440000
2022-05-24 12:44:30.277000,1.27921,1.2791,1200000,1720000
2022-05-24 12:44:30.429000,1.2792,1.27909,1200000,2950000
2022-05-24 12:44:31.024000,1.27917,1.27908,1200000,1200000
2022-05-24 12:44:31.126000,1.27917,1.27904,1200000,2170000
2022-05-24 12:44:33.377000,1.27917,1.27904,1200000,2170000
2022-05-24 12:44:33.479000,1.27919,1.27906,1350000,1240000
2022-05-24 12:44:33.683000,1.27919,1.27906,1350000,1440000
2022-05-24 12:44:34.938000,1.27917,1.27906,1200000,1700000
2022-05-24 12:44:40.377000,1.27918,1.27905,1200000,1440000
2022-05-24 12:44:40.908000,1.27916,1.27905,1200000,2340000
2022-05-24 12:44:44.012000,1.27915,1.27904,1200000,2220000
2022-05-24 12:44:48.073000,1.27916,1.27903,1200000,1440000
2022-05-24 12:44:48.174000,1.27915,1.27902,1200000,2920000
2022-05-24 12:44:51.407000,1.27909,1.27902,1200000,1200000
2022-05-24 12:44:51.509000,1.2791,1.279,1200000,1200000
2022-05-24 12:44:51.611000,1.2791,1.27897,1200000,2220000
2022-05-24 12:44:52.515000,1.27911,1.27898,1200000,1440000
2022-05-24 12:44:53.166000,1.27911,1.27899,1200000,1700000
2022-05-24 12:44:53.218000,1.27914,1.27902,1200000,1200000
2022-05-24 12:44:54.183000,1.27914,1.27902,1200000,1600000
2022-05-24 12:44:55.496000,1.27916,1.27903,1720000,1600000
2022-05-24 12:44:57.335000,1.27917,1.27902,1720000,1200000
2022-05-24 12:44:58.301000,1.27917,1.279,2570000,2220000
2022-05-24 12:44:58.411000,1.27916,1.279,1440000,1700000
2022-05-24 12:45:02.713000,1.27916,1.27903,1570000,2410000
