time,ask,bid,ask_volume,bid_volume
2019-09-04 12:25:00.386000,1.33204,1.33194,1000000,1000000
2019-09-04 12:25:01.124000,1.33199,1.33189,1000000,1500000
2019-09-04 12:25:01.246000,1.33195,1.33185,1000000,1000000
2019-09-04 12:25:01.599000,1.33194,1.33184,1000000,1000000
2019-09-04 12:25:01.700000,1.3319,1.33179,2320000,1000000
2019-09-04 12:25:01.751000,1.33188,1.33178,1000000,1000000
2019-09-04 12:25:01.864000,1.33187,1.33176,1500000,1570000
2019-09-04 12:25:01.966000,1.33187,1.33175,1500000,1000000
2019-09-04 12:25:05.482000,1.33187,1.33175,1500000,1220000
2019-09-04 12:25:05.758000,1.33187,1.33175,1000000,1000000
2019-09-04 12:25:05.965000,1.33186,1.33175,1000000,1000000
2019-09-04 12:25:10.864000,1.33186,1.33177,1500000,1000000
2019-09-04 12:25:16.308000,1.33185,1.33177,1000000,1000000
2019-09-04 12:25:21.291000,1.33186,1.33177,1500000,1000000
2019-09-04 12:25:22.627000,1.33185,1.33177,1000000,1000000
2019-09-04 12:25:23.011000,1.33185,1.33175,1000000,1950000
2019-09-04 12:25:31.654000,1.33183,1.33175,1000000,1000000
2019-09-04 12:25:38.483000,1.33183,1.33174,1000000,1100000
2019-09-04 12:25:51.628000,1.33184,1.33174,1000000,1000000
2019-09-04 12:25:54.020000,1.33184,1.33175,1000000,1000000
2019-09-04 12:25:54.122000,1.33185,1.33175,1000000,1000000
2019-09-04 12:26:00.074000,1.33184,1.33175,1000000,1000000
2019-09-04 12:26:00.175000,1.33179,1.33169,1000000,1500000
2019-09-04 12:26:00.276000,1.33177,1.33168,1000000,1000000
2019-09-04 12:26:00.529000,1.33177,1.33167,1120000,1000000
2019-09-04 12:26:00.994000,1.33178,1.33167,2320000,1500000
2019-09-04 12:26:01.750000,1.33179,1.3317,2470000,1000000
2019-09-04 12:26:01.800000,1.3318,1.3317,1200000,1000000
2019-09-04 12:26:01.902000,1.33181,1.3317,1500000,1000000
2019-09-04 12:26:04.180000,1.3318,1.33169,1500000,1000000
2019-09-04 12:26:04.281000,1.33179,1.33169,1000000,1000000
2019-09-04 12:26:04.382000,1.3318,1.33169,1500000,1000000
2019-09-04 12:26:04.483000,1.3318,1.3317,1500000,1000000
2019-09-04 12:26:05.761000,1.33181,1.33173,2250000,1000000
2019-09-04 12:26:05.862000,1.33181,1.33172,1000000,1000000
2019-09-04 12:26:06.114000,1.3318,1.33172,1000000,1000000
2019-09-04 12:26:07.315000,1.3318,1.33171,1000000,1000000
2019-09-04 12:26:07.416000,1.33178,1.33169,1500000,1000000
2019-09-04 12:26:07.567000,1.33178,1.3317,1500000,1000000
2019-09-04 12:26:07.668000,1.3318,1.3317,2250000,1000000
2019-09-04 12:26:09.093000,1.33179,1.3317,1000000,1000000
2019-09-04 12:26:09.378000,1.3318,1.3317,1500000,1000000
2019-09-04 12:26:09.500000,1.3318,1.33171,1000000,1000000
2019-09-04 12:26:12.968000,1.33179,1.33171,1000000,1000000
2019-09-04 12:26:13.019000,1.33178,1.33168,1000000,1100000
2019-09-04 12:26:13.125000,1.33178,1.33169,1000000,1000000
2019-09-04 12:26:13.226000,1.33179,1.33169,2250000,1000000
2019-09-04 12:26:13.327000,1.33178,1.33169,1000000,1000000
2019-09-04 12:26:13.595000,1.33179,1.33169,1500000,1000000
2019-09-04 12:26:13.740000,1.33178,1.33169,1000000,1000000
2019-09-04 12:26:14.366000,1.33177,1.33167,1000000,1000000
2019-09-04 12:26:14.417000,1.33175,1.33167,1000000,1000000
2019-09-04 12:26:18.505000,1.33177,1.33167,1000000,1100000
2019-09-04 12:26:18.606000,1.3318,1.3317,1000000,1200000
2019-09-04 12:26:18.728000,1.3318,1.33171,1000000,1000000
2019-09-04 12:26:21.464000,1.3318,1.33172,1000000,1000000
2019-09-04 12:26:21.565000,1.33181,1.33173,1000000,1000000
2019-09-04 12:26:23.359000,1.33181,1.33171,1000000,1000000
2019-09-04 12:26:23.460000,1.33179,1.3317,1000000,1120000
2019-09-04 12:26:23.561000,1.33176,1.33168,1000000,1500000
2019-09-04 12:26:23.612000,1.33179,1.33168,2320000,1500000
2019-09-04 12:26:23.662000,1.33177,1.33168,1000000,1000000
2019-09-04 12:26:23.814000,1.33178,1.33168,1500000,1000000
2019-09-04 12:26:25.062000,1.33177,1.33168,1500000,1000000
2019-09-04 12:26:26.672000,1.33176,1.33166,1000000,1000000
2019-09-04 12:26:26.835000,1.33177,1.33166,1500000,1000000
2019-09-04 12:26:28.996000,1.33177,1.33167,1000000,1000000
2019-09-04 12:26:30.289000,1.33176,1.33167,1000000,1000000
2019-09-04 12:26:32.822000,1.33175,1.33167,1000000,1000000
2019-09-04 12:26:33.772000,1.33177,1.33167,1950000,1000000
2019-09-04 12:26:35.077000,1.33177,1.33166,1000000,1000000
2019-09-04 12:26:40.567000,1.33175,1.33166,1000000,1500000
2019-09-04 12:26:43.041000,1.33177,1.33166,1570000,1000000
2019-09-04 12:26:44.711000,1.33176,1.33166,1000000,1000000
2019-09-04 12:26:44.812000,1.33177,1.33166,1950000,1000000
2019-09-04 12:26:59.633000,1.33178,1.33167,1100000,1000000
2019-09-04 12:26:59.734000,1.33178,1.33167,1120000,1000000
2019-09-04 12:26:59.835000,1.33177,1.33167,1000000,1000000
2019-09-04 12:27:00.042000,1.33177,1.33166,1000000,1500000
2019-09-04 12:27:02.941000,1.33177,1.33168,1000000,1000000
2019-09-04 12:27:03.042000,1.33178,1.33168,1000000,1000000
2019-09-04 12:27:03.589000,1.33184,1.33174,2100000,1000000
2019-09-04 12:27:03.640000,1.33184,1.33174,1570000,1000000
2019-09-04 12:27:04.664000,1.33185,1.33176,1600000,1000000
2019-09-04 12:27:04.715000,1.33187,1.33176,1200000,1000000
2019-09-04 12:27:04.846000,1.33188,1.33177,1200000,1500000
2019-09-04 12:27:04.997000,1.33188,1.33177,1600000,1500000
2019-09-04 12:27:06.134000,1.33188,1.33177,1000000,1500000
2019-09-04 12:27:06.257000,1.33188,1.33177,1220000,1500000
2019-09-04 12:27:06.646000,1.33188,1.33179,1200000,1000000
2019-09-04 12:27:11.914000,1.33191,1.33181,1500000,1000000
2019-09-04 12:27:11.965000,1.33193,1.33184,1570000,1000000
2019-09-04 12:27:12.167000,1.33199,1.33188,1600000,2250000
2019-09-04 12:27:12.218000,1.332,1.33188,1500000,2250000
2019-09-04 12:27:12.268000,1.332,1.33191,1000000,1000000
2019-09-04 12:27:12.319000,1.33203,1.33192,1220000,1000000
2019-09-04 12:27:12.571000,1.33203,1.33192,1200000,1000000
2019-09-04 12:27:12.788000,1.33203,1.33193,1000000,1000000
2019-09-04 12:27:12.889000,1.33204,1.33193,1000000,1950000
2019-09-04 12:27:16.669000,1.33203,1.33193,1000000,1500000
2019-09-04 12:27:25.489000,1.33207,1.33201,1000000,1000000
2019-09-04 12:27:25.540000,1.33212,1.33202,1600000,1000000
2019-09-04 12:27:25.641000,1.33212,1.33202,1000000,1000000
2019-09-04 12:27:29.731000,1.33213,1.33202,1000000,1220000
2019-09-04 12:27:29.832000,1.33213,1.33202,1000000,1000000
2019-09-04 12:27:31.530000,1.33215,1.33209,1000000,1000000
2019-09-04 12:27:31.581000,1.3322,1.3321,1570000,1000000
2019-09-04 12:27:31.682000,1.33221,1.33212,1200000,1000000
2019-09-04 12:27:34.792000,1.33223,1.33214,1000000,1120000
2019-09-04 12:27:34.893000,1.33226,1.33217,1000000,1000000
2019-09-04 12:27:35.337000,1.33228,1.33217,1100000,1000000
2019-09-04 12:27:35.740000,1.33229,1.33218,1570000,1000000
2019-09-04 12:27:38.323000,1.33228,1.33218,1000000,1000000
2019-09-04 12:27:38.424000,1.33227,1.33218,1000000,1000000
2019-09-04 12:27:38.525000,1.33223,1.33213,1000000,1000000
2019-09-04 12:27:38.839000,1.33222,1.33211,1000000,1500000
2019-09-04 12:27:38.940000,1.33221,1.33211,1000000,1500000
2019-09-04 12:27:39.361000,1.33222,1.33212,1000000,1000000
2019-09-04 12:27:40.048000,1.33223,1.33212,1500000,1570000
2019-09-04 12:27:40.151000,1.33222,1.33212,1000000,1500000
2019-09-04 12:27:42.574000,1.33221,1.33212,1000000,1500000
2019-09-04 12:27:42.903000,1.3322,1.33211,1000000,1500000
2019-09-04 12:27:43.004000,1.33221,1.33211,1500000,1000000
2019-09-04 12:27:47.171000,1.33219,1.33211,1000000,1000000
2019-09-04 12:27:47.273000,1.33219,1.3321,1000000,1000000
2019-09-04 12:27:50.372000,1.3322,1.3321,1500000,1000000
2019-09-04 12:27:52.998000,1.33221,1.3321,1100000,1500000
2019-09-04 12:27:53.099000,1.33222,1.33211,1100000,1000000
2019-09-04 12:27:53.200000,1.33222,1.33212,1000000,2250000
2019-09-04 12:27:53.768000,1.33225,1.33217,1600000,1000000
2019-09-04 12:27:53.869000,1.33229,1.33218,1970000,1000000
2019-09-04 12:27:53.920000,1.33229,1.33221,1970000,1000000
2019-09-04 12:27:54.021000,1.33229,1.33221,1200000,1000000
2019-09-04 12:28:00.102000,1.33228,1.33221,1120000,1000000
2019-09-04 12:28:00.154000,1.33229,1.33219,1600000,1000000
2019-09-04 12:28:00.255000,1.33229,1.33219,3970000,1000000
2019-09-04 12:28:00.306000,1.33226,1.33216,1120000,1000000
2019-09-04 12:28:00.356000,1.33224,1.33214,1000000,1100000
2019-09-04 12:28:00.457000,1.33223,1.33213,1000000,1000000
2019-09-04 12:28:01.030000,1.33221,1.33213,1000000,1000000
2019-09-04 12:28:01.132000,1.33221,1.33212,1000000,1000000
2019-09-04 12:28:01.406000,1.33222,1.33212,1570000,1000000
2019-09-04 12:28:01.507000,1.33219,1.33211,1000000,1000000
2019-09-04 12:28:01.612000,1.3322,1.3321,1560000,1000000
2019-09-04 12:28:01.713000,1.33223,1.33214,1220000,1000000
2019-09-04 12:28:01.814000,1.33223,1.33214,1000000,1000000
2019-09-04 12:28:08.809000,1.33221,1.33213,1000000,1000000
2019-09-04 12:28:08.910000,1.33223,1.33213,1000000,1000000
2019-09-04 12:28:09.011000,1.33224,1.33214,1870000,1000000
2019-09-04 12:28:09.798000,1.33224,1.33215,1000000,1000000
2019-09-04 12:28:11.716000,1.33226,1.33218,1000000,1000000
2019-09-04 12:28:11.852000,1.33229,1.33221,1000000,1000000
2019-09-04 12:28:13.098000,1.33229,1.33219,1000000,1000000
2019-09-04 12:28:15.300000,1.33228,1.33219,1000000,1000000
2019-09-04 12:28:15.472000,1.33229,1.33219,1000000,1000000
2019-09-04 12:28:20.233000,1.3323,1.33219,1000000,1500000
2019-09-04 12:28:21.138000,1.33229,1.33219,1000000,1000000
2019-09-04 12:28:21.239000,1.3323,1.33219,1000000,1000000
2019-09-04 12:28:30.738000,1.33223,1.33214,1000000,1000000
2019-09-04 12:28:30.789000,1.33226,1.33216,1100000,1000000
2019-09-04 12:28:30.840000,1.33224,1.33214,1000000,1000000
2019-09-04 12:28:31.092000,1.33222,1.33214,1000000,1000000
2019-09-04 12:28:32.358000,1.33223,1.33214,1000000,1500000
2019-09-04 12:28:32.510000,1.33224,1.33214,1000000,1000000
2019-09-04 12:28:32.561000,1.33228,1.33217,1500000,1000000
2019-09-04 12:28:32.713000,1.33227,1.33217,1000000,1000000
2019-09-04 12:28:32.816000,1.33228,1.33217,1500000,1500000
2019-09-04 12:28:32.918000,1.33229,1.33218,1100000,1500000
2019-09-04 12:28:33.019000,1.33229,1.33219,1000000,1000000
2019-09-04 12:28:33.923000,1.3323,1.33219,1000000,1000000
2019-09-04 12:28:34.763000,1.3323,1.3322,1000000,1000000
2019-09-04 12:28:44.467000,1.3323,1.33218,1000000,1500000
2019-09-04 12:28:44.568000,1.33229,1.33218,1120000,1500000
2019-09-04 12:28:44.669000,1.33228,1.33218,1000000,1000000
2019-09-04 12:28:46.952000,1.33227,1.33218,1000000,1000000
2019-09-04 12:28:47.053000,1.33226,1.33215,1500000,1500000
2019-09-04 12:28:47.154000,1.33224,1.33213,1500000,1000000
2019-09-04 12:28:47.256000,1.33223,1.33213,1000000,1000000
2019-09-04 12:28:47.407000,1.33225,1.33214,1100000,1000000
2019-09-04 12:28:47.556000,1.33226,1.33217,1000000,1500000
2019-09-04 12:28:47.606000,1.3323,1.33218,2250000,1000000
2019-09-04 12:28:47.707000,1.3323,1.33217,1950000,1500000
2019-09-04 12:28:47.758000,1.33228,1.33217,1000000,1500000
2019-09-04 12:28:47.910000,1.33229,1.33217,1000000,1500000
2019-09-04 12:28:48.501000,1.33229,1.33219,1000000,1000000
2019-09-04 12:28:48.831000,1.3323,1.33219,1500000,1000000
2019-09-04 12:28:49.938000,1.33228,1.33217,1500000,1000000
2019-09-04 12:28:50.090000,1.3323,1.33217,1120000,1500000
2019-09-04 12:28:50.242000,1.33229,1.33217,1000000,1000000
2019-09-04 12:28:50.293000,1.33227,1.33217,1000000,1000000
2019-09-04 12:28:50.394000,1.33228,1.33216,1000000,1500000
2019-09-04 12:28:50.546000,1.3323,1.33218,1200000,1500000
2019-09-04 12:28:51.098000,1.33231,1.33219,2320000,1000000
2019-09-04 12:28:51.618000,1.3323,1.33219,1000000,1000000
2019-09-04 12:28:53.173000,1.33228,1.33218,1120000,1000000
2019-09-04 12:28:53.325000,1.33228,1.33216,1000000,1500000
2019-09-04 12:28:54.311000,1.33227,1.33216,1000000,1500000
2019-09-04 12:28:55.791000,1.33224,1.33212,2620000,1500000
2019-09-04 12:28:55.842000,1.33227,1.33216,2100000,1000000
2019-09-04 12:28:55.893000,1.33227,1.33216,1000000,1000000
2019-09-04 12:28:56.442000,1.33226,1.33216,1000000,1000000
2019-09-04 12:28:58.740000,1.33227,1.33216,1500000,1000000
2019-09-04 12:28:59.262000,1.33228,1.33216,1000000,2500000
2019-09-04 12:28:59.404000,1.33228,1.33217,1000000,1500000
2019-09-04 12:28:59.562000,1.33229,1.33217,1000000,2500000
2019-09-04 12:29:00.072000,1.3323,1.33217,1200000,2500000
2019-09-04 12:29:00.173000,1.3323,1.33219,2200000,1000000
2019-09-04 12:29:01.446000,1.33226,1.33216,1000000,1000000
2019-09-04 12:29:01.496000,1.33225,1.33212,1870000,1000000
2019-09-04 12:29:01.597000,1.33224,1.33211,1500000,2250000
2019-09-04 12:29:03.022000,1.33222,1.33211,1000000,1500000
2019-09-04 12:29:08.294000,1.33217,1.33207,1000000,1220000
2019-09-04 12:29:08.345000,1.33216,1.33206,1000000,1000000
2019-09-04 12:29:08.446000,1.33217,1.33206,1500000,2250000
2019-09-04 12:29:08.791000,1.33215,1.33204,1000000,1000000
2019-09-04 12:29:08.920000,1.33215,1.33203,1000000,1000000
2019-09-04 12:29:09.524000,1.33216,1.33203,2700000,1000000
2019-09-04 12:29:09.625000,1.33215,1.33203,2250000,1000000
2019-09-04 12:29:09.776000,1.33213,1.33203,1000000,1000000
2019-09-04 12:29:16.971000,1.33213,1.33202,1500000,1000000
2019-09-04 12:29:19.518000,1.33209,1.33198,1000000,1100000
2019-09-04 12:29:19.637000,1.33207,1.33197,1000000,1000000
2019-09-04 12:29:19.739000,1.33206,1.33196,1500000,1000000
2019-09-04 12:29:19.840000,1.33206,1.33194,1500000,1000000
2019-09-04 12:29:21.225000,1.33205,1.33193,1000000,1000000
2019-09-04 12:29:26.975000,1.33204,1.33193,1000000,1000000
2019-09-04 12:29:28.715000,1.33201,1.33193,1000000,1000000
2019-09-04 12:29:30.349000,1.332,1.33193,1000000,1500000
2019-09-04 12:29:31.131000,1.33198,1.33192,1000000,1500000
2019-09-04 12:29:31.324000,1.33199,1.33192,1000000,1000000
2019-09-04 12:29:31.864000,1.33202,1.33194,1000000,1000000
2019-09-04 12:29:32.194000,1.33202,1.33192,1000000,1500000
2019-09-04 12:29:32.471000,1.33202,1.33191,1000000,1120000
2019-09-04 12:29:33.495000,1.33202,1.33192,1000000,1000000
2019-09-04 12:29:35.765000,1.33201,1.33188,1000000,1950000
2019-09-04 12:29:35.816000,1.33198,1.33188,1000000,1500000
2019-09-04 12:29:35.867000,1.33199,1.33187,1000000,1000000
2019-09-04 12:29:35.968000,1.33199,1.33188,1000000,1120000
2019-09-04 12:29:36.119000,1.33199,1.3319,1000000,1000000
2019-09-04 12:29:36.221000,1.33199,1.33189,1000000,1000000
2019-09-04 12:29:36.322000,1.33199,1.3319,1000000,1000000
2019-09-04 12:29:36.412000,1.33201,1.3319,1000000,1120000
2019-09-04 12:29:36.514000,1.33201,1.33189,1000000,1500000
2019-09-04 12:29:36.666000,1.33201,1.3319,1000000,1000000
2019-09-04 12:29:36.767000,1.33201,1.33191,1000000,1000000
2019-09-04 12:29:36.970000,1.33201,1.3319,1000000,1000000
2019-09-04 12:29:37.657000,1.33205,1.33191,1000000,1000000
2019-09-04 12:29:40.690000,1.33204,1.33191,1000000,1000000
2019-09-04 12:29:41.715000,1.33204,1.33191,1000000,1000000
2019-09-04 12:29:43.905000,1.33202,1.33191,1620000,1000000
2019-09-04 12:29:44.007000,1.33202,1.33191,1000000,1000000
2019-09-04 12:29:44.057000,1.33202,1.33189,1000000,1000000
2019-09-04 12:29:44.158000,1.33202,1.33188,1000000,1500000
2019-09-04 12:29:44.260000,1.33202,1.33189,1000000,1000000
2019-09-04 12:29:44.365000,1.33202,1.33188,1000000,1500000
2019-09-04 12:29:44.467000,1.33202,1.33189,1000000,1000000
2019-09-04 12:29:44.618000,1.33201,1.33188,1000000,1500000
2019-09-04 12:29:44.719000,1.33202,1.33188,1000000,1500000
2019-09-04 12:29:44.972000,1.33203,1.33189,1500000,1000000
2019-09-04 12:29:45.141000,1.33204,1.3319,1000000,1000000
2019-09-04 12:29:45.546000,1.33204,1.3319,1620000,1000000
2019-09-04 12:29:46.549000,1.33204,1.3319,1000000,1000000
2019-09-04 12:29:47.012000,1.33203,1.33191,1000000,1000000
2019-09-04 12:29:47.113000,1.332,1.3319,1000000,1000000
2019-09-04 12:29:47.215000,1.33201,1.33189,1000000,1000000
2019-09-04 12:29:47.326000,1.33201,1.3319,1000000,1000000
2019-09-04 12:29:47.434000,1.33201,1.33191,1000000,1000000
2019-09-04 12:29:47.484000,1.33201,1.33189,1000000,1000000
2019-09-04 12:29:47.585000,1.33202,1.3319,1000000,1000000
2019-09-04 12:29:47.715000,1.33202,1.33189,1000000,1000000
2019-09-04 12:29:48.206000,1.33202,1.3319,1000000,1000000
2019-09-04 12:29:48.340000,1.33203,1.3319,1000000,1500000
2019-09-04 12:29:48.581000,1.33203,1.33191,1000000,1000000
2019-09-04 12:29:49.131000,1.33203,1.3319,1000000,1000000
2019-09-04 12:29:50.253000,1.33205,1.33191,1500000,1000000
2019-09-04 12:29:50.622000,1.33209,1.33195,1500000,1000000
2019-09-04 12:29:50.723000,1.33209,1.33191,1000000,1500000
2019-09-04 12:29:51.162000,1.33203,1.33191,1000000,1000000
2019-09-04 12:29:52.053000,1.33203,1.3319,1000000,1000000
2019-09-04 12:29:52.155000,1.33207,1.3319,1120000,1500000
2019-09-04 12:29:52.479000,1.33205,1.3319,1000000,1000000
2019-09-04 12:29:54.448000,1.33204,1.3319,1000000,1000000
2019-09-04 12:29:54.689000,1.33204,1.33189,1000000,1000000
2019-09-04 12:29:54.790000,1.33204,1.33189,1000000,1000000
2019-09-04 12:29:55.843000,1.33206,1.33189,1000000,1000000
2019-09-04 12:29:55.894000,1.33209,1.33189,1000000,2500000
2019-09-04 12:29:55.945000,1.33207,1.3319,1000000,1000000
2019-09-04 12:29:55.995000,1.33207,1.33189,1000000,1000000
2019-09-04 12:29:56.096000,1.33209,1.33187,1000000,1500000
2019-09-04 12:29:56.197000,1.33209,1.33187,1000000,1000000
2019-09-04 12:29:56.318000,1.33209,1.33187,1500000,1000000
2019-09-04 12:29:56.933000,1.33211,1.33189,2250000,2620000
2019-09-04 12:29:57.134000,1.33208,1.3319,1000000,1500000
2019-09-04 12:29:58.933000,1.3321,1.3319,1000000,1000000
2019-09-04 12:29:59.035000,1.3321,1.33189,1000000,1000000
2019-09-04 12:29:59.136000,1.3321,1.33187,1000000,2620000
2019-09-04 12:29:59.187000,1.33211,1.33189,1000000,1000000
2019-09-04 12:29:59.288000,1.33211,1.33189,1000000,1000000
2019-09-04 12:29:59.378000,1.33213,1.3319,1500000,1000000
2019-09-04 12:29:59.432000,1.33215,1.33192,2370000,1000000
2019-09-04 12:29:59.483000,1.33217,1.33193,2250000,1000000
2019-09-04 12:29:59.534000,1.33217,1.3319,2250000,1000000
2019-09-04 12:29:59.585000,1.33217,1.33188,1000000,1500000
2019-09-04 12:29:59.686000,1.33219,1.33188,1000000,1500000
2019-09-04 12:29:59.736000,1.33222,1.33195,1000000,1000000
2019-09-04 12:29:59.838000,1.33222,1.33194,1000000,1000000
2019-09-04 12:29:59.989000,1.33222,1.33193,1000000,1000000
2019-09-04 12:30:00.090000,1.33226,1.332,1000000,1000000
2019-09-04 12:30:00.193000,1.33227,1.33206,1000000,1000000
2019-09-04 12:30:00.244000,1.3323,1.33206,1000000,1000000
2019-09-04 12:30:00.402000,1.3323,1.33205,1000000,1000000
2019-09-04 12:30:00.542000,1.33233,1.33205,1000000,1000000
2019-09-04 12:30:00.697000,1.33231,1.33203,1500000,1050000
2019-09-04 12:30:00.798000,1.33228,1.33198,1500000,2650000
2019-09-04 12:30:00.940000,1.33224,1.33198,1000000,2250000
2019-09-04 12:30:01.091000,1.33225,1.33198,1000000,1000000
2019-09-04 12:30:01.195000,1.33225,1.33197,1000000,1500000
2019-09-04 12:30:01.296000,1.33224,1.33198,1000000,1500000
2019-09-04 12:30:01.465000,1.33225,1.33197,1000000,1500000
2019-09-04 12:30:01.603000,1.33221,1.33197,1000000,1500000
2019-09-04 12:30:01.873000,1.33221,1.33202,1000000,1050000
2019-09-04 12:30:01.980000,1.33224,1.33203,1000000,1500000
2019-09-04 12:30:02.366000,1.33219,1.33198,1000000,3000000
2019-09-04 12:30:02.610000,1.3322,1.33203,1000000,1500000
2019-09-04 12:30:02.711000,1.33221,1.33202,1000000,3000000
2019-09-04 12:30:03.124000,1.33221,1.33204,1000000,1500000
2019-09-04 12:30:03.175000,1.33223,1.33203,1000000,1500000
2019-09-04 12:30:03.226000,1.33229,1.33203,1000000,1000000
2019-09-04 12:30:03.277000,1.33232,1.33203,1000000,1000000
2019-09-04 12:30:03.327000,1.33232,1.33209,1000000,1000000
2019-09-04 12:30:03.378000,1.33237,1.33211,1500000,1050000
2019-09-04 12:30:03.479000,1.33239,1.33212,1000000,1050000
2019-09-04 12:30:03.580000,1.33239,1.33211,1500000,1050000
2019-09-04 12:30:03.782000,1.33239,1.33212,1000000,1050000
2019-09-04 12:30:03.911000,1.33239,1.33211,1000000,1050000
2019-09-04 12:30:04.163000,1.33241,1.33211,1870000,1050000
2019-09-04 12:30:04.265000,1.3324,1.33211,1000000,1050000
2019-09-04 12:30:04.316000,1.33227,1.33211,1000000,1050000
2019-09-04 12:30:04.417000,1.3322,1.33211,2370000,1050000
2019-09-04 12:30:04.519000,1.33224,1.33208,1500000,1500000
2019-09-04 12:30:04.621000,1.33227,1.33203,1000000,1000000
2019-09-04 12:30:04.722000,1.33226,1.33206,1000000,1000000
2019-09-04 12:30:05.070000,1.33226,1.33206,1500000,1000000
2019-09-04 12:30:06.603000,1.3322,1.33201,1620000,1000000
2019-09-04 12:30:06.704000,1.33221,1.33203,1500000,1220000
2019-09-04 12:30:06.806000,1.33222,1.33202,1000000,1220000
2019-09-04 12:30:06.907000,1.33222,1.33201,1000000,1000000
2019-09-04 12:30:07.008000,1.33221,1.33202,1000000,1000000
2019-09-04 12:30:07.159000,1.33221,1.33204,1000000,1000000
2019-09-04 12:30:08.125000,1.33215,1.33199,1500000,3220000
2019-09-04 12:30:08.176000,1.33215,1.33199,1620000,1500000
2019-09-04 12:30:08.277000,1.33215,1.33199,2370000,1000000
2019-09-04 12:30:08.378000,1.33207,1.33193,1500000,1870000
2019-09-04 12:30:08.524000,1.33207,1.33192,1000000,1000000
2019-09-04 12:30:08.625000,1.33201,1.3319,1000000,1000000
2019-09-04 12:30:08.676000,1.33201,1.33187,1000000,1000000
2019-09-04 12:30:08.727000,1.33202,1.33185,2000000,1000000
2019-09-04 12:30:08.828000,1.33202,1.33184,1000000,1100000
2019-09-04 12:30:09.081000,1.33203,1.33184,2750000,1000000
2019-09-04 12:30:09.764000,1.33203,1.33185,1000000,1000000
2019-09-04 12:30:10.283000,1.33203,1.33182,1000000,1220000
2019-09-04 12:30:10.384000,1.33203,1.33182,1000000,1600000
2019-09-04 12:30:10.565000,1.33202,1.33185,1000000,1000000
2019-09-04 12:30:11.478000,1.332,1.33186,1000000,1000000
2019-09-04 12:30:11.711000,1.33201,1.33187,1000000,1000000
2019-09-04 12:30:12.324000,1.33198,1.33185,1120000,1000000
2019-09-04 12:30:12.820000,1.33197,1.33184,1000000,1500000
2019-09-04 12:30:13.074000,1.33196,1.33184,1000000,1000000
2019-09-04 12:30:15.123000,1.33195,1.33182,2750000,1000000
2019-09-04 12:30:15.173000,1.33196,1.33183,2250000,1000000
2019-09-04 12:30:15.274000,1.33195,1.33184,1000000,1000000
2019-09-04 12:30:18.971000,1.33194,1.33184,1000000,1000000
2019-09-04 12:30:21.582000,1.33194,1.33182,1500000,1000000
2019-09-04 12:30:21.683000,1.33192,1.3318,1000000,1000000
2019-09-04 12:30:21.785000,1.33192,1.3318,1500000,1000000
2019-09-04 12:30:23.046000,1.33192,1.3318,1000000,1000000
2019-09-04 12:30:24.285000,1.33193,1.33181,1120000,1000000
2019-09-04 12:30:25.689000,1.33194,1.33182,1120000,1000000
2019-09-04 12:30:27.727000,1.33196,1.33184,1000000,1500000
2019-09-04 12:30:27.829000,1.332,1.33189,1000000,2620000
2019-09-04 12:30:27.880000,1.33202,1.33189,1000000,1870000
2019-09-04 12:30:28.150000,1.33202,1.33189,1000000,2000000
2019-09-04 12:30:29.069000,1.33202,1.33189,1000000,1500000
2019-09-04 12:30:29.974000,1.33202,1.3319,1000000,1000000
2019-09-04 12:30:30.272000,1.33201,1.3319,1000000,1000000
2019-09-04 12:30:30.373000,1.33201,1.33189,1000000,1000000
2019-09-04 12:30:30.474000,1.33202,1.33189,1120000,1500000
2019-09-04 12:30:31.499000,1.33198,1.33188,1500000,1000000
2019-09-04 12:30:31.550000,1.33196,1.33186,1000000,1500000
2019-09-04 12:30:31.676000,1.332,1.33192,1100000,1000000
2019-09-04 12:30:31.778000,1.33202,1.3319,1000000,1500000
2019-09-04 12:30:32.561000,1.33201,1.33189,1000000,1000000
2019-09-04 12:30:37.290000,1.33201,1.33191,1000000,1000000
2019-09-04 12:30:39.758000,1.33203,1.33192,1200000,1000000
2019-09-04 12:30:39.809000,1.33203,1.33196,1000000,1000000
2019-09-04 12:30:39.889000,1.33203,1.33194,1000000,1000000
2019-09-04 12:30:39.940000,1.33202,1.33192,1000000,1500000
2019-09-04 12:30:49.798000,1.33202,1.33193,1000000,1000000
2019-09-04 12:30:49.967000,1.33206,1.33196,1600000,1000000
2019-09-04 12:30:50.018000,1.33208,1.33197,1570000,1500000
2019-09-04 12:30:50.119000,1.33209,1.33197,1870000,1500000
2019-09-04 12:30:50.220000,1.33207,1.33194,1000000,2250000
2019-09-04 12:30:50.941000,1.3321,1.33198,1500000,1000000
2019-09-04 12:30:50.992000,1.3321,1.33198,1000000,1000000
2019-09-04 12:30:51.111000,1.33211,1.33198,1870000,1000000
2019-09-04 12:30:51.162000,1.33208,1.33197,1000000,1000000
2019-09-04 12:30:51.263000,1.33208,1.33195,1000000,1500000
2019-09-04 12:30:51.927000,1.3321,1.33195,1870000,1500000
2019-09-04 12:30:53.556000,1.3321,1.33195,2350000,1500000
2019-09-04 12:30:53.686000,1.3321,1.33195,1950000,1570000
2019-09-04 12:30:53.736000,1.33208,1.33195,1000000,1500000
2019-09-04 12:30:53.837000,1.33206,1.33194,1000000,1000000
2019-09-04 12:30:53.888000,1.33205,1.33192,1000000,1100000
2019-09-04 12:30:54.456000,1.33204,1.33192,1000000,1000000
2019-09-04 12:30:55.143000,1.33203,1.33192,1120000,1000000
2019-09-04 12:30:55.194000,1.33202,1.3319,1120000,1100000
2019-09-04 12:30:55.296000,1.33201,1.33188,1000000,1220000
2019-09-04 12:30:55.397000,1.33201,1.33188,1000000,1000000
2019-09-04 12:30:56.643000,1.33196,1.33185,1000000,1220000
2019-09-04 12:30:56.744000,1.33195,1.33182,2370000,2350000
2019-09-04 12:30:56.845000,1.33195,1.33182,2370000,1870000
2019-09-04 12:30:57.274000,1.33195,1.33182,1500000,1870000
2019-09-04 12:30:57.971000,1.33195,1.33183,1500000,1000000
2019-09-04 12:30:59.475000,1.33196,1.33184,1620000,1000000
2019-09-04 12:30:59.577000,1.33197,1.33185,1500000,1000000
2019-09-04 12:31:00.177000,1.33197,1.33184,1500000,1000000
2019-09-04 12:31:00.374000,1.33195,1.33183,1000000,1000000
2019-09-04 12:31:00.578000,1.33194,1.33181,1000000,1950000
2019-09-04 12:31:00.679000,1.33193,1.33181,1000000,1950000
2019-09-04 12:31:01.671000,1.3319,1.33181,1000000,1500000
2019-09-04 12:31:02.008000,1.33194,1.33181,1120000,1500000
2019-09-04 12:31:02.253000,1.33191,1.33179,1000000,1500000
2019-09-04 12:31:02.456000,1.33189,1.33179,1000000,1000000
2019-09-04 12:31:05.474000,1.33189,1.33177,1120000,1000000
2019-09-04 12:31:05.525000,1.33188,1.33175,2620000,1000000
2019-09-04 12:31:05.626000,1.33188,1.33175,2000000,1000000
2019-09-04 12:31:07.453000,1.33188,1.33175,1870000,1000000
2019-09-04 12:31:12.736000,1.33186,1.33174,1000000,1100000
2019-09-04 12:31:12.837000,1.33185,1.33174,1000000,1500000
2019-09-04 12:31:13.091000,1.33184,1.33174,1500000,1000000
2019-09-04 12:31:17.420000,1.33182,1.33174,1000000,1000000
2019-09-04 12:31:17.471000,1.33182,1.33172,1000000,1500000
2019-09-04 12:31:27.206000,1.3318,1.33169,1500000,1600000
2019-09-04 12:31:27.307000,1.33179,1.33167,1870000,2250000
2019-09-04 12:31:27.509000,1.33178,1.33168,1000000,1000000
2019-09-04 12:31:27.714000,1.33178,1.33169,1000000,1500000
2019-09-04 12:31:28.173000,1.3318,1.33169,1000000,1500000
2019-09-04 12:31:28.326000,1.3318,1.33168,1570000,1500000
2019-09-04 12:31:31.030000,1.3318,1.33168,2070000,1500000
2019-09-04 12:31:31.382000,1.3318,1.33168,1500000,1500000
2019-09-04 12:31:35.663000,1.3318,1.33168,1970000,1500000
2019-09-04 12:31:36.665000,1.3318,1.33168,1500000,3000000
2019-09-04 12:31:36.974000,1.3318,1.3317,1500000,1000000
2019-09-04 12:31:40.701000,1.33178,1.33168,1000000,1100000
2019-09-04 12:31:40.938000,1.33175,1.33165,1000000,1100000
2019-09-04 12:31:45.013000,1.33177,1.33165,2470000,1000000
2019-09-04 12:31:45.114000,1.33177,1.33165,1950000,1000000
2019-09-04 12:31:48.888000,1.33176,1.33164,3570000,1570000
2019-09-04 12:31:49.963000,1.33176,1.33164,1100000,2700000
2019-09-04 12:31:51.348000,1.33176,1.33164,1220000,2250000
2019-09-04 12:31:51.449000,1.33174,1.33163,1570000,1000000
2019-09-04 12:31:51.551000,1.33172,1.33162,1000000,1000000
2019-09-04 12:31:52.441000,1.33172,1.33161,1000000,1000000
2019-09-04 12:31:52.542000,1.33168,1.33159,1000000,1100000
2019-09-04 12:31:52.644000,1.33167,1.33159,1000000,1000000
2019-09-04 12:31:53.231000,1.33169,1.33159,1000000,3750000
2019-09-04 12:31:53.333000,1.33171,1.3316,1000000,2250000
2019-09-04 12:31:53.434000,1.33172,1.3316,1000000,2250000
2019-09-04 12:31:54.053000,1.33173,1.33162,1120000,1500000
2019-09-04 12:31:54.154000,1.33173,1.33163,1000000,1000000
2019-09-04 12:31:54.711000,1.33173,1.33164,1000000,1000000
2019-09-04 12:31:54.813000,1.33175,1.33164,1200000,1000000
2019-09-04 12:31:55.160000,1.33175,1.33165,1200000,1000000
2019-09-04 12:31:55.262000,1.33176,1.33164,1100000,3000000
2019-09-04 12:31:56.347000,1.33171,1.33162,2100000,1000000
2019-09-04 12:31:56.448000,1.33169,1.33161,1000000,1000000
2019-09-04 12:31:56.499000,1.33169,1.33158,1000000,1950000
2019-09-04 12:32:00.052000,1.33169,1.33159,1200000,1000000
2019-09-04 12:32:00.713000,1.33171,1.33164,1220000,1000000
2019-09-04 12:32:00.764000,1.33172,1.33164,1000000,1000000
2019-09-04 12:32:00.830000,1.33175,1.33164,1700000,1000000
2019-09-04 12:32:00.932000,1.33176,1.33164,1950000,1500000
2019-09-04 12:32:05.531000,1.33176,1.33166,1500000,1000000
2019-09-04 12:32:09.821000,1.3318,1.33176,1000000,1000000
2019-09-04 12:32:09.871000,1.33185,1.33175,1570000,1500000
2019-09-04 12:32:09.972000,1.33186,1.33175,1870000,1500000
2019-09-04 12:32:10.073000,1.33186,1.33175,2350000,1500000
2019-09-04 12:32:10.295000,1.33186,1.33175,2320000,1500000
2019-09-04 12:32:10.510000,1.33183,1.33172,2000000,1000000
2019-09-04 12:32:10.561000,1.33184,1.33172,1870000,2250000
2019-09-04 12:32:10.713000,1.33184,1.33172,2350000,2250000
2019-09-04 12:32:11.350000,1.33184,1.33172,2320000,2250000
2019-09-04 12:32:15.971000,1.33184,1.33174,1950000,1000000
2019-09-04 12:32:17.082000,1.33178,1.33167,1000000,1500000
2019-09-04 12:32:17.184000,1.33177,1.33166,1000000,1000000
2019-09-04 12:32:17.730000,1.33178,1.33167,1120000,1000000
2019-09-04 12:32:18.313000,1.33176,1.33167,1000000,1000000
2019-09-04 12:32:18.414000,1.33176,1.33165,1000000,2250000
2019-09-04 12:32:20.334000,1.33176,1.33166,1000000,1000000
2019-09-04 12:32:23.019000,1.33176,1.33165,1000000,1500000
2019-09-04 12:32:25.601000,1.33176,1.33166,1000000,1000000
2019-09-04 12:32:26.160000,1.33176,1.33165,1000000,1500000
2019-09-04 12:32:26.261000,1.33178,1.33168,1000000,1000000
2019-09-04 12:32:26.834000,1.33177,1.33167,1000000,1500000
2019-09-04 12:32:26.935000,1.33181,1.33171,1000000,1000000
2019-09-04 12:32:27.037000,1.33183,1.33172,1000000,1120000
2019-09-04 12:32:27.796000,1.33184,1.33174,1100000,1500000
2019-09-04 12:32:30.374000,1.33185,1.33174,1000000,1500000
2019-09-04 12:32:30.475000,1.33185,1.33174,1000000,1970000
2019-09-04 12:32:30.826000,1.33186,1.33174,1500000,2720000
2019-09-04 12:32:30.927000,1.33186,1.33176,1500000,1500000
2019-09-04 12:32:31.028000,1.33186,1.33177,1000000,1000000
2019-09-04 12:32:31.431000,1.33188,1.33177,1500000,1500000
2019-09-04 12:32:34.074000,1.33188,1.33178,1500000,1000000
2019-09-04 12:32:34.795000,1.33183,1.33172,1000000,3000000
2019-09-04 12:32:34.845000,1.33184,1.33174,1120000,1000000
2019-09-04 12:32:34.896000,1.33184,1.33172,2250000,1500000
2019-09-04 12:32:35.476000,1.33183,1.33172,1000000,1500000
2019-09-04 12:32:35.988000,1.33182,1.33172,1000000,1000000
2019-09-04 12:32:36.090000,1.33181,1.33171,1000000,1500000
2019-09-04 12:32:36.369000,1.33182,1.33171,1000000,1000000
2019-09-04 12:32:36.470000,1.33183,1.33172,1600000,1000000
2019-09-04 12:32:36.571000,1.33183,1.33171,2100000,1500000
2019-09-04 12:32:37.189000,1.33183,1.33171,1500000,1500000
2019-09-04 12:32:37.410000,1.33183,1.33173,1000000,1000000
2019-09-04 12:32:37.511000,1.33184,1.33174,1000000,1000000
2019-09-04 12:32:39.973000,1.33184,1.33175,1500000,1000000
2019-09-04 12:32:40.023000,1.33182,1.33172,2250000,1500000
2019-09-04 12:32:40.503000,1.33182,1.33172,2350000,1000000
2019-09-04 12:32:44.633000,1.33181,1.3317,1950000,2250000
2019-09-04 12:32:44.732000,1.3318,1.33168,1220000,2750000
2019-09-04 12:32:44.838000,1.33178,1.33167,1000000,2250000
2019-09-04 12:32:44.889000,1.33179,1.33169,1000000,1000000
2019-09-04 12:32:44.991000,1.33181,1.33169,1970000,2620000
2019-09-04 12:32:45.092000,1.33181,1.33169,1000000,2620000
2019-09-04 12:32:45.294000,1.33181,1.3317,1000000,1000000
2019-09-04 12:32:47.782000,1.33183,1.33173,1220000,2250000
2019-09-04 12:32:47.883000,1.33183,1.33173,1000000,2700000
2019-09-04 12:32:47.984000,1.33186,1.33174,1200000,1000000
2019-09-04 12:32:48.593000,1.33186,1.33174,1720000,1000000
2019-09-04 12:32:49.152000,1.33186,1.33174,1570000,1500000
2019-09-04 12:32:49.323000,1.33186,1.33174,1220000,1500000
2019-09-04 12:32:50.160000,1.33186,1.33174,1100000,1500000
2019-09-04 12:32:54.279000,1.33186,1.33175,1100000,1000000
2019-09-04 12:32:56.396000,1.33186,1.33175,1220000,1500000
2019-09-04 12:32:56.547000,1.33186,1.33175,1200000,1500000
2019-09-04 12:32:59.547000,1.33186,1.33174,1200000,1570000
2019-09-04 12:33:00.540000,1.33186,1.33174,1600000,1500000
2019-09-04 12:33:01.025000,1.33186,1.33174,1100000,1500000
2019-09-04 12:33:01.520000,1.33186,1.33174,1600000,1500000
2019-09-04 12:33:04.242000,1.33185,1.33175,1000000,1000000
2019-09-04 12:33:04.912000,1.33185,1.33174,1000000,1000000
2019-09-04 12:33:09.616000,1.33185,1.33175,1000000,1000000
2019-09-04 12:33:10.301000,1.3319,1.3318,1000000,1500000
2019-09-04 12:33:10.661000,1.33192,1.3318,2250000,1500000
2019-09-04 12:33:10.763000,1.33192,1.33181,1500000,1000000
2019-09-04 12:33:19.496000,1.33193,1.33182,2350000,1000000
2019-09-04 12:33:19.597000,1.33193,1.33182,1870000,1000000
2019-09-04 12:33:24.324000,1.33193,1.33181,1950000,1950000
2019-09-04 12:33:26.546000,1.33193,1.33182,1870000,1000000
2019-09-04 12:33:28.940000,1.33193,1.33183,1870000,1000000
2019-09-04 12:33:28.991000,1.33197,1.33187,1500000,1000000
2019-09-04 12:33:29.092000,1.33201,1.3319,2250000,1200000
2019-09-04 12:33:33.329000,1.33201,1.33189,1500000,3820000
2019-09-04 12:33:34.002000,1.33201,1.33191,1500000,1000000
2019-09-04 12:33:46.182000,1.33199,1.33188,1500000,1570000
2019-09-04 12:33:47.933000,1.33201,1.33189,1220000,1500000
2019-09-04 12:33:47.984000,1.33203,1.33191,1600000,1500000
2019-09-04 12:33:48.051000,1.33203,1.33191,1000000,1500000
2019-09-04 12:33:48.102000,1.33204,1.33194,1500000,1000000
2019-09-04 12:33:49.076000,1.33203,1.33192,1000000,1000000
2019-09-04 12:33:50.428000,1.33203,1.33191,1000000,2320000
2019-09-04 12:33:52.384000,1.33203,1.33192,1000000,1000000
2019-09-04 12:33:53.281000,1.33203,1.33191,1000000,1570000
2019-09-04 12:33:53.768000,1.33203,1.33191,1000000,1970000
2019-09-04 12:33:56.275000,1.33203,1.33191,1100000,1950000
2019-09-04 12:33:57.582000,1.33203,1.33193,1000000,1000000
2019-09-04 12:33:57.714000,1.33205,1.33195,1000000,1000000
2019-09-04 12:33:57.765000,1.33207,1.33195,1500000,2250000
2019-09-04 12:33:57.816000,1.33207,1.33197,1000000,1000000
2019-09-04 12:33:58.072000,1.3321,1.33198,1720000,1000000
2019-09-04 12:33:58.173000,1.3321,1.33198,1220000,1000000
2019-09-04 12:33:58.751000,1.3321,1.33198,1000000,1500000
2019-09-04 12:34:01.987000,1.3321,1.33198,1220000,1000000
2019-09-04 12:34:02.088000,1.3321,1.33198,1950000,1000000
2019-09-04 12:34:02.816000,1.33204,1.33197,1000000,1100000
2019-09-04 12:34:02.866000,1.33206,1.33195,1000000,2100000
2019-09-04 12:34:02.917000,1.33207,1.33195,2250000,1000000
2019-09-04 12:34:04.973000,1.33207,1.33197,1000000,1000000
2019-09-04 12:34:05.478000,1.33207,1.33196,1000000,1100000
2019-09-04 12:34:05.591000,1.33207,1.33196,1000000,1600000
2019-09-04 12:34:05.767000,1.33207,1.33196,1000000,1100000
2019-09-04 12:34:05.894000,1.33207,1.33196,1000000,1220000
2019-09-04 12:34:06.303000,1.33208,1.33196,1000000,1220000
2019-09-04 12:34:10.120000,1.33208,1.33196,1200000,1100000
2019-09-04 12:34:10.553000,1.33208,1.33196,1600000,1000000
2019-09-04 12:34:10.755000,1.33208,1.33196,1120000,1000000
2019-09-04 12:34:10.965000,1.33206,1.33196,1000000,1000000
2019-09-04 12:34:12.992000,1.33208,1.33196,1100000,1000000
2019-09-04 12:34:15.967000,1.33208,1.33199,1000000,1000000
2019-09-04 12:34:16.320000,1.33211,1.33201,3100000,1000000
2019-09-04 12:34:16.421000,1.33211,1.33201,1570000,1000000
2019-09-04 12:34:17.284000,1.33211,1.33202,1000000,1000000
2019-09-04 12:34:17.385000,1.33212,1.33202,1570000,1000000
2019-09-04 12:34:17.486000,1.33212,1.33202,1600000,1000000
2019-09-04 12:34:17.801000,1.33212,1.33202,1570000,1000000
2019-09-04 12:34:17.902000,1.33215,1.33207,1000000,1000000
2019-09-04 12:34:18.009000,1.33218,1.33209,1870000,1000000
2019-09-04 12:34:19.413000,1.33222,1.33215,1000000,1500000
2019-09-04 12:34:19.532000,1.33222,1.33216,1000000,1000000
2019-09-04 12:34:19.583000,1.33229,1.33219,1970000,1000000
2019-09-04 12:34:19.684000,1.33228,1.33218,1500000,1000000
2019-09-04 12:34:19.786000,1.33228,1.33218,1200000,1000000
2019-09-04 12:34:19.887000,1.33228,1.33218,1720000,1000000
2019-09-04 12:34:20.040000,1.33228,1.33218,1120000,1000000
2019-09-04 12:34:20.545000,1.33226,1.33217,1000000,1000000
2019-09-04 12:34:20.651000,1.33228,1.33217,1870000,1000000
2019-09-04 12:34:20.753000,1.33227,1.33217,1000000,1000000
2019-09-04 12:34:21.123000,1.33222,1.33213,1000000,1600000
2019-09-04 12:34:21.224000,1.33228,1.33219,1000000,1000000
2019-09-04 12:34:22.372000,1.3323,1.3322,2750000,1000000
2019-09-04 12:34:22.423000,1.33234,1.33226,1000000,1000000
2019-09-04 12:34:22.473000,1.33237,1.33228,1120000,1000000
2019-09-04 12:34:22.574000,1.33238,1.33229,1500000,1000000
2019-09-04 12:34:23.882000,1.33235,1.33227,1500000,1000000
2019-09-04 12:34:23.983000,1.33232,1.33223,1000000,1000000
2019-09-04 12:34:24.094000,1.33232,1.33222,1000000,1100000
2019-09-04 12:34:24.145000,1.33234,1.33223,1500000,1000000
2019-09-04 12:34:24.196000,1.33232,1.33221,1000000,2100000
2019-09-04 12:34:24.297000,1.33234,1.33225,1000000,1000000
2019-09-04 12:34:24.399000,1.33234,1.33223,1120000,1200000
2019-09-04 12:34:24.500000,1.33234,1.33223,1000000,1220000
2019-09-04 12:34:24.602000,1.33235,1.33225,1000000,1000000
2019-09-04 12:34:25.682000,1.33235,1.33224,1500000,1000000
2019-09-04 12:34:25.942000,1.33234,1.33225,1000000,1000000
2019-09-04 12:34:26.785000,1.33236,1.33226,1870000,1000000
2019-09-04 12:34:27.207000,1.33237,1.33228,1500000,1000000
2019-09-04 12:34:28.826000,1.33239,1.33229,1870000,1000000
2019-09-04 12:34:29.030000,1.3324,1.33229,3000000,1100000
2019-09-04 12:34:29.663000,1.33239,1.33229,1000000,1000000
2019-09-04 12:34:30.976000,1.3324,1.33229,3370000,1120000
2019-09-04 12:34:31.837000,1.33238,1.33229,1500000,1000000
2019-09-04 12:34:31.939000,1.33238,1.33228,1120000,1000000
2019-09-04 12:34:32.040000,1.33238,1.33229,1500000,1000000
2019-09-04 12:34:33.037000,1.33238,1.33228,1000000,1000000
2019-09-04 12:34:34.501000,1.33236,1.33226,1500000,1100000
2019-09-04 12:34:34.603000,1.33234,1.33224,1000000,1000000
2019-09-04 12:34:34.935000,1.33235,1.33225,1000000,1000000
2019-09-04 12:34:35.935000,1.33235,1.33226,1000000,1000000
2019-09-04 12:34:36.037000,1.33238,1.33229,1000000,1000000
2019-09-04 12:34:36.138000,1.33239,1.3323,3370000,1000000
2019-09-04 12:34:38.831000,1.33238,1.33229,1000000,1000000
2019-09-04 12:34:43.670000,1.33234,1.33225,1500000,1220000
2019-09-04 12:34:43.721000,1.33233,1.33221,3500000,1100000
2019-09-04 12:34:44.239000,1.33231,1.33221,2750000,1000000
2019-09-04 12:34:44.446000,1.33231,1.33221,2620000,1000000
2019-09-04 12:34:44.561000,1.33231,1.3322,2620000,1000000
2019-09-04 12:34:45.107000,1.3323,1.3322,1500000,1000000
2019-09-04 12:34:46.292000,1.33228,1.33219,1000000,1000000
2019-09-04 12:34:46.455000,1.33229,1.33219,1500000,1000000
2019-09-04 12:34:46.818000,1.33228,1.33218,2620000,1000000
2019-09-04 12:34:47.070000,1.3323,1.33218,3370000,1000000
2019-09-04 12:34:47.237000,1.33229,1.33218,1000000,1000000
2019-09-04 12:34:47.288000,1.33226,1.33217,1000000,1000000
2019-09-04 12:34:47.339000,1.33228,1.33217,1870000,1000000
2019-09-04 12:34:48.033000,1.33228,1.33218,1000000,1000000
2019-09-04 12:34:49.939000,1.33229,1.33218,1870000,1000000
2019-09-04 12:34:50.154000,1.33229,1.33217,3370000,1500000
2019-09-04 12:34:50.596000,1.33229,1.33217,3500000,1500000
2019-09-04 12:34:50.697000,1.33229,1.33217,3370000,1500000
2019-09-04 12:34:51.398000,1.33229,1.33217,4250000,1000000
2019-09-04 12:34:51.787000,1.33229,1.33217,4120000,1000000
2019-09-04 12:34:52.863000,1.33228,1.33217,1000000,1000000
2019-09-04 12:34:53.092000,1.33228,1.33216,1500000,1000000
2019-09-04 12:34:53.213000,1.33227,1.33215,1870000,1000000
2019-09-04 12:34:53.263000,1.33221,1.33211,1000000,1600000
2019-09-04 12:34:53.364000,1.33222,1.3321,1500000,1570000
2019-09-04 12:34:55.364000,1.33223,1.3321,4250000,1870000
2019-09-04 12:34:55.415000,1.33223,1.3321,4120000,1870000
2019-09-04 12:34:55.986000,1.33221,1.3321,1000000,2320000
2019-09-04 12:34:56.292000,1.33221,1.3321,1500000,2250000
2019-09-04 12:34:56.405000,1.33221,1.3321,1120000,2250000
2019-09-04 12:34:58.960000,1.33223,1.33212,3750000,1000000
2019-09-04 12:34:59.695000,1.33226,1.33218,1000000,1000000
2019-09-04 12:34:59.745000,1.33229,1.33218,1120000,1000000
2019-09-04 12:34:59.846000,1.33229,1.33219,1000000,1000000
2019-09-04 12:35:00.201000,1.3323,1.33219,2620000,1000000
2019-09-04 12:35:00.770000,1.33229,1.33219,1500000,1000000
2019-09-04 12:35:00.871000,1.3323,1.33219,3370000,1000000
2019-09-04 12:35:01.022000,1.3323,1.3322,1000000,1000000
2019-09-04 12:35:01.174000,1.33231,1.3322,1000000,1000000
2019-09-04 12:35:06.436000,1.33235,1.33224,2620000,1500000
2019-09-04 12:35:06.538000,1.33239,1.33228,2000000,1000000
2019-09-04 12:35:08.342000,1.33239,1.33228,1870000,1000000
2019-09-04 12:35:08.556000,1.33238,1.33228,1000000,1000000
2019-09-04 12:35:08.726000,1.33238,1.33227,3000000,1000000
2019-09-04 12:35:08.828000,1.33233,1.33222,1500000,1220000
2019-09-04 12:35:08.929000,1.33234,1.33222,2750000,1000000
2019-09-04 12:35:10.075000,1.33234,1.33229,1000000,1000000
2019-09-04 12:35:10.126000,1.33236,1.33229,1000000,1000000
2019-09-04 12:35:10.177000,1.33238,1.33229,1500000,1000000
2019-09-04 12:35:10.392000,1.33238,1.33227,2620000,1100000
2019-09-04 12:35:11.194000,1.33238,1.33229,1000000,1000000
2019-09-04 12:35:12.821000,1.33238,1.33228,1870000,1000000
2019-09-04 12:35:12.873000,1.33237,1.33226,1000000,1000000
2019-09-04 12:35:13.907000,1.33237,1.33225,1500000,1100000
2019-09-04 12:35:14.159000,1.33237,1.33227,1000000,1000000
2019-09-04 12:35:15.341000,1.33236,1.33225,1000000,1000000
2019-09-04 12:35:16.219000,1.33236,1.33225,1000000,1220000
2019-09-04 12:35:16.733000,1.33236,1.33225,1000000,1100000
2019-09-04 12:35:16.835000,1.33237,1.33226,3000000,1000000
2019-09-04 12:35:19.744000,1.33236,1.33226,1000000,1100000
2019-09-04 12:35:22.514000,1.33231,1.33222,1000000,1000000
2019-09-04 12:35:22.616000,1.3323,1.33222,1120000,1000000
2019-09-04 12:35:22.941000,1.3323,1.3322,1120000,1570000
2019-09-04 12:35:23.978000,1.3323,1.33219,1500000,1100000
2019-09-04 12:35:25.202000,1.33228,1.33219,1000000,1500000
2019-09-04 12:35:25.313000,1.33229,1.33219,1120000,1500000
2019-09-04 12:35:30.336000,1.33229,1.33218,1000000,1570000
2019-09-04 12:35:31.266000,1.33229,1.33218,1000000,1970000
2019-09-04 12:35:33.273000,1.33229,1.33218,1000000,1100000
2019-09-04 12:35:38.975000,1.33229,1.33219,1000000,1000000
2019-09-04 12:35:43.475000,1.33229,1.3322,1000000,1000000
2019-09-04 12:35:43.831000,1.33229,1.33219,1000000,1970000
2019-09-04 12:35:44.044000,1.33229,1.33219,1000000,1570000
2019-09-04 12:35:45.460000,1.33229,1.33219,1000000,2350000
2019-09-04 12:35:45.561000,1.33229,1.33219,1000000,2470000
2019-09-04 12:35:45.662000,1.33229,1.33219,1000000,1870000
2019-09-04 12:35:48.486000,1.33229,1.3322,1000000,1000000
2019-09-04 12:35:49.961000,1.33228,1.3322,1000000,1000000
2019-09-04 12:35:53.602000,1.33233,1.33224,2100000,1500000
2019-09-04 12:35:53.653000,1.33234,1.33225,1000000,1000000
2019-09-04 12:35:53.754000,1.33233,1.33225,1000000,1000000
2019-09-04 12:35:53.855000,1.33233,1.33224,1000000,1000000
2019-09-04 12:35:53.956000,1.33234,1.33224,1500000,1000000
2019-09-04 12:35:54.473000,1.33234,1.33225,1000000,1000000
2019-09-04 12:35:56.993000,1.33234,1.33224,1000000,1000000
2019-09-04 12:35:59.349000,1.33235,1.33224,2250000,1000000
2019-09-04 12:35:59.450000,1.33234,1.33224,1000000,1000000
2019-09-04 12:36:00.516000,1.33236,1.33227,1500000,1000000
2019-09-04 12:36:00.651000,1.33237,1.33227,1100000,1000000
2019-09-04 12:36:01.023000,1.33234,1.33224,1000000,1000000
2019-09-04 12:36:01.176000,1.33235,1.33224,1500000,1000000
2019-09-04 12:36:01.455000,1.33235,1.33225,1000000,1000000
2019-09-04 12:36:01.557000,1.33236,1.33227,1100000,1000000
2019-09-04 12:36:01.910000,1.33236,1.33225,1000000,1000000
2019-09-04 12:36:02.175000,1.33235,1.33225,1570000,1000000
2019-09-04 12:36:02.528000,1.33235,1.33224,1570000,1000000
2019-09-04 12:36:03.838000,1.33236,1.33224,2250000,1000000
2019-09-04 12:36:03.888000,1.33236,1.33226,2250000,1000000
2019-09-04 12:36:04.036000,1.33236,1.33227,2320000,1000000
2019-09-04 12:36:04.137000,1.33233,1.33224,1000000,1000000
2019-09-04 12:36:05.032000,1.33237,1.33226,2850000,1000000
2019-09-04 12:36:05.134000,1.33237,1.33229,1000000,1000000
2019-09-04 12:36:09.306000,1.33238,1.33229,1500000,1000000
2019-09-04 12:36:09.982000,1.33238,1.33227,1000000,1000000
2019-09-04 12:36:10.094000,1.33237,1.33226,1000000,1000000
2019-09-04 12:36:10.196000,1.33237,1.33227,1000000,1000000
2019-09-04 12:36:14.517000,1.33237,1.33226,1000000,1500000
2019-09-04 12:36:15.843000,1.33236,1.33226,1000000,1500000
2019-09-04 12:36:17.761000,1.33235,1.33225,1500000,1000000
2019-09-04 12:36:20.740000,1.33237,1.33227,1220000,1000000
2019-09-04 12:36:20.843000,1.33237,1.33227,1000000,1000000
2019-09-04 12:36:23.951000,1.33237,1.33226,1200000,1000000
2019-09-04 12:36:24.917000,1.33235,1.33226,1000000,1000000
2019-09-04 12:36:25.018000,1.33235,1.33225,1000000,1000000
2019-09-04 12:36:25.275000,1.33235,1.33224,1500000,1000000
2019-09-04 12:36:25.376000,1.33232,1.33221,1000000,1970000
2019-09-04 12:36:25.477000,1.33229,1.33218,1000000,2700000
2019-09-04 12:36:27.276000,1.3323,1.33218,1500000,1000000
2019-09-04 12:36:27.377000,1.3323,1.33219,1200000,1000000
2019-09-04 12:36:31.536000,1.33231,1.3322,1100000,1000000
2019-09-04 12:36:31.637000,1.33232,1.3322,1950000,1100000
2019-09-04 12:36:31.759000,1.33231,1.3322,1100000,1000000
2019-09-04 12:36:32.802000,1.33231,1.33219,3220000,1000000
2019-09-04 12:36:33.472000,1.33231,1.33218,3220000,2700000
2019-09-04 12:36:33.705000,1.33229,1.33218,1000000,1500000
2019-09-04 12:36:36.907000,1.3323,1.33218,1120000,2250000
2019-09-04 12:36:37.727000,1.33229,1.33218,1000000,1500000
2019-09-04 12:36:40.656000,1.33231,1.33219,1100000,1000000
2019-09-04 12:36:40.757000,1.33232,1.3322,1000000,1500000
2019-09-04 12:36:41.503000,1.33231,1.33221,1000000,1000000
2019-09-04 12:36:44.467000,1.3323,1.33219,1950000,1000000
2019-09-04 12:36:44.518000,1.33229,1.33217,1000000,2320000
2019-09-04 12:36:45.238000,1.33229,1.33217,1000000,2720000
2019-09-04 12:36:45.339000,1.3323,1.33219,1500000,1000000
2019-09-04 12:36:45.541000,1.3323,1.3322,1500000,1000000
2019-09-04 12:36:45.846000,1.33229,1.33219,1000000,2250000
2019-09-04 12:36:49.317000,1.33228,1.33217,1500000,1950000
2019-09-04 12:36:49.418000,1.33228,1.33218,1500000,1000000
2019-09-04 12:36:54.112000,1.33229,1.33219,1000000,1500000
2019-09-04 12:36:56.394000,1.33228,1.33218,1000000,1000000
2019-09-04 12:36:58.734000,1.33229,1.33218,1000000,2450000
2019-09-04 12:36:58.835000,1.3323,1.33219,1500000,1600000
2019-09-04 12:36:58.936000,1.3323,1.33219,1500000,2320000
2019-09-04 12:37:01.124000,1.33229,1.33218,1000000,1000000
2019-09-04 12:37:03.551000,1.33229,1.33217,1500000,1500000
2019-09-04 12:37:03.754000,1.33229,1.33217,1500000,1970000
2019-09-04 12:37:06.247000,1.33229,1.33217,2250000,1500000
2019-09-04 12:37:06.516000,1.3323,1.33218,2250000,2250000
2019-09-04 12:37:06.567000,1.3323,1.3322,1500000,1000000
2019-09-04 12:37:06.669000,1.33231,1.33221,1000000,1000000
2019-09-04 12:37:10.205000,1.33233,1.33224,1200000,2250000
2019-09-04 12:37:10.307000,1.33236,1.33226,1000000,1000000
2019-09-04 12:37:10.409000,1.33238,1.33226,2720000,1000000
2019-09-04 12:37:10.674000,1.33238,1.33226,2250000,1000000
2019-09-04 12:37:11.007000,1.33237,1.33226,1000000,1500000
2019-09-04 12:37:14.198000,1.33236,1.33226,1500000,1000000
2019-09-04 12:37:19.141000,1.33237,1.33227,1000000,1000000
2019-09-04 12:37:19.619000,1.33236,1.33227,1000000,1000000
2019-09-04 12:37:19.720000,1.33237,1.33226,1500000,1000000
2019-09-04 12:37:20.195000,1.33237,1.33227,1000000,1000000
2019-09-04 12:37:28.695000,1.33236,1.33225,1500000,1500000
2019-09-04 12:37:28.746000,1.33234,1.33224,1000000,1000000
2019-09-04 12:37:35.798000,1.33232,1.3322,2000000,3220000
2019-09-04 12:37:35.899000,1.3323,1.33219,1000000,1500000
2019-09-04 12:37:39.279000,1.33231,1.33219,2700000,1950000
2019-09-04 12:37:39.953000,1.33231,1.33219,3100000,1000000
2019-09-04 12:37:40.155000,1.33229,1.33218,1000000,1000000
2019-09-04 12:37:41.180000,1.33228,1.33216,1870000,1500000
2019-09-04 12:37:41.935000,1.33228,1.33216,1500000,2850000
2019-09-04 12:37:42.036000,1.33228,1.33216,1500000,2320000
2019-09-04 12:37:43.840000,1.33228,1.33216,1500000,2720000
2019-09-04 12:37:49.815000,1.33229,1.33217,2320000,1500000
2019-09-04 12:37:51.473000,1.33229,1.33218,1570000,1000000
2019-09-04 12:37:53.378000,1.33225,1.33215,1000000,1570000
2019-09-04 12:37:53.506000,1.33222,1.33212,1500000,1000000
2019-09-04 12:37:53.557000,1.33221,1.33209,3000000,1500000
2019-09-04 12:37:53.659000,1.3322,1.33209,1120000,1000000
2019-09-04 12:37:59.514000,1.33219,1.33209,1000000,1000000
2019-09-04 12:38:06.994000,1.3322,1.3321,1500000,1000000
2019-09-04 12:38:09.561000,1.33222,1.33214,1200000,1000000
2019-09-04 12:38:09.679000,1.33227,1.33216,1000000,1500000
2019-09-04 12:38:09.831000,1.33229,1.33217,2700000,1000000
2019-09-04 12:38:13.022000,1.33228,1.33217,1000000,1000000
2019-09-04 12:38:15.544000,1.33222,1.33214,1500000,1600000
2019-09-04 12:38:15.595000,1.33221,1.33212,1500000,1000000
2019-09-04 12:38:15.696000,1.33221,1.33211,1000000,1000000
2019-09-04 12:38:15.812000,1.33221,1.33211,1000000,1220000
2019-09-04 12:38:15.913000,1.33221,1.33211,1000000,1200000
2019-09-04 12:38:19.519000,1.33223,1.33211,1500000,2320000
2019-09-04 12:38:19.873000,1.33224,1.33214,1500000,1000000
2019-09-04 12:38:19.974000,1.33228,1.33217,1950000,1000000
2019-09-04 12:38:20.126000,1.33228,1.33217,2350000,1000000
2019-09-04 12:38:20.329000,1.33227,1.33216,1100000,1000000
2019-09-04 12:38:20.480000,1.33225,1.33215,1000000,1500000
2019-09-04 12:38:26.424000,1.33222,1.33212,1500000,1100000
2019-09-04 12:38:27.895000,1.33222,1.33211,1870000,1500000
2019-09-04 12:38:27.996000,1.33222,1.33212,1000000,1000000
2019-09-04 12:38:33.935000,1.33223,1.33216,1000000,1100000
2019-09-04 12:38:33.985000,1.33229,1.33218,2100000,1000000
2019-09-04 12:38:34.086000,1.33229,1.33218,2250000,1000000
2019-09-04 12:38:34.137000,1.33227,1.33217,1500000,1000000
2019-09-04 12:38:34.546000,1.33226,1.33215,1100000,1000000
2019-09-04 12:38:34.804000,1.33226,1.33214,1500000,2250000
2019-09-04 12:38:39.280000,1.33226,1.33215,1500000,1000000
2019-09-04 12:38:40.054000,1.33228,1.33217,1000000,1000000
2019-09-04 12:38:42.500000,1.33228,1.33218,1000000,2250000
2019-09-04 12:38:42.601000,1.3323,1.3322,1500000,1000000
2019-09-04 12:38:45.973000,1.33229,1.33219,1000000,1500000
2019-09-04 12:38:48.687000,1.33231,1.3322,2250000,1000000
2019-09-04 12:38:48.839000,1.33234,1.33227,1600000,1000000
2019-09-04 12:38:48.890000,1.33237,1.33227,1000000,1000000
2019-09-04 12:38:48.991000,1.33239,1.33228,1500000,1100000
2019-09-04 12:38:49.458000,1.33239,1.33229,1500000,1000000
2019-09-04 12:38:49.559000,1.3324,1.33229,1500000,1620000
2019-09-04 12:38:49.610000,1.33243,1.33231,2720000,2250000
2019-09-04 12:38:49.711000,1.33243,1.33232,1000000,1570000
2019-09-04 12:38:52.222000,1.33242,1.3323,3370000,1950000
2019-09-04 12:38:52.323000,1.3324,1.33231,1500000,1000000
2019-09-04 12:38:52.601000,1.3324,1.3323,1500000,1000000
2019-09-04 12:38:52.712000,1.33243,1.33231,2700000,1000000
2019-09-04 12:38:52.864000,1.33243,1.33231,2250000,1220000
2019-09-04 12:38:52.965000,1.33242,1.33231,1000000,1220000
2019-09-04 12:38:55.092000,1.33243,1.33233,1000000,1500000
2019-09-04 12:38:55.294000,1.33243,1.33234,1000000,1000000
2019-09-04 12:38:55.395000,1.33243,1.33233,1000000,1570000
2019-09-04 12:38:56.311000,1.33243,1.33232,1000000,1500000
2019-09-04 12:38:57.142000,1.33243,1.33233,1000000,1000000
2019-09-04 12:38:57.367000,1.33243,1.33232,1000000,1500000
2019-09-04 12:38:57.521000,1.33243,1.33233,1000000,1000000
2019-09-04 12:38:57.799000,1.33243,1.33232,1000000,1500000
2019-09-04 12:38:58.650000,1.33243,1.33233,1000000,1000000
2019-09-04 12:38:59.792000,1.33243,1.33232,1000000,1500000
2019-09-04 12:39:00.230000,1.33242,1.33232,1000000,1500000
2019-09-04 12:39:00.332000,1.3324,1.33231,1500000,1000000
2019-09-04 12:39:00.434000,1.33239,1.3323,1000000,1100000
2019-09-04 12:39:00.602000,1.33239,1.33228,1000000,1200000
2019-09-04 12:39:00.703000,1.33239,1.33228,1000000,1970000
2019-09-04 12:39:00.825000,1.33238,1.33228,1000000,1000000
2019-09-04 12:39:05.069000,1.33238,1.33228,1000000,1220000
2019-09-04 12:39:05.171000,1.33238,1.33228,1000000,1200000
2019-09-04 12:39:05.272000,1.33239,1.33229,1000000,1000000
2019-09-04 12:39:09.703000,1.3324,1.33229,1120000,1700000
2019-09-04 12:39:09.956000,1.3324,1.33229,1000000,1100000
2019-09-04 12:39:15.018000,1.3324,1.33228,1500000,2320000
2019-09-04 12:39:18.658000,1.3324,1.33229,1500000,1000000
2019-09-04 12:39:18.715000,1.3324,1.33233,1500000,1000000
2019-09-04 12:39:19.374000,1.33241,1.33233,1500000,1000000
2019-09-04 12:39:22.957000,1.33241,1.33234,2250000,1000000
2019-09-04 12:39:25.478000,1.33241,1.33234,2720000,1000000
2019-09-04 12:39:25.596000,1.33241,1.33233,2250000,1000000
2019-09-04 12:39:27.438000,1.33241,1.33233,4220000,1000000
2019-09-04 12:39:28.778000,1.3324,1.33231,1100000,1000000
2019-09-04 12:39:30.883000,1.33241,1.33231,3450000,1000000
2019-09-04 12:39:30.984000,1.3324,1.3323,1000000,1000000
2019-09-04 12:39:31.238000,1.3324,1.33229,1570000,1500000
2019-09-04 12:39:31.339000,1.3324,1.3323,1500000,1000000
2019-09-04 12:39:35.135000,1.3324,1.33229,1500000,1500000
2019-09-04 12:39:40.852000,1.3324,1.3323,1000000,1000000
2019-09-04 12:39:47.644000,1.33241,1.33234,1000000,1000000
2019-09-04 12:39:47.745000,1.33247,1.33238,1220000,1500000
2019-09-04 12:39:47.864000,1.33248,1.33238,1000000,2250000
2019-09-04 12:39:48.066000,1.33249,1.3324,1000000,1000000
2019-09-04 12:39:52.151000,1.33249,1.33239,1500000,1500000
2019-09-04 12:39:54.265000,1.33249,1.3324,1500000,1000000
2019-09-04 12:39:55.900000,1.33252,1.33242,1200000,1000000
2019-09-04 12:39:56.002000,1.33254,1.33243,1950000,1000000
2019-09-04 12:39:57.512000,1.33252,1.33242,1000000,1500000
2019-09-04 12:39:57.614000,1.3325,1.3324,1000000,1500000
2019-09-04 12:39:57.765000,1.3325,1.33241,1000000,1000000
2019-09-04 12:40:00.232000,1.33252,1.33243,1000000,1000000
2019-09-04 12:40:00.333000,1.33253,1.33243,1100000,1500000
2019-09-04 12:40:00.851000,1.33251,1.3324,1000000,1950000
2019-09-04 12:40:01.104000,1.33249,1.33244,1000000,1500000
2019-09-04 12:40:01.155000,1.33256,1.33244,2850000,2250000
2019-09-04 12:40:01.256000,1.33257,1.33247,1200000,1000000
2019-09-04 12:40:01.357000,1.33259,1.33247,1570000,1500000
2019-09-04 12:40:01.614000,1.33259,1.33247,2320000,2000000
2019-09-04 12:40:01.716000,1.33257,1.33248,1000000,1000000
2019-09-04 12:40:01.817000,1.33255,1.33245,1500000,2850000
2019-09-04 12:40:01.868000,1.33255,1.33245,1500000,1500000
2019-09-04 12:40:02.382000,1.33255,1.33244,4500000,1500000
2019-09-04 12:40:03.711000,1.33255,1.33246,1100000,1000000
2019-09-04 12:40:04.123000,1.33257,1.33246,1200000,1500000
2019-09-04 12:40:04.224000,1.33259,1.33247,3450000,1000000
2019-09-04 12:40:04.275000,1.33256,1.33247,1000000,2070000
2019-09-04 12:40:04.325000,1.33258,1.33248,1000000,1500000
2019-09-04 12:40:04.426000,1.3326,1.33249,1500000,1000000
2019-09-04 12:40:04.578000,1.33261,1.33249,1500000,1950000
2019-09-04 12:40:05.102000,1.33261,1.33252,1000000,1000000
2019-09-04 12:40:05.254000,1.33263,1.33253,1000000,1000000
2019-09-04 12:40:05.355000,1.33265,1.33254,1100000,1000000
2019-09-04 12:40:05.558000,1.33264,1.33254,1200000,1000000
2019-09-04 12:40:06.089000,1.33263,1.33253,1000000,1000000
2019-09-04 12:40:06.241000,1.33265,1.33253,3450000,1000000
2019-09-04 12:40:06.354000,1.33264,1.33253,1000000,1000000
2019-09-04 12:40:07.128000,1.33265,1.33254,4350000,1000000
2019-09-04 12:40:07.265000,1.33265,1.33253,2250000,1500000
2019-09-04 12:40:07.402000,1.33262,1.33253,1000000,1000000
2019-09-04 12:40:07.503000,1.3326,1.33251,1000000,1100000
2019-09-04 12:40:07.604000,1.3326,1.3325,1500000,1500000
2019-09-04 12:40:07.806000,1.33258,1.33249,1000000,2250000
2019-09-04 12:40:08.109000,1.33258,1.33248,1000000,3450000
2019-09-04 12:40:10.802000,1.33259,1.33248,2250000,2700000
2019-09-04 12:40:14.303000,1.33259,1.33249,1500000,1000000
2019-09-04 12:40:14.404000,1.33261,1.33252,1500000,1000000
2019-09-04 12:40:14.556000,1.33261,1.33251,1500000,1000000
2019-09-04 12:40:14.720000,1.33261,1.3325,1500000,1500000
2019-09-04 12:40:15.358000,1.33261,1.33251,1000000,1500000
2019-09-04 12:40:15.595000,1.33261,1.3325,1570000,1500000
2019-09-04 12:40:15.696000,1.33259,1.3325,1000000,1500000
2019-09-04 12:40:15.798000,1.33265,1.33256,1000000,1000000
2019-09-04 12:40:15.899000,1.33266,1.33256,2250000,1000000
2019-09-04 12:40:16,1.33265,1.33255,1000000,1000000
2019-09-04 12:40:16.202000,1.33264,1.33255,1000000,1000000
2019-09-04 12:40:16.685000,1.33263,1.33255,1000000,1000000
2019-09-04 12:40:16.735000,1.33264,1.33253,1500000,1950000
2019-09-04 12:40:16.836000,1.33263,1.33252,3000000,3120000
2019-09-04 12:40:16.937000,1.33263,1.33252,2320000,1500000
2019-09-04 12:40:17.829000,1.33262,1.33252,1000000,1000000
2019-09-04 12:40:18.730000,1.33262,1.33251,1500000,2250000
2019-09-04 12:40:18.781000,1.3326,1.33248,1000000,4720000
2019-09-04 12:40:18.883000,1.33259,1.33255,1000000,1000000
2019-09-04 12:40:18.934000,1.33263,1.33253,1000000,2620000
2019-09-04 12:40:18.985000,1.33264,1.33255,1000000,1000000
2019-09-04 12:40:19.781000,1.33264,1.33253,1000000,1500000
2019-09-04 12:40:20.001000,1.33263,1.33253,1000000,1000000
2019-09-04 12:40:20.103000,1.33264,1.33253,2250000,1000000
2019-09-04 12:40:20.246000,1.33263,1.33253,2250000,1000000
2019-09-04 12:40:20.447000,1.33264,1.33253,3750000,1000000
2019-09-04 12:40:20.592000,1.33263,1.33253,2250000,1000000
2019-09-04 12:40:21.092000,1.33264,1.33253,3750000,1000000
2019-09-04 12:40:22.360000,1.33263,1.33253,1000000,1100000
2019-09-04 12:40:22.462000,1.33265,1.33256,1500000,1000000
2019-09-04 12:40:22.564000,1.33266,1.33256,1500000,1000000
2019-09-04 12:40:27.482000,1.33267,1.33256,2250000,1000000
2019-09-04 12:40:28.963000,1.33266,1.33256,1000000,1100000
2019-09-04 12:40:29.200000,1.33266,1.33257,1000000,1000000
2019-09-04 12:40:29.314000,1.33266,1.33256,1000000,2250000
2019-09-04 12:40:29.415000,1.33266,1.33257,1000000,1500000
2019-09-04 12:40:29.516000,1.33267,1.33262,1000000,1000000
2019-09-04 12:40:29.567000,1.33272,1.33261,1500000,1500000
2019-09-04 12:40:29.618000,1.33274,1.33263,1000000,3450000
2019-09-04 12:40:29.720000,1.33275,1.33265,1500000,1000000
2019-09-04 12:40:35.599000,1.33271,1.33261,1000000,2100000
2019-09-04 12:40:35.649000,1.33269,1.33259,1500000,1970000
2019-09-04 12:40:35.751000,1.33267,1.33258,1000000,1000000
2019-09-04 12:40:35.853000,1.33267,1.33257,1000000,2250000
2019-09-04 12:40:36.432000,1.33267,1.3326,1000000,1000000
2019-09-04 12:40:36.483000,1.3327,1.3326,1000000,1000000
2019-09-04 12:40:36.534000,1.33272,1.3326,2250000,1000000
2019-09-04 12:40:36.635000,1.33272,1.33262,2250000,1000000
2019-09-04 12:40:38.161000,1.33271,1.33261,1100000,1000000
2019-09-04 12:40:38.263000,1.33267,1.33258,1000000,1000000
2019-09-04 12:40:39.207000,1.33267,1.33258,1500000,1000000
2019-09-04 12:40:40.033000,1.33266,1.33257,1000000,1000000
2019-09-04 12:40:40.526000,1.33265,1.33254,1500000,1000000
2019-09-04 12:40:40.576000,1.33265,1.33256,1000000,1000000
2019-09-04 12:40:40.704000,1.33267,1.33256,3600000,1000000
2019-09-04 12:40:41.767000,1.33265,1.33256,1000000,1000000
2019-09-04 12:40:41.869000,1.33264,1.33254,1000000,1500000
2019-09-04 12:40:41.920000,1.33266,1.33257,1000000,1000000
2019-09-04 12:40:42.973000,1.33267,1.33256,1570000,1000000
2019-09-04 12:40:43.794000,1.33264,1.33254,1000000,1000000
2019-09-04 12:40:43.895000,1.33263,1.33252,1500000,1500000
2019-09-04 12:40:45.190000,1.33265,1.33254,1100000,1000000
2019-09-04 12:40:45.291000,1.33266,1.33256,1570000,1000000
2019-09-04 12:40:49.172000,1.33265,1.33255,1000000,1500000
2019-09-04 12:40:50.145000,1.33266,1.33255,1200000,1500000
2019-09-04 12:40:52.704000,1.33265,1.33255,1000000,1500000
2019-09-04 12:40:54.292000,1.33266,1.33255,1100000,1500000
2019-09-04 12:40:55.221000,1.33267,1.33255,2320000,1950000
2019-09-04 12:40:58.972000,1.33267,1.33256,1200000,1000000
2019-09-04 12:40:59.206000,1.33267,1.33256,1970000,1000000
2019-09-04 12:40:59.311000,1.33267,1.33256,1500000,1000000
2019-09-04 12:41:12.048000,1.33261,1.33251,1000000,2100000
2019-09-04 12:41:12.099000,1.33261,1.33249,2250000,1000000
2019-09-04 12:41:12.150000,1.33258,1.33247,1500000,1000000
2019-09-04 12:41:12.251000,1.33256,1.33245,1500000,1000000
2019-09-04 12:41:13.793000,1.33256,1.33247,1000000,1000000
2019-09-04 12:41:17.486000,1.33257,1.33247,1000000,1000000
2019-09-04 12:41:31.857000,1.33257,1.33248,1000000,1000000
2019-09-04 12:41:43.142000,1.33257,1.33247,1000000,1500000
2019-09-04 12:41:48.025000,1.33256,1.33244,2250000,2700000
2019-09-04 12:41:48.126000,1.33256,1.33244,3470000,3000000
2019-09-04 12:41:48.227000,1.33256,1.33245,2250000,1000000
2019-09-04 12:41:48.952000,1.33256,1.33247,2250000,1000000
2019-09-04 12:41:50.072000,1.33256,1.33245,2700000,1500000
2019-09-04 12:41:51.056000,1.33255,1.33245,1000000,1500000
2019-09-04 12:41:52.072000,1.33256,1.33245,1500000,1500000
2019-09-04 12:41:52.274000,1.33256,1.33246,1500000,1000000
2019-09-04 12:41:52.375000,1.33256,1.33247,1500000,1000000
2019-09-04 12:41:52.890000,1.33256,1.33246,1000000,1000000
2019-09-04 12:42:00.973000,1.33256,1.33247,1500000,1000000
2019-09-04 12:42:08.973000,1.33258,1.33247,1950000,1000000
2019-09-04 12:42:17.002000,1.33257,1.33248,1000000,1000000
2019-09-04 12:42:24.477000,1.33258,1.33247,1570000,1000000
2019-09-04 12:42:26.304000,1.33258,1.33246,1950000,1570000
2019-09-04 12:42:26.405000,1.33256,1.33246,1500000,1570000
2019-09-04 12:42:26.510000,1.33256,1.33246,1500000,1570000
2019-09-04 12:42:27.343000,1.33256,1.33246,1500000,2320000
2019-09-04 12:42:28.177000,1.33256,1.33246,1500000,2320000
2019-09-04 12:42:29.042000,1.33255,1.33245,1500000,1100000
2019-09-04 12:42:29.144000,1.33256,1.33244,1500000,2250000
2019-09-04 12:42:29.245000,1.33256,1.33246,1500000,1000000
2019-09-04 12:42:38.251000,1.33256,1.33246,1500000,1000000
2019-09-04 12:42:41.677000,1.33258,1.33249,2750000,1000000
2019-09-04 12:42:41.779000,1.33262,1.33253,1130000,1000000
2019-09-04 12:42:41.880000,1.33265,1.33254,1500000,1570000
2019-09-04 12:42:48.167000,1.33266,1.33255,1500000,1000000
2019-09-04 12:42:53.994000,1.33266,1.33256,1500000,1000000
2019-09-04 12:42:57.275000,1.33266,1.33255,1500000,1000000
2019-09-04 12:43:01.533000,1.33266,1.33256,1600000,1000000
2019-09-04 12:43:05.987000,1.33265,1.33256,1120000,1000000
2019-09-04 12:43:06.278000,1.33265,1.33255,1120000,1000000
2019-09-04 12:43:09.888000,1.33264,1.33255,1000000,1000000
2019-09-04 12:43:09.939000,1.3326,1.33251,1000000,1000000
2019-09-04 12:43:10.040000,1.33256,1.33247,1500000,1000000
2019-09-04 12:43:10.153000,1.33262,1.33252,2450000,1000000
2019-09-04 12:43:11.358000,1.33262,1.3325,1500000,1500000
2019-09-04 12:43:11.460000,1.33257,1.33248,1000000,1000000
2019-09-04 12:43:12.313000,1.33259,1.33248,2000000,1000000
2019-09-04 12:43:14.470000,1.33258,1.33247,1120000,1570000
2019-09-04 12:43:18.282000,1.33258,1.33248,1120000,1000000
2019-09-04 12:43:21.315000,1.33258,1.33247,1120000,1200000
2019-09-04 12:43:23.641000,1.33259,1.33248,1500000,1000000
2019-09-04 12:43:23.742000,1.33262,1.33252,1720000,1500000
2019-09-04 12:43:23.843000,1.33262,1.33252,1120000,1500000
2019-09-04 12:43:23.944000,1.33262,1.33252,1500000,1500000
2019-09-04 12:43:28.560000,1.33262,1.33252,1870000,1000000
2019-09-04 12:43:28.661000,1.33262,1.33252,2000000,1000000
2019-09-04 12:43:29.074000,1.33262,1.33251,2000000,1500000
2019-09-04 12:43:35.258000,1.33262,1.33252,1500000,1000000
2019-09-04 12:43:35.309000,1.33264,1.33253,3200000,1000000
2019-09-04 12:43:35.491000,1.33264,1.33253,1950000,1000000
2019-09-04 12:43:35.644000,1.33264,1.33253,1500000,1000000
2019-09-04 12:43:35.695000,1.33265,1.33254,1700000,1000000
2019-09-04 12:43:35.797000,1.33265,1.33254,1200000,1000000
2019-09-04 12:43:42.474000,1.33265,1.33253,1870000,2320000
2019-09-04 12:43:43.596000,1.33266,1.33255,2750000,1000000
2019-09-04 12:43:43.697000,1.33266,1.33255,1870000,1000000
2019-09-04 12:43:47.212000,1.33266,1.33255,2000000,1000000
2019-09-04 12:43:47.315000,1.33266,1.33255,1870000,1000000
2019-09-04 12:43:51.082000,1.33264,1.33253,1500000,1100000
2019-09-04 12:43:51.184000,1.33262,1.33252,1120000,2250000
2019-09-04 12:43:51.285000,1.33265,1.33253,2470000,1000000
2019-09-04 12:43:51.387000,1.33262,1.33252,1120000,1500000
2019-09-04 12:43:51.488000,1.33262,1.33252,1500000,1000000
2019-09-04 12:43:51.652000,1.33262,1.33252,1120000,1000000
2019-09-04 12:43:53.179000,1.33263,1.33252,2820000,1000000
2019-09-04 12:43:53.230000,1.33263,1.33252,1120000,1500000
2019-09-04 12:43:53.281000,1.33263,1.33256,1000000,1000000
2019-09-04 12:43:53.382000,1.33265,1.33259,1000000,1000000
2019-09-04 12:43:53.433000,1.33268,1.33259,1500000,1500000
2019-09-04 12:43:54.230000,1.33271,1.33264,1000000,1000000
2019-09-04 12:43:54.281000,1.33274,1.33265,1120000,1000000
2019-09-04 12:43:54.382000,1.33276,1.33265,2000000,1000000
2019-09-04 12:43:54.483000,1.33276,1.33265,2000000,1000000
2019-09-04 12:43:56.155000,1.33276,1.3327,1000000,1000000
2019-09-04 12:43:56.205000,1.3328,1.33271,2000000,1000000
2019-09-04 12:43:56.256000,1.33283,1.33275,1500000,1000000
2019-09-04 12:43:56.357000,1.33283,1.33275,1500000,1000000
2019-09-04 12:43:57.655000,1.33283,1.33272,1500000,1500000
2019-09-04 12:43:59.913000,1.33283,1.33272,1500000,1500000
2019-09-04 12:44:00.443000,1.33283,1.33272,1500000,1500000
2019-09-04 12:44:00.521000,1.3328,1.3327,1120000,1200000
2019-09-04 12:44:00.623000,1.33279,1.33269,1000000,1500000
2019-09-04 12:44:01.336000,1.33279,1.3327,1120000,1000000
2019-09-04 12:44:01.632000,1.33279,1.33272,1120000,1000000
2019-09-04 12:44:01.733000,1.33282,1.33272,2820000,1000000
2019-09-04 12:44:01.834000,1.33281,1.33271,1500000,1000000
2019-09-04 12:44:02.333000,1.33279,1.3327,1120000,1000000
2019-09-04 12:44:02.434000,1.33279,1.33271,1000000,1000000
2019-09-04 12:44:02.726000,1.33276,1.33267,1000000,2100000
2019-09-04 12:44:02.827000,1.33276,1.33266,2000000,1000000
2019-09-04 12:44:02.929000,1.33275,1.33264,1120000,2720000
2019-09-04 12:44:03.189000,1.33275,1.33264,1870000,1500000
2019-09-04 12:44:03.790000,1.33275,1.33264,2000000,1500000
2019-09-04 12:44:04.973000,1.33274,1.33263,2750000,1200000
2019-09-04 12:44:05.074000,1.33272,1.33263,2000000,1000000
2019-09-04 12:44:05.124000,1.33272,1.33263,1500000,1000000
2019-09-04 12:44:05.751000,1.33273,1.33263,1120000,1500000
2019-09-04 12:44:06.800000,1.33275,1.33263,2700000,2700000
2019-09-04 12:44:06.901000,1.33274,1.33264,2620000,1000000
2019-09-04 12:44:07.525000,1.33275,1.33264,2620000,1000000
2019-09-04 12:44:07.576000,1.33275,1.33267,1000000,1000000
2019-09-04 12:44:07.680000,1.33281,1.33272,1500000,1000000
2019-09-04 12:44:07.891000,1.33283,1.33272,3970000,1500000
2019-09-04 12:44:14.154000,1.33282,1.33272,1120000,1500000
2019-09-04 12:44:17.146000,1.33282,1.33273,1120000,1000000
2019-09-04 12:44:19.109000,1.33289,1.3328,2100000,1000000
2019-09-04 12:44:19.210000,1.33287,1.33277,1000000,2850000
2019-09-04 12:44:19.312000,1.33285,1.33276,1500000,1000000
2019-09-04 12:44:19.413000,1.33285,1.33274,1120000,1500000
2019-09-04 12:44:19.986000,1.33284,1.33274,1120000,1000000
2019-09-04 12:44:20.642000,1.33284,1.33273,1120000,1500000
2019-09-04 12:44:20.895000,1.33285,1.33275,1600000,1000000
2019-09-04 12:44:21.675000,1.33284,1.33274,1120000,1000000
2019-09-04 12:44:22.035000,1.33284,1.33274,1500000,1000000
2019-09-04 12:44:22.418000,1.33284,1.33274,1870000,1000000
2019-09-04 12:44:22.968000,1.33283,1.33274,1120000,1000000
2019-09-04 12:44:23.552000,1.33283,1.33272,1500000,2250000
2019-09-04 12:44:23.653000,1.33284,1.33272,2850000,1500000
2019-09-04 12:44:24.114000,1.33284,1.33272,2820000,1570000
2019-09-04 12:44:24.848000,1.33284,1.33272,2450000,1570000
2019-09-04 12:44:25.582000,1.33284,1.33273,2000000,1000000
2019-09-04 12:44:26.554000,1.33286,1.33276,2070000,1000000
2019-09-04 12:44:31.908000,1.33288,1.33277,1120000,1500000
2019-09-04 12:44:31.959000,1.33287,1.33277,1500000,1000000
2019-09-04 12:44:32.060000,1.33286,1.33277,1500000,1000000
2019-09-04 12:44:32.518000,1.33286,1.33276,2000000,1000000
2019-09-04 12:44:33.041000,1.33286,1.33276,3970000,1000000
2019-09-04 12:44:36.421000,1.33286,1.33275,2000000,1000000
2019-09-04 12:44:36.613000,1.33286,1.33274,2070000,2320000
2019-09-04 12:44:37.842000,1.3329,1.33282,2000000,1500000
2019-09-04 12:44:37.894000,1.33291,1.33281,2320000,1000000
2019-09-04 12:45:02.618000,1.33292,1.33282,1000000,1000000
