time,ask,bid,ask_volume,bid_volume
2017-03-31 12:25:00.817000,1.33446,1.33438,1370000,4310000
2017-03-31 12:25:01.020000,1.33442,1.33438,1120000,2250000
2017-03-31 12:25:01.122000,1.3344,1.33434,1370000,1000000
2017-03-31 12:25:01.221000,1.3344,1.33432,2620000,1000000
2017-03-31 12:25:01.728000,1.3344,1.33432,2250000,1500000
2017-03-31 12:25:02.428000,1.3344,1.33433,2250000,1000000
2017-03-31 12:25:03.842000,1.33441,1.33434,1870000,1000000
2017-03-31 12:25:04.757000,1.33441,1.33433,1370000,2620000
2017-03-31 12:25:05.266000,1.33441,1.33433,1120000,2250000
2017-03-31 12:25:05.754000,1.33442,1.33436,1870000,1690000
2017-03-31 12:25:05.806000,1.33446,1.33438,1120000,4500000
2017-03-31 12:25:05.908000,1.33447,1.33439,1870000,1500000
2017-03-31 12:25:06.487000,1.33446,1.33439,1000000,1500000
2017-03-31 12:25:06.814000,1.33448,1.33442,2620000,1000000
2017-03-31 12:25:07.332000,1.33448,1.33442,1870000,1000000
2017-03-31 12:25:07.878000,1.33448,1.33441,1500000,1000000
2017-03-31 12:25:08.792000,1.33448,1.33442,1000000,1000000
2017-03-31 12:25:09.391000,1.33448,1.33441,1000000,1500000
2017-03-31 12:25:09.939000,1.33449,1.33441,1500000,1500000
2017-03-31 12:25:10.444000,1.33449,1.33441,1500000,1500000
2017-03-31 12:25:12.111000,1.33449,1.33441,1500000,1500000
2017-03-31 12:25:12.415000,1.33453,1.33447,2620000,3190000
2017-03-31 12:25:12.516000,1.33456,1.33447,3750000,1690000
2017-03-31 12:25:13.084000,1.33455,1.33447,1000000,3940000
2017-03-31 12:25:13.801000,1.33455,1.33448,1000000,1000000
2017-03-31 12:25:14.503000,1.33455,1.33447,1000000,2440000
2017-03-31 12:25:15.368000,1.33455,1.33448,1000000,1000000
2017-03-31 12:25:15.635000,1.3345,1.33446,1500000,1120000
2017-03-31 12:25:15.839000,1.33447,1.33439,1500000,1370000
2017-03-31 12:25:16.295000,1.33448,1.33444,2250000,1500000
2017-03-31 12:25:16.498000,1.33451,1.33443,1000000,3560000
2017-03-31 12:25:16.701000,1.33451,1.33441,2620000,3190000
2017-03-31 12:25:17.247000,1.33449,1.33441,1000000,4120000
2017-03-31 12:25:17.661000,1.33447,1.33441,1000000,1000000
2017-03-31 12:25:18.162000,1.33448,1.33441,1000000,1500000
2017-03-31 12:25:18.532000,1.33445,1.33439,1000000,4690000
2017-03-31 12:25:18.634000,1.33445,1.33438,1370000,4120000
2017-03-31 12:25:18.736000,1.33445,1.33441,1000000,1000000
2017-03-31 12:25:18.838000,1.33448,1.3344,2620000,1870000
2017-03-31 12:25:19.041000,1.33448,1.3344,2250000,3000000
2017-03-31 12:25:19.760000,1.33448,1.3344,2250000,1500000
2017-03-31 12:25:19.974000,1.33446,1.3344,1870000,1500000
2017-03-31 12:25:20.277000,1.33439,1.33432,1370000,1000000
2017-03-31 12:25:20.587000,1.33441,1.33437,3370000,1000000
2017-03-31 12:25:20.638000,1.33442,1.33436,3370000,1690000
2017-03-31 12:25:20.689000,1.33442,1.33436,2620000,3940000
2017-03-31 12:25:20.740000,1.33441,1.33435,1000000,1000000
2017-03-31 12:25:20.791000,1.33439,1.33433,1000000,3750000
2017-03-31 12:25:20.944000,1.3344,1.33432,1870000,1250000
2017-03-31 12:25:21.146000,1.33442,1.33433,3750000,4870000
2017-03-31 12:25:21.845000,1.3344,1.33433,1000000,2620000
2017-03-31 12:25:22.158000,1.33437,1.33432,1000000,1000000
2017-03-31 12:25:22.209000,1.33439,1.33431,1120000,1000000
2017-03-31 12:25:22.260000,1.33439,1.33433,1000000,1120000
2017-03-31 12:25:23.752000,1.33442,1.33438,3370000,1000000
2017-03-31 12:25:23.853000,1.33444,1.33438,3370000,1500000
2017-03-31 12:25:23.954000,1.33444,1.33438,1500000,1120000
2017-03-31 12:25:24.465000,1.33445,1.33437,2250000,2810000
2017-03-31 12:25:25.005000,1.33444,1.33437,1000000,2810000
2017-03-31 12:25:26.624000,1.33443,1.33437,1000000,2620000
2017-03-31 12:25:26.726000,1.33442,1.33436,1500000,1500000
2017-03-31 12:25:26.777000,1.3344,1.33434,1000000,3000000
2017-03-31 12:25:26.879000,1.3344,1.33432,1000000,5250000
2017-03-31 12:25:27.385000,1.3344,1.33433,1000000,1870000
2017-03-31 12:25:30.965000,1.3344,1.33435,1000000,1000000
2017-03-31 12:25:31.168000,1.33444,1.33438,1000000,1120000
2017-03-31 12:25:31.320000,1.33445,1.33441,1120000,1000000
2017-03-31 12:25:31.422000,1.33447,1.3344,1120000,1500000
2017-03-31 12:25:31.523000,1.33447,1.33442,1000000,1000000
2017-03-31 12:25:31.574000,1.33447,1.3344,1000000,1120000
2017-03-31 12:25:31.877000,1.33444,1.33439,1000000,1870000
2017-03-31 12:25:32.081000,1.33437,1.33431,1000000,2250000
2017-03-31 12:25:32.687000,1.33434,1.3343,1500000,2250000
2017-03-31 12:25:32.744000,1.33434,1.3343,1500000,2620000
2017-03-31 12:25:32.879000,1.33434,1.33427,2620000,1500000
2017-03-31 12:25:32.952000,1.3343,1.33425,1000000,3000000
2017-03-31 12:25:33.105000,1.3343,1.33423,1000000,4870000
2017-03-31 12:25:33.611000,1.3343,1.33423,1500000,1870000
2017-03-31 12:25:35.235000,1.33429,1.33422,1000000,3370000
2017-03-31 12:25:36.468000,1.3343,1.33422,1500000,4120000
2017-03-31 12:25:37.010000,1.3343,1.33423,1500000,3000000
2017-03-31 12:25:42.125000,1.33431,1.33426,1000000,1500000
2017-03-31 12:25:42.631000,1.3343,1.33423,1000000,4500000
2017-03-31 12:25:44.267000,1.33432,1.33424,1120000,2250000
2017-03-31 12:25:44.419000,1.33433,1.33425,1000000,3000000
2017-03-31 12:25:44.773000,1.33431,1.33425,1000000,3000000
2017-03-31 12:25:44.924000,1.3343,1.33425,1000000,1120000
2017-03-31 12:25:45.127000,1.33432,1.33425,1000000,1120000
2017-03-31 12:25:46.131000,1.33432,1.33426,1000000,1000000
2017-03-31 12:25:46.385000,1.33433,1.33428,1000000,1500000
2017-03-31 12:25:46.436000,1.33435,1.33429,1000000,1000000
2017-03-31 12:25:46.943000,1.33436,1.33429,2620000,1000000
2017-03-31 12:25:47.383000,1.33436,1.33432,1870000,1000000
2017-03-31 12:25:47.694000,1.3344,1.33433,1370000,1000000
2017-03-31 12:25:47.796000,1.33441,1.33433,2620000,1370000
2017-03-31 12:25:48.655000,1.3344,1.33432,1000000,2620000
2017-03-31 12:25:48.706000,1.3344,1.33432,1000000,1500000
2017-03-31 12:25:48.757000,1.33438,1.33432,1000000,1120000
2017-03-31 12:25:51.128000,1.33438,1.33432,1000000,1370000
2017-03-31 12:25:51.684000,1.33437,1.33432,1000000,1120000
2017-03-31 12:25:52.512000,1.33438,1.33431,1000000,1870000
2017-03-31 12:25:53.017000,1.33437,1.33431,1000000,1870000
2017-03-31 12:25:55.335000,1.33439,1.33434,1120000,1000000
2017-03-31 12:25:55.680000,1.3344,1.33436,1000000,1000000
2017-03-31 12:25:55.781000,1.3344,1.33433,1000000,3190000
2017-03-31 12:25:56.236000,1.33441,1.33437,1000000,1000000
2017-03-31 12:25:56.389000,1.33444,1.33438,1500000,1000000
2017-03-31 12:25:56.541000,1.33445,1.3344,1000000,1120000
2017-03-31 12:25:57.053000,1.33446,1.3344,1000000,1000000
2017-03-31 12:25:57.375000,1.33443,1.33436,1000000,5810000
2017-03-31 12:25:57.714000,1.33441,1.33435,1120000,2620000
2017-03-31 12:25:57.765000,1.33441,1.33433,2620000,1500000
2017-03-31 12:25:57.917000,1.3344,1.33433,1000000,2620000
2017-03-31 12:25:58.031000,1.3344,1.33432,1120000,2440000
2017-03-31 12:25:58.133000,1.3344,1.33433,1500000,2250000
2017-03-31 12:26:00.173000,1.33439,1.33433,1000000,3370000
2017-03-31 12:26:01.505000,1.3344,1.33433,1000000,3370000
2017-03-31 12:26:06.064000,1.33442,1.33435,1500000,1500000
2017-03-31 12:26:06.586000,1.33443,1.33436,1500000,1500000
2017-03-31 12:26:06.964000,1.33443,1.33436,1500000,3370000
2017-03-31 12:26:12.455000,1.33444,1.33438,1870000,1870000
2017-03-31 12:26:12.557000,1.33446,1.33438,2620000,1870000
2017-03-31 12:26:13.086000,1.33446,1.33439,1120000,2620000
2017-03-31 12:26:13.137000,1.33448,1.33442,2620000,1000000
2017-03-31 12:26:13.273000,1.33446,1.33441,1000000,1120000
2017-03-31 12:26:13.804000,1.33448,1.33441,1000000,1500000
2017-03-31 12:26:20.599000,1.33446,1.3344,1000000,3370000
2017-03-31 12:26:20.701000,1.33445,1.33438,1000000,3370000
2017-03-31 12:26:26.022000,1.33447,1.3344,1500000,2620000
2017-03-31 12:26:26.566000,1.33446,1.33441,1000000,1000000
2017-03-31 12:26:27.117000,1.33447,1.33441,1000000,1000000
2017-03-31 12:26:30.216000,1.33446,1.33441,1000000,1000000
2017-03-31 12:26:30.832000,1.33448,1.33441,2250000,1500000
2017-03-31 12:26:31.035000,1.33447,1.33441,1000000,3370000
2017-03-31 12:26:32.367000,1.33449,1.33445,1500000,1000000
2017-03-31 12:26:32.519000,1.33451,1.33444,1000000,3370000
2017-03-31 12:26:32.620000,1.33453,1.33446,2250000,1500000
2017-03-31 12:26:33.109000,1.3345,1.33444,1000000,2620000
2017-03-31 12:26:33.160000,1.3345,1.33444,1000000,2620000
2017-03-31 12:26:33.211000,1.33445,1.33441,1000000,7500000
2017-03-31 12:26:33.312000,1.33443,1.33439,1000000,4500000
2017-03-31 12:26:33.414000,1.33443,1.33436,1500000,4870000
2017-03-31 12:26:33.919000,1.33442,1.33438,1000000,1000000
2017-03-31 12:26:34.449000,1.33443,1.33437,1500000,1500000
2017-03-31 12:26:35.068000,1.33443,1.33438,1000000,5810000
2017-03-31 12:26:35.120000,1.33445,1.33438,1000000,3940000
2017-03-31 12:26:35.649000,1.33446,1.33438,1120000,3560000
2017-03-31 12:26:36.499000,1.33445,1.33438,1000000,2060000
2017-03-31 12:26:37.016000,1.33445,1.33438,1000000,4870000
2017-03-31 12:26:38.611000,1.33446,1.33438,1500000,5620000
2017-03-31 12:26:39.011000,1.33444,1.33438,1000000,3560000
2017-03-31 12:26:39.525000,1.3344,1.33436,1870000,6370000
2017-03-31 12:26:39.627000,1.33434,1.3343,1000000,5700000
2017-03-31 12:26:39.779000,1.33433,1.33426,1500000,8250000
2017-03-31 12:26:39.830000,1.3343,1.33426,1120000,1000000
2017-03-31 12:26:40.083000,1.33426,1.33422,1000000,2250000
2017-03-31 12:26:40.134000,1.33424,1.3342,1500000,1870000
2017-03-31 12:26:40.235000,1.33421,1.33417,1000000,2250000
2017-03-31 12:26:40.286000,1.33421,1.33416,1000000,1500000
2017-03-31 12:26:40.635000,1.33419,1.33413,1000000,1120000
2017-03-31 12:26:41.141000,1.3342,1.33413,1120000,1120000
2017-03-31 12:26:42.708000,1.33421,1.33414,2250000,1000000
2017-03-31 12:26:43.902000,1.33421,1.33417,1500000,1000000
2017-03-31 12:26:43.953000,1.33422,1.33418,1000000,1000000
2017-03-31 12:26:44.054000,1.33424,1.33418,1000000,1000000
2017-03-31 12:26:44.155000,1.33424,1.33416,1000000,1500000
2017-03-31 12:26:44.358000,1.33422,1.33414,1000000,4590000
2017-03-31 12:26:44.865000,1.33422,1.33415,1000000,1120000
2017-03-31 12:26:45.170000,1.33422,1.33416,1000000,1500000
2017-03-31 12:26:45.676000,1.33423,1.33415,1500000,2250000
2017-03-31 12:26:45.929000,1.33422,1.33414,1370000,1220000
2017-03-31 12:26:45.980000,1.33419,1.33414,1000000,1000000
2017-03-31 12:26:46.284000,1.33416,1.33408,1000000,2250000
2017-03-31 12:26:46.436000,1.33417,1.33411,1500000,1000000
2017-03-31 12:26:46.560000,1.33418,1.33411,1500000,1000000
2017-03-31 12:26:47.079000,1.33418,1.3341,1500000,2620000
2017-03-31 12:26:47.588000,1.33418,1.33411,1500000,1000000
2017-03-31 12:26:48.137000,1.33418,1.3341,1500000,2620000
2017-03-31 12:26:48.669000,1.33418,1.33411,1500000,1000000
2017-03-31 12:26:50.367000,1.33419,1.33411,1500000,1000000
2017-03-31 12:26:54.859000,1.33421,1.33416,1500000,1650000
2017-03-31 12:26:55.071000,1.33425,1.33418,1500000,1200000
2017-03-31 12:26:58.579000,1.33426,1.33418,1000000,1120000
2017-03-31 12:26:59.023000,1.33424,1.33417,1000000,1870000
2017-03-31 12:26:59.529000,1.33423,1.33417,1000000,1000000
2017-03-31 12:26:59.681000,1.33423,1.33415,1000000,3000000
2017-03-31 12:27:00.649000,1.33421,1.33415,1000000,2250000
2017-03-31 12:27:01.155000,1.33421,1.33415,1000000,1500000
2017-03-31 12:27:01.357000,1.33423,1.33416,1120000,1870000
2017-03-31 12:27:01.459000,1.33423,1.33416,1500000,3370000
2017-03-31 12:27:01.964000,1.33423,1.33415,1500000,4870000
2017-03-31 12:27:02.476000,1.33422,1.33415,1000000,4120000
2017-03-31 12:27:03.271000,1.33422,1.33415,1500000,1000000
2017-03-31 12:27:04.653000,1.3342,1.33415,1000000,1000000
2017-03-31 12:27:07.512000,1.33422,1.33418,1000000,2250000
2017-03-31 12:27:07.665000,1.33424,1.33418,3750000,1500000
2017-03-31 12:27:07.951000,1.3342,1.33416,1000000,1000000
2017-03-31 12:27:08.053000,1.3342,1.33415,1000000,1000000
2017-03-31 12:27:08.577000,1.33419,1.33414,1000000,1120000
2017-03-31 12:27:09.384000,1.3342,1.33414,1000000,1120000
2017-03-31 12:27:10.400000,1.3342,1.33413,1500000,3750000
2017-03-31 12:27:10.754000,1.33422,1.33415,2250000,2250000
2017-03-31 12:27:11.058000,1.33423,1.33417,1000000,1870000
2017-03-31 12:27:12.194000,1.33422,1.33417,1000000,1000000
2017-03-31 12:27:12.448000,1.33423,1.33415,1000000,3000000
2017-03-31 12:27:12.997000,1.33423,1.33415,1120000,3370000
2017-03-31 12:27:13.489000,1.33424,1.33418,2250000,1000000
2017-03-31 12:27:14.156000,1.33424,1.33417,1000000,1000000
2017-03-31 12:27:14.461000,1.33424,1.33419,1000000,1000000
2017-03-31 12:27:14.963000,1.33426,1.33418,4500000,1120000
2017-03-31 12:27:15.474000,1.33426,1.33419,4500000,1000000
2017-03-31 12:27:16.043000,1.33426,1.33418,4500000,1870000
2017-03-31 12:27:17.972000,1.33426,1.33419,1870000,1500000
2017-03-31 12:27:18.487000,1.33426,1.33418,3000000,3370000
2017-03-31 12:27:20.609000,1.33425,1.3342,1500000,3000000
2017-03-31 12:27:20.660000,1.33427,1.3342,2250000,3000000
2017-03-31 12:27:21.166000,1.33427,1.33421,3000000,1000000
2017-03-31 12:27:21.267000,1.33427,1.33423,1500000,1500000
2017-03-31 12:27:21.369000,1.33429,1.33424,1000000,1500000
2017-03-31 12:27:21.420000,1.33431,1.33424,1120000,2250000
2017-03-31 12:27:21.471000,1.33432,1.33426,7870000,1000000
2017-03-31 12:27:21.988000,1.33432,1.33425,5620000,1500000
2017-03-31 12:27:22.582000,1.33432,1.33424,4120000,3000000
2017-03-31 12:27:22.910000,1.33428,1.33422,1000000,1870000
2017-03-31 12:27:23.497000,1.33428,1.33422,2620000,1000000
2017-03-31 12:27:24.005000,1.33428,1.33421,3370000,1120000
2017-03-31 12:27:25.125000,1.33428,1.3342,3370000,4500000
2017-03-31 12:27:25.673000,1.33428,1.3342,1500000,3750000
2017-03-31 12:27:26.115000,1.33432,1.33428,7870000,2250000
2017-03-31 12:27:26.217000,1.33432,1.33428,1000000,1500000
2017-03-31 12:27:26.318000,1.33434,1.33429,1000000,1500000
2017-03-31 12:27:26.470000,1.33436,1.33428,5250000,1500000
2017-03-31 12:27:27.010000,1.33436,1.33429,6000000,1000000
2017-03-31 12:27:27.061000,1.33442,1.33438,15000000,1500000
2017-03-31 12:27:27.163000,1.33438,1.33433,2250000,2250000
2017-03-31 12:27:27.214000,1.3344,1.33435,1000000,1000000
2017-03-31 12:27:27.316000,1.33439,1.33433,1370000,1000000
2017-03-31 12:27:27.417000,1.33426,1.33422,1000000,1120000
2017-03-31 12:27:27.520000,1.33426,1.33419,1000000,1590000
2017-03-31 12:27:28.025000,1.33426,1.33418,1500000,1870000
2017-03-31 12:27:28.553000,1.33426,1.33419,1500000,1000000
2017-03-31 12:27:30.069000,1.33425,1.33419,1000000,1000000
2017-03-31 12:27:30.597000,1.33425,1.33418,1000000,2620000
2017-03-31 12:27:31.972000,1.33426,1.33418,1000000,2620000
2017-03-31 12:27:33.371000,1.33427,1.33419,1120000,2250000
2017-03-31 12:27:33.954000,1.33428,1.3342,3000000,1500000
2017-03-31 12:27:36.291000,1.33426,1.3342,1000000,2250000
2017-03-31 12:27:36.645000,1.33426,1.33422,1000000,3000000
2017-03-31 12:27:36.746000,1.33427,1.3342,2620000,1120000
2017-03-31 12:27:37.251000,1.33427,1.33419,3000000,2620000
2017-03-31 12:27:37.880000,1.33427,1.3342,3000000,1000000
2017-03-31 12:27:38.424000,1.33427,1.33419,3750000,2620000
2017-03-31 12:27:38.963000,1.33426,1.33419,1000000,1000000
2017-03-31 12:27:39.434000,1.33424,1.33418,1500000,4270000
2017-03-31 12:27:39.535000,1.33423,1.33416,1120000,2620000
2017-03-31 12:27:39.637000,1.33421,1.33416,1000000,1000000
2017-03-31 12:27:39.687000,1.3342,1.33414,1000000,1870000
2017-03-31 12:27:40.832000,1.3342,1.33413,3000000,1000000
2017-03-31 12:27:41.861000,1.3342,1.33412,2250000,1000000
2017-03-31 12:27:41.912000,1.33418,1.33412,1000000,1000000
2017-03-31 12:27:42.216000,1.33416,1.33408,2620000,2250000
2017-03-31 12:27:42.317000,1.33413,1.33407,1000000,1500000
2017-03-31 12:27:42.866000,1.33412,1.33406,1500000,1000000
2017-03-31 12:27:43.068000,1.33412,1.33404,3750000,1120000
2017-03-31 12:27:43.220000,1.33411,1.33404,1370000,1120000
2017-03-31 12:27:43.725000,1.3341,1.33403,2250000,1500000
2017-03-31 12:27:44.653000,1.3341,1.33402,3000000,1870000
2017-03-31 12:27:45.471000,1.3341,1.33403,4500000,1000000
2017-03-31 12:27:46.187000,1.33412,1.33408,4500000,2250000
2017-03-31 12:27:46.289000,1.33414,1.3341,9370000,1000000
2017-03-31 12:27:46.543000,1.33412,1.33408,2250000,1500000
2017-03-31 12:27:47.060000,1.33412,1.33407,2250000,1000000
2017-03-31 12:27:47.356000,1.33414,1.33407,3000000,1000000
2017-03-31 12:27:48.646000,1.33413,1.33407,1000000,1000000
2017-03-31 12:27:49.170000,1.33414,1.33407,1500000,1120000
2017-03-31 12:27:49.687000,1.33414,1.33406,1500000,3000000
2017-03-31 12:27:50.209000,1.33414,1.33407,3000000,1000000
2017-03-31 12:27:50.815000,1.33412,1.33407,1000000,1000000
2017-03-31 12:27:50.917000,1.33412,1.33405,3000000,1120000
2017-03-31 12:27:51.451000,1.33412,1.33404,3000000,2250000
2017-03-31 12:27:52.484000,1.33409,1.33404,1000000,1500000
2017-03-31 12:27:52.908000,1.33405,1.33398,4500000,1000000
2017-03-31 12:27:53.610000,1.33405,1.33396,3000000,1500000
2017-03-31 12:27:54.218000,1.33405,1.33398,4500000,1000000
2017-03-31 12:27:55.732000,1.33406,1.33398,3750000,1120000
2017-03-31 12:27:56.524000,1.33405,1.33398,1500000,1120000
2017-03-31 12:27:57.154000,1.33406,1.33398,3750000,1120000
2017-03-31 12:27:58.547000,1.33405,1.33398,1500000,1120000
2017-03-31 12:27:59.074000,1.33406,1.33398,3750000,1120000
2017-03-31 12:27:59.596000,1.33405,1.33398,1500000,1120000
2017-03-31 12:28:00.131000,1.33403,1.33397,1000000,1500000
2017-03-31 12:28:00.536000,1.33402,1.33396,1000000,1000000
2017-03-31 12:28:01.581000,1.33402,1.33395,1870000,1000000
2017-03-31 12:28:01.683000,1.33399,1.33394,1000000,1000000
2017-03-31 12:28:01.885000,1.33398,1.3339,3000000,1500000
2017-03-31 12:28:02.853000,1.33397,1.3339,1500000,1000000
2017-03-31 12:28:03.360000,1.33396,1.33389,1500000,1370000
2017-03-31 12:28:03.462000,1.33396,1.33388,2620000,1120000
2017-03-31 12:28:03.664000,1.33394,1.33387,1000000,1500000
2017-03-31 12:28:03.989000,1.33389,1.33383,1000000,1000000
2017-03-31 12:28:04.293000,1.33391,1.33385,3000000,1000000
2017-03-31 12:28:04.799000,1.33391,1.33385,3750000,1000000
2017-03-31 12:28:05.349000,1.33392,1.33384,4120000,1500000
2017-03-31 12:28:05.884000,1.33392,1.33385,5620000,1000000
2017-03-31 12:28:06.865000,1.33392,1.33384,2620000,2250000
2017-03-31 12:28:07.426000,1.33393,1.33384,7120000,2620000
2017-03-31 12:28:08.085000,1.33388,1.33384,1000000,1120000
2017-03-31 12:28:08.136000,1.33387,1.33383,4500000,1000000
2017-03-31 12:28:08.187000,1.33385,1.33381,1000000,3370000
2017-03-31 12:28:08.290000,1.33385,1.3338,1000000,1000000
2017-03-31 12:28:08.392000,1.33384,1.33376,1870000,3750000
2017-03-31 12:28:08.646000,1.3338,1.33375,1500000,1000000
2017-03-31 12:28:08.798000,1.3338,1.33372,4870000,2250000
2017-03-31 12:28:08.900000,1.3338,1.33373,1000000,1000000
2017-03-31 12:28:09.468000,1.33378,1.33373,1500000,1000000
2017-03-31 12:28:09.620000,1.33377,1.3337,1500000,1370000
2017-03-31 12:28:10.160000,1.33377,1.3337,2250000,1000000
2017-03-31 12:28:10.768000,1.33377,1.33369,1500000,1500000
2017-03-31 12:28:11.775000,1.33373,1.33369,2620000,1000000
2017-03-31 12:28:11.927000,1.33368,1.33364,1000000,4500000
2017-03-31 12:28:12.028000,1.33368,1.33361,1000000,1000000
2017-03-31 12:28:12.259000,1.33366,1.33361,1000000,1000000
2017-03-31 12:28:13.331000,1.33366,1.3336,1500000,1000000
2017-03-31 12:28:14.287000,1.33367,1.3336,1500000,1750000
2017-03-31 12:28:14.506000,1.33366,1.33359,1500000,1870000
2017-03-31 12:28:15.028000,1.33366,1.33359,1500000,2250000
2017-03-31 12:28:15.129000,1.33366,1.3336,1000000,1370000
2017-03-31 12:28:15.182000,1.33368,1.33359,1500000,2250000
2017-03-31 12:28:15.486000,1.33369,1.33365,1500000,1500000
2017-03-31 12:28:15.689000,1.33373,1.33366,2620000,1000000
2017-03-31 12:28:15.790000,1.33375,1.33368,5250000,1000000
2017-03-31 12:28:15.994000,1.33375,1.33369,2250000,1870000
2017-03-31 12:28:16.095000,1.33379,1.3337,1590000,1750000
2017-03-31 12:28:16.600000,1.33381,1.33371,2250000,2250000
2017-03-31 12:28:17.125000,1.33379,1.33371,1000000,1750000
2017-03-31 12:28:17.585000,1.33379,1.3337,1500000,2250000
2017-03-31 12:28:18.133000,1.3338,1.33371,1000000,1000000
2017-03-31 12:28:18.979000,1.33379,1.33371,1000000,1120000
2017-03-31 12:28:21.079000,1.3338,1.33371,2620000,1120000
2017-03-31 12:28:26.912000,1.3338,1.33371,1000000,3000000
2017-03-31 12:28:30.950000,1.3338,1.3337,3750000,1370000
2017-03-31 12:28:34.252000,1.3338,1.3337,4690000,3000000
2017-03-31 12:28:34.783000,1.3338,1.3337,4310000,1870000
2017-03-31 12:28:36.253000,1.33379,1.33369,4500000,1500000
2017-03-31 12:28:37.813000,1.33378,1.3337,1500000,1500000
2017-03-31 12:28:39.150000,1.33378,1.3337,1500000,1000000
2017-03-31 12:28:40.266000,1.33379,1.3337,1500000,1870000
2017-03-31 12:28:40.923000,1.33379,1.33375,1000000,1000000
2017-03-31 12:28:41.155000,1.33383,1.33375,1250000,1000000
2017-03-31 12:28:41.686000,1.33382,1.33375,1000000,1000000
2017-03-31 12:28:42.290000,1.33384,1.33378,9370000,1750000
2017-03-31 12:28:42.392000,1.33387,1.33382,3000000,3000000
2017-03-31 12:28:42.545000,1.33386,1.33382,1000000,2250000
2017-03-31 12:28:42.596000,1.33382,1.33378,1870000,3750000
2017-03-31 12:28:42.698000,1.33385,1.3338,1000000,1500000
2017-03-31 12:28:42.806000,1.33384,1.33379,1370000,1500000
2017-03-31 12:28:43.060000,1.33383,1.33378,1120000,1500000
2017-03-31 12:28:43.111000,1.33381,1.33377,1120000,2250000
2017-03-31 12:28:43.214000,1.33384,1.33378,1370000,1500000
2017-03-31 12:28:43.724000,1.33384,1.33375,1870000,1120000
2017-03-31 12:28:44.268000,1.33384,1.33375,1870000,1500000
2017-03-31 12:28:44.811000,1.33384,1.33375,3750000,1500000
2017-03-31 12:28:45.717000,1.33383,1.33375,3370000,1000000
2017-03-31 12:28:45.820000,1.33378,1.33372,1000000,1500000
2017-03-31 12:28:45.912000,1.33378,1.33369,1870000,1870000
2017-03-31 12:28:45.964000,1.33378,1.33368,1870000,2250000
2017-03-31 12:28:46.218000,1.33377,1.33369,1120000,1120000
2017-03-31 12:28:46.320000,1.33375,1.33368,1120000,2250000
2017-03-31 12:28:46.833000,1.33376,1.33367,2250000,2250000
2017-03-31 12:28:48.258000,1.33376,1.33366,2250000,3750000
2017-03-31 12:28:49.327000,1.33376,1.33368,1870000,1000000
2017-03-31 12:28:53.099000,1.33376,1.33367,3370000,3370000
2017-03-31 12:28:53.749000,1.33376,1.33367,3370000,2250000
2017-03-31 12:28:55.056000,1.33376,1.33367,2620000,4500000
2017-03-31 12:28:56.951000,1.33377,1.33373,2620000,1000000
2017-03-31 12:28:57.103000,1.33378,1.33372,2620000,3000000
2017-03-31 12:28:57.204000,1.33381,1.33374,1370000,1000000
2017-03-31 12:28:57.787000,1.33382,1.33373,3370000,1870000
2017-03-31 12:28:59.942000,1.33386,1.3338,15560000,3750000
2017-03-31 12:29:00.044000,1.33386,1.33378,1000000,1500000
2017-03-31 12:29:00.095000,1.33385,1.33378,3370000,1500000
2017-03-31 12:29:00.399000,1.33376,1.3337,2620000,1500000
2017-03-31 12:29:00.914000,1.33376,1.33369,3370000,1000000
2017-03-31 12:29:01.417000,1.33377,1.33369,2620000,1500000
2017-03-31 12:29:01.471000,1.33379,1.33371,1250000,1000000
2017-03-31 12:29:01.524000,1.33378,1.33369,1000000,2250000
2017-03-31 12:29:01.828000,1.33379,1.33369,1630000,4120000
2017-03-31 12:29:02.131000,1.3338,1.33373,1690000,1000000
2017-03-31 12:29:02.233000,1.33381,1.33373,1500000,1500000
2017-03-31 12:29:02.870000,1.33382,1.33373,1310000,1870000
2017-03-31 12:29:03.856000,1.33382,1.33374,1120000,1000000
2017-03-31 12:29:04.670000,1.33381,1.33374,1000000,1000000
2017-03-31 12:29:05.237000,1.33381,1.33373,1000000,2620000
2017-03-31 12:29:05.746000,1.33382,1.33373,1870000,2620000
2017-03-31 12:29:06.292000,1.33382,1.33375,3370000,1000000
2017-03-31 12:29:06.344000,1.33384,1.33378,1000000,1000000
2017-03-31 12:29:06.879000,1.33385,1.33377,1870000,1000000
2017-03-31 12:29:07.395000,1.33383,1.33375,1000000,2250000
2017-03-31 12:29:07.497000,1.33382,1.33374,1500000,1000000
2017-03-31 12:29:08.013000,1.33382,1.33374,1500000,1120000
2017-03-31 12:29:08.446000,1.33383,1.33377,4120000,1000000
2017-03-31 12:29:08.497000,1.33383,1.33375,4120000,1120000
2017-03-31 12:29:08.649000,1.33383,1.33374,1000000,1500000
2017-03-31 12:29:08.751000,1.33384,1.33377,4870000,1000000
2017-03-31 12:29:09.337000,1.33383,1.33376,1370000,1500000
2017-03-31 12:29:09.983000,1.33383,1.33377,1370000,1000000
2017-03-31 12:29:12.453000,1.33384,1.33376,2620000,1000000
2017-03-31 12:29:12.657000,1.33382,1.33373,1000000,2250000
2017-03-31 12:29:12.999000,1.33382,1.33377,1500000,1000000
2017-03-31 12:29:13.561000,1.33382,1.33376,1000000,1000000
2017-03-31 12:29:15.181000,1.33382,1.33377,1000000,1000000
2017-03-31 12:29:15.491000,1.33386,1.33378,3000000,1120000
2017-03-31 12:29:15.848000,1.33382,1.33375,1500000,3370000
2017-03-31 12:29:16.153000,1.3338,1.33375,1370000,1000000
2017-03-31 12:29:16.407000,1.33381,1.33372,1120000,2620000
2017-03-31 12:29:16.863000,1.33383,1.33373,4870000,1500000
2017-03-31 12:29:17.129000,1.33383,1.33376,1500000,1500000
2017-03-31 12:29:17.452000,1.33388,1.3338,1500000,1120000
2017-03-31 12:29:17.963000,1.33389,1.3338,1120000,1120000
2017-03-31 12:29:18.368000,1.33388,1.3338,1370000,1120000
2017-03-31 12:29:18.986000,1.33388,1.33381,1120000,1370000
2017-03-31 12:29:19.087000,1.3339,1.33381,1870000,1370000
2017-03-31 12:29:19.543000,1.33392,1.33383,1000000,1000000
2017-03-31 12:29:19.948000,1.3339,1.33383,1000000,1000000
2017-03-31 12:29:20.252000,1.33387,1.33377,1120000,4120000
2017-03-31 12:29:20.874000,1.33386,1.33377,1500000,1500000
2017-03-31 12:29:21.128000,1.33387,1.33379,1000000,1000000
2017-03-31 12:29:21.472000,1.33388,1.3338,1000000,2620000
2017-03-31 12:29:21.962000,1.3339,1.33381,1000000,2620000
2017-03-31 12:29:22.524000,1.33388,1.33382,1000000,1000000
2017-03-31 12:29:22.676000,1.33381,1.33373,1870000,1120000
2017-03-31 12:29:22.760000,1.33382,1.33374,1500000,1370000
2017-03-31 12:29:22.963000,1.33384,1.33375,1500000,2620000
2017-03-31 12:29:23.076000,1.33387,1.33376,1120000,4500000
2017-03-31 12:29:23.329000,1.33386,1.33378,1120000,1000000
2017-03-31 12:29:23.385000,1.33386,1.33376,5500000,1120000
2017-03-31 12:29:23.487000,1.33387,1.33378,1000000,2620000
2017-03-31 12:29:23.575000,1.33387,1.33377,1120000,1500000
2017-03-31 12:29:24.112000,1.33387,1.33377,2500000,1120000
2017-03-31 12:29:24.163000,1.33387,1.33377,2500000,1370000
2017-03-31 12:29:24.265000,1.33388,1.33377,1120000,1370000
2017-03-31 12:29:24.317000,1.33388,1.33377,1120000,1120000
2017-03-31 12:29:24.829000,1.33388,1.33378,1120000,1000000
2017-03-31 12:29:25.476000,1.33388,1.33377,1120000,1870000
2017-03-31 12:29:26.015000,1.3339,1.33377,1120000,1870000
2017-03-31 12:29:26.529000,1.33391,1.33377,1870000,1120000
2017-03-31 12:29:27.251000,1.3339,1.33377,1000000,1000000
2017-03-31 12:29:27.353000,1.33387,1.33377,1000000,1500000
2017-03-31 12:29:27.862000,1.33386,1.33375,1000000,1000000
2017-03-31 12:29:28.116000,1.33386,1.33377,1000000,1000000
2017-03-31 12:29:28.631000,1.33386,1.33376,1000000,1000000
2017-03-31 12:29:28.936000,1.3339,1.3338,1120000,1000000
2017-03-31 12:29:28.987000,1.33389,1.33377,1000000,2250000
2017-03-31 12:29:29.089000,1.33389,1.33381,2620000,1000000
2017-03-31 12:29:29.191000,1.33392,1.33381,1000000,1870000
2017-03-31 12:29:29.293000,1.33395,1.33383,1870000,1000000
2017-03-31 12:29:29.799000,1.33394,1.33384,1120000,1000000
2017-03-31 12:29:30.002000,1.33394,1.33382,1120000,1120000
2017-03-31 12:29:30.053000,1.33391,1.33382,3000000,1370000
2017-03-31 12:29:30.377000,1.33388,1.3338,2620000,3000000
2017-03-31 12:29:30.889000,1.33386,1.33379,2620000,1000000
2017-03-31 12:29:30.991000,1.33382,1.33376,1120000,1000000
2017-03-31 12:29:31.143000,1.33384,1.33374,3370000,1000000
2017-03-31 12:29:31.499000,1.33379,1.33374,1000000,1000000
2017-03-31 12:29:31.662000,1.33378,1.33371,1500000,4500000
2017-03-31 12:29:32.170000,1.33376,1.33371,1120000,1870000
2017-03-31 12:29:32.373000,1.33378,1.33374,2250000,1000000
2017-03-31 12:29:32.577000,1.33377,1.33367,1500000,1000000
2017-03-31 12:29:32.882000,1.33376,1.33367,2620000,1000000
2017-03-31 12:29:33.383000,1.33373,1.33364,3370000,1500000
2017-03-31 12:29:33.688000,1.3337,1.33364,3370000,1650000
2017-03-31 12:29:34.231000,1.33369,1.33365,2620000,1000000
2017-03-31 12:29:34.383000,1.33366,1.33361,1000000,1100000
2017-03-31 12:29:34.921000,1.33367,1.33358,2620000,1750000
2017-03-31 12:29:35.432000,1.33367,1.33358,2620000,3000000
2017-03-31 12:29:35.483000,1.33369,1.33364,7500000,1000000
2017-03-31 12:29:35.687000,1.33369,1.33363,2620000,1200000
2017-03-31 12:29:35.890000,1.33366,1.33362,2250000,2250000
2017-03-31 12:29:35.992000,1.33366,1.3336,1000000,1120000
2017-03-31 12:29:36.093000,1.33367,1.33362,3000000,1120000
2017-03-31 12:29:36.396000,1.3337,1.33364,2620000,2250000
2017-03-31 12:29:36.497000,1.33371,1.33364,1500000,1500000
2017-03-31 12:29:36.953000,1.33372,1.33366,3370000,1000000
2017-03-31 12:29:37.279000,1.33372,1.33366,2620000,1500000
2017-03-31 12:29:37.451000,1.33372,1.33366,1000000,3000000
2017-03-31 12:29:37.774000,1.33373,1.33366,1000000,3000000
2017-03-31 12:29:37.887000,1.33375,1.33366,2620000,1000000
2017-03-31 12:29:37.989000,1.33375,1.33367,2620000,1750000
2017-03-31 12:29:38.192000,1.33375,1.33366,2620000,3000000
2017-03-31 12:29:40.146000,1.33373,1.33365,1870000,1120000
2017-03-31 12:29:40.198000,1.33371,1.33363,1500000,1000000
2017-03-31 12:29:40.401000,1.33369,1.3336,4500000,2620000
2017-03-31 12:29:40.596000,1.33369,1.3336,5250000,1750000
2017-03-31 12:29:40.900000,1.33367,1.33361,3750000,1000000
2017-03-31 12:29:41.160000,1.33367,1.33359,4750000,1750000
2017-03-31 12:29:41.898000,1.33367,1.33363,5250000,1000000
2017-03-31 12:29:41.949000,1.3337,1.33365,7500000,3000000
2017-03-31 12:29:42,1.33369,1.33365,1000000,3370000
2017-03-31 12:29:42.235000,1.33371,1.33365,1000000,1750000
2017-03-31 12:29:42.540000,1.33373,1.33365,2620000,1120000
2017-03-31 12:29:43.047000,1.33373,1.33366,2620000,1500000
2017-03-31 12:29:43.365000,1.33373,1.33365,3370000,1120000
2017-03-31 12:29:43.430000,1.33371,1.33365,2620000,1120000
2017-03-31 12:29:43.631000,1.33373,1.33365,4120000,1120000
2017-03-31 12:29:43.733000,1.3337,1.33365,1500000,1000000
2017-03-31 12:29:44.038000,1.33368,1.33363,1500000,1000000
2017-03-31 12:29:44.545000,1.33369,1.33359,5250000,5250000
2017-03-31 12:29:45.120000,1.33368,1.33359,5250000,2250000
2017-03-31 12:29:45.324000,1.3337,1.33364,2620000,6370000
2017-03-31 12:29:45.425000,1.33374,1.33365,2620000,3370000
2017-03-31 12:29:45.628000,1.33378,1.33366,1500000,1000000
2017-03-31 12:29:45.832000,1.33379,1.33367,1120000,1000000
2017-03-31 12:29:46.036000,1.33381,1.33365,2250000,1000000
2017-03-31 12:29:46.864000,1.33377,1.33365,1000000,2250000
2017-03-31 12:29:47.169000,1.3336,1.33351,1000000,1000000
2017-03-31 12:29:47.496000,1.33348,1.33341,3000000,1000000
2017-03-31 12:29:47.649000,1.33348,1.33335,1750000,1120000
2017-03-31 12:29:47.853000,1.33343,1.33337,1000000,1000000
2017-03-31 12:29:47.904000,1.33343,1.33335,1000000,1120000
2017-03-31 12:29:47.955000,1.33343,1.33338,1000000,1000000
2017-03-31 12:29:48.432000,1.33339,1.33335,1000000,1000000
2017-03-31 12:29:48.483000,1.33343,1.33337,1750000,1000000
2017-03-31 12:29:48.534000,1.33343,1.33331,1750000,1500000
2017-03-31 12:29:49.069000,1.33343,1.3333,1750000,2250000
2017-03-31 12:29:49.120000,1.33342,1.3333,3000000,1500000
2017-03-31 12:29:49.424000,1.33337,1.3333,1500000,1000000
2017-03-31 12:29:49.756000,1.33333,1.33327,1500000,2250000
2017-03-31 12:29:49.858000,1.33329,1.33321,1000000,1000000
2017-03-31 12:29:50.010000,1.33328,1.33318,1000000,2250000
2017-03-31 12:29:50.112000,1.33332,1.33312,3000000,2330000
2017-03-31 12:29:50.316000,1.33332,1.33312,1120000,2210000
2017-03-31 12:29:50.564000,1.3334,1.33312,1750000,1000000
2017-03-31 12:29:50.717000,1.33338,1.33312,2250000,1930000
2017-03-31 12:29:51.274000,1.33337,1.33313,1750000,1000000
2017-03-31 12:29:51.694000,1.33338,1.33318,1750000,1370000
2017-03-31 12:29:51.847000,1.33337,1.33321,1000000,1050000
2017-03-31 12:29:51.949000,1.33344,1.3332,1500000,1120000
2017-03-31 12:29:52.153000,1.33345,1.3332,1750000,1710000
2017-03-31 12:29:52.256000,1.33346,1.33321,1750000,1130000
2017-03-31 12:29:52.359000,1.33348,1.33321,1750000,1130000
2017-03-31 12:29:52.885000,1.3335,1.33324,1750000,1000000
2017-03-31 12:29:53.526000,1.33334,1.33324,1000000,1000000
2017-03-31 12:29:53.628000,1.33344,1.33324,2620000,1000000
2017-03-31 12:29:53.680000,1.3334,1.33325,1000000,1000000
2017-03-31 12:29:53.731000,1.33346,1.33324,1500000,1000000
2017-03-31 12:29:53.994000,1.33348,1.33324,1000000,1000000
2017-03-31 12:29:54.502000,1.33347,1.33324,1000000,1500000
2017-03-31 12:29:54.807000,1.33344,1.33324,1000000,1500000
2017-03-31 12:29:55.355000,1.33344,1.33321,3000000,2160000
2017-03-31 12:29:55.897000,1.33344,1.3332,1000000,2910000
2017-03-31 12:29:57.532000,1.33344,1.33319,1000000,1000000
2017-03-31 12:29:57.583000,1.33344,1.33322,2250000,1650000
2017-03-31 12:29:57.939000,1.33353,1.3333,1000000,1150000
2017-03-31 12:29:58.476000,1.33353,1.3333,1000000,2250000
2017-03-31 12:29:58.823000,1.33355,1.33331,2250000,1750000
2017-03-31 12:29:59.532000,1.33354,1.33332,1000000,1750000
2017-03-31 12:30:00.060000,1.33355,1.33333,1000000,1800000
2017-03-31 12:30:00.162000,1.33341,1.33334,1000000,1450000
2017-03-31 12:30:00.213000,1.33344,1.33325,1000000,1450000
2017-03-31 12:30:00.265000,1.3335,1.33319,1000000,1950000
2017-03-31 12:30:00.317000,1.33196,1.33192,1000000,1000000
2017-03-31 12:30:00.368000,1.33197,1.33193,1000000,1000000
2017-03-31 12:30:00.419000,1.3319,1.33182,1000000,1000000
2017-03-31 12:30:00.470000,1.33274,1.33172,1000000,750000
2017-03-31 12:30:00.521000,1.33166,1.33154,1000000,4420000
2017-03-31 12:30:00.572000,1.3317,1.33154,1000000,5170000
2017-03-31 12:30:00.623000,1.33179,1.33162,1500000,1500000
2017-03-31 12:30:00.827000,1.33162,1.33148,1000000,2250000
2017-03-31 12:30:00.878000,1.3314,1.33131,1000000,1120000
2017-03-31 12:30:00.929000,1.3315,1.33131,1000000,1120000
2017-03-31 12:30:00.981000,1.33151,1.33123,1000000,1000000
2017-03-31 12:30:01.032000,1.33126,1.3311,1120000,1200000
2017-03-31 12:30:01.440000,1.33126,1.33112,1120000,1000000
2017-03-31 12:30:01.565000,1.33111,1.33092,1000000,1650000
2017-03-31 12:30:01.616000,1.33142,1.33134,1000000,1300000
2017-03-31 12:30:01.667000,1.33127,1.33112,9750000,1070000
2017-03-31 12:30:01.820000,1.3313,1.33116,9000000,1000000
2017-03-31 12:30:01.922000,1.33136,1.33124,1000000,1500000
2017-03-31 12:30:02.075000,1.33136,1.33112,1000000,1000000
2017-03-31 12:30:02.178000,1.33116,1.33107,1000000,1000000
2017-03-31 12:30:02.412000,1.33108,1.33096,1500000,1000000
2017-03-31 12:30:02.464000,1.33106,1.33095,1000000,1000000
2017-03-31 12:30:02.616000,1.33113,1.33095,1570000,1000000
2017-03-31 12:30:02.718000,1.33105,1.33089,3000000,1000000
2017-03-31 12:30:02.769000,1.33091,1.33081,3000000,1000000
2017-03-31 12:30:02.820000,1.33114,1.33106,3750000,1000000
2017-03-31 12:30:02.872000,1.33124,1.3312,3750000,1000000
2017-03-31 12:30:02.923000,1.33154,1.33137,12750000,3250000
2017-03-31 12:30:02.974000,1.33156,1.33124,1000000,2990000
2017-03-31 12:30:03.025000,1.33124,1.3312,1500000,1000000
2017-03-31 12:30:03.300000,1.33119,1.33109,1000000,1500000
2017-03-31 12:30:03.351000,1.33121,1.33109,1000000,1500000
2017-03-31 12:30:03.402000,1.33102,1.33096,1500000,1500000
2017-03-31 12:30:03.464000,1.33112,1.33098,1370000,1000000
2017-03-31 12:30:03.516000,1.331,1.33095,1000000,2250000
2017-03-31 12:30:03.567000,1.33113,1.331,1500000,1000000
2017-03-31 12:30:03.618000,1.33097,1.33084,1000000,1000000
2017-03-31 12:30:03.669000,1.33099,1.33082,1000000,1000000
2017-03-31 12:30:03.720000,1.33105,1.33081,3370000,1290000
2017-03-31 12:30:03.974000,1.33106,1.3309,1000000,1000000
2017-03-31 12:30:04.024000,1.33106,1.33086,1000000,2170000
2017-03-31 12:30:04.076000,1.33108,1.33086,1500000,1040000
2017-03-31 12:30:04.235000,1.33106,1.33086,1000000,1040000
2017-03-31 12:30:04.539000,1.33086,1.33078,1370000,1120000
2017-03-31 12:30:04.590000,1.33082,1.33069,1000000,5020000
2017-03-31 12:30:04.692000,1.33092,1.33084,1500000,1000000
2017-03-31 12:30:04.743000,1.3309,1.33081,1370000,1200000
2017-03-31 12:30:04.794000,1.33091,1.3308,1000000,1650000
2017-03-31 12:30:04.896000,1.33096,1.33081,1000000,1000000
2017-03-31 12:30:04.948000,1.331,1.33092,1370000,1500000
2017-03-31 12:30:05,1.331,1.33091,1000000,1500000
2017-03-31 12:30:05.051000,1.33099,1.33095,1500000,1500000
2017-03-31 12:30:05.102000,1.331,1.33094,1000000,1500000
2017-03-31 12:30:05.279000,1.33105,1.33091,1370000,1500000
2017-03-31 12:30:05.330000,1.33095,1.33088,1500000,1870000
2017-03-31 12:30:05.432000,1.33109,1.33086,1000000,1600000
2017-03-31 12:30:05.533000,1.33098,1.33081,1500000,1040000
2017-03-31 12:30:05.635000,1.33102,1.33087,1000000,1000000
2017-03-31 12:30:05.686000,1.33104,1.33083,1000000,1250000
2017-03-31 12:30:05.737000,1.33105,1.33081,1370000,1500000
2017-03-31 12:30:05.788000,1.3309,1.33085,1000000,1250000
2017-03-31 12:30:05.839000,1.33102,1.33083,1000000,1250000
2017-03-31 12:30:05.941000,1.33107,1.33091,3000000,1000000
2017-03-31 12:30:06.282000,1.33109,1.33094,1000000,1000000
2017-03-31 12:30:06.378000,1.33112,1.33097,1000000,1500000
2017-03-31 12:30:06.429000,1.33112,1.33095,1500000,1000000
2017-03-31 12:30:06.482000,1.33109,1.33095,1870000,1000000
2017-03-31 12:30:06.787000,1.33106,1.33098,1000000,1870000
2017-03-31 12:30:06.838000,1.33114,1.33101,1120000,1120000
2017-03-31 12:30:06.889000,1.33113,1.33101,1870000,1000000
2017-03-31 12:30:06.991000,1.33116,1.33101,2620000,1870000
2017-03-31 12:30:07.143000,1.33118,1.33101,2620000,3370000
2017-03-31 12:30:07.194000,1.33113,1.33099,1870000,1120000
2017-03-31 12:30:07.507000,1.33113,1.33103,1000000,1870000
2017-03-31 12:30:07.660000,1.33115,1.33104,1000000,1870000
2017-03-31 12:30:07.792000,1.3312,1.33109,1370000,1000000
2017-03-31 12:30:07.843000,1.33119,1.33111,1000000,1870000
2017-03-31 12:30:07.894000,1.33118,1.33107,1500000,1870000
2017-03-31 12:30:07.996000,1.33122,1.33109,1000000,1870000
2017-03-31 12:30:08.249000,1.33125,1.33108,2620000,1870000
2017-03-31 12:30:08.300000,1.33115,1.33107,1000000,1870000
2017-03-31 12:30:08.351000,1.33115,1.33105,1120000,1000000
2017-03-31 12:30:08.478000,1.33112,1.33105,1000000,1000000
2017-03-31 12:30:08.580000,1.33116,1.33103,1120000,1370000
2017-03-31 12:30:08.631000,1.33108,1.33102,1500000,1000000
2017-03-31 12:30:08.682000,1.33112,1.33098,1370000,1000000
2017-03-31 12:30:08.733000,1.33108,1.33098,1370000,1500000
2017-03-31 12:30:09.038000,1.33091,1.33084,1120000,1120000
2017-03-31 12:30:09.089000,1.33092,1.33077,1120000,2250000
2017-03-31 12:30:09.141000,1.33088,1.33077,1000000,1000000
2017-03-31 12:30:09.192000,1.33088,1.33082,1000000,1000000
2017-03-31 12:30:09.548000,1.33103,1.33092,3370000,1150000
2017-03-31 12:30:09.604000,1.331,1.33092,1000000,1000000
2017-03-31 12:30:09.705000,1.33099,1.33089,1000000,1000000
2017-03-31 12:30:09.757000,1.33098,1.33094,1000000,1000000
2017-03-31 12:30:09.808000,1.331,1.33094,1000000,1000000
2017-03-31 12:30:09.859000,1.331,1.33096,1000000,1500000
2017-03-31 12:30:10.062000,1.33106,1.33092,1500000,1120000
2017-03-31 12:30:10.165000,1.33105,1.33098,1000000,1000000
2017-03-31 12:30:10.318000,1.33104,1.33093,1500000,1120000
2017-03-31 12:30:10.420000,1.33109,1.33096,1000000,1120000
2017-03-31 12:30:10.522000,1.3311,1.33095,1000000,1120000
2017-03-31 12:30:10.866000,1.33105,1.33092,1000000,2250000
2017-03-31 12:30:10.969000,1.33108,1.33095,1000000,1500000
2017-03-31 12:30:11.021000,1.33108,1.33096,1000000,2250000
2017-03-31 12:30:11.327000,1.33108,1.331,1000000,1370000
2017-03-31 12:30:11.653000,1.33116,1.33104,1370000,1000000
2017-03-31 12:30:11.704000,1.33112,1.33097,1370000,1000000
2017-03-31 12:30:11.755000,1.33115,1.33098,1870000,1370000
2017-03-31 12:30:12.061000,1.33106,1.33098,2620000,1000000
2017-03-31 12:30:12.163000,1.33105,1.3309,1870000,2620000
2017-03-31 12:30:12.265000,1.33107,1.33097,3370000,1000000
2017-03-31 12:30:12.319000,1.33104,1.3309,1000000,3370000
2017-03-31 12:30:12.405000,1.33104,1.33096,1000000,1000000
2017-03-31 12:30:12.456000,1.33106,1.33097,1120000,1000000
2017-03-31 12:30:12.732000,1.33106,1.33101,1000000,1000000
2017-03-31 12:30:12.935000,1.33109,1.33101,1000000,1870000
2017-03-31 12:30:12.986000,1.33113,1.33104,1120000,1000000
2017-03-31 12:30:13.037000,1.33113,1.331,1120000,1870000
2017-03-31 12:30:13.088000,1.33113,1.33101,1000000,3370000
2017-03-31 12:30:13.408000,1.3312,1.33104,1000000,1870000
2017-03-31 12:30:13.484000,1.33119,1.33107,1000000,1870000
2017-03-31 12:30:13.746000,1.33119,1.33104,1870000,1870000
2017-03-31 12:30:13.953000,1.33119,1.33103,1870000,1370000
2017-03-31 12:30:14.055000,1.33105,1.33101,1000000,2250000
2017-03-31 12:30:14.207000,1.33104,1.33096,1870000,1000000
2017-03-31 12:30:14.309000,1.33104,1.33094,1000000,1870000
2017-03-31 12:30:14.360000,1.33106,1.33094,1720000,1870000
2017-03-31 12:30:14.664000,1.33111,1.33096,4870000,1870000
2017-03-31 12:30:14.716000,1.33105,1.33096,1000000,1870000
2017-03-31 12:30:14.840000,1.33104,1.33095,1000000,1000000
2017-03-31 12:30:15.034000,1.33099,1.33091,1500000,1870000
2017-03-31 12:30:15.085000,1.33101,1.33092,1000000,1870000
2017-03-31 12:30:15.136000,1.33101,1.33095,1000000,1870000
2017-03-31 12:30:15.187000,1.33104,1.33096,1000000,1870000
2017-03-31 12:30:15.289000,1.33104,1.33093,1000000,1870000
2017-03-31 12:30:15.340000,1.33106,1.33095,1870000,1120000
2017-03-31 12:30:15.492000,1.33106,1.33097,1000000,1870000
2017-03-31 12:30:15.797000,1.33108,1.33096,1000000,2620000
2017-03-31 12:30:15.898000,1.33108,1.33096,1000000,1120000
2017-03-31 12:30:16.228000,1.33111,1.33098,1000000,1570000
2017-03-31 12:30:16.735000,1.33113,1.33097,2250000,1370000
2017-03-31 12:30:17.244000,1.33111,1.33098,1120000,2020000
2017-03-31 12:30:17.557000,1.33102,1.33096,1120000,1500000
2017-03-31 12:30:17.608000,1.33102,1.3309,1000000,4500000
2017-03-31 12:30:17.668000,1.331,1.33093,1000000,1120000
2017-03-31 12:30:17.867000,1.33103,1.33092,1500000,1370000
2017-03-31 12:30:17.969000,1.33103,1.33097,1000000,1000000
2017-03-31 12:30:18.121000,1.33105,1.33094,1000000,1120000
2017-03-31 12:30:18.223000,1.3311,1.33099,1000000,1370000
2017-03-31 12:30:18.274000,1.33112,1.33108,1500000,1000000
2017-03-31 12:30:18.477000,1.33121,1.33112,1000000,1500000
2017-03-31 12:30:18.529000,1.33116,1.33108,1000000,1370000
2017-03-31 12:30:18.811000,1.33097,1.33086,1120000,1370000
2017-03-31 12:30:18.862000,1.33091,1.33084,1000000,1500000
2017-03-31 12:30:18.964000,1.33093,1.33082,1500000,1000000
2017-03-31 12:30:19.117000,1.33091,1.33083,1000000,1120000
2017-03-31 12:30:19.168000,1.33093,1.33084,1120000,1000000
2017-03-31 12:30:19.270000,1.33097,1.33084,1120000,1500000
2017-03-31 12:30:19.627000,1.33095,1.33085,1120000,1000000
2017-03-31 12:30:19.728000,1.33095,1.33081,1500000,1500000
2017-03-31 12:30:20.255000,1.3309,1.33081,1000000,1000000
2017-03-31 12:30:20.661000,1.33087,1.33081,1500000,1370000
2017-03-31 12:30:20.712000,1.33083,1.33079,1500000,2250000
2017-03-31 12:30:20.763000,1.33088,1.33079,1120000,1000000
2017-03-31 12:30:20.814000,1.33088,1.33081,1120000,1500000
2017-03-31 12:30:20.916000,1.33085,1.33076,1370000,1120000
2017-03-31 12:30:20.968000,1.33086,1.33082,1500000,1000000
2017-03-31 12:30:21.070000,1.33086,1.33076,1500000,1120000
2017-03-31 12:30:21.677000,1.33087,1.3308,1750000,1120000
2017-03-31 12:30:21.830000,1.33091,1.33085,1000000,1000000
2017-03-31 12:30:21.882000,1.33091,1.33082,1000000,1000000
2017-03-31 12:30:21.933000,1.33094,1.33086,1500000,2620000
2017-03-31 12:30:21.985000,1.33093,1.33085,1000000,1500000
2017-03-31 12:30:22.087000,1.33093,1.33083,1370000,1500000
2017-03-31 12:30:22.139000,1.33088,1.33083,1000000,1370000
2017-03-31 12:30:22.342000,1.33089,1.3308,1750000,1870000
2017-03-31 12:30:22.393000,1.33089,1.33081,2250000,1000000
2017-03-31 12:30:22.495000,1.33091,1.3308,4500000,2250000
2017-03-31 12:30:22.546000,1.33092,1.33082,3000000,1870000
2017-03-31 12:30:22.858000,1.33101,1.33094,2250000,1000000
2017-03-31 12:30:22.909000,1.33101,1.3309,1500000,1750000
2017-03-31 12:30:23.011000,1.33101,1.3309,1750000,1520000
2017-03-31 12:30:23.163000,1.33102,1.33089,1750000,4140000
2017-03-31 12:30:23.214000,1.331,1.33091,1120000,1000000
2017-03-31 12:30:23.468000,1.33101,1.33089,1750000,1500000
2017-03-31 12:30:23.570000,1.33101,1.3309,1750000,1870000
2017-03-31 12:30:23.946000,1.33104,1.33092,1000000,1370000
2017-03-31 12:30:23.997000,1.33108,1.33098,1010000,1120000
2017-03-31 12:30:24.302000,1.33104,1.33098,1000000,2290000
2017-03-31 12:30:24.505000,1.3311,1.33099,4870000,1000000
2017-03-31 12:30:24.657000,1.33102,1.33098,1000000,2290000
2017-03-31 12:30:24.709000,1.33106,1.33098,1370000,2290000
2017-03-31 12:30:24.774000,1.33104,1.33098,1370000,1000000
2017-03-31 12:30:25.139000,1.331,1.3309,1370000,1490000
2017-03-31 12:30:25.191000,1.33104,1.33089,3370000,2210000
2017-03-31 12:30:25.698000,1.33105,1.33093,1000000,1190000
2017-03-31 12:30:25.750000,1.33105,1.33098,1870000,1000000
2017-03-31 12:30:25.801000,1.33108,1.33091,1870000,1120000
2017-03-31 12:30:25.853000,1.33104,1.33093,1370000,1500000
2017-03-31 12:30:26.221000,1.33101,1.33089,2620000,1120000
2017-03-31 12:30:26.323000,1.33102,1.33089,1120000,1370000
2017-03-31 12:30:26.375000,1.33103,1.33089,2250000,1120000
2017-03-31 12:30:26.579000,1.33103,1.33089,1370000,1870000
2017-03-31 12:30:26.682000,1.33102,1.3309,1120000,1870000
2017-03-31 12:30:26.835000,1.33102,1.3309,1370000,1000000
2017-03-31 12:30:26.937000,1.33104,1.33089,1370000,2250000
2017-03-31 12:30:27.038000,1.33104,1.33089,3000000,1870000
2017-03-31 12:30:27.648000,1.33093,1.33088,1870000,1000000
2017-03-31 12:30:27.852000,1.33067,1.33063,1000000,1000000
2017-03-31 12:30:27.904000,1.33069,1.33063,1000000,1000000
2017-03-31 12:30:28.006000,1.33074,1.33063,1500000,1370000
2017-03-31 12:30:28.108000,1.33075,1.33066,1000000,1370000
2017-03-31 12:30:28.415000,1.33075,1.33068,1870000,1950000
2017-03-31 12:30:28.616000,1.33073,1.33068,1370000,1000000
2017-03-31 12:30:28.667000,1.33072,1.33058,2250000,1120000
2017-03-31 12:30:28.718000,1.33072,1.33058,4500000,1000000
2017-03-31 12:30:28.921000,1.33072,1.33057,1000000,1000000
2017-03-31 12:30:29.073000,1.33066,1.33057,1000000,1000000
2017-03-31 12:30:29.175000,1.33067,1.33055,1120000,1120000
2017-03-31 12:30:29.327000,1.33067,1.33056,1500000,1370000
2017-03-31 12:30:29.719000,1.33073,1.33061,1370000,1870000
2017-03-31 12:30:29.770000,1.33081,1.33072,1500000,1120000
2017-03-31 12:30:29.923000,1.3308,1.3307,1120000,1000000
2017-03-31 12:30:30.126000,1.33078,1.33066,2250000,1000000
2017-03-31 12:30:30.431000,1.33067,1.33056,1120000,1500000
2017-03-31 12:30:30.533000,1.33067,1.3306,1000000,1120000
2017-03-31 12:30:30.584000,1.3307,1.33057,1000000,1870000
2017-03-31 12:30:30.875000,1.3307,1.33057,1500000,1000000
2017-03-31 12:30:30.977000,1.33068,1.33058,1000000,1000000
2017-03-31 12:30:31.181000,1.33071,1.33058,1120000,1500000
2017-03-31 12:30:31.283000,1.33071,1.33058,1000000,1500000
2017-03-31 12:30:31.486000,1.33074,1.3306,2250000,1120000
2017-03-31 12:30:31.791000,1.33074,1.33066,1120000,1370000
2017-03-31 12:30:31.893000,1.33077,1.3307,1500000,1500000
2017-03-31 12:30:32.065000,1.33084,1.33076,1000000,1870000
2017-03-31 12:30:32.370000,1.33081,1.33077,1000000,1000000
2017-03-31 12:30:32.422000,1.33081,1.33073,1000000,2250000
2017-03-31 12:30:32.473000,1.33084,1.33073,1000000,1500000
2017-03-31 12:30:32.574000,1.33084,1.33078,1500000,1120000
2017-03-31 12:30:32.998000,1.33076,1.33068,1500000,1500000
2017-03-31 12:30:33.049000,1.33076,1.33071,1500000,1370000
2017-03-31 12:30:33.151000,1.33082,1.33078,1000000,1000000
2017-03-31 12:30:33.354000,1.3308,1.33076,1000000,1870000
2017-03-31 12:30:33.405000,1.33081,1.33074,1000000,1120000
2017-03-31 12:30:33.760000,1.3308,1.33073,3000000,1000000
2017-03-31 12:30:34.006000,1.33073,1.33069,1120000,3000000
2017-03-31 12:30:34.058000,1.33069,1.33064,1370000,3750000
2017-03-31 12:30:34.211000,1.33069,1.33062,1370000,1000000
2017-03-31 12:30:34.262000,1.33064,1.33057,1870000,1000000
2017-03-31 12:30:34.313000,1.3306,1.33054,1370000,1000000
2017-03-31 12:30:34.364000,1.33061,1.33054,2620000,1750000
2017-03-31 12:30:34.466000,1.33059,1.3305,1870000,1000000
2017-03-31 12:30:34.517000,1.33061,1.33048,1120000,1000000
2017-03-31 12:30:34.568000,1.33061,1.33054,1120000,1000000
2017-03-31 12:30:34.619000,1.33062,1.33056,2620000,1000000
2017-03-31 12:30:34.670000,1.33061,1.33056,2170000,1000000
2017-03-31 12:30:34.773000,1.33062,1.33057,1000000,1000000
2017-03-31 12:30:34.976000,1.33065,1.33057,1670000,1000000
2017-03-31 12:30:35.194000,1.33066,1.33052,1120000,1120000
2017-03-31 12:30:35.295000,1.33064,1.33049,1120000,1870000
2017-03-31 12:30:35.447000,1.33059,1.33051,1370000,1000000
2017-03-31 12:30:35.498000,1.3306,1.33047,3750000,1500000
2017-03-31 12:30:35.803000,1.33059,1.33046,1120000,1120000
2017-03-31 12:30:35.905000,1.33057,1.33046,2620000,1120000
2017-03-31 12:30:35.956000,1.33056,1.33044,1370000,1500000
2017-03-31 12:30:36.008000,1.33058,1.33043,1870000,3600000
2017-03-31 12:30:36.059000,1.33058,1.33045,1870000,2620000
2017-03-31 12:30:36.388000,1.33058,1.33047,1120000,1120000
2017-03-31 12:30:36.693000,1.33049,1.3304,2250000,1120000
2017-03-31 12:30:36.947000,1.33044,1.33031,3370000,2250000
2017-03-31 12:30:37.049000,1.33042,1.33031,1000000,2250000
2017-03-31 12:30:37.487000,1.33041,1.33029,2620000,2250000
2017-03-31 12:30:37.538000,1.3304,1.33026,1120000,1120000
2017-03-31 12:30:37.691000,1.33037,1.33025,3370000,1000000
2017-03-31 12:30:37.762000,1.33035,1.33025,1000000,1000000
2017-03-31 12:30:37.966000,1.33035,1.33022,1870000,1500000
2017-03-31 12:30:38.017000,1.33034,1.33022,1870000,1000000
2017-03-31 12:30:38.118000,1.33032,1.33022,1500000,1000000
2017-03-31 12:30:38.170000,1.33031,1.33018,1370000,1500000
2017-03-31 12:30:38.221000,1.33031,1.33018,1120000,1500000
2017-03-31 12:30:38.374000,1.3303,1.33015,1000000,2620000
2017-03-31 12:30:38.641000,1.33035,1.3302,1870000,1500000
2017-03-31 12:30:38.947000,1.3304,1.33036,1570000,1000000
2017-03-31 12:30:38.998000,1.33044,1.33037,1870000,1500000
2017-03-31 12:30:39.049000,1.33041,1.33037,1000000,1500000
2017-03-31 12:30:39.101000,1.33042,1.33033,1500000,1000000
2017-03-31 12:30:39.202000,1.33042,1.33027,1870000,4500000
2017-03-31 12:30:39.253000,1.33042,1.33031,1750000,3000000
2017-03-31 12:30:39.356000,1.33042,1.33031,1000000,1000000
2017-03-31 12:30:39.407000,1.33044,1.33034,1870000,1000000
2017-03-31 12:30:39.724000,1.33037,1.33026,2250000,4120000
2017-03-31 12:30:39.826000,1.33034,1.33022,1500000,1500000
2017-03-31 12:30:40.181000,1.33035,1.33023,1000000,1120000
2017-03-31 12:30:40.232000,1.33035,1.33024,1000000,2250000
2017-03-31 12:30:40.283000,1.33037,1.33023,1000000,3750000
2017-03-31 12:30:40.334000,1.33037,1.33027,1000000,1370000
2017-03-31 12:30:40.688000,1.3304,1.33035,1000000,1150000
2017-03-31 12:30:40.820000,1.33043,1.33034,1870000,2020000
2017-03-31 12:30:40.871000,1.33042,1.33035,1500000,1120000
2017-03-31 12:30:41.328000,1.33044,1.33035,1370000,1500000
2017-03-31 12:30:41.379000,1.33048,1.33037,1870000,1120000
2017-03-31 12:30:41.431000,1.33047,1.33034,1000000,3750000
2017-03-31 12:30:41.534000,1.33048,1.33033,2250000,1120000
2017-03-31 12:30:41.636000,1.33046,1.33035,1120000,1000000
2017-03-31 12:30:42.127000,1.33048,1.33038,3000000,1000000
2017-03-31 12:30:42.229000,1.3305,1.33038,1000000,1000000
2017-03-31 12:30:42.585000,1.33053,1.33042,1500000,1000000
2017-03-31 12:30:42.790000,1.33055,1.33043,1120000,1500000
2017-03-31 12:30:43.323000,1.33055,1.33042,1000000,1870000
2017-03-31 12:30:43.767000,1.33057,1.33042,1120000,1500000
2017-03-31 12:30:44.121000,1.33057,1.33044,1870000,3000000
2017-03-31 12:30:44.628000,1.33058,1.33044,1870000,1500000
2017-03-31 12:30:44.830000,1.33059,1.33045,1000000,1120000
2017-03-31 12:30:45.235000,1.3306,1.33048,1120000,5250000
2017-03-31 12:30:45.539000,1.3306,1.33053,2250000,1500000
2017-03-31 12:30:45.692000,1.33056,1.33051,1000000,1870000
2017-03-31 12:30:45.743000,1.33056,1.33051,1000000,1500000
2017-03-31 12:30:45.795000,1.33055,1.33048,1000000,1120000
2017-03-31 12:30:45.897000,1.33059,1.33046,2250000,1000000
2017-03-31 12:30:45.948000,1.33059,1.33046,1370000,1500000
2017-03-31 12:30:46.100000,1.3306,1.33048,1000000,1000000
2017-03-31 12:30:46.405000,1.33061,1.3305,1000000,1500000
2017-03-31 12:30:46.456000,1.33064,1.3305,1120000,1870000
2017-03-31 12:30:46.710000,1.33065,1.33052,1000000,1120000
2017-03-31 12:30:47.244000,1.33064,1.33051,1120000,1120000
2017-03-31 12:30:47.590000,1.33063,1.33053,1000000,1870000
2017-03-31 12:30:47.641000,1.33066,1.33054,1870000,1000000
2017-03-31 12:30:47.693000,1.33066,1.33056,1000000,1000000
2017-03-31 12:30:48.010000,1.33066,1.33058,1000000,1000000
2017-03-31 12:30:48.112000,1.3307,1.33058,2620000,1000000
2017-03-31 12:30:48.486000,1.33068,1.33057,1000000,1000000
2017-03-31 12:30:48.863000,1.33067,1.33063,1000000,1500000
2017-03-31 12:30:49.015000,1.3308,1.33069,1000000,2250000
2017-03-31 12:30:49.066000,1.33082,1.33077,4120000,1500000
2017-03-31 12:30:49.218000,1.33089,1.33082,1120000,1000000
2017-03-31 12:30:49.489000,1.33093,1.33089,1120000,1000000
2017-03-31 12:30:49.718000,1.33096,1.33091,1000000,1120000
2017-03-31 12:30:49.820000,1.33102,1.3309,1500000,1120000
2017-03-31 12:30:49.921000,1.33101,1.33092,1500000,1000000
2017-03-31 12:30:50.175000,1.33105,1.33092,3370000,1000000
2017-03-31 12:30:50.327000,1.33105,1.33094,1000000,1000000
2017-03-31 12:30:50.480000,1.33108,1.33094,3000000,1000000
2017-03-31 12:30:50.966000,1.33106,1.33095,1000000,1000000
2017-03-31 12:30:51.169000,1.33108,1.33095,1500000,1000000
2017-03-31 12:30:51.423000,1.33107,1.33095,1000000,1150000
2017-03-31 12:30:51.524000,1.33109,1.33099,1000000,1000000
2017-03-31 12:30:51.626000,1.33112,1.33101,1500000,1000000
2017-03-31 12:30:51.677000,1.33113,1.33101,1370000,1000000
2017-03-31 12:30:51.779000,1.33113,1.33106,1000000,3370000
2017-03-31 12:30:51.830000,1.33118,1.33107,3370000,3370000
2017-03-31 12:30:51.881000,1.33118,1.33112,1500000,3000000
2017-03-31 12:30:52.186000,1.33133,1.33129,1000000,1000000
2017-03-31 12:30:52.450000,1.33141,1.33134,2250000,1750000
2017-03-31 12:30:52.552000,1.33142,1.33136,1000000,1500000
2017-03-31 12:30:52.603000,1.33142,1.33136,1500000,1750000
2017-03-31 12:30:52.907000,1.33139,1.33135,1000000,1500000
2017-03-31 12:30:53.009000,1.33134,1.33129,1000000,1000000
2017-03-31 12:30:53.060000,1.33133,1.33127,1870000,1000000
2017-03-31 12:30:53.111000,1.3313,1.33123,1870000,2250000
2017-03-31 12:30:53.163000,1.33129,1.33119,3000000,1000000
2017-03-31 12:30:53.214000,1.33125,1.33119,1000000,1000000
2017-03-31 12:30:53.563000,1.33117,1.33113,1000000,1120000
2017-03-31 12:30:53.614000,1.33117,1.3311,1000000,1120000
2017-03-31 12:30:53.666000,1.3312,1.33108,1500000,1500000
2017-03-31 12:30:53.870000,1.33118,1.33107,1870000,1500000
2017-03-31 12:30:54.176000,1.33116,1.33103,1870000,1750000
2017-03-31 12:30:54.429000,1.33116,1.33103,1870000,1750000
2017-03-31 12:30:54.481000,1.33116,1.33103,1120000,1500000
2017-03-31 12:30:54.636000,1.33109,1.33103,5420000,1500000
2017-03-31 12:30:54.803000,1.33106,1.33097,1000000,1500000
2017-03-31 12:30:54.857000,1.33107,1.33092,1120000,1870000
2017-03-31 12:30:54.958000,1.33108,1.33095,1000000,1000000
2017-03-31 12:30:55.262000,1.33108,1.33098,1000000,1000000
2017-03-31 12:30:55.364000,1.33109,1.33096,1500000,1120000
2017-03-31 12:30:56.018000,1.33109,1.33095,1500000,2250000
2017-03-31 12:30:56.488000,1.3311,1.33104,1870000,1200000
2017-03-31 12:30:56.793000,1.33105,1.33101,2620000,1120000
2017-03-31 12:30:56.844000,1.33105,1.33093,2620000,1120000
2017-03-31 12:30:56.895000,1.33104,1.33091,1000000,1120000
2017-03-31 12:30:57.048000,1.33105,1.33095,1120000,1000000
2017-03-31 12:30:57.302000,1.33104,1.33093,1000000,1000000
2017-03-31 12:30:57.618000,1.33107,1.33094,1000000,1000000
2017-03-31 12:30:57.924000,1.33104,1.33095,1000000,1000000
2017-03-31 12:30:58.076000,1.33104,1.33091,3000000,1000000
2017-03-31 12:30:58.585000,1.33104,1.3309,4120000,1500000
2017-03-31 12:30:59.044000,1.33102,1.33087,1870000,3150000
2017-03-31 12:30:59.348000,1.33103,1.33098,2620000,1000000
2017-03-31 12:30:59.500000,1.33102,1.3309,1000000,1200000
2017-03-31 12:30:59.805000,1.33102,1.33097,1120000,2500000
2017-03-31 12:30:59.957000,1.33105,1.33096,3370000,1000000
2017-03-31 12:31:00.009000,1.33103,1.33091,1870000,1500000
2017-03-31 12:31:00.060000,1.33103,1.33093,1870000,1500000
2017-03-31 12:31:00.112000,1.33104,1.33089,2620000,2400000
2017-03-31 12:31:00.452000,1.33104,1.33091,1000000,2250000
2017-03-31 12:31:00.555000,1.33104,1.33092,1500000,1370000
2017-03-31 12:31:00.758000,1.33104,1.33091,1500000,2250000
2017-03-31 12:31:01.163000,1.33103,1.33089,1000000,1200000
2017-03-31 12:31:01.861000,1.33101,1.33088,1000000,2700000
2017-03-31 12:31:02.656000,1.33102,1.3309,1870000,1500000
2017-03-31 12:31:02.757000,1.33104,1.3309,1500000,1000000
2017-03-31 12:31:03.133000,1.33104,1.33092,1500000,1000000
2017-03-31 12:31:03.672000,1.33104,1.33093,1870000,1000000
2017-03-31 12:31:03.984000,1.33097,1.33092,2250000,1000000
2017-03-31 12:31:04.035000,1.33098,1.33087,1120000,2300000
2017-03-31 12:31:04.187000,1.33096,1.33087,1000000,1000000
2017-03-31 12:31:04.492000,1.33098,1.33087,1120000,1000000
2017-03-31 12:31:04.999000,1.33099,1.33086,1000000,1500000
2017-03-31 12:31:05.202000,1.33099,1.33088,1000000,1000000
2017-03-31 12:31:05.253000,1.33101,1.33088,2250000,1000000
2017-03-31 12:31:05.354000,1.331,1.33087,1500000,1500000
2017-03-31 12:31:05.456000,1.331,1.33088,1000000,1000000
2017-03-31 12:31:05.962000,1.33101,1.33088,1000000,1500000
2017-03-31 12:31:06.316000,1.33101,1.33089,1000000,1150000
2017-03-31 12:31:06.817000,1.33101,1.33089,2870000,1500000
2017-03-31 12:31:07.379000,1.33101,1.33089,2500000,1000000
2017-03-31 12:31:07.928000,1.33101,1.33089,2500000,1000000
2017-03-31 12:31:08.454000,1.33101,1.33088,4000000,3520000
2017-03-31 12:31:08.758000,1.33101,1.33092,1500000,2250000
2017-03-31 12:31:09.114000,1.33099,1.3309,3000000,3750000
2017-03-31 12:31:09.267000,1.3309,1.33086,1000000,1950000
2017-03-31 12:31:09.369000,1.3309,1.33084,2250000,1500000
2017-03-31 12:31:09.471000,1.33092,1.33082,5250000,1500000
2017-03-31 12:31:09.997000,1.33091,1.33082,1120000,2620000
2017-03-31 12:31:10.302000,1.33094,1.33083,1870000,2620000
2017-03-31 12:31:10.404000,1.33095,1.33085,1500000,1500000
2017-03-31 12:31:10.709000,1.33105,1.33099,1500000,1000000
2017-03-31 12:31:10.862000,1.33103,1.33095,1120000,3370000
2017-03-31 12:31:11.084000,1.33101,1.33092,1500000,3000000
2017-03-31 12:31:11.438000,1.33101,1.33093,1120000,1370000
2017-03-31 12:31:11.742000,1.33107,1.33098,1000000,2250000
2017-03-31 12:31:12.046000,1.33105,1.33098,1500000,2250000
2017-03-31 12:31:12.097000,1.33105,1.33095,2250000,2620000
2017-03-31 12:31:12.300000,1.33105,1.33095,3370000,1370000
2017-03-31 12:31:12.604000,1.33099,1.33094,1870000,1000000
2017-03-31 12:31:12.814000,1.33095,1.33086,1000000,1500000
2017-03-31 12:31:12.966000,1.33098,1.33087,4120000,4120000
2017-03-31 12:31:13.168000,1.33098,1.3309,1000000,1000000
2017-03-31 12:31:13.270000,1.33101,1.33092,1000000,1000000
2017-03-31 12:31:13.731000,1.33101,1.3309,3370000,1000000
2017-03-31 12:31:14.035000,1.33101,1.3309,2620000,1870000
2017-03-31 12:31:14.187000,1.33101,1.33092,1000000,1120000
2017-03-31 12:31:14.943000,1.33103,1.33092,3000000,1870000
2017-03-31 12:31:14.994000,1.33105,1.33092,5620000,3750000
2017-03-31 12:31:15.568000,1.33107,1.33094,6040000,3370000
2017-03-31 12:31:15.871000,1.33107,1.33096,3370000,4120000
2017-03-31 12:31:16.329000,1.33108,1.33098,1370000,3370000
2017-03-31 12:31:16.834000,1.33108,1.33097,3370000,4120000
2017-03-31 12:31:17.088000,1.33108,1.331,2250000,1000000
2017-03-31 12:31:17.139000,1.33108,1.33096,5250000,1000000
2017-03-31 12:31:17.190000,1.33106,1.33096,2620000,1370000
2017-03-31 12:31:17.293000,1.33107,1.33098,1000000,1000000
2017-03-31 12:31:17.727000,1.33106,1.33098,1870000,1000000
2017-03-31 12:31:17.936000,1.33106,1.33094,1500000,3370000
2017-03-31 12:31:18.445000,1.33106,1.33098,1000000,2620000
2017-03-31 12:31:18.597000,1.33106,1.33096,2620000,3820000
2017-03-31 12:31:18.800000,1.33105,1.33094,2620000,2620000
2017-03-31 12:31:19.307000,1.33106,1.33097,2620000,1000000
2017-03-31 12:31:21.217000,1.33106,1.33095,3370000,3370000
2017-03-31 12:31:21.318000,1.33106,1.33097,1500000,1000000
2017-03-31 12:31:22.320000,1.33106,1.33096,4870000,1370000
2017-03-31 12:31:24.688000,1.33106,1.33097,3370000,1870000
2017-03-31 12:31:24.840000,1.33106,1.33098,1120000,1370000
2017-03-31 12:31:25.222000,1.33106,1.33096,1870000,2620000
2017-03-31 12:31:25.759000,1.33106,1.33097,1870000,1370000
2017-03-31 12:31:26.075000,1.33095,1.33091,1000000,7500000
2017-03-31 12:31:26.128000,1.33094,1.33088,1870000,3000000
2017-03-31 12:31:26.231000,1.33092,1.33085,1370000,3370000
2017-03-31 12:31:26.282000,1.33092,1.33085,1120000,3000000
2017-03-31 12:31:26.334000,1.33092,1.33084,1500000,1870000
2017-03-31 12:31:26.636000,1.33092,1.33087,1500000,1000000
2017-03-31 12:31:26.687000,1.33092,1.33085,1500000,1000000
2017-03-31 12:31:27.193000,1.33092,1.33086,1000000,1000000
2017-03-31 12:31:27.446000,1.33094,1.33086,1370000,1120000
2017-03-31 12:31:27.548000,1.33096,1.33088,1000000,6000000
2017-03-31 12:31:27.706000,1.33098,1.33091,1120000,1120000
2017-03-31 12:31:27.813000,1.33097,1.3309,3370000,1000000
2017-03-31 12:31:27.914000,1.33097,1.3309,1500000,1500000
2017-03-31 12:31:28.430000,1.33097,1.33092,1000000,1120000
2017-03-31 12:31:28.684000,1.33097,1.3309,1000000,1000000
2017-03-31 12:31:28.937000,1.331,1.3309,1500000,1870000
2017-03-31 12:31:28.989000,1.33098,1.3309,1120000,2620000
2017-03-31 12:31:29.327000,1.33093,1.33089,1120000,1000000
2017-03-31 12:31:29.379000,1.33093,1.33087,1000000,2250000
2017-03-31 12:31:29.481000,1.33091,1.33087,1120000,1000000
2017-03-31 12:31:29.532000,1.33091,1.33083,1500000,1870000
2017-03-31 12:31:29.583000,1.33092,1.33085,3370000,1000000
2017-03-31 12:31:29.752000,1.33092,1.33085,1120000,1370000
2017-03-31 12:31:29.854000,1.33092,1.33085,3370000,1500000
2017-03-31 12:31:30.006000,1.33092,1.33084,1120000,1120000
2017-03-31 12:31:30.540000,1.33092,1.33085,1000000,4870000
2017-03-31 12:31:30.894000,1.33092,1.33084,1370000,1000000
2017-03-31 12:31:31.401000,1.33092,1.33083,1000000,1500000
2017-03-31 12:31:31.451000,1.33092,1.33083,3000000,1500000
2017-03-31 12:31:32.130000,1.33092,1.33083,2250000,2620000
2017-03-31 12:31:32.334000,1.33089,1.33081,1500000,3370000
2017-03-31 12:31:32.385000,1.33087,1.33081,1500000,3000000
2017-03-31 12:31:32.538000,1.33087,1.33077,1120000,3000000
2017-03-31 12:31:32.641000,1.33088,1.33079,1120000,2620000
2017-03-31 12:31:33.280000,1.33088,1.3308,1000000,2620000
2017-03-31 12:31:33.432000,1.33088,1.3308,1000000,1500000
2017-03-31 12:31:33.483000,1.33088,1.3308,1000000,3370000
2017-03-31 12:31:33.999000,1.33089,1.3308,1120000,3370000
2017-03-31 12:31:35.136000,1.3309,1.33081,1120000,4120000
2017-03-31 12:31:35.440000,1.33086,1.33076,2250000,3370000
2017-03-31 12:31:35.945000,1.33086,1.33078,1500000,2620000
2017-03-31 12:31:36.047000,1.33086,1.33077,2250000,1000000
2017-03-31 12:31:36.881000,1.33086,1.33077,1870000,4120000
2017-03-31 12:31:36.932000,1.33086,1.33081,1000000,1000000
2017-03-31 12:31:37.236000,1.33085,1.33079,1000000,1870000
2017-03-31 12:31:37.287000,1.33084,1.3308,1000000,1000000
2017-03-31 12:31:37.440000,1.33085,1.3308,1500000,1000000
2017-03-31 12:31:37.542000,1.33085,1.33078,1120000,2620000
2017-03-31 12:31:38.048000,1.33085,1.33077,1120000,4500000
2017-03-31 12:31:38.758000,1.33084,1.33077,1120000,4500000
2017-03-31 12:31:39.302000,1.33085,1.33076,1870000,1000000
2017-03-31 12:31:39.557000,1.3308,1.33074,1120000,1000000
2017-03-31 12:31:39.760000,1.33077,1.33068,1000000,1870000
2017-03-31 12:31:40.119000,1.33075,1.33068,1000000,1370000
2017-03-31 12:31:40.170000,1.33074,1.33067,1000000,1000000
2017-03-31 12:31:40.373000,1.33074,1.33068,1000000,2620000
2017-03-31 12:31:40.475000,1.33074,1.33067,1500000,1500000
2017-03-31 12:31:40.577000,1.33076,1.33067,1500000,2250000
2017-03-31 12:31:40.831000,1.33074,1.33067,1500000,1870000
2017-03-31 12:31:41.179000,1.33069,1.33061,1000000,1500000
2017-03-31 12:31:41.332000,1.33068,1.33059,2250000,1120000
2017-03-31 12:31:41.669000,1.33062,1.33058,1000000,1000000
2017-03-31 12:31:41.720000,1.33062,1.33057,1000000,1000000
2017-03-31 12:31:41.822000,1.33064,1.33056,1870000,1120000
2017-03-31 12:31:41.873000,1.33064,1.33056,4120000,2250000
2017-03-31 12:31:42.178000,1.33059,1.33054,1120000,1000000
2017-03-31 12:31:42.229000,1.33058,1.33052,1120000,1000000
2017-03-31 12:31:42.536000,1.33058,1.33051,4120000,1000000
2017-03-31 12:31:42.588000,1.33057,1.33049,1500000,1870000
2017-03-31 12:31:42.791000,1.33056,1.33047,3750000,1500000
2017-03-31 12:31:43.096000,1.33054,1.33045,4500000,1120000
2017-03-31 12:31:43.637000,1.33052,1.33044,4120000,1000000
2017-03-31 12:31:44.145000,1.33051,1.33043,2620000,1120000
2017-03-31 12:31:44.496000,1.33044,1.33036,1500000,1370000
2017-03-31 12:31:44.842000,1.3304,1.33032,1120000,3000000
2017-03-31 12:31:44.893000,1.33042,1.33032,2620000,3000000
2017-03-31 12:31:45.155000,1.3304,1.33032,1000000,1870000
2017-03-31 12:31:45.308000,1.33042,1.33033,1120000,1120000
2017-03-31 12:31:45.460000,1.33042,1.33032,3370000,2250000
2017-03-31 12:31:45.562000,1.33042,1.33033,1500000,1000000
2017-03-31 12:31:46.018000,1.33042,1.33033,1000000,2400000
2017-03-31 12:31:46.120000,1.33043,1.33035,1370000,1200000
2017-03-31 12:31:46.171000,1.33046,1.33035,3370000,4270000
2017-03-31 12:31:46.486000,1.33049,1.33041,3370000,1000000
2017-03-31 12:31:46.688000,1.33052,1.33044,1000000,1120000
2017-03-31 12:31:46.941000,1.33051,1.33044,1500000,1000000
2017-03-31 12:31:47.144000,1.33053,1.33044,1500000,2250000
2017-03-31 12:31:47.246000,1.33054,1.33045,1500000,1000000
2017-03-31 12:31:47.781000,1.33055,1.33044,3370000,1500000
2017-03-31 12:31:47.832000,1.33055,1.33044,3370000,3750000
2017-03-31 12:31:48.271000,1.33053,1.33047,1120000,2620000
2017-03-31 12:31:48.376000,1.33052,1.33043,3370000,2620000
2017-03-31 12:31:48.478000,1.33051,1.3304,1120000,3750000
2017-03-31 12:31:48.529000,1.33051,1.33042,1870000,2620000
2017-03-31 12:31:48.631000,1.33054,1.33044,1370000,1000000
2017-03-31 12:31:49.137000,1.33054,1.33044,1120000,1500000
2017-03-31 12:31:49.572000,1.33054,1.33046,2620000,1870000
2017-03-31 12:31:49.674000,1.33056,1.33046,2620000,3370000
2017-03-31 12:31:49.776000,1.33057,1.33048,1500000,1000000
2017-03-31 12:31:49.877000,1.33056,1.33046,1370000,2620000
2017-03-31 12:31:49.979000,1.33056,1.33045,2250000,2020000
2017-03-31 12:31:50.081000,1.33055,1.33046,3370000,1120000
2017-03-31 12:31:50.293000,1.33057,1.33049,1000000,1000000
2017-03-31 12:31:50.799000,1.33055,1.33046,1120000,2620000
2017-03-31 12:31:50.850000,1.33055,1.33046,1000000,1000000
2017-03-31 12:31:51.359000,1.33055,1.33047,1000000,1000000
2017-03-31 12:31:51.895000,1.33053,1.33045,2250000,3370000
2017-03-31 12:31:51.946000,1.3305,1.33043,1120000,1370000
2017-03-31 12:31:51.998000,1.33049,1.3304,1000000,2620000
2017-03-31 12:31:52.302000,1.33046,1.33039,1000000,2250000
2017-03-31 12:31:52.353000,1.33046,1.33038,1000000,1500000
2017-03-31 12:31:52.606000,1.33048,1.33038,1120000,1500000
2017-03-31 12:31:53.111000,1.33049,1.33039,1500000,1370000
2017-03-31 12:31:53.365000,1.3305,1.3304,1120000,1370000
2017-03-31 12:31:53.849000,1.33042,1.33038,1120000,6000000
2017-03-31 12:31:54.103000,1.33032,1.33026,3000000,3000000
2017-03-31 12:31:54.155000,1.3303,1.33024,1000000,1500000
2017-03-31 12:31:54.307000,1.33033,1.33027,2250000,1120000
2017-03-31 12:31:54.358000,1.33037,1.33027,1370000,4120000
2017-03-31 12:31:54.409000,1.33038,1.33029,6750000,1000000
2017-03-31 12:31:54.764000,1.33038,1.33028,2250000,1370000
2017-03-31 12:31:54.815000,1.33029,1.33025,1870000,4500000
2017-03-31 12:31:54.918000,1.33029,1.33024,2250000,4120000
2017-03-31 12:31:54.970000,1.3303,1.33024,2620000,2620000
2017-03-31 12:31:55.140000,1.3303,1.33024,1000000,2250000
2017-03-31 12:31:55.191000,1.33031,1.33022,2620000,2620000
2017-03-31 12:31:55.294000,1.33033,1.33023,2620000,1120000
2017-03-31 12:31:55.396000,1.33034,1.33023,3000000,3750000
2017-03-31 12:31:55.498000,1.33032,1.33023,1500000,1000000
2017-03-31 12:31:55.903000,1.33031,1.3302,2620000,2250000
2017-03-31 12:31:56.359000,1.3303,1.3302,2250000,3000000
2017-03-31 12:31:56.687000,1.33023,1.33017,1000000,2620000
2017-03-31 12:31:56.890000,1.33025,1.33018,1000000,3370000
2017-03-31 12:31:57.093000,1.33026,1.33016,4500000,1500000
2017-03-31 12:31:57.145000,1.33024,1.33016,2250000,1000000
2017-03-31 12:31:57.401000,1.33022,1.33012,1000000,1870000
2017-03-31 12:31:57.604000,1.3302,1.33012,1000000,1500000
2017-03-31 12:31:57.871000,1.3302,1.33011,1120000,1000000
2017-03-31 12:31:58.428000,1.3302,1.33012,1120000,1370000
2017-03-31 12:31:58.580000,1.33023,1.33014,1000000,1500000
2017-03-31 12:31:58.783000,1.33024,1.33016,1120000,1000000
2017-03-31 12:31:59.154000,1.33027,1.33016,3370000,3370000
2017-03-31 12:31:59.844000,1.33017,1.33012,1370000,10500000
2017-03-31 12:31:59.895000,1.33015,1.33011,1000000,6750000
2017-03-31 12:31:59.946000,1.33015,1.33011,1120000,1500000
2017-03-31 12:31:59.997000,1.33016,1.33011,6000000,1000000
2017-03-31 12:32:00.048000,1.33015,1.3301,2620000,1200000
2017-03-31 12:32:00.099000,1.33016,1.33009,2620000,2250000
2017-03-31 12:32:00.200000,1.33016,1.3301,2620000,1370000
2017-03-31 12:32:00.302000,1.33013,1.33006,1370000,1750000
2017-03-31 12:32:00.405000,1.33014,1.33007,1120000,1750000
2017-03-31 12:32:00.456000,1.33016,1.33006,2250000,1870000
2017-03-31 12:32:00.703000,1.33016,1.33008,1870000,1000000
2017-03-31 12:32:01.160000,1.33018,1.33009,3000000,1370000
2017-03-31 12:32:01.211000,1.33018,1.3301,1000000,1000000
2017-03-31 12:32:01.262000,1.3302,1.3301,1500000,1000000
2017-03-31 12:32:01.386000,1.3302,1.33008,3370000,3000000
2017-03-31 12:32:01.791000,1.3302,1.33008,1870000,3750000
2017-03-31 12:32:01.892000,1.3302,1.33008,4120000,3750000
2017-03-31 12:32:02.354000,1.33021,1.33012,2250000,1120000
2017-03-31 12:32:02.405000,1.33022,1.33012,1120000,1500000
2017-03-31 12:32:02.506000,1.33022,1.33013,1000000,1500000
2017-03-31 12:32:03.215000,1.33025,1.33014,1870000,3370000
2017-03-31 12:32:03.317000,1.33026,1.33015,1120000,3000000
2017-03-31 12:32:03.637000,1.33028,1.33017,1500000,2250000
2017-03-31 12:32:03.968000,1.33037,1.33033,14250000,1500000
2017-03-31 12:32:04.019000,1.33035,1.33031,1000000,3000000
2017-03-31 12:32:04.071000,1.33036,1.3303,1120000,1500000
2017-03-31 12:32:04.123000,1.33039,1.3303,1000000,1000000
2017-03-31 12:32:04.224000,1.3304,1.3303,1370000,3370000
2017-03-31 12:32:04.681000,1.33038,1.33031,2620000,1000000
2017-03-31 12:32:05.208000,1.33039,1.33032,1370000,1000000
2017-03-31 12:32:05.727000,1.33039,1.33031,1000000,2250000
2017-03-31 12:32:06.210000,1.33038,1.33031,1370000,1370000
2017-03-31 12:32:06.577000,1.33041,1.33036,1000000,1120000
2017-03-31 12:32:06.629000,1.33044,1.33036,1120000,1370000
2017-03-31 12:32:06.730000,1.33044,1.33037,1000000,1750000
2017-03-31 12:32:07.034000,1.33047,1.3304,1000000,2620000
2017-03-31 12:32:07.086000,1.33049,1.33039,1370000,2250000
2017-03-31 12:32:07.593000,1.33049,1.33039,2250000,1120000
2017-03-31 12:32:07.949000,1.33046,1.33038,1000000,2620000
2017-03-31 12:32:08.206000,1.33044,1.33035,1000000,1000000
2017-03-31 12:32:09.015000,1.33042,1.33035,1000000,1120000
2017-03-31 12:32:10.129000,1.33043,1.33035,1000000,1120000
2017-03-31 12:32:10.843000,1.33043,1.33036,1000000,2620000
2017-03-31 12:32:11.147000,1.33041,1.33037,1000000,1000000
2017-03-31 12:32:11.197000,1.33043,1.33035,1500000,3750000
2017-03-31 12:32:11.248000,1.33041,1.33035,1000000,3000000
2017-03-31 12:32:11.299000,1.33041,1.33036,1000000,1000000
2017-03-31 12:32:11.502000,1.33045,1.33038,4120000,2250000
2017-03-31 12:32:12.010000,1.33041,1.33037,1000000,4500000
2017-03-31 12:32:12.776000,1.33045,1.33038,2250000,2620000
2017-03-31 12:32:12.827000,1.33045,1.33039,2250000,1750000
2017-03-31 12:32:12.878000,1.33045,1.33038,1500000,6370000
2017-03-31 12:32:13.182000,1.33045,1.33041,1000000,1000000
2017-03-31 12:32:13.284000,1.33045,1.33038,1500000,3370000
2017-03-31 12:32:13.766000,1.33047,1.33041,1000000,1000000
2017-03-31 12:32:13.924000,1.33047,1.33041,1000000,1500000
2017-03-31 12:32:14.279000,1.33049,1.33041,1000000,2620000
2017-03-31 12:32:14.431000,1.33049,1.33043,1000000,3000000
2017-03-31 12:32:14.533000,1.33053,1.33046,1000000,1120000
2017-03-31 12:32:14.585000,1.33055,1.33046,1120000,1120000
2017-03-31 12:32:14.686000,1.33053,1.33047,1000000,1000000
2017-03-31 12:32:15.233000,1.33054,1.33046,1000000,1500000
2017-03-31 12:32:15.816000,1.33055,1.33047,1000000,1000000
2017-03-31 12:32:16.329000,1.33054,1.33047,1000000,1000000
2017-03-31 12:32:16.632000,1.33054,1.33047,1000000,3370000
2017-03-31 12:32:17.139000,1.33054,1.33048,1000000,1000000
2017-03-31 12:32:17.495000,1.33056,1.33047,1870000,1370000
2017-03-31 12:32:17.749000,1.33059,1.33049,1120000,2250000
2017-03-31 12:32:18.808000,1.33059,1.33055,1120000,1870000
2017-03-31 12:32:18.909000,1.33062,1.33053,3370000,8250000
2017-03-31 12:32:18.960000,1.33063,1.33057,2620000,1000000
2017-03-31 12:32:19.011000,1.33061,1.33055,1120000,1000000
2017-03-31 12:32:19.062000,1.33061,1.33057,1000000,1000000
2017-03-31 12:32:19.164000,1.33061,1.33051,1120000,1000000
2017-03-31 12:32:19.215000,1.3306,1.33052,1000000,1370000
2017-03-31 12:32:19.419000,1.33063,1.33053,3360000,1500000
2017-03-31 12:32:19.470000,1.33061,1.33053,1000000,1870000
2017-03-31 12:32:19.521000,1.33063,1.33053,2620000,1870000
2017-03-31 12:32:19.572000,1.3306,1.33053,1000000,1870000
2017-03-31 12:32:20.100000,1.33059,1.33052,1000000,1370000
2017-03-31 12:32:20.556000,1.33061,1.33053,1120000,1370000
2017-03-31 12:32:20.607000,1.33061,1.33054,1120000,1120000
2017-03-31 12:32:20.810000,1.33063,1.33054,1870000,1000000
2017-03-31 12:32:20.861000,1.3305,1.33046,1000000,17620001
2017-03-31 12:32:20.963000,1.33045,1.33041,1000000,1000000
2017-03-31 12:32:21.065000,1.33041,1.33037,1120000,1000000
2017-03-31 12:32:21.116000,1.33041,1.33037,2250000,1000000
2017-03-31 12:32:21.268000,1.33036,1.33032,1000000,1500000
2017-03-31 12:32:21.319000,1.33036,1.33032,1000000,1120000
2017-03-31 12:32:21.420000,1.33034,1.33028,1000000,2250000
2017-03-31 12:32:21.471000,1.33034,1.33026,1000000,1120000
2017-03-31 12:32:21.623000,1.33032,1.33025,1120000,1500000
2017-03-31 12:32:21.939000,1.3303,1.33025,1120000,1000000
2017-03-31 12:32:22.041000,1.3303,1.33022,1370000,1000000
2017-03-31 12:32:22.446000,1.3303,1.33022,1000000,1750000
2017-03-31 12:32:22.751000,1.33028,1.33021,1000000,3000000
2017-03-31 12:32:22.852000,1.33026,1.33021,1000000,2250000
2017-03-31 12:32:22.903000,1.33026,1.33018,1000000,3000000
2017-03-31 12:32:23.342000,1.33028,1.33022,2250000,1000000
2017-03-31 12:32:23.443000,1.33029,1.33022,1000000,1370000
2017-03-31 12:32:23.494000,1.33027,1.33021,1000000,2250000
2017-03-31 12:32:23.545000,1.33027,1.33019,1000000,3000000
2017-03-31 12:32:24.054000,1.33028,1.3302,1370000,1000000
2017-03-31 12:32:25.616000,1.33025,1.33018,1000000,3000000
2017-03-31 12:32:25.921000,1.33016,1.33012,1000000,1000000
2017-03-31 12:32:25.973000,1.33015,1.3301,1000000,1370000
2017-03-31 12:32:26.024000,1.33014,1.3301,2250000,1000000
2017-03-31 12:32:26.216000,1.33011,1.33006,1500000,1000000
2017-03-31 12:32:26.369000,1.33012,1.33007,2250000,1000000
2017-03-31 12:32:26.420000,1.33012,1.33002,1000000,3370000
2017-03-31 12:32:26.522000,1.33013,1.33003,1500000,1120000
2017-03-31 12:32:26.573000,1.33013,1.33003,1500000,1870000
2017-03-31 12:32:27.133000,1.33013,1.33004,1500000,1120000
2017-03-31 12:32:27.538000,1.33012,1.33001,3000000,1750000
2017-03-31 12:32:27.672000,1.33012,1.33002,1000000,1870000
2017-03-31 12:32:27.723000,1.33011,1.33001,1000000,1500000
2017-03-31 12:32:27.875000,1.3301,1.32999,1870000,1870000
2017-03-31 12:32:28.077000,1.33008,1.32999,1370000,1000000
2017-03-31 12:32:28.482000,1.33009,1.32999,1120000,1120000
2017-03-31 12:32:28.961000,1.33008,1.32999,1500000,1000000
2017-03-31 12:32:29.215000,1.33009,1.32997,2620000,2250000
2017-03-31 12:32:29.671000,1.33007,1.33001,1120000,1200000
2017-03-31 12:32:30.178000,1.33007,1.33001,1000000,2250000
2017-03-31 12:32:30.682000,1.33008,1.33001,1000000,1120000
2017-03-31 12:32:30.733000,1.33008,1.33,1000000,1500000
2017-03-31 12:32:30.936000,1.33008,1.33001,1000000,1120000
2017-03-31 12:32:30.987000,1.33011,1.33002,1120000,1750000
2017-03-31 12:32:31.090000,1.33011,1.33001,1000000,2250000
2017-03-31 12:32:31.394000,1.33012,1.33003,1000000,2620000
2017-03-31 12:32:31.445000,1.33014,1.33003,1000000,3000000
2017-03-31 12:32:31.878000,1.33006,1.33002,1000000,4120000
2017-03-31 12:32:32.030000,1.33004,1.33,1000000,1120000
2017-03-31 12:32:32.132000,1.33007,1.33001,1750000,1870000
2017-03-31 12:32:32.233000,1.3301,1.33003,1500000,1000000
2017-03-31 12:32:32.284000,1.33011,1.33003,2250000,1000000
2017-03-31 12:32:32.892000,1.33011,1.33001,1000000,1500000
2017-03-31 12:32:33.427000,1.3301,1.33001,1000000,1000000
2017-03-31 12:32:33.934000,1.3301,1.33002,1000000,1000000
2017-03-31 12:32:34.559000,1.3301,1.33001,1000000,1000000
2017-03-31 12:32:35.105000,1.3301,1.33002,1000000,1000000
2017-03-31 12:32:35.611000,1.33013,1.33003,2620000,1000000
2017-03-31 12:32:36.117000,1.33013,1.33002,1870000,1500000
2017-03-31 12:32:36.791000,1.33013,1.33002,1750000,3000000
2017-03-31 12:32:37.049000,1.33006,1.33002,1500000,1500000
2017-03-31 12:32:37.353000,1.32993,1.32989,1120000,2250000
2017-03-31 12:32:37.404000,1.32994,1.32987,6370000,2870000
2017-03-31 12:32:37.506000,1.3299,1.32979,1500000,2620000
2017-03-31 12:32:37.557000,1.3299,1.32982,1500000,1000000
2017-03-31 12:32:38.037000,1.32992,1.32982,2250000,1000000
2017-03-31 12:32:38.290000,1.32992,1.32982,1370000,4120000
2017-03-31 12:32:38.493000,1.3299,1.32981,1000000,1870000
2017-03-31 12:32:39.074000,1.32991,1.32981,3370000,1000000
2017-03-31 12:32:39.596000,1.3299,1.32979,1120000,4500000
2017-03-31 12:32:40.103000,1.32985,1.32979,2250000,4500000
2017-03-31 12:32:40.356000,1.32975,1.3297,1000000,2250000
2017-03-31 12:32:40.407000,1.32977,1.32969,1500000,1500000
2017-03-31 12:32:40.549000,1.32976,1.32969,1370000,1500000
2017-03-31 12:32:40.632000,1.32974,1.32967,1870000,1000000
2017-03-31 12:32:40.786000,1.32973,1.32969,1000000,1000000
2017-03-31 12:32:40.887000,1.32979,1.32969,3370000,1120000
2017-03-31 12:32:40.939000,1.32979,1.32968,1370000,1500000
2017-03-31 12:32:41.445000,1.3298,1.32968,3370000,1000000
2017-03-31 12:32:41.496000,1.32979,1.32968,1000000,1000000
2017-03-31 12:32:41.698000,1.32979,1.32968,1000000,1750000
2017-03-31 12:32:42.002000,1.32985,1.32973,3370000,1500000
2017-03-31 12:32:42.053000,1.32984,1.32973,1000000,2250000
2017-03-31 12:32:42.154000,1.32986,1.32976,1870000,1000000
2017-03-31 12:32:42.509000,1.32987,1.32978,1000000,1000000
2017-03-31 12:32:42.985000,1.32977,1.32973,3810000,4500000
2017-03-31 12:32:43.087000,1.32978,1.32974,1120000,4500000
2017-03-31 12:32:43.138000,1.32974,1.3297,1870000,3000000
2017-03-31 12:32:43.240000,1.32971,1.32967,1000000,1120000
2017-03-31 12:32:43.341000,1.32972,1.32967,1500000,3750000
2017-03-31 12:32:43.493000,1.32971,1.32964,1370000,1000000
2017-03-31 12:32:43.595000,1.32973,1.32963,1120000,1120000
2017-03-31 12:32:43.774000,1.32971,1.32963,1000000,1500000
2017-03-31 12:32:44.118000,1.32964,1.32956,1050000,1870000
2017-03-31 12:32:44.422000,1.32962,1.32955,1000000,1500000
2017-03-31 12:32:45.019000,1.32964,1.32955,3190000,1500000
2017-03-31 12:32:45.539000,1.32963,1.32957,1050000,1750000
2017-03-31 12:32:45.794000,1.32969,1.32961,1370000,2250000
2017-03-31 12:32:45.846000,1.3297,1.32963,1050000,1000000
2017-03-31 12:32:45.947000,1.32972,1.32966,3300000,1000000
2017-03-31 12:32:46.258000,1.32981,1.32971,1000000,3750000
2017-03-31 12:32:46.310000,1.3298,1.32971,1370000,3370000
2017-03-31 12:32:46.463000,1.32981,1.3297,1120000,6080000
2017-03-31 12:32:46.514000,1.32979,1.3297,1000000,3830000
2017-03-31 12:32:46.822000,1.32969,1.32964,2620000,1210000
2017-03-31 12:32:47.025000,1.32965,1.32959,1500000,1000000
2017-03-31 12:32:47.127000,1.32965,1.32958,4120000,1000000
2017-03-31 12:32:47.562000,1.32964,1.3296,1120000,1000000
2017-03-31 12:32:47.714000,1.32965,1.32957,1370000,2620000
2017-03-31 12:32:47.917000,1.32965,1.32956,1870000,2250000
2017-03-31 12:32:48.220000,1.32964,1.32956,1370000,4500000
2017-03-31 12:32:48.272000,1.32967,1.32956,4870000,4870000
2017-03-31 12:32:48.323000,1.32966,1.32956,1370000,2620000
2017-03-31 12:32:48.880000,1.32967,1.32957,4870000,1000000
2017-03-31 12:32:49.100000,1.32967,1.32958,1000000,1870000
2017-03-31 12:32:49.151000,1.32967,1.3296,1000000,1000000
2017-03-31 12:32:49.202000,1.32967,1.32958,1000000,1500000
2017-03-31 12:32:49.254000,1.32967,1.3296,1000000,2250000
2017-03-31 12:32:49.356000,1.32969,1.32961,1120000,2250000
2017-03-31 12:32:49.508000,1.32971,1.32962,1000000,3000000
2017-03-31 12:32:50.116000,1.32974,1.32965,2620000,2620000
2017-03-31 12:32:50.167000,1.32976,1.32965,5620000,2620000
2017-03-31 12:32:50.218000,1.32976,1.32967,3370000,1120000
2017-03-31 12:32:50.540000,1.32973,1.32966,2620000,1000000
2017-03-31 12:32:50.912000,1.32975,1.32968,3370000,1000000
2017-03-31 12:32:51.014000,1.32977,1.32968,3370000,1000000
2017-03-31 12:32:51.519000,1.32976,1.32968,1000000,1000000
2017-03-31 12:32:51.621000,1.32978,1.32972,3370000,1000000
2017-03-31 12:32:51.773000,1.3298,1.32974,2620000,1000000
2017-03-31 12:32:51.824000,1.32982,1.32974,3370000,1000000
2017-03-31 12:32:52.194000,1.32977,1.32972,1000000,1120000
2017-03-31 12:32:52.246000,1.32979,1.32972,1000000,1000000
2017-03-31 12:32:52.297000,1.32979,1.32972,1750000,1000000
2017-03-31 12:32:52.601000,1.32976,1.32969,1000000,1500000
2017-03-31 12:32:52.652000,1.32978,1.32969,1120000,1120000
2017-03-31 12:32:53.159000,1.32978,1.32969,1370000,1120000
2017-03-31 12:32:54.321000,1.32969,1.32965,5620000,1500000
2017-03-31 12:32:54.474000,1.32971,1.32965,1000000,2620000
2017-03-31 12:32:54.525000,1.32967,1.32962,2250000,4120000
2017-03-31 12:32:54.596000,1.32967,1.32963,4500000,3000000
2017-03-31 12:32:54.647000,1.32971,1.32966,1000000,1000000
2017-03-31 12:32:54.699000,1.32968,1.32964,1000000,1000000
2017-03-31 12:32:54.750000,1.32973,1.32965,1500000,1000000
2017-03-31 12:32:55.206000,1.32973,1.32967,2620000,1000000
2017-03-31 12:32:55.257000,1.32975,1.32967,3370000,1000000
2017-03-31 12:32:55.510000,1.32976,1.32968,1370000,1000000
2017-03-31 12:32:55.663000,1.32978,1.32968,1000000,2250000
2017-03-31 12:32:56.181000,1.32978,1.32968,1370000,2250000
2017-03-31 12:32:56.749000,1.32979,1.32969,2620000,1500000
2017-03-31 12:32:57.417000,1.32979,1.3297,1000000,2250000
2017-03-31 12:32:57.822000,1.32983,1.32974,3370000,1500000
2017-03-31 12:32:57.975000,1.32985,1.32976,1000000,2250000
2017-03-31 12:32:58.205000,1.32987,1.32978,2250000,1000000
2017-03-31 12:32:58.358000,1.32988,1.32981,1500000,1000000
2017-03-31 12:32:58.561000,1.32993,1.32985,2250000,1120000
2017-03-31 12:32:58.663000,1.3299,1.32985,1000000,1000000
2017-03-31 12:32:58.972000,1.32993,1.32985,1870000,1000000
2017-03-31 12:32:59.401000,1.32991,1.32984,1000000,1120000
2017-03-31 12:32:59.503000,1.32993,1.32984,2620000,1120000
2017-03-31 12:32:59.820000,1.32993,1.32982,3370000,1500000
2017-03-31 12:33:00.125000,1.32993,1.32984,1500000,1370000
2017-03-31 12:33:00.429000,1.32998,1.32989,1000000,1120000
2017-03-31 12:33:00.581000,1.32999,1.32989,2620000,4500000
2017-03-31 12:33:01.088000,1.32999,1.32991,1500000,1000000
2017-03-31 12:33:01.462000,1.32999,1.32995,1000000,2250000
2017-03-31 12:33:01.513000,1.33003,1.32995,2250000,4870000
2017-03-31 12:33:01.565000,1.33006,1.32996,1500000,2620000
2017-03-31 12:33:02.071000,1.33005,1.32997,1000000,2620000
2017-03-31 12:33:02.326000,1.33003,1.32998,1000000,1000000
2017-03-31 12:33:02.680000,1.33002,1.32994,1500000,2620000
2017-03-31 12:33:03.134000,1.33,1.32993,1000000,2620000
2017-03-31 12:33:03.337000,1.32997,1.32987,1500000,1120000
2017-03-31 12:33:03.692000,1.32995,1.32987,1370000,1120000
2017-03-31 12:33:04.161000,1.32994,1.32985,2620000,1120000
2017-03-31 12:33:05.472000,1.32994,1.32985,2620000,1870000
2017-03-31 12:33:07.250000,1.32996,1.32986,1500000,2250000
2017-03-31 12:33:07.922000,1.32996,1.32987,1500000,1000000
2017-03-31 12:33:08.483000,1.32997,1.32988,3370000,1000000
2017-03-31 12:33:09.421000,1.32997,1.32989,2620000,1000000
2017-03-31 12:33:09.573000,1.32999,1.32989,3370000,1500000
2017-03-31 12:33:10.253000,1.32999,1.3299,3000000,1500000
2017-03-31 12:33:10.305000,1.33001,1.32995,2250000,2250000
2017-03-31 12:33:10.507000,1.33008,1.32999,4120000,1000000
2017-03-31 12:33:10.963000,1.33009,1.33,1500000,1000000
2017-03-31 12:33:11.065000,1.33007,1.33002,2620000,1870000
2017-03-31 12:33:11.318000,1.33016,1.33009,3000000,1000000
2017-03-31 12:33:11.371000,1.33017,1.33009,2250000,1000000
2017-03-31 12:33:13.766000,1.33018,1.33009,1500000,1500000
2017-03-31 12:33:13.886000,1.33018,1.33014,1000000,1000000
2017-03-31 12:33:14.139000,1.33027,1.33016,4120000,2620000
2017-03-31 12:33:14.190000,1.33025,1.33017,2250000,1120000
2017-03-31 12:33:14.342000,1.33026,1.33017,1370000,1370000
2017-03-31 12:33:14.824000,1.33027,1.33019,2250000,1000000
2017-03-31 12:33:15.172000,1.33028,1.33021,1370000,1000000
2017-03-31 12:33:15.223000,1.3303,1.33021,3750000,1500000
2017-03-31 12:33:15.375000,1.33031,1.33023,3370000,1500000
2017-03-31 12:33:15.629000,1.33039,1.3303,3370000,1500000
2017-03-31 12:33:15.680000,1.3304,1.33032,2250000,1120000
2017-03-31 12:33:15.731000,1.33041,1.3303,2250000,2620000
2017-03-31 12:33:15.884000,1.3304,1.33029,1870000,3750000
2017-03-31 12:33:16.390000,1.3304,1.3303,1000000,3370000
2017-03-31 12:33:16.902000,1.3304,1.33031,1370000,1370000
2017-03-31 12:33:17.408000,1.3304,1.33031,1120000,3370000
2017-03-31 12:33:17.610000,1.3304,1.3303,1120000,1500000
2017-03-31 12:33:18.164000,1.33039,1.3303,1000000,1500000
2017-03-31 12:33:18.316000,1.33039,1.33031,1000000,2620000
2017-03-31 12:33:19.407000,1.33038,1.3303,1500000,2620000
2017-03-31 12:33:19.509000,1.33037,1.3303,1000000,1000000
2017-03-31 12:33:19.712000,1.33039,1.3303,1000000,1870000
2017-03-31 12:33:19.880000,1.33041,1.33031,1370000,2620000
2017-03-31 12:33:19.931000,1.33041,1.33031,1370000,1120000
2017-03-31 12:33:20.033000,1.33041,1.33031,1370000,3370000
2017-03-31 12:33:20.579000,1.33041,1.3303,3370000,4120000
2017-03-31 12:33:20.985000,1.33036,1.3303,3750000,3370000
2017-03-31 12:33:21.036000,1.33033,1.33029,1500000,5250000
2017-03-31 12:33:21.088000,1.3303,1.33026,1500000,16500000
2017-03-31 12:33:21.308000,1.33022,1.33018,1000000,8250000
2017-03-31 12:33:21.410000,1.33019,1.33013,1750000,12750000
2017-03-31 12:33:21.461000,1.3302,1.33015,2250000,3000000
2017-03-31 12:33:21.563000,1.33017,1.33011,1000000,1370000
2017-03-31 12:33:21.766000,1.33017,1.3301,1000000,1500000
2017-03-31 12:33:21.919000,1.33017,1.33012,1000000,1000000
2017-03-31 12:33:22.275000,1.33018,1.33014,1500000,1000000
2017-03-31 12:33:22.601000,1.33014,1.33006,2510000,1500000
2017-03-31 12:33:22.652000,1.33014,1.3301,1310000,1000000
2017-03-31 12:33:22.957000,1.33012,1.33008,1250000,1500000
2017-03-31 12:33:23.261000,1.33011,1.33006,1000000,1000000
2017-03-31 12:33:23.362000,1.33008,1.33004,1500000,1000000
2017-03-31 12:33:23.853000,1.33007,1.33,1000000,1000000
2017-03-31 12:33:24.376000,1.32994,1.3299,1000000,21000000
2017-03-31 12:33:24.630000,1.32981,1.32977,1120000,8250000
2017-03-31 12:33:24.680000,1.32977,1.32973,1000000,7500000
2017-03-31 12:33:24.732000,1.32977,1.32969,1750000,1370000
2017-03-31 12:33:24.834000,1.32976,1.32966,1120000,2620000
2017-03-31 12:33:24.938000,1.32976,1.32966,1750000,1000000
2017-03-31 12:33:25.229000,1.32977,1.32967,1690000,1370000
2017-03-31 12:33:25.533000,1.32988,1.3298,1000000,1750000
2017-03-31 12:33:25.584000,1.32988,1.32978,2250000,1000000
2017-03-31 12:33:25.635000,1.32986,1.32977,1120000,1120000
2017-03-31 12:33:25.939000,1.32986,1.32982,1500000,1000000
2017-03-31 12:33:26.090000,1.32985,1.3298,1000000,1000000
2017-03-31 12:33:26.192000,1.32986,1.32982,1000000,1000000
2017-03-31 12:33:26.718000,1.32987,1.3298,2620000,4120000
2017-03-31 12:33:26.769000,1.32989,1.32982,2620000,1000000
2017-03-31 12:33:26.871000,1.32989,1.32982,1500000,3000000
2017-03-31 12:33:27.125000,1.32982,1.32977,1500000,2250000
2017-03-31 12:33:27.430000,1.32971,1.32964,3000000,2620000
2017-03-31 12:33:27.584000,1.32963,1.32957,1000000,2620000
2017-03-31 12:33:27.635000,1.32965,1.3296,1310000,1370000
2017-03-31 12:33:27.686000,1.32966,1.32961,1050000,1120000
2017-03-31 12:33:27.776000,1.32966,1.32959,1000000,1000000
2017-03-31 12:33:28.046000,1.32968,1.32958,1500000,4500000
2017-03-31 12:33:28.097000,1.32968,1.32963,1000000,1000000
2017-03-31 12:33:28.148000,1.32969,1.32961,1120000,1000000
2017-03-31 12:33:28.401000,1.32971,1.32961,5810000,1000000
2017-03-31 12:33:28.755000,1.32969,1.32961,2400000,1000000
2017-03-31 12:33:29.261000,1.3297,1.32959,1690000,3000000
2017-03-31 12:33:29.599000,1.3297,1.32961,1500000,1500000
2017-03-31 12:33:30.106000,1.32973,1.32962,1370000,2620000
2017-03-31 12:33:30.259000,1.32974,1.32965,1370000,2620000
2017-03-31 12:33:30.563000,1.32975,1.32968,2250000,1000000
2017-03-31 12:33:30.614000,1.32974,1.32965,1000000,1500000
2017-03-31 12:33:31.142000,1.32975,1.32967,2620000,3750000
2017-03-31 12:33:31.446000,1.32981,1.32973,3370000,1000000
2017-03-31 12:33:31.968000,1.32983,1.32973,1500000,1120000
2017-03-31 12:33:32.019000,1.32983,1.32975,1500000,1000000
2017-03-31 12:33:32.424000,1.32983,1.32977,1000000,1000000
2017-03-31 12:33:32.956000,1.32983,1.32976,1000000,1000000
2017-03-31 12:33:33.260000,1.32987,1.32977,3000000,1370000
2017-03-31 12:33:33.766000,1.32984,1.32977,1000000,1000000
2017-03-31 12:33:34.643000,1.32985,1.32977,3370000,1000000
2017-03-31 12:33:34.896000,1.32984,1.32974,4690000,1370000
2017-03-31 12:33:35.048000,1.3298,1.32974,1000000,1000000
2017-03-31 12:33:35.627000,1.32981,1.32971,2620000,4500000
2017-03-31 12:33:36.135000,1.32982,1.32971,3560000,6370000
2017-03-31 12:33:36.389000,1.3298,1.32971,1000000,2620000
2017-03-31 12:33:36.897000,1.32981,1.32971,1500000,2620000
2017-03-31 12:33:37.930000,1.32982,1.32972,3370000,1500000
2017-03-31 12:33:39.398000,1.32982,1.32972,1500000,1370000
2017-03-31 12:33:39.917000,1.32982,1.32971,2620000,5250000
2017-03-31 12:33:39.968000,1.32982,1.32973,1000000,1000000
2017-03-31 12:33:40.120000,1.32982,1.32973,3000000,1000000
2017-03-31 12:33:40.272000,1.3298,1.3297,1000000,1500000
2017-03-31 12:33:40.374000,1.3298,1.32969,2620000,5530000
2017-03-31 12:33:40.476000,1.32981,1.32972,1120000,1000000
2017-03-31 12:33:40.577000,1.32981,1.3297,3000000,3370000
2017-03-31 12:33:41.099000,1.32982,1.32971,4500000,3370000
2017-03-31 12:33:41.403000,1.32982,1.3297,4500000,2250000
2017-03-31 12:33:42.044000,1.32982,1.32972,4500000,1000000
2017-03-31 12:33:42.573000,1.32982,1.32971,4120000,1120000
2017-03-31 12:33:42.960000,1.32972,1.32968,3000000,3000000
2017-03-31 12:33:43.164000,1.32963,1.32959,1000000,3000000
2017-03-31 12:33:43.367000,1.32962,1.32953,1000000,1500000
2017-03-31 12:33:43.571000,1.32963,1.32953,3750000,2620000
2017-03-31 12:33:44.145000,1.32961,1.32953,1000000,2620000
2017-03-31 12:33:44.298000,1.32964,1.32957,3370000,1000000
2017-03-31 12:33:44.501000,1.32964,1.32958,1500000,1750000
2017-03-31 12:33:44.552000,1.32968,1.32959,1120000,1500000
2017-03-31 12:33:44.704000,1.32969,1.3296,1870000,1370000
2017-03-31 12:33:45.007000,1.32971,1.32963,1870000,1500000
2017-03-31 12:33:45.210000,1.32974,1.32965,1000000,1000000
2017-03-31 12:33:45.747000,1.32974,1.32966,1000000,1000000
2017-03-31 12:33:46.101000,1.32976,1.32967,2250000,1000000
2017-03-31 12:33:46.669000,1.32976,1.32967,1000000,1370000
2017-03-31 12:33:46.720000,1.32977,1.3297,1590000,1000000
2017-03-31 12:33:46.822000,1.32981,1.32972,2620000,1000000
2017-03-31 12:33:46.873000,1.32982,1.32971,2250000,5250000
2017-03-31 12:33:47.186000,1.32985,1.32974,4120000,1870000
2017-03-31 12:33:47.490000,1.32985,1.32979,1000000,1370000
2017-03-31 12:33:47.743000,1.32989,1.3298,1000000,2620000
2017-03-31 12:33:47.795000,1.32986,1.3298,1000000,4500000
2017-03-31 12:33:47.896000,1.3299,1.32981,4120000,1500000
2017-03-31 12:33:48.099000,1.3299,1.32981,1120000,1870000
2017-03-31 12:33:48.456000,1.32985,1.32981,1000000,1870000
2017-03-31 12:33:49,1.32986,1.32981,1500000,2250000
2017-03-31 12:33:49.051000,1.32989,1.32981,1000000,2250000
2017-03-31 12:33:49.102000,1.32989,1.32982,1000000,2250000
2017-03-31 12:33:49.204000,1.32993,1.32984,1370000,1370000
2017-03-31 12:33:49.508000,1.32994,1.32985,1120000,1370000
2017-03-31 12:33:49.746000,1.32993,1.32985,2250000,1000000
2017-03-31 12:33:50.216000,1.32992,1.32983,1370000,1500000
2017-03-31 12:33:50.886000,1.32982,1.32978,6370000,16500000
2017-03-31 12:33:51.089000,1.32973,1.32965,2620000,3000000
2017-03-31 12:33:51.251000,1.32973,1.32964,3370000,1120000
2017-03-31 12:33:51.757000,1.32971,1.32965,1030000,1000000
2017-03-31 12:33:52.086000,1.32973,1.32967,2530000,1120000
2017-03-31 12:33:52.188000,1.32976,1.32968,1780000,1120000
2017-03-31 12:33:52.239000,1.32976,1.32971,1120000,1000000
2017-03-31 12:33:52.289000,1.32979,1.32972,2620000,1000000
2017-03-31 12:33:52.492000,1.32981,1.32972,1000000,1500000
2017-03-31 12:33:52.718000,1.32983,1.32974,1650000,1500000
2017-03-31 12:33:53.910000,1.32982,1.32972,1030000,3370000
2017-03-31 12:33:54.012000,1.32981,1.32972,1000000,1870000
2017-03-31 12:33:54.113000,1.32983,1.32975,3370000,1000000
2017-03-31 12:33:54.318000,1.32985,1.32977,1000000,1000000
2017-03-31 12:33:54.843000,1.32986,1.32977,1000000,1500000
2017-03-31 12:33:55.357000,1.32986,1.32978,1000000,1000000
2017-03-31 12:33:55.998000,1.32977,1.32972,3250000,17440001
2017-03-31 12:33:56.151000,1.32974,1.32967,1030000,1000000
2017-03-31 12:33:56.202000,1.32973,1.32963,1370000,3560000
2017-03-31 12:33:56.253000,1.32967,1.32963,1000000,2620000
2017-03-31 12:33:56.304000,1.32971,1.32964,1780000,2250000
2017-03-31 12:33:56.355000,1.32969,1.32965,1400000,1000000
2017-03-31 12:33:56.456000,1.32967,1.32962,2150000,7500000
2017-03-31 12:33:56.558000,1.32968,1.32963,1000000,1370000
2017-03-31 12:33:56.609000,1.32968,1.3296,1120000,1000000
2017-03-31 12:33:56.711000,1.32971,1.32962,3760000,1370000
2017-03-31 12:33:57.022000,1.32975,1.32966,7030000,2620000
2017-03-31 12:33:58.371000,1.32975,1.32967,2620000,1000000
2017-03-31 12:33:58.746000,1.32977,1.32966,2620000,5620000
2017-03-31 12:33:58.798000,1.32977,1.32968,1000000,1000000
2017-03-31 12:33:59.324000,1.32976,1.32967,1000000,1500000
2017-03-31 12:33:59.833000,1.32976,1.32968,1000000,1000000
2017-03-31 12:34:00.237000,1.32978,1.32969,1400000,1120000
2017-03-31 12:34:00.719000,1.32978,1.3297,1000000,1750000
2017-03-31 12:34:00.821000,1.32982,1.32973,4120000,1000000
2017-03-31 12:34:01.340000,1.32982,1.32973,2250000,1500000
2017-03-31 12:34:01.758000,1.32982,1.32975,1000000,1000000
2017-03-31 12:34:02.101000,1.32985,1.32977,2620000,2250000
2017-03-31 12:34:02.152000,1.32986,1.32977,1370000,2620000
2017-03-31 12:34:02.658000,1.32986,1.32977,1000000,1120000
2017-03-31 12:34:02.709000,1.32986,1.32977,1000000,3750000
2017-03-31 12:34:04.015000,1.32989,1.32978,4120000,5810000
2017-03-31 12:34:04.521000,1.32988,1.32978,1000000,2340000
2017-03-31 12:34:05.222000,1.3299,1.3298,3370000,1220000
2017-03-31 12:34:05.274000,1.32992,1.32984,1870000,1000000
2017-03-31 12:34:05.325000,1.32992,1.32984,1120000,4870000
2017-03-31 12:34:05.527000,1.32993,1.32984,1500000,3750000
2017-03-31 12:34:05.831000,1.32993,1.32985,1370000,1370000
2017-03-31 12:34:06.337000,1.32995,1.32986,4120000,1120000
2017-03-31 12:34:06.638000,1.32995,1.32986,1370000,3370000
2017-03-31 12:34:07.168000,1.32996,1.32987,1500000,1500000
2017-03-31 12:34:07.692000,1.32997,1.32987,1500000,1500000
2017-03-31 12:34:08.330000,1.32996,1.32987,1000000,1500000
2017-03-31 12:34:08.533000,1.32997,1.3299,1000000,1000000
2017-03-31 12:34:09.051000,1.32998,1.3299,1870000,1000000
2017-03-31 12:34:09.355000,1.32996,1.32988,1000000,1120000
2017-03-31 12:34:10.105000,1.32997,1.32988,1500000,1120000
2017-03-31 12:34:10.810000,1.32997,1.32989,1000000,1500000
2017-03-31 12:34:11.124000,1.32997,1.3299,1000000,2620000
2017-03-31 12:34:11.428000,1.32997,1.32988,1870000,3370000
2017-03-31 12:34:11.970000,1.32997,1.32987,1870000,4500000
2017-03-31 12:34:12.478000,1.32998,1.32989,1370000,2250000
2017-03-31 12:34:12.580000,1.32999,1.3299,1120000,1120000
2017-03-31 12:34:14.341000,1.33001,1.32996,1120000,1000000
2017-03-31 12:34:14.392000,1.33003,1.32995,3000000,1000000
2017-03-31 12:34:14.443000,1.33003,1.32996,1000000,1000000
2017-03-31 12:34:14.545000,1.33004,1.32998,1500000,2620000
2017-03-31 12:34:14.647000,1.33006,1.32998,1500000,1000000
2017-03-31 12:34:15.226000,1.33007,1.32998,1120000,1000000
2017-03-31 12:34:15.327000,1.33008,1.33,1120000,1500000
2017-03-31 12:34:15.631000,1.3301,1.33002,1000000,2620000
2017-03-31 12:34:15.935000,1.33016,1.33008,1000000,4500000
2017-03-31 12:34:16.239000,1.33017,1.3301,1120000,3000000
2017-03-31 12:34:16.877000,1.33017,1.33011,1000000,1000000
2017-03-31 12:34:17.029000,1.33019,1.33011,1000000,1370000
2017-03-31 12:34:17.383000,1.33018,1.3301,1000000,5620000
2017-03-31 12:34:17.931000,1.33018,1.33011,1120000,1500000
2017-03-31 12:34:18.864000,1.33018,1.3301,1500000,3000000
2017-03-31 12:34:19.653000,1.33019,1.33011,4500000,1500000
2017-03-31 12:34:20.201000,1.33019,1.3301,1500000,3000000
2017-03-31 12:34:21.132000,1.33019,1.33011,3000000,1500000
2017-03-31 12:34:21.284000,1.3302,1.33011,1500000,1750000
2017-03-31 12:34:21.420000,1.33022,1.33013,2620000,1870000
2017-03-31 12:34:21.471000,1.33022,1.33013,2250000,3750000
2017-03-31 12:34:21.977000,1.3302,1.33013,1000000,1870000
2017-03-31 12:34:23.945000,1.33021,1.33011,1870000,6370000
2017-03-31 12:34:24.198000,1.33021,1.33011,1120000,4870000
2017-03-31 12:34:24.249000,1.33022,1.33014,1500000,1000000
2017-03-31 12:34:24.452000,1.33025,1.33017,3370000,1500000
2017-03-31 12:34:24.554000,1.33026,1.33018,1870000,1500000
2017-03-31 12:34:24.807000,1.33026,1.33021,2250000,1000000
2017-03-31 12:34:25.266000,1.33024,1.3302,1500000,1500000
2017-03-31 12:34:25.368000,1.33022,1.33016,1500000,2250000
2017-03-31 12:34:25.469000,1.33021,1.33015,1000000,3370000
2017-03-31 12:34:25.572000,1.33024,1.33016,1120000,1000000
2017-03-31 12:34:25.673000,1.33024,1.33015,3750000,3750000
2017-03-31 12:34:26.642000,1.33022,1.33016,1870000,1500000
2017-03-31 12:34:27.148000,1.33024,1.33016,4500000,1000000
2017-03-31 12:34:27.725000,1.33022,1.33015,1370000,5250000
2017-03-31 12:34:28.267000,1.33023,1.33016,1370000,3000000
2017-03-31 12:34:29.214000,1.33025,1.33018,4120000,2250000
2017-03-31 12:34:29.265000,1.33025,1.33018,3750000,2250000
2017-03-31 12:34:29.619000,1.33026,1.3302,3750000,1000000
2017-03-31 12:34:29.771000,1.33027,1.3302,1500000,3000000
2017-03-31 12:34:30.311000,1.33027,1.33021,1000000,1000000
2017-03-31 12:34:31.058000,1.33027,1.33019,3000000,3000000
2017-03-31 12:34:31.109000,1.33024,1.33018,2900000,2250000
2017-03-31 12:34:31.312000,1.33024,1.33018,1500000,1000000
2017-03-31 12:34:31.363000,1.33024,1.3302,1120000,1000000
2017-03-31 12:34:31.515000,1.33026,1.3302,1000000,1000000
2017-03-31 12:34:31.870000,1.33028,1.3302,1870000,1000000
2017-03-31 12:34:32.343000,1.33025,1.33019,1000000,1870000
2017-03-31 12:34:32.647000,1.33024,1.33019,1500000,1500000
2017-03-31 12:34:32.799000,1.33023,1.33017,1000000,2250000
2017-03-31 12:34:32.952000,1.33021,1.33016,1000000,3370000
2017-03-31 12:34:33.490000,1.33021,1.33015,2620000,2250000
2017-03-31 12:34:34.083000,1.33021,1.33014,1120000,3750000
2017-03-31 12:34:34.493000,1.33022,1.33017,2250000,1000000
2017-03-31 12:34:34.924000,1.33022,1.33014,3520000,2250000
2017-03-31 12:34:35.128000,1.33022,1.33017,1870000,1000000
2017-03-31 12:34:35.281000,1.33023,1.33016,1500000,1120000
2017-03-31 12:34:35.788000,1.33022,1.33015,1150000,2620000
2017-03-31 12:34:35.840000,1.33023,1.33015,2620000,2620000
2017-03-31 12:34:35.891000,1.33022,1.33015,1500000,3750000
2017-03-31 12:34:36.414000,1.33022,1.33016,1570000,1000000
2017-03-31 12:34:36.757000,1.33025,1.33017,6750000,3750000
2017-03-31 12:34:37.060000,1.33021,1.33017,1000000,2250000
2017-03-31 12:34:37.212000,1.33023,1.33017,1000000,1500000
2017-03-31 12:34:37.314000,1.33021,1.33017,1500000,1000000
2017-03-31 12:34:37.415000,1.33021,1.33016,1000000,1120000
