time,ask,bid,ask_volume,bid_volume
2017-03-16 12:25:00.045000,1.33082,1.33074,1870000,1870000
2017-03-16 12:25:00.096000,1.33082,1.33076,1870000,1000000
2017-03-16 12:25:00.603000,1.33081,1.33075,1500000,1000000
2017-03-16 12:25:01.131000,1.33082,1.33076,2620000,1000000
2017-03-16 12:25:01.232000,1.33083,1.33077,1000000,1000000
2017-03-16 12:25:02.232000,1.33084,1.33077,1120000,1120000
2017-03-16 12:25:02.647000,1.33083,1.33074,1120000,4500000
2017-03-16 12:25:02.748000,1.33082,1.33074,1500000,4500000
2017-03-16 12:25:03.077000,1.33083,1.33076,3370000,1000000
2017-03-16 12:25:04.953000,1.33083,1.33076,1000000,1000000
2017-03-16 12:25:05.479000,1.33084,1.33076,1500000,1500000
2017-03-16 12:25:05.532000,1.33084,1.33076,3750000,1120000
2017-03-16 12:25:05.735000,1.33085,1.33077,1370000,1120000
2017-03-16 12:25:06.447000,1.33086,1.33077,3370000,1120000
2017-03-16 12:25:06.949000,1.33086,1.33078,2620000,1000000
2017-03-16 12:25:07.537000,1.33085,1.33078,1000000,1000000
2017-03-16 12:25:08.572000,1.33084,1.33078,1000000,1000000
2017-03-16 12:25:09.266000,1.33085,1.33078,1500000,1000000
2017-03-16 12:25:10.355000,1.33085,1.33079,1000000,1000000
2017-03-16 12:25:10.558000,1.33087,1.3308,1370000,2620000
2017-03-16 12:25:10.761000,1.3309,1.33084,2250000,1000000
2017-03-16 12:25:10.913000,1.3309,1.33086,1870000,2620000
2017-03-16 12:25:10.964000,1.33093,1.33086,4120000,2620000
2017-03-16 12:25:11.172000,1.33095,1.33089,2620000,1000000
2017-03-16 12:25:11.223000,1.33095,1.33089,3370000,1000000
2017-03-16 12:25:11.274000,1.33095,1.33091,1120000,1000000
2017-03-16 12:25:11.325000,1.33095,1.33089,1120000,1000000
2017-03-16 12:25:11.477000,1.33095,1.33087,1120000,1000000
2017-03-16 12:25:11.579000,1.33094,1.33087,1870000,1000000
2017-03-16 12:25:12.084000,1.33093,1.33086,3370000,1000000
2017-03-16 12:25:12.590000,1.33093,1.33085,3370000,1000000
2017-03-16 12:25:12.938000,1.33093,1.33087,1120000,1000000
2017-03-16 12:25:14.639000,1.33094,1.33089,5250000,1000000
2017-03-16 12:25:14.690000,1.33093,1.33088,3000000,1000000
2017-03-16 12:25:14.793000,1.33093,1.33086,1500000,1000000
2017-03-16 12:25:15.096000,1.33096,1.33091,10160000,1370000
2017-03-16 12:25:15.350000,1.33101,1.33095,1000000,3000000
2017-03-16 12:25:15.756000,1.33099,1.33095,1000000,2620000
2017-03-16 12:25:16.129000,1.33104,1.33095,1500000,2250000
2017-03-16 12:25:16.231000,1.331,1.33095,1000000,1500000
2017-03-16 12:25:17.020000,1.331,1.33094,1000000,1120000
2017-03-16 12:25:17.526000,1.33099,1.33094,1000000,1000000
2017-03-16 12:25:18.059000,1.33099,1.33095,1000000,2250000
2017-03-16 12:25:18.110000,1.33099,1.33095,1000000,1500000
2017-03-16 12:25:18.615000,1.331,1.33095,1000000,1000000
2017-03-16 12:25:18.717000,1.33097,1.33092,1000000,4120000
2017-03-16 12:25:18.768000,1.33099,1.3309,1500000,3370000
2017-03-16 12:25:18.819000,1.33095,1.33091,1000000,1000000
2017-03-16 12:25:18.870000,1.33095,1.33087,2620000,1500000
2017-03-16 12:25:18.921000,1.33091,1.33087,1000000,1500000
2017-03-16 12:25:19.022000,1.33091,1.33086,1000000,1120000
2017-03-16 12:25:19.579000,1.33091,1.33085,1000000,1500000
2017-03-16 12:25:20.326000,1.33092,1.33087,1000000,1000000
2017-03-16 12:25:20.479000,1.33094,1.33087,1000000,1000000
2017-03-16 12:25:21.047000,1.33094,1.33086,1500000,1000000
2017-03-16 12:25:21.150000,1.33093,1.33088,1000000,1000000
2017-03-16 12:25:21.202000,1.33093,1.33086,1000000,1120000
2017-03-16 12:25:21.708000,1.33091,1.33084,1000000,2250000
2017-03-16 12:25:22.113000,1.33091,1.33087,1000000,1000000
2017-03-16 12:25:22.539000,1.33091,1.33085,2250000,1000000
2017-03-16 12:25:23.044000,1.3309,1.33085,1000000,1000000
2017-03-16 12:25:24.614000,1.33091,1.33085,1870000,1000000
2017-03-16 12:25:25.367000,1.33091,1.33083,1870000,2250000
2017-03-16 12:25:25.907000,1.3309,1.33083,1000000,2250000
2017-03-16 12:25:26.703000,1.3309,1.33083,1000000,2250000
2017-03-16 12:25:26.805000,1.33088,1.33082,1500000,1120000
2017-03-16 12:25:26.907000,1.33087,1.3308,1000000,2620000
2017-03-16 12:25:27.009000,1.33087,1.3308,1000000,4120000
2017-03-16 12:25:27.312000,1.33084,1.3308,1000000,1870000
2017-03-16 12:25:27.515000,1.33084,1.33079,1000000,1000000
2017-03-16 12:25:27.733000,1.33077,1.33073,2620000,4500000
2017-03-16 12:25:27.936000,1.33073,1.33067,1000000,1120000
2017-03-16 12:25:28.088000,1.33074,1.3307,1120000,2250000
2017-03-16 12:25:28.139000,1.33075,1.3307,2250000,1000000
2017-03-16 12:25:28.594000,1.33074,1.33067,1120000,1500000
2017-03-16 12:25:30.082000,1.33075,1.33069,1500000,1000000
2017-03-16 12:25:31.201000,1.33075,1.3307,1000000,1000000
2017-03-16 12:25:31.252000,1.33077,1.3307,1500000,1000000
2017-03-16 12:25:31.989000,1.33076,1.3307,1000000,1000000
2017-03-16 12:25:32.040000,1.33076,1.33068,1500000,2250000
2017-03-16 12:25:32.197000,1.33077,1.33071,2620000,1000000
2017-03-16 12:25:32.501000,1.33076,1.33069,1000000,1500000
2017-03-16 12:25:33.318000,1.33075,1.33069,1000000,1000000
2017-03-16 12:25:34.964000,1.33071,1.33067,1500000,5250000
2017-03-16 12:25:35.148000,1.3307,1.33064,1000000,4500000
2017-03-16 12:25:35.252000,1.33068,1.33062,1000000,2100000
2017-03-16 12:25:37.497000,1.33071,1.33066,2620000,1370000
2017-03-16 12:25:37.548000,1.3307,1.33066,1000000,1120000
2017-03-16 12:25:37.751000,1.33073,1.33066,4120000,1370000
2017-03-16 12:25:37.953000,1.3307,1.33065,1000000,3370000
2017-03-16 12:25:38.055000,1.33068,1.33062,1500000,3750000
2017-03-16 12:25:38.106000,1.3307,1.33062,1500000,2620000
2017-03-16 12:25:38.634000,1.3307,1.33062,1870000,3220000
2017-03-16 12:25:39.141000,1.3307,1.33062,2250000,5620000
2017-03-16 12:25:39.667000,1.3307,1.33063,1000000,3370000
2017-03-16 12:25:39.718000,1.3307,1.33063,1120000,1120000
2017-03-16 12:25:41.112000,1.3307,1.33064,1120000,1000000
2017-03-16 12:25:41.164000,1.33072,1.33063,2620000,1870000
2017-03-16 12:25:41.265000,1.33071,1.33064,1000000,3000000
2017-03-16 12:25:41.798000,1.33071,1.33063,1500000,3370000
2017-03-16 12:25:42.613000,1.33072,1.33063,3370000,4120000
2017-03-16 12:25:45.542000,1.33073,1.33065,1000000,1870000
2017-03-16 12:25:46.166000,1.33073,1.33065,1120000,3600000
2017-03-16 12:25:47.361000,1.33075,1.33067,3370000,1000000
2017-03-16 12:25:47.463000,1.33076,1.33068,1500000,1120000
2017-03-16 12:25:48.067000,1.33075,1.33068,1120000,1120000
2017-03-16 12:25:48.472000,1.33077,1.33068,4120000,1500000
2017-03-16 12:25:49.029000,1.33076,1.33068,1500000,1500000
2017-03-16 12:25:49.621000,1.33076,1.33068,2250000,1120000
2017-03-16 12:25:50.185000,1.33076,1.33068,1500000,1500000
2017-03-16 12:25:50.700000,1.33077,1.33068,4870000,1500000
2017-03-16 12:25:51.232000,1.33076,1.33068,1000000,1500000
2017-03-16 12:25:51.841000,1.33076,1.33068,1000000,1500000
2017-03-16 12:25:52.591000,1.33077,1.33068,2620000,1500000
2017-03-16 12:25:52.894000,1.33077,1.3307,1000000,2470000
2017-03-16 12:25:52.996000,1.33079,1.33071,1870000,1350000
2017-03-16 12:25:53.098000,1.33079,1.33071,1000000,5850000
2017-03-16 12:25:53.402000,1.33082,1.33071,3000000,6000000
2017-03-16 12:25:53.588000,1.3308,1.33071,1000000,8100000
2017-03-16 12:25:53.639000,1.33082,1.33071,3000000,6600000
2017-03-16 12:25:53.893000,1.33081,1.33075,1000000,1000000
2017-03-16 12:25:54.401000,1.33082,1.33075,1000000,1500000
2017-03-16 12:25:56.526000,1.33081,1.33075,1000000,1500000
2017-03-16 12:25:56.894000,1.33082,1.33076,1000000,2620000
2017-03-16 12:25:57.551000,1.33083,1.33076,1120000,3370000
2017-03-16 12:25:58.098000,1.33082,1.33076,3000000,2620000
2017-03-16 12:25:58.199000,1.33082,1.33074,3000000,4500000
2017-03-16 12:25:58.705000,1.33082,1.33074,2620000,1870000
2017-03-16 12:25:58.948000,1.33077,1.33073,1000000,3370000
2017-03-16 12:25:59.173000,1.33077,1.33068,1120000,4120000
2017-03-16 12:25:59.376000,1.33077,1.33068,3370000,1870000
2017-03-16 12:25:59.882000,1.33076,1.33068,2250000,1120000
2017-03-16 12:26:00.415000,1.33076,1.33068,2620000,1120000
2017-03-16 12:26:01.333000,1.33076,1.33068,1000000,1120000
2017-03-16 12:26:02.746000,1.33073,1.33066,1000000,3970000
2017-03-16 12:26:03.252000,1.33074,1.33066,1120000,1370000
2017-03-16 12:26:03.708000,1.33077,1.33067,2620000,2250000
2017-03-16 12:26:04.217000,1.33077,1.33067,3370000,3000000
2017-03-16 12:26:04.781000,1.33077,1.33069,1120000,1000000
2017-03-16 12:26:05.135000,1.33078,1.33069,3370000,3370000
2017-03-16 12:26:05.439000,1.33074,1.33068,1000000,2620000
2017-03-16 12:26:05.582000,1.33075,1.33068,1120000,1000000
2017-03-16 12:26:05.838000,1.33077,1.33067,4120000,2620000
2017-03-16 12:26:06.366000,1.33077,1.33067,2250000,5470000
2017-03-16 12:26:06.881000,1.33077,1.3307,1500000,1500000
2017-03-16 12:26:07.141000,1.33079,1.33071,1500000,1000000
2017-03-16 12:26:07.344000,1.3308,1.33071,3000000,1500000
2017-03-16 12:26:07.892000,1.33081,1.33072,2250000,1000000
2017-03-16 12:26:08.398000,1.3308,1.33071,1120000,4120000
2017-03-16 12:26:08.901000,1.33079,1.33071,1000000,4720000
2017-03-16 12:26:09.450000,1.3308,1.33071,1870000,4120000
2017-03-16 12:26:09.965000,1.33081,1.33073,1500000,1300000
2017-03-16 12:26:10.495000,1.33081,1.33072,2250000,3000000
2017-03-16 12:26:12.462000,1.33081,1.33071,5620000,4500000
2017-03-16 12:26:12.512000,1.33079,1.33071,1000000,3750000
2017-03-16 12:26:12.816000,1.33079,1.33069,7120000,1500000
2017-03-16 12:26:12.968000,1.33079,1.33068,7120000,2250000
2017-03-16 12:26:13.216000,1.33077,1.3307,1120000,1500000
2017-03-16 12:26:13.522000,1.33079,1.33072,1000000,1500000
2017-03-16 12:26:13.753000,1.3308,1.33071,1870000,1870000
2017-03-16 12:26:14.270000,1.33081,1.33072,1500000,1350000
2017-03-16 12:26:14.776000,1.3308,1.33073,1000000,1000000
2017-03-16 12:26:16.321000,1.33079,1.33073,1000000,1120000
2017-03-16 12:26:16.575000,1.33078,1.33071,1000000,1120000
2017-03-16 12:26:18.630000,1.33079,1.3307,1000000,4500000
2017-03-16 12:26:18.782000,1.33079,1.33072,1000000,2250000
2017-03-16 12:26:19.288000,1.33079,1.33072,1120000,1120000
2017-03-16 12:26:19.916000,1.33081,1.33072,4120000,1870000
2017-03-16 12:26:20.018000,1.33081,1.33074,1500000,1000000
2017-03-16 12:26:20.069000,1.33081,1.33072,1500000,2470000
2017-03-16 12:26:22.488000,1.33081,1.33073,1500000,2250000
2017-03-16 12:26:22.539000,1.33081,1.33077,1500000,1500000
2017-03-16 12:26:22.741000,1.33085,1.33077,3750000,2250000
2017-03-16 12:26:23.272000,1.33085,1.33077,1500000,2250000
2017-03-16 12:26:23.798000,1.33085,1.33078,1500000,1000000
2017-03-16 12:26:24.163000,1.33083,1.33076,1000000,1500000
2017-03-16 12:26:24.744000,1.33083,1.33076,1870000,1120000
2017-03-16 12:26:25.862000,1.33083,1.33076,1000000,1000000
2017-03-16 12:26:26.379000,1.33083,1.33075,1000000,4500000
2017-03-16 12:26:27.664000,1.33081,1.33075,1000000,1120000
2017-03-16 12:26:28.886000,1.33083,1.33075,1870000,1300000
2017-03-16 12:26:31.150000,1.33083,1.33075,1870000,5470000
2017-03-16 12:26:31.455000,1.33083,1.33075,1370000,2620000
2017-03-16 12:26:32.079000,1.33083,1.33076,1000000,1000000
2017-03-16 12:26:34.075000,1.33083,1.33075,1000000,1870000
2017-03-16 12:26:35.646000,1.33084,1.33076,2620000,1500000
2017-03-16 12:26:36.248000,1.33084,1.33075,2620000,5250000
2017-03-16 12:26:36.760000,1.33084,1.33076,1870000,1000000
2017-03-16 12:26:37.279000,1.33084,1.33075,2620000,4500000
2017-03-16 12:26:37.489000,1.33082,1.33075,1000000,4500000
2017-03-16 12:26:38.014000,1.33082,1.33076,1000000,1000000
2017-03-16 12:26:38.399000,1.33082,1.33078,1000000,1000000
2017-03-16 12:26:38.805000,1.3308,1.33076,1000000,1000000
2017-03-16 12:26:39.008000,1.33078,1.33073,1500000,1000000
2017-03-16 12:26:39.109000,1.33078,1.33071,4120000,1000000
2017-03-16 12:26:39.617000,1.33078,1.3307,4120000,1000000
2017-03-16 12:26:39.719000,1.33079,1.33072,1870000,1000000
2017-03-16 12:26:42.466000,1.3308,1.33076,1870000,1000000
2017-03-16 12:26:42.729000,1.33083,1.33076,1000000,1500000
2017-03-16 12:26:43.612000,1.33083,1.33079,1000000,1000000
2017-03-16 12:26:44.117000,1.33083,1.33078,1000000,1000000
2017-03-16 12:26:47.831000,1.33083,1.33079,1000000,1000000
2017-03-16 12:26:48.329000,1.33083,1.33077,1000000,1000000
2017-03-16 12:26:51.065000,1.33084,1.33077,1500000,1000000
2017-03-16 12:26:51.928000,1.33084,1.33078,1500000,1000000
2017-03-16 12:26:52.030000,1.33084,1.33076,1500000,1500000
2017-03-16 12:27:01.172000,1.3308,1.33074,1000000,2250000
2017-03-16 12:27:01.526000,1.3308,1.33072,2250000,1500000
2017-03-16 12:27:01.729000,1.33078,1.33071,1000000,1000000
2017-03-16 12:27:02.315000,1.33077,1.33071,1000000,1000000
2017-03-16 12:27:03.091000,1.33079,1.33071,3370000,1000000
2017-03-16 12:27:04.046000,1.33077,1.33071,1000000,1000000
2017-03-16 12:27:07.550000,1.33079,1.33071,4870000,1000000
2017-03-16 12:27:08.211000,1.33079,1.33071,4500000,1000000
2017-03-16 12:27:09.729000,1.3308,1.33076,1500000,1000000
2017-03-16 12:27:09.882000,1.33082,1.33076,1500000,1500000
2017-03-16 12:27:10.386000,1.33082,1.33076,4120000,1000000
2017-03-16 12:27:11.979000,1.33081,1.33077,1000000,1000000
2017-03-16 12:27:12.553000,1.33082,1.33076,3370000,1500000
2017-03-16 12:27:13.097000,1.33083,1.33076,1500000,2250000
2017-03-16 12:27:13.148000,1.33083,1.33078,1000000,1000000
2017-03-16 12:27:14.566000,1.33085,1.33077,5250000,1500000
2017-03-16 12:27:14.806000,1.33085,1.33078,3750000,1120000
2017-03-16 12:27:15.324000,1.33084,1.33077,1120000,1000000
2017-03-16 12:27:16.237000,1.33084,1.33078,1120000,1000000
2017-03-16 12:27:18.699000,1.33085,1.33079,1870000,1000000
2017-03-16 12:27:19.335000,1.33085,1.33079,4500000,1000000
2017-03-16 12:27:19.879000,1.33084,1.33079,1000000,1000000
2017-03-16 12:27:20.423000,1.33085,1.33079,2250000,1000000
2017-03-16 12:27:31.463000,1.33085,1.33078,1000000,1000000
2017-03-16 12:27:35.223000,1.33085,1.33077,1500000,2250000
2017-03-16 12:27:36.291000,1.33085,1.33078,2250000,1500000
2017-03-16 12:27:37.658000,1.33084,1.33078,1000000,1000000
2017-03-16 12:27:38.760000,1.33085,1.33078,2250000,1000000
2017-03-16 12:27:39.215000,1.33085,1.3308,1500000,1000000
2017-03-16 12:27:39.760000,1.33086,1.33079,2250000,1000000
2017-03-16 12:27:40.738000,1.33092,1.33087,31490000,2850000
2017-03-16 12:27:40.941000,1.33102,1.33098,10870000,1000000
2017-03-16 12:27:40.992000,1.33104,1.33099,6000000,1870000
2017-03-16 12:27:41.093000,1.33106,1.331,1500000,1120000
2017-03-16 12:27:41.436000,1.33108,1.331,2250000,1120000
2017-03-16 12:27:41.639000,1.33106,1.33101,1000000,1500000
2017-03-16 12:27:41.690000,1.33108,1.33101,2250000,1500000
2017-03-16 12:27:42.167000,1.33105,1.33101,1000000,1500000
2017-03-16 12:27:42.628000,1.33108,1.33102,1000000,1000000
2017-03-16 12:27:47.874000,1.33108,1.33102,1370000,1000000
2017-03-16 12:27:48.178000,1.33109,1.33102,2620000,1000000
2017-03-16 12:27:48.498000,1.33109,1.33102,4870000,1000000
2017-03-16 12:27:49.983000,1.33106,1.33102,3370000,1000000
2017-03-16 12:27:50.034000,1.33106,1.33101,1000000,1000000
2017-03-16 12:27:50.085000,1.33106,1.33099,1120000,1120000
2017-03-16 12:27:50.604000,1.33107,1.33099,1000000,1500000
2017-03-16 12:27:51.109000,1.33108,1.331,1000000,1000000
2017-03-16 12:27:52.281000,1.33108,1.33103,1000000,1000000
2017-03-16 12:27:52.585000,1.33113,1.33108,1000000,1000000
2017-03-16 12:27:52.737000,1.33116,1.33109,1120000,1000000
2017-03-16 12:27:53.283000,1.33116,1.33109,1000000,1500000
2017-03-16 12:27:56.010000,1.33116,1.33109,1000000,1000000
2017-03-16 12:27:56.557000,1.33116,1.33109,1500000,1370000
2017-03-16 12:27:58.061000,1.33112,1.33106,1000000,12970000
2017-03-16 12:27:58.115000,1.33109,1.33105,1500000,1000000
2017-03-16 12:27:58.166000,1.33107,1.33103,1000000,1000000
2017-03-16 12:27:58.217000,1.33108,1.33103,1000000,1000000
2017-03-16 12:27:58.268000,1.3311,1.33103,1500000,1000000
2017-03-16 12:27:58.420000,1.33112,1.33106,1000000,1120000
2017-03-16 12:27:58.724000,1.33114,1.33105,2250000,1500000
2017-03-16 12:27:58.825000,1.33114,1.33106,1500000,2620000
2017-03-16 12:27:59.334000,1.33113,1.33106,1000000,2620000
2017-03-16 12:28:00.395000,1.33112,1.33106,1000000,2620000
2017-03-16 12:28:01.037000,1.33112,1.33105,1000000,4500000
2017-03-16 12:28:01.089000,1.33114,1.33106,2620000,1500000
2017-03-16 12:28:01.600000,1.33114,1.33106,1000000,4870000
2017-03-16 12:28:02.550000,1.33116,1.33107,3750000,1500000
2017-03-16 12:28:02.753000,1.33118,1.33114,8620000,1500000
2017-03-16 12:28:03.059000,1.33104,1.33099,2250000,2620000
2017-03-16 12:28:03.110000,1.33114,1.3311,1000000,7350000
2017-03-16 12:28:03.263000,1.3311,1.33104,3750000,2100000
2017-03-16 12:28:03.415000,1.3311,1.33102,3000000,3370000
2017-03-16 12:28:03.921000,1.3311,1.33102,1370000,1870000
2017-03-16 12:28:04.225000,1.33111,1.33102,1000000,5620000
2017-03-16 12:28:06.622000,1.33112,1.33104,3370000,1120000
2017-03-16 12:28:07.135000,1.33111,1.33102,1500000,4870000
2017-03-16 12:28:07.440000,1.33099,1.33095,1000000,3750000
2017-03-16 12:28:07.542000,1.33097,1.33093,1000000,6070000
2017-03-16 12:28:07.745000,1.33097,1.33091,8250000,1000000
2017-03-16 12:28:07.847000,1.331,1.33091,11250000,1500000
2017-03-16 12:28:08.049000,1.33099,1.33091,3370000,1500000
2017-03-16 12:28:08.447000,1.33099,1.33092,1000000,1000000
2017-03-16 12:28:08.549000,1.33099,1.33092,4120000,1000000
2017-03-16 12:28:09.065000,1.33099,1.33091,2620000,2250000
2017-03-16 12:28:09.166000,1.33101,1.33092,4870000,1000000
2017-03-16 12:28:09.687000,1.33101,1.33093,2250000,1120000
2017-03-16 12:28:11.041000,1.33102,1.33093,1310000,1500000
2017-03-16 12:28:11.585000,1.33103,1.33094,2060000,1120000
2017-03-16 12:28:12.654000,1.33102,1.33094,1250000,1500000
2017-03-16 12:28:13.163000,1.33103,1.33095,4310000,1000000
2017-03-16 12:28:13.784000,1.33103,1.33095,1690000,1500000
2017-03-16 12:28:14.300000,1.33103,1.33095,1310000,2250000
2017-03-16 12:28:15.366000,1.33103,1.33095,2060000,1500000
2017-03-16 12:28:16.559000,1.33097,1.33093,1000000,5250000
2017-03-16 12:28:16.660000,1.33096,1.33092,1000000,1000000
2017-03-16 12:28:16.711000,1.331,1.33092,3190000,1000000
2017-03-16 12:28:16.914000,1.331,1.33094,2250000,1000000
2017-03-16 12:28:17.107000,1.33101,1.33093,1000000,1500000
2017-03-16 12:28:17.628000,1.33102,1.33093,2440000,2250000
2017-03-16 12:28:18.132000,1.33102,1.33093,3940000,2250000
2017-03-16 12:28:19.018000,1.33099,1.33093,2100000,1870000
2017-03-16 12:28:19.322000,1.33094,1.33088,3940000,2620000
2017-03-16 12:28:19.373000,1.33093,1.33088,1000000,1000000
2017-03-16 12:28:20.655000,1.33091,1.33087,1000000,1000000
2017-03-16 12:28:21.568000,1.33093,1.33088,1000000,1000000
2017-03-16 12:28:22.109000,1.33095,1.33088,1690000,1000000
2017-03-16 12:28:22.777000,1.33095,1.33087,2440000,1870000
2017-03-16 12:28:23.287000,1.33095,1.33085,5290000,1870000
2017-03-16 12:28:23.691000,1.33093,1.33085,5060000,1000000
2017-03-16 12:28:24.197000,1.33093,1.33084,2060000,3370000
2017-03-16 12:28:26.490000,1.33093,1.33085,1120000,1870000
2017-03-16 12:28:26.794000,1.3309,1.33085,1000000,1000000
2017-03-16 12:28:27.321000,1.3309,1.33084,1000000,1120000
2017-03-16 12:28:29.062000,1.3309,1.33085,1000000,1000000
2017-03-16 12:28:29.593000,1.3309,1.33084,1000000,1120000
2017-03-16 12:28:30.140000,1.3309,1.33083,1500000,1500000
2017-03-16 12:28:32.117000,1.33088,1.33081,1000000,1500000
2017-03-16 12:28:32.675000,1.3309,1.33083,4500000,1000000
2017-03-16 12:28:32.777000,1.3309,1.33084,1120000,1000000
2017-03-16 12:28:35.176000,1.3309,1.33085,1000000,1000000
2017-03-16 12:28:35.696000,1.3309,1.33085,1370000,1000000
2017-03-16 12:28:36.201000,1.3309,1.33084,1000000,1120000
2017-03-16 12:28:41.947000,1.33092,1.33084,2250000,1120000
2017-03-16 12:28:42.048000,1.33092,1.33086,3000000,1000000
2017-03-16 12:28:42.585000,1.3309,1.33086,1000000,1000000
2017-03-16 12:28:46.602000,1.3309,1.33085,1000000,1000000
2017-03-16 12:28:47.709000,1.3309,1.33083,1000000,1500000
2017-03-16 12:28:49.497000,1.3309,1.33085,1000000,1000000
2017-03-16 12:28:50.025000,1.3309,1.33083,1000000,1500000
2017-03-16 12:28:59.040000,1.33092,1.33084,2720000,1500000
2017-03-16 12:29:00.235000,1.3309,1.33084,1000000,1120000
2017-03-16 12:29:03.247000,1.3309,1.33085,1000000,1000000
2017-03-16 12:29:03.753000,1.3309,1.33086,1000000,1000000
2017-03-16 12:29:04.849000,1.3309,1.33085,1000000,1000000
2017-03-16 12:29:07.450000,1.3309,1.33085,1120000,1370000
2017-03-16 12:29:08.519000,1.3309,1.33085,1000000,1000000
2017-03-16 12:29:13.741000,1.33087,1.33083,1000000,3450000
2017-03-16 12:29:13.843000,1.33086,1.33082,1250000,1000000
2017-03-16 12:29:13.944000,1.33086,1.33079,1310000,2250000
2017-03-16 12:29:13.995000,1.33086,1.33078,1310000,1000000
2017-03-16 12:29:14.504000,1.33086,1.33079,1310000,1000000
2017-03-16 12:29:16.239000,1.33086,1.33079,1620000,1000000
2017-03-16 12:29:16.984000,1.33086,1.33078,1560000,1000000
2017-03-16 12:29:20.060000,1.33085,1.33077,1120000,1000000
2017-03-16 12:29:20.602000,1.33085,1.33076,1120000,1120000
2017-03-16 12:29:20.885000,1.33085,1.33076,3370000,1870000
2017-03-16 12:29:24.770000,1.33083,1.33076,1000000,2250000
2017-03-16 12:29:24.923000,1.33083,1.33076,1500000,1000000
2017-03-16 12:29:30.080000,1.33083,1.33077,1500000,3000000
2017-03-16 12:29:30.385000,1.33085,1.33078,1000000,1370000
2017-03-16 12:29:30.891000,1.33087,1.33079,1870000,1000000
2017-03-16 12:29:31.442000,1.33084,1.33079,1000000,1000000
2017-03-16 12:29:32.802000,1.33084,1.33078,2250000,2620000
2017-03-16 12:29:32.853000,1.33087,1.33078,1000000,4120000
2017-03-16 12:29:32.955000,1.33089,1.3308,1500000,1500000
2017-03-16 12:29:33.006000,1.33089,1.33083,1000000,1000000
2017-03-16 12:29:33.310000,1.33089,1.33079,1000000,2620000
2017-03-16 12:29:34.470000,1.33088,1.3308,1000000,1500000
2017-03-16 12:29:35.434000,1.33088,1.33081,1120000,2620000
2017-03-16 12:29:35.535000,1.33088,1.3308,1120000,1500000
2017-03-16 12:29:36.931000,1.33088,1.3308,1120000,2620000
2017-03-16 12:29:37.033000,1.33087,1.33079,1000000,1500000
2017-03-16 12:29:37.564000,1.33087,1.3308,1500000,1370000
2017-03-16 12:29:38.814000,1.33088,1.33079,1000000,3370000
2017-03-16 12:29:39.347000,1.33089,1.3308,1000000,3370000
2017-03-16 12:29:41.041000,1.33089,1.33081,1000000,1120000
2017-03-16 12:29:41.823000,1.33089,1.33082,1000000,1000000
2017-03-16 12:29:42.659000,1.33087,1.33079,1000000,4120000
2017-03-16 12:29:43.481000,1.33088,1.33079,1120000,3370000
2017-03-16 12:29:43.532000,1.33088,1.33078,1000000,1000000
2017-03-16 12:29:44.034000,1.33089,1.33078,1000000,1000000
2017-03-16 12:29:45.195000,1.33088,1.33077,1000000,1000000
2017-03-16 12:29:45.739000,1.3309,1.33077,1500000,1500000
2017-03-16 12:29:46.494000,1.3309,1.33076,1500000,1000000
2017-03-16 12:29:47.025000,1.3309,1.33076,1500000,1120000
2017-03-16 12:29:47.485000,1.3309,1.33078,1000000,1000000
2017-03-16 12:29:48.004000,1.3309,1.33079,1000000,1000000
2017-03-16 12:29:48.511000,1.3309,1.33078,1000000,1000000
2017-03-16 12:29:49.097000,1.33089,1.33075,1000000,1500000
2017-03-16 12:29:49.148000,1.3309,1.33077,1000000,1000000
2017-03-16 12:29:49.503000,1.3309,1.33079,1000000,1000000
2017-03-16 12:29:49.605000,1.3309,1.33077,1000000,1000000
2017-03-16 12:29:49.692000,1.3309,1.3308,1000000,1000000
2017-03-16 12:29:50.072000,1.3309,1.33078,1000000,1500000
2017-03-16 12:29:50.174000,1.33092,1.33078,1000000,1000000
2017-03-16 12:29:50.327000,1.33091,1.3308,1000000,1000000
2017-03-16 12:29:50.683000,1.33092,1.33075,1000000,1500000
2017-03-16 12:29:50.734000,1.33095,1.33081,1000000,1000000
2017-03-16 12:29:51.067000,1.33094,1.33084,1000000,1000000
2017-03-16 12:29:51.119000,1.33101,1.33089,1000000,1000000
2017-03-16 12:29:51.221000,1.331,1.33087,1000000,1000000
2017-03-16 12:29:51.323000,1.33101,1.33085,1000000,1500000
2017-03-16 12:29:51.747000,1.33108,1.33083,5250000,1500000
2017-03-16 12:29:51.926000,1.33105,1.33083,1000000,1500000
2017-03-16 12:29:52.441000,1.33103,1.33083,1000000,1500000
2017-03-16 12:29:52.949000,1.33104,1.33083,1000000,1500000
2017-03-16 12:29:53.504000,1.33103,1.33083,1000000,1500000
2017-03-16 12:29:53.896000,1.33103,1.33086,1000000,1000000
2017-03-16 12:29:54.200000,1.33105,1.331,1000000,1000000
2017-03-16 12:29:54.506000,1.33109,1.33103,3000000,1750000
2017-03-16 12:29:54.762000,1.33114,1.3311,2250000,1000000
2017-03-16 12:29:54.813000,1.33113,1.33104,1000000,1750000
2017-03-16 12:29:54.944000,1.33116,1.33112,1500000,1000000
2017-03-16 12:29:55.003000,1.33123,1.33115,2250000,1000000
2017-03-16 12:29:55.055000,1.33124,1.33117,1500000,1120000
2017-03-16 12:29:55.157000,1.33127,1.33118,2250000,1870000
2017-03-16 12:29:55.259000,1.33127,1.33119,1500000,1750000
2017-03-16 12:29:55.362000,1.33129,1.33119,1000000,2250000
2017-03-16 12:29:55.413000,1.3313,1.33126,1000000,1500000
2017-03-16 12:29:55.617000,1.33141,1.33126,1000000,1120000
2017-03-16 12:29:55.668000,1.33142,1.33138,2630000,1000000
2017-03-16 12:29:56.030000,1.33154,1.3315,1500000,1000000
2017-03-16 12:29:56.188000,1.33159,1.33155,1000000,1000000
2017-03-16 12:29:56.239000,1.33156,1.33151,1000000,1120000
2017-03-16 12:29:56.341000,1.33157,1.33151,1000000,1750000
2017-03-16 12:29:56.646000,1.33157,1.33148,3000000,3000000
2017-03-16 12:29:56.900000,1.33157,1.3315,1000000,1750000
2017-03-16 12:29:57.052000,1.33158,1.33154,1000000,1000000
2017-03-16 12:29:57.430000,1.33155,1.33151,1500000,1000000
2017-03-16 12:29:57.582000,1.33154,1.3315,1500000,1000000
2017-03-16 12:29:58.083000,1.33151,1.33147,1500000,1000000
2017-03-16 12:29:58.286000,1.33153,1.33145,3150000,1750000
2017-03-16 12:29:58.781000,1.33151,1.33137,1500000,2250000
2017-03-16 12:29:58.895000,1.33151,1.33137,1500000,2250000
2017-03-16 12:29:59.534000,1.33152,1.33138,1500000,2250000
2017-03-16 12:29:59.686000,1.33151,1.33137,1500000,2250000
2017-03-16 12:29:59.889000,1.33142,1.33132,1500000,1000000
2017-03-16 12:29:59.940000,1.33142,1.33137,1500000,1000000
2017-03-16 12:29:59.991000,1.33149,1.33136,1000000,1500000
2017-03-16 12:30:00.150000,1.33153,1.33137,3000000,1750000
2017-03-16 12:30:00.457000,1.33146,1.33134,1500000,1750000
2017-03-16 12:30:00.508000,1.33146,1.33134,1500000,1750000
2017-03-16 12:30:00.559000,1.33146,1.33126,1500000,1750000
2017-03-16 12:30:00.660000,1.33148,1.33127,1000000,2250000
2017-03-16 12:30:00.711000,1.33146,1.33128,1000000,1750000
2017-03-16 12:30:01.066000,1.33144,1.33134,1000000,1000000
2017-03-16 12:30:01.371000,1.33144,1.33132,1000000,1750000
2017-03-16 12:30:01.625000,1.33146,1.33136,1000000,2250000
2017-03-16 12:30:01.670000,1.33144,1.33136,1000000,1750000
2017-03-16 12:30:01.873000,1.33145,1.33133,1000000,1000000
2017-03-16 12:30:02.058000,1.3315,1.33133,1500000,1000000
2017-03-16 12:30:02.160000,1.3315,1.33131,1500000,1750000
2017-03-16 12:30:02.671000,1.33151,1.33134,1000000,1500000
2017-03-16 12:30:03.020000,1.33153,1.33141,1000000,1870000
2017-03-16 12:30:03.173000,1.33161,1.33141,1000000,3000000
2017-03-16 12:30:03.731000,1.3316,1.33142,1000000,1750000
2017-03-16 12:30:04.464000,1.33161,1.33141,1000000,3000000
2017-03-16 12:30:04.980000,1.3316,1.33142,1000000,1750000
2017-03-16 12:30:05.276000,1.33158,1.33142,1000000,1750000
2017-03-16 12:30:05.581000,1.33157,1.33141,1000000,1500000
2017-03-16 12:30:05.683000,1.33157,1.3315,1000000,1000000
2017-03-16 12:30:05.734000,1.33157,1.33143,1000000,1000000
2017-03-16 12:30:05.785000,1.33158,1.33146,1010000,1120000
2017-03-16 12:30:05.887000,1.33159,1.33139,2510000,2250000
2017-03-16 12:30:05.938000,1.33158,1.33145,2510000,1000000
2017-03-16 12:30:05.989000,1.33158,1.33139,1760000,3000000
2017-03-16 12:30:06.040000,1.33156,1.33139,1000000,1750000
2017-03-16 12:30:06.162000,1.33156,1.33139,1000000,1500000
2017-03-16 12:30:06.213000,1.33153,1.33139,1000000,1500000
2017-03-16 12:30:06.720000,1.3315,1.33139,1000000,1000000
2017-03-16 12:30:06.922000,1.33151,1.33135,1000000,1370000
2017-03-16 12:30:06.973000,1.33149,1.33135,1000000,1370000
2017-03-16 12:30:07.075000,1.33151,1.33135,1000000,1370000
2017-03-16 12:30:07.126000,1.33154,1.33135,1500000,1370000
2017-03-16 12:30:07.227000,1.33149,1.33135,1000000,1370000
2017-03-16 12:30:07.406000,1.33149,1.33134,1000000,1500000
2017-03-16 12:30:08.167000,1.33148,1.33134,1000000,2250000
2017-03-16 12:30:09.360000,1.33149,1.33134,1500000,1500000
2017-03-16 12:30:10.036000,1.33149,1.33136,1000000,1000000
2017-03-16 12:30:10.188000,1.33147,1.33136,2250000,1000000
2017-03-16 12:30:10.494000,1.33137,1.33122,1000000,3750000
2017-03-16 12:30:11.005000,1.33136,1.33128,1000000,1000000
2017-03-16 12:30:11.310000,1.33136,1.33122,1000000,2250000
2017-03-16 12:30:11.817000,1.33135,1.33122,1000000,3750000
2017-03-16 12:30:12.205000,1.33136,1.33132,1000000,1000000
2017-03-16 12:30:12.256000,1.33138,1.33131,1000000,2620000
2017-03-16 12:30:12.358000,1.33141,1.33135,1000000,1000000
2017-03-16 12:30:12.411000,1.3314,1.33136,1000000,3370000
2017-03-16 12:30:12.918000,1.33142,1.33137,1000000,1000000
2017-03-16 12:30:13.020000,1.33143,1.33137,1500000,2620000
2017-03-16 12:30:13.532000,1.33143,1.33136,1000000,2620000
2017-03-16 12:30:13.840000,1.33141,1.33137,1000000,1000000
2017-03-16 12:30:14.146000,1.33138,1.33134,1000000,2620000
2017-03-16 12:30:14.198000,1.33135,1.33124,1120000,2620000
2017-03-16 12:30:14.249000,1.33133,1.33124,1000000,2620000
2017-03-16 12:30:14.300000,1.33132,1.3312,1500000,2620000
2017-03-16 12:30:14.402000,1.33129,1.33116,2620000,3370000
2017-03-16 12:30:14.706000,1.33123,1.33114,1000000,1000000
2017-03-16 12:30:15.009000,1.33122,1.3311,2620000,2250000
2017-03-16 12:30:16.596000,1.3312,1.3311,2620000,1000000
2017-03-16 12:30:16.698000,1.33117,1.33108,1000000,1500000
2017-03-16 12:30:16.800000,1.33117,1.33108,2620000,1000000
2017-03-16 12:30:17.105000,1.33113,1.33107,2620000,1000000
2017-03-16 12:30:17.655000,1.33113,1.33104,2620000,1870000
2017-03-16 12:30:17.807000,1.33115,1.33104,2620000,1120000
2017-03-16 12:30:18.212000,1.33114,1.33102,2620000,2250000
2017-03-16 12:30:18.416000,1.33114,1.33105,1000000,1120000
2017-03-16 12:30:18.776000,1.33112,1.33103,2620000,1370000
2017-03-16 12:30:19.284000,1.33113,1.33103,2620000,1000000
2017-03-16 12:30:19.538000,1.33115,1.33102,2620000,3750000
2017-03-16 12:30:19.892000,1.33115,1.33104,2620000,1120000
2017-03-16 12:30:20.196000,1.33113,1.33103,2620000,1500000
2017-03-16 12:30:20.500000,1.33115,1.33104,2620000,1870000
2017-03-16 12:30:20.602000,1.33114,1.33104,1500000,1120000
2017-03-16 12:30:20.804000,1.33113,1.33109,1000000,1000000
2017-03-16 12:30:21.008000,1.3312,1.33115,3370000,2250000
2017-03-16 12:30:21.135000,1.33122,1.33117,5620000,1000000
2017-03-16 12:30:21.446000,1.33123,1.33119,1120000,8620000
2017-03-16 12:30:21.953000,1.33126,1.33122,1500000,8250000
2017-03-16 12:30:22.206000,1.33126,1.33122,1500000,4500000
2017-03-16 12:30:22.353000,1.33126,1.3312,1000000,2620000
2017-03-16 12:30:22.506000,1.33127,1.3312,1000000,6240000
2017-03-16 12:30:22.608000,1.33123,1.33118,1500000,1000000
2017-03-16 12:30:22.710000,1.33123,1.33116,1870000,2620000
2017-03-16 12:30:22.913000,1.33126,1.33122,1120000,1000000
2017-03-16 12:30:23.218000,1.33132,1.33127,2250000,2620000
2017-03-16 12:30:23.726000,1.33132,1.33126,7540000,2620000
2017-03-16 12:30:24.234000,1.33132,1.33125,2250000,4500000
2017-03-16 12:30:25.236000,1.33131,1.33123,1750000,2620000
2017-03-16 12:30:25.744000,1.33129,1.33123,7870000,2620000
2017-03-16 12:30:26.029000,1.33121,1.33117,1350000,1000000
2017-03-16 12:30:26.130000,1.33122,1.33114,1350000,4500000
2017-03-16 12:30:26.232000,1.33122,1.33116,1350000,1000000
2017-03-16 12:30:26.335000,1.33123,1.33117,3600000,1000000
2017-03-16 12:30:26.641000,1.33122,1.33112,1500000,2620000
2017-03-16 12:30:27.359000,1.3312,1.33112,1000000,2620000
2017-03-16 12:30:27.866000,1.3312,1.33113,1000000,2620000
2017-03-16 12:30:27.917000,1.33119,1.33109,2620000,1370000
2017-03-16 12:30:28.018000,1.33119,1.33108,2620000,1870000
2017-03-16 12:30:28.120000,1.33119,1.33108,3970000,4120000
2017-03-16 12:30:29.367000,1.33117,1.33108,1000000,1000000
2017-03-16 12:30:30.688000,1.33116,1.33108,1000000,1000000
2017-03-16 12:30:30.739000,1.33116,1.33109,1000000,2620000
2017-03-16 12:30:30.840000,1.33116,1.33106,1500000,2620000
2017-03-16 12:30:31.385000,1.33116,1.33108,1000000,1000000
2017-03-16 12:30:31.559000,1.33115,1.33104,3370000,3370000
2017-03-16 12:30:32.065000,1.33115,1.33105,1870000,2620000
2017-03-16 12:30:32.673000,1.33115,1.33103,4120000,1370000
2017-03-16 12:30:33.209000,1.33114,1.33103,1120000,3370000
2017-03-16 12:30:34.237000,1.33113,1.33104,1000000,1500000
2017-03-16 12:30:34.817000,1.33113,1.33104,2850000,1000000
2017-03-16 12:30:35.171000,1.33111,1.33102,2620000,1120000
2017-03-16 12:30:36.806000,1.33111,1.33102,3970000,1120000
2017-03-16 12:30:37.312000,1.3311,1.33103,1120000,1370000
2017-03-16 12:30:37.616000,1.33107,1.33103,1000000,1000000
2017-03-16 12:30:38.118000,1.33109,1.33098,5620000,3370000
2017-03-16 12:30:38.169000,1.33108,1.33098,1370000,1120000
2017-03-16 12:30:38.576000,1.33106,1.33098,1000000,3370000
2017-03-16 12:30:38.678000,1.33104,1.33096,1000000,1500000
2017-03-16 12:30:39.539000,1.33104,1.33095,1500000,1000000
2017-03-16 12:30:40.385000,1.33104,1.33095,2100000,1000000
2017-03-16 12:30:40.959000,1.33104,1.33095,3600000,1000000
2017-03-16 12:30:42.857000,1.33104,1.33095,2850000,1000000
2017-03-16 12:30:43.377000,1.33103,1.33094,1000000,1000000
2017-03-16 12:30:43.885000,1.33104,1.33093,4120000,2620000
2017-03-16 12:30:44.708000,1.33103,1.33095,1500000,1000000
2017-03-16 12:30:45.404000,1.33102,1.33093,1120000,3370000
2017-03-16 12:30:46.193000,1.33103,1.33094,1500000,1000000
2017-03-16 12:30:51.222000,1.33103,1.33093,1500000,1870000
2017-03-16 12:30:51.491000,1.33103,1.33097,1500000,1000000
2017-03-16 12:30:51.793000,1.33106,1.33102,1000000,1000000
2017-03-16 12:30:51.960000,1.33111,1.33102,3370000,1000000
2017-03-16 12:30:52.263000,1.33109,1.331,1000000,2250000
2017-03-16 12:30:52.415000,1.33109,1.331,2620000,1500000
2017-03-16 12:30:53.922000,1.33109,1.33102,2620000,1000000
2017-03-16 12:30:54.024000,1.33109,1.33102,1000000,1000000
2017-03-16 12:30:58.029000,1.3311,1.33105,1000000,1150000
2017-03-16 12:30:58.242000,1.33113,1.33106,1500000,1000000
2017-03-16 12:30:58.697000,1.3311,1.33106,1000000,1000000
2017-03-16 12:30:59.154000,1.33114,1.3311,1870000,1000000
2017-03-16 12:30:59.205000,1.33113,1.33109,1000000,1500000
2017-03-16 12:30:59.257000,1.33117,1.33108,3370000,1120000
2017-03-16 12:30:59.308000,1.33117,1.33108,1500000,1500000
2017-03-16 12:30:59.657000,1.33119,1.33108,4120000,3000000
2017-03-16 12:30:59.708000,1.33119,1.33109,1870000,1500000
2017-03-16 12:30:59.764000,1.33118,1.33109,2250000,1500000
2017-03-16 12:31:00.472000,1.33116,1.33109,1500000,1120000
2017-03-16 12:31:00.986000,1.33113,1.33107,1000000,1500000
2017-03-16 12:31:01.290000,1.33111,1.33107,1000000,1000000
2017-03-16 12:31:01.777000,1.33111,1.33105,1000000,1000000
2017-03-16 12:31:02.025000,1.3311,1.33102,1120000,1500000
2017-03-16 12:31:02.189000,1.3311,1.33102,4120000,1500000
2017-03-16 12:31:02.443000,1.3311,1.33101,2850000,2250000
2017-03-16 12:31:02.645000,1.33107,1.33102,1000000,1000000
2017-03-16 12:31:03.204000,1.33108,1.33102,1000000,1000000
2017-03-16 12:31:03.558000,1.3311,1.33102,2100000,1000000
2017-03-16 12:31:04.078000,1.3311,1.33101,2250000,2250000
2017-03-16 12:31:04.482000,1.33111,1.33103,1000000,3000000
2017-03-16 12:31:04.991000,1.3311,1.33103,1000000,1000000
2017-03-16 12:31:05.642000,1.33109,1.33104,1000000,1000000
2017-03-16 12:31:05.693000,1.33111,1.33104,1000000,1500000
2017-03-16 12:31:05.795000,1.33111,1.33104,1000000,4500000
2017-03-16 12:31:06.301000,1.33112,1.33108,1500000,1000000
2017-03-16 12:31:06.352000,1.33112,1.33108,1000000,1120000
2017-03-16 12:31:06.403000,1.33112,1.33108,1000000,2620000
2017-03-16 12:31:06.454000,1.33114,1.3311,1000000,1000000
2017-03-16 12:31:06.640000,1.33118,1.3311,3000000,3370000
2017-03-16 12:31:06.843000,1.33117,1.3311,1120000,1120000
2017-03-16 12:31:06.944000,1.33115,1.3311,1000000,1120000
2017-03-16 12:31:07.045000,1.33117,1.33109,1000000,1000000
2017-03-16 12:31:07.938000,1.33117,1.33108,1120000,3000000
2017-03-16 12:31:08.423000,1.33118,1.33108,3370000,5250000
2017-03-16 12:31:08.777000,1.33118,1.33113,2620000,1000000
2017-03-16 12:31:08.828000,1.3312,1.33112,1500000,1000000
2017-03-16 12:31:09.082000,1.33121,1.33112,4500000,1000000
2017-03-16 12:31:09.603000,1.3312,1.33112,1500000,1000000
2017-03-16 12:31:10.140000,1.33121,1.33112,3000000,1000000
2017-03-16 12:31:11.021000,1.3312,1.33111,1370000,1120000
2017-03-16 12:31:11.329000,1.33114,1.33109,1870000,1000000
2017-03-16 12:31:11.583000,1.33113,1.33103,3750000,1500000
2017-03-16 12:31:12.089000,1.33113,1.33104,1500000,1500000
2017-03-16 12:31:12.625000,1.33113,1.33105,1000000,1000000
2017-03-16 12:31:13.726000,1.33112,1.33105,1000000,1000000
2017-03-16 12:31:14.235000,1.33113,1.33105,2620000,1000000
2017-03-16 12:31:14.738000,1.33112,1.33108,1000000,1000000
2017-03-16 12:31:14.828000,1.33118,1.33108,2470000,1870000
2017-03-16 12:31:18.202000,1.33118,1.3311,3370000,1000000
2017-03-16 12:31:18.860000,1.33117,1.33109,1000000,4870000
2017-03-16 12:31:19.366000,1.33118,1.33109,1120000,4120000
2017-03-16 12:31:19.875000,1.33119,1.33111,3000000,2620000
2017-03-16 12:31:19.977000,1.3312,1.33112,1000000,1000000
2017-03-16 12:31:20.482000,1.33121,1.33111,3750000,4120000
2017-03-16 12:31:21.240000,1.3312,1.33111,1000000,4870000
2017-03-16 12:31:22.254000,1.3312,1.33111,1120000,1870000
2017-03-16 12:31:27.410000,1.33121,1.33112,3370000,1500000
2017-03-16 12:31:27.955000,1.33121,1.33112,1370000,1370000
2017-03-16 12:31:33.592000,1.33117,1.33112,1370000,1120000
2017-03-16 12:31:33.795000,1.33114,1.33107,1350000,1000000
2017-03-16 12:31:33.897000,1.33113,1.33104,2250000,4870000
2017-03-16 12:31:34.251000,1.33111,1.33104,1000000,2250000
2017-03-16 12:31:34.583000,1.33103,1.33098,1500000,3370000
2017-03-16 12:31:34.634000,1.33101,1.33097,1000000,2620000
2017-03-16 12:31:34.787000,1.33101,1.33096,1000000,1120000
2017-03-16 12:31:35.563000,1.33103,1.33094,1120000,4500000
2017-03-16 12:31:36.069000,1.33103,1.33094,1000000,4120000
2017-03-16 12:31:36.170000,1.33103,1.33097,1000000,1000000
2017-03-16 12:31:36.720000,1.33104,1.33097,2620000,1000000
2017-03-16 12:31:37.944000,1.33106,1.33097,2250000,3370000
2017-03-16 12:31:37.995000,1.33107,1.33098,3370000,2620000
2017-03-16 12:31:38.501000,1.33108,1.331,1120000,1000000
2017-03-16 12:31:39.007000,1.33108,1.33099,1370000,1000000
2017-03-16 12:31:39.551000,1.33108,1.33099,1720000,2250000
2017-03-16 12:31:40.406000,1.33109,1.33099,3220000,2250000
2017-03-16 12:31:40.837000,1.33109,1.33105,2620000,1500000
2017-03-16 12:31:40.892000,1.33112,1.33108,3750000,1120000
2017-03-16 12:31:40.943000,1.33114,1.3311,1870000,1000000
2017-03-16 12:31:41.044000,1.33115,1.33111,1000000,1000000
2017-03-16 12:31:41.196000,1.33118,1.33111,1500000,1120000
2017-03-16 12:31:41.880000,1.3312,1.33114,1000000,1870000
2017-03-16 12:31:42.135000,1.33122,1.33117,1000000,1000000
2017-03-16 12:31:42.289000,1.33125,1.33117,1500000,1120000
2017-03-16 12:31:42.698000,1.33125,1.33117,1000000,2620000
2017-03-16 12:31:43.669000,1.33128,1.3312,3750000,1000000
2017-03-16 12:31:43.720000,1.33128,1.33121,1870000,1120000
2017-03-16 12:31:44.236000,1.33128,1.3312,1870000,1120000
2017-03-16 12:31:45.180000,1.33127,1.33121,1120000,1120000
2017-03-16 12:31:45.329000,1.33128,1.33122,1500000,2620000
2017-03-16 12:31:45.381000,1.33131,1.33123,3750000,1500000
2017-03-16 12:31:45.887000,1.33131,1.33123,2620000,3370000
2017-03-16 12:31:46.604000,1.3313,1.33123,1000000,3370000
2017-03-16 12:31:46.706000,1.3313,1.33122,1500000,1120000
2017-03-16 12:31:47.319000,1.33125,1.33121,3220000,1870000
2017-03-16 12:31:47.369000,1.33127,1.3312,1000000,3370000
2017-03-16 12:31:47.420000,1.33128,1.3312,1000000,1500000
2017-03-16 12:31:47.572000,1.33129,1.33125,1120000,1000000
2017-03-16 12:31:47.726000,1.33133,1.33127,2250000,1120000
2017-03-16 12:31:47.777000,1.33134,1.33128,1000000,1870000
2017-03-16 12:31:47.878000,1.33137,1.33128,4120000,4870000
2017-03-16 12:31:48.391000,1.33137,1.33129,2620000,1120000
2017-03-16 12:31:48.899000,1.33132,1.33128,4120000,1000000
2017-03-16 12:31:49.205000,1.33125,1.33119,3750000,6370000
2017-03-16 12:31:49.257000,1.33126,1.3312,1500000,1500000
2017-03-16 12:31:49.511000,1.33127,1.33118,1120000,1120000
2017-03-16 12:31:50.022000,1.33126,1.33118,1000000,1000000
2017-03-16 12:31:50.124000,1.33127,1.33118,2620000,3370000
2017-03-16 12:31:50.632000,1.33126,1.33118,1870000,3370000
2017-03-16 12:31:51.037000,1.33125,1.33118,1000000,1120000
2017-03-16 12:31:51.240000,1.33125,1.33116,1500000,1870000
2017-03-16 12:31:51.799000,1.33125,1.33116,1370000,1120000
2017-03-16 12:31:52.334000,1.33125,1.33117,2250000,1000000
2017-03-16 12:31:52.536000,1.33126,1.33117,4120000,2620000
2017-03-16 12:31:54.730000,1.33123,1.33117,3370000,2620000
2017-03-16 12:31:54.933000,1.33119,1.33113,1120000,1000000
2017-03-16 12:31:55.168000,1.33119,1.3311,1500000,2720000
2017-03-16 12:31:55.674000,1.33119,1.3311,1500000,1970000
2017-03-16 12:32:00.054000,1.33118,1.3311,1000000,1000000
2017-03-16 12:32:00.560000,1.33118,1.33109,1000000,5340000
2017-03-16 12:32:01.085000,1.33118,1.33109,1000000,3470000
2017-03-16 12:32:01.918000,1.33114,1.33109,1870000,1970000
2017-03-16 12:32:02.121000,1.33113,1.33105,2620000,1370000
2017-03-16 12:32:02.172000,1.33112,1.33103,3000000,1500000
2017-03-16 12:32:02.714000,1.33111,1.33102,2250000,1500000
2017-03-16 12:32:04.367000,1.33109,1.33101,1000000,4590000
2017-03-16 12:32:04.520000,1.33109,1.33101,1500000,2340000
2017-03-16 12:32:05.046000,1.33109,1.33101,1000000,2250000
2017-03-16 12:32:10.937000,1.33111,1.33101,3370000,3370000
2017-03-16 12:32:10.993000,1.33111,1.33102,2250000,2250000
2017-03-16 12:32:11.500000,1.33112,1.33104,1870000,1500000
2017-03-16 12:32:12.019000,1.33112,1.33106,1000000,1120000
2017-03-16 12:32:12.527000,1.33113,1.33104,2250000,3370000
2017-03-16 12:32:12.830000,1.33113,1.33104,1870000,1870000
2017-03-16 12:32:13.083000,1.33113,1.33104,1870000,3750000
2017-03-16 12:32:17.582000,1.33113,1.33105,1120000,2250000
2017-03-16 12:32:17.785000,1.33112,1.33104,1000000,3000000
2017-03-16 12:32:17.836000,1.3311,1.33104,1000000,1120000
2017-03-16 12:32:18.343000,1.3311,1.33103,1000000,1000000
2017-03-16 12:32:20.333000,1.3311,1.331,1000000,4870000
2017-03-16 12:32:20.867000,1.3311,1.331,1120000,3000000
2017-03-16 12:32:21.427000,1.3311,1.331,1000000,3750000
2017-03-16 12:32:22.403000,1.3311,1.33103,1500000,1000000
2017-03-16 12:32:23.022000,1.33111,1.33102,1870000,1500000
2017-03-16 12:32:24.330000,1.33111,1.33104,1500000,1000000
2017-03-16 12:32:24.635000,1.33116,1.33112,1000000,1120000
2017-03-16 12:32:24.686000,1.33119,1.33112,1000000,1370000
2017-03-16 12:32:25.192000,1.3312,1.33112,2620000,1370000
2017-03-16 12:32:26.113000,1.33121,1.33113,1000000,1370000
2017-03-16 12:32:26.633000,1.33122,1.33114,1870000,1000000
2017-03-16 12:32:27.186000,1.33119,1.33114,1000000,1000000
2017-03-16 12:32:27.287000,1.3312,1.33112,1000000,1500000
2017-03-16 12:32:28.231000,1.3312,1.33112,1870000,1500000
2017-03-16 12:32:28.332000,1.3312,1.33112,1500000,3750000
2017-03-16 12:32:28.854000,1.33122,1.33113,3750000,1120000
2017-03-16 12:32:29.436000,1.33122,1.33114,1000000,3750000
2017-03-16 12:32:29.981000,1.33123,1.33115,1500000,1120000
2017-03-16 12:32:31.743000,1.33122,1.33116,1000000,1000000
2017-03-16 12:32:32.438000,1.33122,1.33115,1000000,2620000
2017-03-16 12:32:32.752000,1.33119,1.33115,1000000,3000000
2017-03-16 12:32:32.904000,1.33117,1.33111,4500000,3750000
2017-03-16 12:32:33.412000,1.33117,1.33107,6000000,2060000
2017-03-16 12:32:33.463000,1.33113,1.33107,1000000,1620000
2017-03-16 12:32:33.767000,1.33111,1.33104,1500000,1120000
2017-03-16 12:32:34.445000,1.33111,1.33105,1000000,1000000
2017-03-16 12:32:35.024000,1.33111,1.33104,1000000,1870000
2017-03-16 12:32:35.543000,1.33111,1.33105,1000000,1000000
2017-03-16 12:32:36.051000,1.33111,1.33104,1000000,1870000
2017-03-16 12:32:37.145000,1.33111,1.33105,1000000,1000000
2017-03-16 12:32:37.702000,1.33111,1.33104,1000000,1870000
2017-03-16 12:32:38.464000,1.33111,1.33105,1000000,1000000
2017-03-16 12:32:39.193000,1.33111,1.33104,1500000,1870000
2017-03-16 12:32:39.814000,1.33112,1.33104,1000000,1120000
2017-03-16 12:32:40.321000,1.3311,1.33103,1000000,1500000
2017-03-16 12:32:40.423000,1.3311,1.33102,1500000,1870000
2017-03-16 12:32:40.474000,1.3311,1.33102,4870000,1500000
2017-03-16 12:32:42.932000,1.33106,1.33102,3600000,1000000
2017-03-16 12:32:42.983000,1.33104,1.331,1000000,1250000
2017-03-16 12:32:43.186000,1.33103,1.33097,1500000,2250000
2017-03-16 12:32:43.439000,1.33103,1.33094,1500000,1690000
2017-03-16 12:32:45.234000,1.33099,1.33093,1000000,3750000
2017-03-16 12:32:45.285000,1.33099,1.33093,1870000,1120000
2017-03-16 12:32:45.459000,1.33097,1.3309,1000000,2250000
2017-03-16 12:32:45.915000,1.33099,1.3309,1500000,1120000
2017-03-16 12:32:47.263000,1.33099,1.3309,3750000,2620000
2017-03-16 12:32:47.566000,1.33099,1.33092,1500000,1500000
2017-03-16 12:32:47.718000,1.33101,1.33093,1500000,1000000
2017-03-16 12:32:47.972000,1.33102,1.33094,1000000,1370000
2017-03-16 12:32:48.477000,1.33103,1.33094,1350000,2250000
2017-03-16 12:32:49.730000,1.33103,1.33095,1000000,1000000
2017-03-16 12:32:53.725000,1.33103,1.33094,1500000,3000000
2017-03-16 12:32:54.250000,1.33103,1.33095,1000000,1000000
2017-03-16 12:32:55.085000,1.33103,1.33097,1000000,1000000
2017-03-16 12:32:55.915000,1.33103,1.33095,1000000,2250000
2017-03-16 12:32:56.319000,1.33102,1.33094,4120000,1000000
2017-03-16 12:32:56.845000,1.331,1.33093,1120000,1120000
2017-03-16 12:32:57.352000,1.331,1.33092,1120000,1000000
2017-03-16 12:32:57.820000,1.33099,1.3309,2620000,2060000
2017-03-16 12:32:57.921000,1.331,1.3309,3370000,1500000
2017-03-16 12:32:58.226000,1.33099,1.33091,3370000,1000000
2017-03-16 12:32:58.339000,1.33099,1.33091,1120000,1500000
2017-03-16 12:32:58.440000,1.33098,1.3309,1000000,1000000
2017-03-16 12:32:58.954000,1.33099,1.3309,1500000,1500000
2017-03-16 12:33:00.720000,1.331,1.3309,1870000,2250000
2017-03-16 12:33:00.822000,1.331,1.3309,4120000,1870000
2017-03-16 12:33:02.004000,1.331,1.3309,4870000,3000000
2017-03-16 12:33:02.055000,1.331,1.3309,2620000,3750000
2017-03-16 12:33:02.409000,1.331,1.3309,3750000,2620000
2017-03-16 12:33:02.722000,1.331,1.33091,2250000,1500000
2017-03-16 12:33:02.928000,1.331,1.33091,4870000,1000000
2017-03-16 12:33:03.427000,1.331,1.33091,1500000,1500000
2017-03-16 12:33:03.529000,1.331,1.33091,4120000,1000000
2017-03-16 12:33:04.666000,1.33099,1.3309,1000000,1500000
2017-03-16 12:33:06.981000,1.33099,1.33091,1000000,1000000
2017-03-16 12:33:07.833000,1.331,1.33091,2060000,1500000
2017-03-16 12:33:08.154000,1.33099,1.33092,1500000,1000000
2017-03-16 12:33:08.255000,1.331,1.33093,1500000,1000000
2017-03-16 12:33:08.357000,1.33101,1.33095,3000000,1000000
2017-03-16 12:33:08.408000,1.33101,1.33093,3000000,1500000
2017-03-16 12:33:08.661000,1.33103,1.33093,2620000,5250000
2017-03-16 12:33:08.925000,1.33103,1.33093,2250000,3750000
2017-03-16 12:33:08.977000,1.33103,1.33095,2250000,1000000
2017-03-16 12:33:09.482000,1.33103,1.33096,1500000,1000000
2017-03-16 12:33:10.029000,1.33103,1.33095,1500000,1500000
2017-03-16 12:33:10.968000,1.33104,1.33096,2620000,1000000
2017-03-16 12:33:11.272000,1.33106,1.33099,2620000,1870000
2017-03-16 12:33:11.578000,1.33107,1.331,1500000,1500000
2017-03-16 12:33:11.629000,1.33108,1.33102,3090000,1000000
2017-03-16 12:33:11.680000,1.33108,1.33102,1120000,1000000
2017-03-16 12:33:11.983000,1.33109,1.331,3840000,2620000
2017-03-16 12:33:12.581000,1.33109,1.33101,4590000,1000000
2017-03-16 12:33:13.090000,1.33109,1.331,3750000,2620000
2017-03-16 12:33:13.598000,1.33108,1.331,1000000,2250000
2017-03-16 12:33:14.124000,1.33108,1.33101,1000000,1120000
2017-03-16 12:33:14.648000,1.33109,1.33101,2620000,1000000
2017-03-16 12:33:14.951000,1.33108,1.33101,1370000,1000000
2017-03-16 12:33:15.053000,1.33109,1.33102,1120000,1120000
2017-03-16 12:33:15.572000,1.3311,1.33102,1000000,3000000
2017-03-16 12:33:15.674000,1.33111,1.33103,1000000,3370000
2017-03-16 12:33:15.877000,1.3312,1.33111,2340000,1500000
2017-03-16 12:33:16.386000,1.3312,1.33111,1120000,1870000
2017-03-16 12:33:16.607000,1.33118,1.33111,1000000,1500000
2017-03-16 12:33:16.962000,1.3312,1.33111,1000000,3750000
2017-03-16 12:33:17.549000,1.3312,1.33112,1500000,1870000
2017-03-16 12:33:19.187000,1.33119,1.33111,1500000,3370000
2017-03-16 12:33:19.390000,1.33118,1.33109,1000000,3000000
2017-03-16 12:33:19.491000,1.33118,1.33109,3370000,1870000
2017-03-16 12:33:19.992000,1.33118,1.33108,1370000,5620000
2017-03-16 12:33:27.292000,1.33119,1.3311,1370000,1370000
2017-03-16 12:33:29.335000,1.33118,1.33109,1500000,1120000
2017-03-16 12:33:31.394000,1.33118,1.3311,1500000,1000000
2017-03-16 12:33:32.584000,1.33114,1.33108,1120000,2250000
2017-03-16 12:33:32.887000,1.33106,1.33102,1870000,4870000
2017-03-16 12:33:33.251000,1.33101,1.33095,3000000,3220000
2017-03-16 12:33:33.302000,1.33101,1.33096,1500000,1350000
2017-03-16 12:33:33.616000,1.33101,1.33093,1500000,1000000
2017-03-16 12:33:36.927000,1.33101,1.33093,1120000,1370000
2017-03-16 12:33:37.370000,1.33096,1.33092,3370000,2250000
2017-03-16 12:33:37.422000,1.33096,1.33091,4120000,1370000
2017-03-16 12:33:37.524000,1.33093,1.33087,2620000,2620000
2017-03-16 12:33:37.626000,1.33091,1.33085,1870000,2620000
2017-03-16 12:33:37.727000,1.3309,1.33082,1000000,4870000
2017-03-16 12:33:38.297000,1.33088,1.33082,1000000,3370000
2017-03-16 12:33:38.601000,1.33083,1.33079,1000000,1000000
2017-03-16 12:33:38.904000,1.33077,1.33071,1120000,1000000
2017-03-16 12:33:38.955000,1.33077,1.33068,1120000,2250000
2017-03-16 12:33:39.177000,1.33073,1.33068,1000000,1500000
2017-03-16 12:33:39.278000,1.3307,1.33066,1000000,4500000
2017-03-16 12:33:39.784000,1.3307,1.33066,1000000,1000000
2017-03-16 12:33:40.929000,1.33071,1.33065,1000000,2620000
2017-03-16 12:33:41.334000,1.3307,1.33065,1000000,1000000
2017-03-16 12:33:41.486000,1.33068,1.33063,1370000,1870000
2017-03-16 12:33:41.951000,1.33061,1.33057,1000000,1000000
2017-03-16 12:33:42.782000,1.33061,1.33054,1000000,1500000
2017-03-16 12:33:42.935000,1.33063,1.33052,4120000,4120000
2017-03-16 12:33:43.037000,1.33061,1.33052,1000000,4870000
2017-03-16 12:33:43.825000,1.33061,1.33057,1000000,1000000
2017-03-16 12:33:43.977000,1.33065,1.33057,1500000,1000000
2017-03-16 12:33:44.131000,1.33067,1.33063,1870000,1000000
2017-03-16 12:33:44.284000,1.3307,1.33066,1000000,1000000
2017-03-16 12:33:44.528000,1.33072,1.33068,1500000,1000000
2017-03-16 12:33:44.732000,1.33076,1.33068,1500000,1120000
2017-03-16 12:33:44.884000,1.33078,1.33071,3370000,1000000
2017-03-16 12:33:44.987000,1.33079,1.33072,1120000,1870000
2017-03-16 12:33:45.190000,1.33081,1.33072,1500000,1500000
2017-03-16 12:33:45.684000,1.33082,1.33073,1120000,2620000
2017-03-16 12:33:46.086000,1.3308,1.33075,1370000,1000000
2017-03-16 12:33:46.340000,1.33073,1.33067,1870000,1120000
2017-03-16 12:33:46.493000,1.33071,1.33064,1000000,1500000
2017-03-16 12:33:46.734000,1.33069,1.33061,3750000,2250000
2017-03-16 12:33:46.784000,1.33068,1.33059,1000000,3000000
2017-03-16 12:33:47.486000,1.33068,1.33059,1870000,2250000
2017-03-16 12:33:47.537000,1.33065,1.33058,1870000,1370000
2017-03-16 12:33:47.791000,1.33058,1.33053,1120000,1000000
2017-03-16 12:33:48.199000,1.33059,1.3305,1000000,1000000
2017-03-16 12:33:48.711000,1.33058,1.3305,1000000,1000000
2017-03-16 12:33:49.217000,1.33058,1.33048,1120000,1500000
2017-03-16 12:33:49.632000,1.33054,1.33047,3000000,3370000
2017-03-16 12:33:49.886000,1.33051,1.33042,2250000,1000000
2017-03-16 12:33:50.616000,1.3305,1.3304,2250000,1370000
2017-03-16 12:33:56.367000,1.33047,1.3304,2620000,1370000
2017-03-16 12:33:56.520000,1.33045,1.33038,3000000,1000000
2017-03-16 12:33:57.026000,1.33045,1.33036,1500000,2250000
2017-03-16 12:33:57.628000,1.33046,1.33038,3370000,1000000
2017-03-16 12:33:57.830000,1.33046,1.33038,1000000,1500000
2017-03-16 12:33:58.272000,1.33047,1.33038,1000000,5620000
2017-03-16 12:33:58.820000,1.33049,1.33039,3750000,1870000
2017-03-16 12:33:59.238000,1.33049,1.33041,3750000,2250000
2017-03-16 12:33:59.543000,1.3305,1.33042,1000000,3370000
2017-03-16 12:34:00.433000,1.33052,1.33042,1500000,3370000
2017-03-16 12:34:01.455000,1.3305,1.33042,1000000,3370000
2017-03-16 12:34:01.860000,1.33053,1.33044,1120000,2620000
2017-03-16 12:34:02.113000,1.33055,1.33046,1870000,2620000
2017-03-16 12:34:02.315000,1.33055,1.33046,1870000,1120000
2017-03-16 12:34:02.417000,1.33046,1.33042,1500000,4120000
2017-03-16 12:34:02.467000,1.33046,1.33042,3000000,4500000
2017-03-16 12:34:02.518000,1.33042,1.33038,1000000,3750000
2017-03-16 12:34:02.569000,1.33043,1.33039,1000000,1120000
2017-03-16 12:34:02.620000,1.33043,1.33037,1000000,2620000
2017-03-16 12:34:02.782000,1.33044,1.33036,1870000,1500000
2017-03-16 12:34:03.488000,1.33044,1.33037,1370000,1500000
2017-03-16 12:34:04.027000,1.33042,1.33034,1000000,1870000
2017-03-16 12:34:04.467000,1.33044,1.33037,1500000,1000000
2017-03-16 12:34:04.518000,1.33045,1.33036,1500000,3370000
2017-03-16 12:34:04.620000,1.33046,1.33038,1870000,1000000
2017-03-16 12:34:04.954000,1.33043,1.33033,3370000,2250000
2017-03-16 12:34:05.595000,1.33035,1.3303,2620000,4720000
2017-03-16 12:34:05.698000,1.3303,1.33025,1370000,5250000
2017-03-16 12:34:05.749000,1.3303,1.33024,4120000,1120000
2017-03-16 12:34:05.802000,1.33027,1.33023,1000000,1000000
2017-03-16 12:34:06.107000,1.3303,1.33021,1120000,2620000
2017-03-16 12:34:09.406000,1.3303,1.33023,1000000,1000000
2017-03-16 12:34:11.174000,1.33032,1.33025,2620000,1000000
2017-03-16 12:34:11.478000,1.33038,1.3303,1120000,1370000
2017-03-16 12:34:11.580000,1.3304,1.33031,1500000,1000000
2017-03-16 12:34:12.081000,1.3304,1.33032,1120000,1000000
2017-03-16 12:34:12.595000,1.3304,1.33031,1120000,1870000
2017-03-16 12:34:13.119000,1.3304,1.33032,1120000,1120000
2017-03-16 12:34:13.170000,1.33041,1.33034,1120000,1000000
2017-03-16 12:34:13.834000,1.33043,1.33034,1500000,1000000
2017-03-16 12:34:14.600000,1.33043,1.33035,1120000,1500000
2017-03-16 12:34:16.321000,1.33043,1.33034,1000000,3000000
2017-03-16 12:34:16.523000,1.33043,1.33036,1000000,1370000
2017-03-16 12:34:16.740000,1.33046,1.33037,1120000,3750000
2017-03-16 12:34:16.942000,1.33046,1.33036,1500000,2250000
2017-03-16 12:34:17.449000,1.33046,1.33039,1120000,1000000
2017-03-16 12:34:19.613000,1.33048,1.33039,1120000,2250000
2017-03-16 12:34:20.091000,1.33048,1.33039,2620000,1500000
2017-03-16 12:34:20.698000,1.33048,1.33038,1870000,2250000
2017-03-16 12:34:21.951000,1.33048,1.3304,1000000,1500000
2017-03-16 12:34:22.103000,1.33044,1.3304,1500000,1120000
2017-03-16 12:34:22.306000,1.3304,1.33032,1000000,3370000
2017-03-16 12:34:22.707000,1.3304,1.33032,1000000,2250000
2017-03-16 12:34:23.111000,1.33042,1.33032,1500000,1500000
2017-03-16 12:34:23.314000,1.33041,1.33032,1370000,2620000
2017-03-16 12:34:23.720000,1.33039,1.3303,1120000,1120000
2017-03-16 12:34:24.074000,1.33036,1.3303,1500000,1000000
2017-03-16 12:34:24.226000,1.33032,1.33025,1000000,1120000
2017-03-16 12:34:24.785000,1.33033,1.33024,3000000,1500000
2017-03-16 12:34:25.347000,1.33033,1.33023,2620000,1500000
2017-03-16 12:34:25.937000,1.33032,1.33025,1000000,3000000
2017-03-16 12:34:26.040000,1.33034,1.33025,1870000,4120000
2017-03-16 12:34:27.996000,1.33035,1.33029,1370000,1120000
2017-03-16 12:34:28.322000,1.3304,1.33035,1000000,2620000
2017-03-16 12:34:28.525000,1.33044,1.33036,1120000,1370000
2017-03-16 12:34:28.930000,1.33048,1.33039,3370000,1000000
2017-03-16 12:34:29.448000,1.33044,1.33038,1000000,1500000
2017-03-16 12:34:29.702000,1.33041,1.33033,1000000,1120000
2017-03-16 12:34:30.109000,1.33041,1.33036,1870000,1120000
2017-03-16 12:34:30.415000,1.33042,1.33038,1000000,1000000
2017-03-16 12:34:30.466000,1.33047,1.33039,1370000,1120000
2017-03-16 12:34:30.870000,1.33048,1.33041,2620000,1000000
2017-03-16 12:34:31.376000,1.33049,1.33041,1500000,1120000
2017-03-16 12:34:31.477000,1.3305,1.33042,1000000,1000000
2017-03-16 12:34:31.639000,1.33042,1.33038,1500000,9000000
2017-03-16 12:34:31.943000,1.33035,1.33029,1000000,1500000
2017-03-16 12:34:32.348000,1.33031,1.33027,1500000,5620000
2017-03-16 12:34:32.552000,1.3303,1.33024,2250000,2620000
2017-03-16 12:34:32.769000,1.3303,1.33023,2250000,1000000
2017-03-16 12:34:32.921000,1.33028,1.33021,1000000,1000000
2017-03-16 12:34:33.428000,1.33029,1.33018,4350000,5620000
2017-03-16 12:34:34.151000,1.33029,1.3302,1000000,3750000
2017-03-16 12:34:34.306000,1.3303,1.3302,2250000,3370000
2017-03-16 12:34:34.812000,1.3303,1.33021,1870000,1120000
2017-03-16 12:34:37.530000,1.3303,1.33022,1870000,1000000
2017-03-16 12:34:38.078000,1.3303,1.33021,1870000,1120000
2017-03-16 12:34:38.479000,1.3303,1.33021,4120000,1870000
2017-03-16 12:34:39.091000,1.3303,1.33022,4120000,1000000
2017-03-16 12:34:39.193000,1.33031,1.33022,1500000,1000000
2017-03-16 12:34:39.396000,1.33031,1.33023,1500000,1670000
2017-03-16 12:34:39.548000,1.33033,1.33025,2250000,1000000
2017-03-16 12:34:39.854000,1.33032,1.33027,1000000,1000000
2017-03-16 12:34:39.905000,1.33032,1.33025,1000000,1000000
2017-03-16 12:34:40.587000,1.33032,1.33024,1000000,3370000
2017-03-16 12:34:40.892000,1.33035,1.33026,2250000,1120000
2017-03-16 12:34:40.942000,1.33035,1.33028,1500000,1000000
2017-03-16 12:34:41.460000,1.33038,1.33029,2620000,1120000
2017-03-16 12:34:41.869000,1.33039,1.33031,1500000,1120000
2017-03-16 12:34:41.970000,1.3304,1.33031,3000000,1000000
2017-03-16 12:34:42.486000,1.3304,1.3303,1370000,3370000
2017-03-16 12:34:43.703000,1.33039,1.33031,1370000,1120000
2017-03-16 12:34:45.409000,1.33039,1.3303,1120000,4120000
2017-03-16 12:34:45.920000,1.33039,1.3303,1500000,3000000
2017-03-16 12:34:46.426000,1.33039,1.3303,1000000,4500000
2017-03-16 12:34:48.571000,1.33039,1.33032,1000000,1000000
2017-03-16 12:34:49.089000,1.33041,1.33032,3000000,1000000
2017-03-16 12:34:49.595000,1.33039,1.33032,1120000,1120000
2017-03-16 12:34:49.748000,1.33041,1.33032,2620000,1120000
2017-03-16 12:34:49.799000,1.3304,1.33032,2620000,1000000
2017-03-16 12:34:50.450000,1.33039,1.3303,1370000,5250000
2017-03-16 12:34:52.612000,1.33039,1.33031,1000000,1000000
2017-03-16 12:34:54.523000,1.33039,1.33032,1000000,1000000
2017-03-16 12:34:55.174000,1.3304,1.33032,2620000,1500000
2017-03-16 12:34:57.888000,1.3304,1.33033,2620000,1500000
2017-03-16 12:34:58.040000,1.33041,1.33035,1000000,1500000
2017-03-16 12:34:58.511000,1.33042,1.33033,1120000,2620000
2017-03-16 12:34:59.421000,1.3304,1.33032,1000000,1500000
2017-03-16 12:34:59.825000,1.3304,1.33031,1120000,3000000
2017-03-16 12:35:00.129000,1.33039,1.3303,2620000,1120000
2017-03-16 12:35:00.970000,1.33038,1.3303,1120000,1370000
2017-03-16 12:35:01.273000,1.33038,1.33029,3370000,1870000
2017-03-16 12:35:05.156000,1.33037,1.33028,1000000,3000000
2017-03-16 12:35:05.753000,1.33037,1.33028,1500000,3000000
2017-03-16 12:35:06.057000,1.33038,1.3303,4120000,1500000
2017-03-16 12:35:06.260000,1.33039,1.33032,1500000,2250000
2017-03-16 12:35:06.766000,1.3304,1.33032,1000000,1500000
2017-03-16 12:35:07.915000,1.33041,1.33032,3000000,2250000
2017-03-16 12:35:08.488000,1.33039,1.33032,1500000,1000000
2017-03-16 12:35:08.640000,1.33039,1.3303,2250000,2250000
2017-03-16 12:35:09.047000,1.33039,1.3303,1870000,5620000
2017-03-16 12:35:09.766000,1.3304,1.33034,2810000,1000000
2017-03-16 12:35:09.867000,1.33041,1.33033,1500000,3000000
2017-03-16 12:35:10.019000,1.33044,1.33036,1560000,1200000
2017-03-16 12:35:10.273000,1.33045,1.33037,2060000,1000000
2017-03-16 12:35:11.045000,1.33046,1.33037,2440000,1500000
2017-03-16 12:35:11.198000,1.33044,1.33036,1000000,1000000
2017-03-16 12:35:11.400000,1.33041,1.33036,1000000,1000000
2017-03-16 12:35:11.451000,1.3304,1.33034,1000000,1120000
2017-03-16 12:35:11.653000,1.3304,1.33031,2250000,2250000
2017-03-16 12:35:13.871000,1.3304,1.33032,1500000,1000000
2017-03-16 12:35:15.590000,1.3304,1.33031,1500000,1000000
2017-03-16 12:35:16.115000,1.33036,1.3303,1000000,1120000
2017-03-16 12:35:16.330000,1.33039,1.33029,1970000,1500000
2017-03-16 12:35:16.684000,1.3304,1.33032,1000000,3370000
2017-03-16 12:35:17.192000,1.33041,1.33032,1970000,4870000
2017-03-16 12:35:17.396000,1.33043,1.33035,1120000,1870000
2017-03-16 12:35:17.959000,1.33044,1.33036,1500000,1000000
2017-03-16 12:35:18.667000,1.33045,1.33036,2340000,1500000
2017-03-16 12:35:21.016000,1.33045,1.33039,1000000,1000000
2017-03-16 12:35:21.326000,1.33047,1.33039,1000000,5620000
2017-03-16 12:35:21.832000,1.33049,1.3304,1500000,1370000
2017-03-16 12:35:22.448000,1.33049,1.3304,3370000,1120000
2017-03-16 12:35:22.904000,1.3305,1.33041,1970000,1870000
2017-03-16 12:35:23.005000,1.3305,1.33041,1120000,4120000
2017-03-16 12:35:23.923000,1.33052,1.33048,3090000,1120000
2017-03-16 12:35:23.975000,1.33053,1.33049,1870000,1870000
2017-03-16 12:35:24.077000,1.33056,1.3305,1000000,1000000
2017-03-16 12:35:24.494000,1.33058,1.3305,1500000,1500000
2017-03-16 12:35:27.828000,1.33058,1.33051,1000000,1000000
2017-03-16 12:35:29.326000,1.33058,1.3305,1120000,2250000
2017-03-16 12:35:30.223000,1.33058,1.3305,1120000,2620000
2017-03-16 12:35:33.200000,1.33058,1.3305,3370000,2250000
2017-03-16 12:35:33.715000,1.33058,1.33051,3370000,1000000
2017-03-16 12:35:35.390000,1.33058,1.3305,2620000,1000000
2017-03-16 12:35:37.727000,1.33058,1.33051,2620000,1000000
2017-03-16 12:35:40.810000,1.33061,1.33056,8440000,1370000
2017-03-16 12:35:40.962000,1.33069,1.33063,1120000,1000000
2017-03-16 12:35:41.469000,1.3307,1.33062,2620000,1500000
2017-03-16 12:35:42.121000,1.33069,1.33062,3370000,1500000
2017-03-16 12:35:42.476000,1.33066,1.33059,1000000,1000000
2017-03-16 12:35:42.578000,1.33059,1.33055,1000000,7870000
2017-03-16 12:35:42.629000,1.3306,1.33056,1120000,1000000
2017-03-16 12:35:42.831000,1.33059,1.33051,3000000,1000000
2017-03-16 12:35:42.933000,1.33058,1.33051,2620000,1000000
2017-03-16 12:35:43.524000,1.33059,1.33051,5620000,1000000
2017-03-16 12:35:44.334000,1.33059,1.33052,4120000,1000000
2017-03-16 12:35:44.843000,1.33059,1.33051,4120000,2250000
2017-03-16 12:35:45.628000,1.33059,1.3305,2620000,2250000
2017-03-16 12:35:49.589000,1.33058,1.33052,1500000,1000000
2017-03-16 12:35:50.183000,1.33058,1.33051,1500000,1000000
2017-03-16 12:35:50.704000,1.33058,1.33052,3370000,1000000
2017-03-16 12:35:52.258000,1.33058,1.33051,3370000,1000000
2017-03-16 12:35:53.550000,1.33058,1.33051,1500000,1000000
2017-03-16 12:35:56.047000,1.33059,1.33054,1000000,1000000
2017-03-16 12:35:56.249000,1.33059,1.33051,1120000,3000000
2017-03-16 12:35:56.350000,1.33059,1.33052,1000000,2620000
2017-03-16 12:35:58.474000,1.33058,1.33052,1000000,2620000
2017-03-16 12:35:58.916000,1.3306,1.33053,1000000,1500000
2017-03-16 12:35:59.417000,1.33061,1.33053,1120000,1500000
2017-03-16 12:36:01.015000,1.33062,1.33058,2250000,1000000
2017-03-16 12:36:01.168000,1.33065,1.3306,1370000,1000000
2017-03-16 12:36:01.270000,1.33068,1.3306,1120000,1870000
2017-03-16 12:36:01.775000,1.33069,1.3306,1500000,3000000
2017-03-16 12:36:02.130000,1.33067,1.3306,1000000,1500000
2017-03-16 12:36:03.151000,1.33068,1.33061,1000000,1000000
2017-03-16 12:36:03.689000,1.33069,1.33062,1870000,1120000
2017-03-16 12:36:03.983000,1.33076,1.33068,3370000,1000000
2017-03-16 12:36:05.023000,1.33077,1.3307,2250000,1000000
2017-03-16 12:36:06.495000,1.33077,1.33068,2250000,1000000
2017-03-16 12:36:07.114000,1.33077,1.33068,1120000,4120000
2017-03-16 12:36:10.605000,1.33072,1.33067,1000000,3750000
2017-03-16 12:36:10.807000,1.33072,1.33065,1120000,1870000
2017-03-16 12:36:12.626000,1.33071,1.33065,1000000,1000000
2017-03-16 12:36:12.879000,1.33069,1.33061,1000000,1500000
2017-03-16 12:36:13.424000,1.3307,1.33061,2250000,1500000
2017-03-16 12:36:17.195000,1.3307,1.33063,2620000,1000000
2017-03-16 12:36:17.296000,1.33072,1.33065,3370000,1000000
2017-03-16 12:36:17.601000,1.33072,1.33066,1000000,3000000
2017-03-16 12:36:17.652000,1.33075,1.33066,1870000,3000000
2017-03-16 12:36:21.599000,1.33074,1.33066,1500000,1120000
2017-03-16 12:36:22.780000,1.33074,1.33066,1000000,1370000
2017-03-16 12:36:23.666000,1.33073,1.33066,1000000,1870000
2017-03-16 12:36:26.789000,1.33073,1.33066,1120000,1870000
2017-03-16 12:36:29.822000,1.33074,1.33066,1120000,1000000
2017-03-16 12:36:33.347000,1.33075,1.33067,2250000,1000000
2017-03-16 12:36:33.398000,1.33075,1.33069,1500000,1000000
2017-03-16 12:36:33.551000,1.33077,1.33069,1500000,1000000
2017-03-16 12:36:34.059000,1.33077,1.33069,2250000,1000000
2017-03-16 12:36:35.425000,1.33077,1.33069,1000000,4120000
2017-03-16 12:36:35.540000,1.33077,1.33069,1000000,2250000
2017-03-16 12:36:35.924000,1.33078,1.33074,1000000,1000000
2017-03-16 12:36:35.975000,1.33078,1.33074,1000000,1000000
2017-03-16 12:36:36.026000,1.3308,1.33074,3370000,1500000
2017-03-16 12:36:36.128000,1.33081,1.33076,1500000,1000000
2017-03-16 12:36:36.479000,1.33084,1.33076,1000000,2250000
2017-03-16 12:36:36.580000,1.33085,1.33079,2250000,1000000
2017-03-16 12:36:37.085000,1.33086,1.3308,1870000,1000000
2017-03-16 12:36:37.593000,1.33086,1.3308,1000000,1120000
2017-03-16 12:36:38.593000,1.33087,1.3308,1500000,1000000
2017-03-16 12:36:38.897000,1.33089,1.33082,1000000,1120000
2017-03-16 12:36:39.404000,1.33089,1.33083,1000000,1000000
2017-03-16 12:36:39.934000,1.33091,1.33083,1370000,1000000
2017-03-16 12:36:41.414000,1.33089,1.33082,1000000,2620000
2017-03-16 12:36:41.718000,1.33083,1.33077,1000000,2250000
2017-03-16 12:36:41.921000,1.3308,1.33074,1000000,3000000
2017-03-16 12:36:42.123000,1.3308,1.33073,4120000,1000000
2017-03-16 12:36:42.174000,1.3308,1.33071,4500000,1870000
2017-03-16 12:36:42.386000,1.3308,1.33074,1000000,1500000
2017-03-16 12:36:42.437000,1.33082,1.33075,2620000,1120000
2017-03-16 12:36:42.791000,1.33082,1.33073,1120000,2620000
2017-03-16 12:36:44.434000,1.33082,1.33074,1120000,1000000
2017-03-16 12:36:47.844000,1.33082,1.33074,1120000,1370000
2017-03-16 12:36:50.761000,1.33081,1.33074,1000000,1000000
2017-03-16 12:36:51.173000,1.33082,1.33074,1000000,3370000
2017-03-16 12:36:51.439000,1.33082,1.33074,1500000,1120000
2017-03-16 12:36:56.830000,1.33083,1.33076,1000000,1000000
2017-03-16 12:36:57.134000,1.33087,1.33079,3000000,1000000
2017-03-16 12:36:57.741000,1.33084,1.33077,1000000,2250000
2017-03-16 12:36:58.466000,1.33087,1.33077,2250000,1500000
2017-03-16 12:36:58.668000,1.33087,1.33078,2250000,2620000
2017-03-16 12:37:00.004000,1.33087,1.33078,2620000,1500000
2017-03-16 12:37:01.998000,1.33087,1.33078,2250000,3370000
2017-03-16 12:37:04.528000,1.33087,1.33081,1120000,1000000
2017-03-16 12:37:05.253000,1.33089,1.3308,3000000,2250000
2017-03-16 12:37:05.595000,1.3309,1.33082,2250000,1870000
2017-03-16 12:37:05.697000,1.3309,1.33085,1000000,1000000
2017-03-16 12:37:05.946000,1.33092,1.33086,1870000,1000000
2017-03-16 12:37:06.047000,1.33092,1.33083,2620000,1120000
2017-03-16 12:37:06.199000,1.33092,1.33085,1120000,1000000
2017-03-16 12:37:06.505000,1.33097,1.33093,2100000,1870000
2017-03-16 12:37:06.811000,1.33106,1.33102,2620000,1120000
2017-03-16 12:37:06.913000,1.33111,1.33104,1500000,1000000
2017-03-16 12:37:07.079000,1.33107,1.33103,1000000,1120000
2017-03-16 12:37:07.282000,1.33105,1.331,1500000,2250000
2017-03-16 12:37:07.383000,1.33105,1.33099,1500000,1000000
2017-03-16 12:37:07.485000,1.33105,1.33101,1000000,1000000
2017-03-16 12:37:07.637000,1.33109,1.33103,1370000,1000000
2017-03-16 12:37:07.738000,1.33106,1.33102,1000000,1870000
2017-03-16 12:37:08.151000,1.33111,1.33105,1000000,1000000
2017-03-16 12:37:09.264000,1.33111,1.33103,1000000,2250000
2017-03-16 12:37:09.366000,1.33109,1.33103,1000000,1500000
2017-03-16 12:37:09.679000,1.33105,1.33101,2250000,1000000
2017-03-16 12:37:09.933000,1.33111,1.33102,2620000,1120000
2017-03-16 12:37:10.640000,1.33111,1.33103,2620000,1000000
2017-03-16 12:37:11.030000,1.3311,1.33101,1120000,1000000
2017-03-16 12:37:11.540000,1.3311,1.33101,3000000,1000000
2017-03-16 12:37:13.417000,1.33108,1.33102,1000000,1000000
2017-03-16 12:37:13.943000,1.33108,1.33101,1000000,1000000
2017-03-16 12:37:15.842000,1.33108,1.33102,1000000,1000000
2017-03-16 12:37:17.742000,1.33111,1.33102,4500000,1120000
2017-03-16 12:37:20.052000,1.3311,1.33102,3370000,1000000
2017-03-16 12:37:23.319000,1.3311,1.33102,1000000,1370000
2017-03-16 12:37:23.836000,1.33109,1.33104,1000000,1000000
2017-03-16 12:37:25.343000,1.33109,1.33103,1000000,1000000
2017-03-16 12:37:27.873000,1.33112,1.33103,1870000,1000000
2017-03-16 12:37:30.229000,1.33112,1.33103,2620000,1870000
2017-03-16 12:37:30.740000,1.3311,1.33103,1000000,1500000
2017-03-16 12:37:31.795000,1.3311,1.33104,1000000,1000000
2017-03-16 12:37:33.691000,1.33112,1.33108,6370000,1000000
2017-03-16 12:37:33.944000,1.33119,1.33111,1370000,1120000
2017-03-16 12:37:40.278000,1.33116,1.3311,1120000,1500000
2017-03-16 12:37:40.599000,1.33116,1.33107,3370000,3470000
2017-03-16 12:37:40.751000,1.33116,1.33109,1870000,1000000
2017-03-16 12:37:46.487000,1.33116,1.3311,1120000,1000000
2017-03-16 12:37:46.690000,1.33118,1.33111,1120000,1120000
2017-03-16 12:37:47.200000,1.33118,1.33111,1500000,1000000
2017-03-16 12:37:47.503000,1.33119,1.33111,1120000,1000000
2017-03-16 12:37:48.142000,1.3312,1.33112,1500000,1000000
2017-03-16 12:37:48.396000,1.33119,1.33111,2620000,1500000
2017-03-16 12:37:52.899000,1.33118,1.3311,2620000,1120000
2017-03-16 12:37:53.204000,1.33115,1.33107,2620000,1500000
2017-03-16 12:37:55.005000,1.33115,1.33108,2620000,1000000
2017-03-16 12:37:55.520000,1.33115,1.33107,2620000,2250000
2017-03-16 12:37:56.534000,1.33114,1.33106,1370000,1120000
2017-03-16 12:37:57.262000,1.33114,1.33107,4860000,1000000
2017-03-16 12:37:57.415000,1.33112,1.33104,1500000,1120000
2017-03-16 12:37:57.925000,1.33111,1.33103,1500000,1000000
2017-03-16 12:37:58.128000,1.33105,1.33101,1000000,1500000
2017-03-16 12:37:58.350000,1.33102,1.33093,1000000,2620000
2017-03-16 12:37:58.401000,1.33101,1.33092,1120000,1870000
2017-03-16 12:37:58.504000,1.33099,1.33093,1000000,1000000
2017-03-16 12:37:58.807000,1.33101,1.33093,1870000,1000000
2017-03-16 12:37:59.112000,1.331,1.33091,1120000,3370000
2017-03-16 12:37:59.416000,1.33098,1.33092,1000000,1000000
2017-03-16 12:37:59.951000,1.33098,1.33091,1000000,1500000
2017-03-16 12:38:00.488000,1.33098,1.33092,1000000,1000000
2017-03-16 12:38:01.019000,1.33098,1.33091,1000000,1500000
2017-03-16 12:38:02.233000,1.33098,1.33092,1000000,1000000
2017-03-16 12:38:02.757000,1.33101,1.33092,6000000,1000000
2017-03-16 12:38:03.131000,1.33101,1.33096,3370000,1120000
2017-03-16 12:38:03.232000,1.33103,1.33097,2620000,4870000
2017-03-16 12:38:03.334000,1.33106,1.33098,1500000,1870000
2017-03-16 12:38:03.437000,1.33106,1.33098,1000000,4120000
2017-03-16 12:38:03.640000,1.33106,1.33097,1500000,2250000
2017-03-16 12:38:03.742000,1.33105,1.33096,4870000,1870000
2017-03-16 12:38:04.299000,1.33105,1.33096,5620000,1120000
2017-03-16 12:38:09.449000,1.33104,1.33099,1000000,1370000
2017-03-16 12:38:09.608000,1.33105,1.33097,1500000,1000000
2017-03-16 12:38:09.813000,1.33104,1.33099,1000000,1370000
2017-03-16 12:38:10.117000,1.33108,1.33104,1500000,1870000
2017-03-16 12:38:10.168000,1.33112,1.33104,2250000,1870000
2017-03-16 12:38:10.421000,1.33107,1.33102,1870000,3000000
2017-03-16 12:38:10.746000,1.33101,1.33095,2620000,10870000
2017-03-16 12:38:10.899000,1.331,1.33091,1500000,1500000
2017-03-16 12:38:11.405000,1.331,1.33092,1870000,1000000
2017-03-16 12:38:12.175000,1.331,1.33093,1370000,1120000
2017-03-16 12:38:12.379000,1.33101,1.33094,1000000,1500000
2017-03-16 12:38:12.965000,1.33101,1.33093,1000000,1000000
2017-03-16 12:38:13.345000,1.33104,1.33095,4870000,1500000
2017-03-16 12:38:13.855000,1.33104,1.33095,3000000,1000000
2017-03-16 12:38:14.373000,1.33103,1.33093,3370000,2620000
2017-03-16 12:38:14.878000,1.33101,1.33093,2620000,1000000
2017-03-16 12:38:15.407000,1.33097,1.33091,4870000,1000000
2017-03-16 12:38:15.458000,1.33094,1.33087,1000000,1120000
2017-03-16 12:38:15.963000,1.33094,1.33085,1870000,2620000
2017-03-16 12:38:16.504000,1.33094,1.33085,4120000,1500000
2017-03-16 12:38:17.113000,1.3309,1.33085,1000000,1500000
2017-03-16 12:38:17.997000,1.33094,1.33085,4870000,1870000
2017-03-16 12:38:18.351000,1.3309,1.33085,1000000,1120000
2017-03-16 12:38:18.452000,1.33093,1.33084,2250000,1500000
2017-03-16 12:38:18.554000,1.33092,1.33084,2620000,1000000
2017-03-16 12:38:18.757000,1.3309,1.33082,1500000,4500000
2017-03-16 12:38:19.420000,1.3309,1.33083,1500000,1000000
2017-03-16 12:38:19.952000,1.3309,1.33082,1500000,4500000
2017-03-16 12:38:20.155000,1.3309,1.3308,3750000,1870000
2017-03-16 12:38:20.459000,1.33089,1.33083,2620000,1000000
2017-03-16 12:38:21.071000,1.33087,1.33081,1000000,1000000
2017-03-16 12:38:21.273000,1.33091,1.33085,2620000,1000000
2017-03-16 12:38:21.375000,1.33093,1.33086,3750000,1000000
2017-03-16 12:38:22.376000,1.33093,1.33086,1120000,1120000
2017-03-16 12:38:22.580000,1.33093,1.33088,1000000,1000000
2017-03-16 12:38:22.898000,1.33095,1.33089,6000000,1870000
2017-03-16 12:38:23,1.33096,1.33089,2250000,3370000
2017-03-16 12:38:23.304000,1.33094,1.33089,1000000,1120000
2017-03-16 12:38:23.355000,1.33093,1.33089,2250000,1120000
2017-03-16 12:38:23.517000,1.33091,1.33086,1000000,1000000
2017-03-16 12:38:24.055000,1.33092,1.33086,3370000,1000000
2017-03-16 12:38:24.460000,1.33093,1.33088,2620000,1000000
2017-03-16 12:38:24.779000,1.33094,1.33088,1500000,1000000
2017-03-16 12:38:25.886000,1.33093,1.33086,2620000,1000000
2017-03-16 12:38:26.291000,1.33094,1.33087,2250000,1000000
2017-03-16 12:38:27.405000,1.33095,1.33088,4120000,1000000
2017-03-16 12:38:27.772000,1.33095,1.33086,4120000,1500000
2017-03-16 12:38:28.382000,1.33095,1.33087,2620000,1000000
2017-03-16 12:38:29.878000,1.33095,1.33086,2620000,1000000
2017-03-16 12:38:30.416000,1.33095,1.33087,2620000,1000000
2017-03-16 12:38:31.128000,1.33094,1.33087,1000000,1120000
2017-03-16 12:38:32.032000,1.33094,1.33086,3000000,1870000
2017-03-16 12:38:32.570000,1.33094,1.33085,3370000,5620000
2017-03-16 12:38:32.939000,1.33094,1.33087,2620000,1000000
2017-03-16 12:38:33.041000,1.33096,1.33087,5620000,1000000
2017-03-16 12:38:33.562000,1.33095,1.33086,1500000,3000000
2017-03-16 12:38:34.069000,1.33095,1.33086,1120000,2620000
2017-03-16 12:38:34.120000,1.33095,1.33086,3000000,1500000
2017-03-16 12:38:35.374000,1.33095,1.33087,3370000,1000000
2017-03-16 12:38:35.792000,1.33095,1.33087,2250000,1500000
2017-03-16 12:38:39.857000,1.33095,1.33088,1000000,1000000
2017-03-16 12:38:45.734000,1.33096,1.33091,1000000,3000000
2017-03-16 12:38:45.937000,1.33101,1.33094,2250000,3000000
2017-03-16 12:38:46.039000,1.33102,1.33094,1120000,3750000
2017-03-16 12:38:46.580000,1.33102,1.33094,1500000,1120000
2017-03-16 12:38:46.935000,1.33103,1.33097,1120000,1000000
2017-03-16 12:38:47.087000,1.33105,1.33097,1500000,1000000
2017-03-16 12:38:47.990000,1.33104,1.33097,1500000,1870000
2017-03-16 12:38:48.092000,1.33104,1.33096,3750000,1370000
2017-03-16 12:38:48.597000,1.33104,1.33096,4870000,3000000
2017-03-16 12:38:48.749000,1.33104,1.33096,2250000,4500000
2017-03-16 12:38:49.155000,1.33104,1.33095,3750000,1500000
2017-03-16 12:38:50.194000,1.33102,1.33095,2250000,3750000
2017-03-16 12:38:50.346000,1.33103,1.33096,1000000,1000000
2017-03-16 12:38:50.945000,1.33103,1.33095,1000000,3000000
2017-03-16 12:38:51.501000,1.33105,1.33095,4120000,1870000
2017-03-16 12:38:51.552000,1.33105,1.33096,2250000,1000000
2017-03-16 12:38:52.077000,1.33104,1.33096,1500000,3000000
2017-03-16 12:38:52.557000,1.33104,1.33098,1000000,3000000
2017-03-16 12:38:52.659000,1.33106,1.33098,1120000,3000000
2017-03-16 12:38:52.912000,1.33108,1.331,3370000,1500000
2017-03-16 12:38:53.165000,1.33111,1.33103,4120000,1500000
2017-03-16 12:38:53.721000,1.3311,1.33103,1000000,1500000
2017-03-16 12:38:55.847000,1.33111,1.33102,4120000,1500000
2017-03-16 12:38:56.100000,1.33109,1.33102,2250000,1000000
2017-03-16 12:38:56.353000,1.33111,1.33102,3750000,3000000
2017-03-16 12:38:58.326000,1.33111,1.33103,2250000,1000000
2017-03-16 12:38:58.996000,1.33111,1.33104,1000000,6370000
2017-03-16 12:38:59.149000,1.33113,1.33106,1000000,1500000
2017-03-16 12:38:59.251000,1.33115,1.33106,1000000,3000000
2017-03-16 12:38:59.822000,1.33115,1.33106,3000000,2250000
2017-03-16 12:39:00.281000,1.33115,1.3311,1500000,1000000
2017-03-16 12:39:00.435000,1.33117,1.3311,1000000,1500000
2017-03-16 12:39:00.486000,1.33117,1.33112,1000000,1000000
2017-03-16 12:39:00.791000,1.33121,1.33112,1870000,4500000
2017-03-16 12:39:01.370000,1.3312,1.33112,1500000,1000000
2017-03-16 12:39:01.876000,1.3312,1.33112,1500000,1500000
2017-03-16 12:39:02.393000,1.3312,1.33111,1500000,3000000
2017-03-16 12:39:03.033000,1.3312,1.33112,2250000,1000000
2017-03-16 12:39:03.135000,1.33119,1.33112,3000000,1000000
2017-03-16 12:39:03.641000,1.33118,1.3311,1500000,1870000
2017-03-16 12:39:03.743000,1.3312,1.33116,8250000,1000000
2017-03-16 12:39:03.844000,1.3312,1.33112,4120000,1000000
2017-03-16 12:39:04.097000,1.33118,1.3311,1000000,1500000
2017-03-16 12:39:04.148000,1.33118,1.3311,2620000,1500000
2017-03-16 12:39:04.635000,1.33118,1.33112,2620000,1000000
2017-03-16 12:39:04.737000,1.33118,1.33112,1000000,1000000
2017-03-16 12:39:04.889000,1.3312,1.33112,1120000,1500000
2017-03-16 12:39:06.121000,1.33119,1.33112,1000000,1000000
2017-03-16 12:39:06.224000,1.33119,1.33112,3000000,1000000
2017-03-16 12:39:06.275000,1.33119,1.3311,2620000,1870000
2017-03-16 12:39:07.195000,1.33116,1.33109,1500000,1370000
2017-03-16 12:39:07.297000,1.33114,1.33108,1000000,1000000
2017-03-16 12:39:07.497000,1.33115,1.33106,4120000,1000000
2017-03-16 12:39:08.010000,1.33113,1.33105,1500000,1120000
2017-03-16 12:39:08.517000,1.33115,1.33105,3370000,4500000
2017-03-16 12:39:08.874000,1.33113,1.33104,1120000,2620000
2017-03-16 12:39:08.925000,1.33111,1.33104,3370000,1120000
2017-03-16 12:39:09.077000,1.33111,1.33102,3370000,1120000
2017-03-16 12:39:09.584000,1.3311,1.33101,2620000,3370000
2017-03-16 12:39:11.026000,1.3311,1.33101,1500000,1120000
2017-03-16 12:39:11.128000,1.3311,1.33101,3370000,1120000
2017-03-16 12:39:11.644000,1.3311,1.331,4120000,4120000
2017-03-16 12:39:12.458000,1.33109,1.33103,1000000,1000000
2017-03-16 12:39:12.610000,1.33111,1.33103,1120000,1120000
2017-03-16 12:39:13.115000,1.33111,1.33104,1120000,1000000
2017-03-16 12:39:13.631000,1.3311,1.33103,1000000,1120000
2017-03-16 12:39:14.193000,1.33109,1.33103,1000000,1000000
2017-03-16 12:39:14.546000,1.33111,1.33103,2620000,1000000
2017-03-16 12:39:15.286000,1.33111,1.33104,1870000,1000000
2017-03-16 12:39:15.811000,1.33111,1.33105,1870000,1000000
2017-03-16 12:39:16.470000,1.33111,1.33103,1870000,3000000
2017-03-16 12:39:16.572000,1.33111,1.33103,3370000,1870000
2017-03-16 12:39:16.876000,1.33111,1.33105,2620000,2620000
2017-03-16 12:39:17.004000,1.33113,1.33105,1120000,6000000
2017-03-16 12:39:17.055000,1.33113,1.33106,2620000,3000000
2017-03-16 12:39:17.268000,1.33117,1.33107,4120000,3000000
2017-03-16 12:39:17.776000,1.33117,1.33111,2620000,1120000
2017-03-16 12:39:17.979000,1.33119,1.33111,3370000,1120000
2017-03-16 12:39:19.227000,1.33119,1.33112,2620000,1000000
2017-03-16 12:39:21.107000,1.33118,1.33111,1370000,1500000
2017-03-16 12:39:21.810000,1.33117,1.33111,1500000,1000000
2017-03-16 12:39:22.064000,1.33119,1.33112,1500000,1000000
2017-03-16 12:39:22.266000,1.33118,1.33111,2620000,1870000
2017-03-16 12:39:22.975000,1.33117,1.33111,2620000,1000000
2017-03-16 12:39:23.922000,1.33117,1.3311,2620000,1120000
2017-03-16 12:39:24.427000,1.33116,1.3311,2620000,1000000
2017-03-16 12:39:25.180000,1.33117,1.3311,1120000,1000000
2017-03-16 12:39:25.687000,1.33118,1.33111,2620000,1000000
2017-03-16 12:39:25.788000,1.33116,1.33112,2620000,1000000
2017-03-16 12:39:25.890000,1.33121,1.33112,4870000,1500000
2017-03-16 12:39:26.282000,1.3312,1.33113,1500000,4500000
2017-03-16 12:39:26.486000,1.33123,1.33116,2620000,1270000
2017-03-16 12:39:26.639000,1.3312,1.33115,1000000,1500000
2017-03-16 12:39:26.944000,1.33114,1.33108,1000000,2250000
2017-03-16 12:39:27.104000,1.33114,1.33106,2250000,2620000
2017-03-16 12:39:27.155000,1.33114,1.33107,1120000,1000000
2017-03-16 12:39:27.763000,1.33113,1.33106,1120000,1500000
2017-03-16 12:39:28.268000,1.33113,1.33105,1120000,1120000
2017-03-16 12:39:28.797000,1.33113,1.33104,1120000,2250000
2017-03-16 12:39:29.926000,1.33112,1.33104,1000000,2250000
2017-03-16 12:39:29.978000,1.3311,1.33103,1000000,2250000
2017-03-16 12:39:30.270000,1.33109,1.33101,1000000,2620000
2017-03-16 12:39:31.484000,1.33109,1.33102,1370000,1000000
2017-03-16 12:39:32.032000,1.33109,1.33101,1370000,3750000
2017-03-16 12:39:35.195000,1.3311,1.33103,4120000,1000000
2017-03-16 12:39:35.700000,1.3311,1.33102,1370000,1870000
2017-03-16 12:39:36.635000,1.3311,1.33103,1370000,2250000
2017-03-16 12:39:36.874000,1.33111,1.33104,1120000,1870000
2017-03-16 12:39:37.380000,1.33111,1.33103,1500000,1000000
2017-03-16 12:39:37.905000,1.33111,1.33102,2250000,1000000
2017-03-16 12:39:38.843000,1.33111,1.33103,1500000,1000000
2017-03-16 12:39:39.096000,1.33111,1.33105,1000000,1000000
2017-03-16 12:39:39.602000,1.33112,1.33105,1000000,1000000
2017-03-16 12:39:40.119000,1.33112,1.33104,1000000,1000000
2017-03-16 12:39:40.573000,1.3311,1.33103,1120000,1120000
2017-03-16 12:39:40.877000,1.33108,1.33103,1000000,1000000
2017-03-16 12:39:41.515000,1.33108,1.33101,1000000,1000000
2017-03-16 12:39:42.024000,1.3311,1.33102,4870000,1000000
2017-03-16 12:39:42.643000,1.33109,1.33102,3370000,1000000
2017-03-16 12:39:42.744000,1.33109,1.33103,1000000,1000000
2017-03-16 12:39:43.250000,1.3311,1.33103,1120000,1000000
2017-03-16 12:39:44.267000,1.33112,1.33103,1500000,1500000
2017-03-16 12:39:44.817000,1.33112,1.33103,2250000,1000000
2017-03-16 12:39:45.232000,1.33112,1.33105,3370000,1000000
2017-03-16 12:39:45.502000,1.33114,1.33106,2620000,1120000
2017-03-16 12:39:46.372000,1.33114,1.33107,3370000,1000000
2017-03-16 12:39:47.063000,1.33114,1.33105,1870000,4500000
2017-03-16 12:39:47.785000,1.33113,1.33105,1500000,2250000
2017-03-16 12:39:58.055000,1.33113,1.33106,1500000,3000000
2017-03-16 12:39:58.106000,1.33113,1.33109,2620000,1500000
2017-03-16 12:39:58.157000,1.33114,1.3311,1000000,1000000
2017-03-16 12:39:58.258000,1.33118,1.3311,1120000,1370000
2017-03-16 12:39:58.561000,1.33117,1.33109,1000000,1000000
2017-03-16 12:39:59.136000,1.33117,1.3311,1000000,3000000
2017-03-16 12:39:59.187000,1.33119,1.33112,2250000,1000000
2017-03-16 12:39:59.289000,1.3312,1.33112,2620000,2250000
2017-03-16 12:39:59.807000,1.3312,1.33112,2250000,1870000
2017-03-16 12:40:00.344000,1.3312,1.33113,2250000,1000000
2017-03-16 12:40:00.911000,1.3312,1.33114,1000000,1120000
2017-03-16 12:40:00.962000,1.33119,1.33113,1370000,1000000
2017-03-16 12:40:01.569000,1.33119,1.33111,1370000,2620000
2017-03-16 12:40:02.716000,1.33119,1.33112,1870000,1000000
2017-03-16 12:40:03.260000,1.33119,1.33111,1870000,2620000
2017-03-16 12:40:04.760000,1.3312,1.33113,4120000,1500000
2017-03-16 12:40:04.862000,1.3312,1.33113,1120000,1500000
2017-03-16 12:40:06.015000,1.33121,1.33113,1500000,1000000
2017-03-16 12:40:06.369000,1.33121,1.33114,3370000,1000000
2017-03-16 12:40:06.471000,1.33121,1.33113,1870000,3370000
2017-03-16 12:40:06.572000,1.33121,1.33113,3750000,1000000
2017-03-16 12:40:07.114000,1.3312,1.33112,3370000,1000000
2017-03-16 12:40:07.656000,1.3312,1.33111,4870000,1500000
2017-03-16 12:40:08.173000,1.33119,1.33111,1000000,1000000
2017-03-16 12:40:08.477000,1.3312,1.33113,1120000,1500000
2017-03-16 12:40:08.792000,1.3312,1.33113,2620000,1500000
2017-03-16 12:40:13.547000,1.3312,1.33112,2620000,1000000
2017-03-16 12:40:14.082000,1.33121,1.33112,4500000,1120000
2017-03-16 12:40:17.038000,1.33119,1.33111,3370000,1500000
2017-03-16 12:40:28.532000,1.33114,1.3311,1500000,3370000
2017-03-16 12:40:28.837000,1.33109,1.33104,1500000,6750000
2017-03-16 12:40:28.989000,1.33108,1.33104,1000000,1000000
2017-03-16 12:40:29.090000,1.33108,1.33102,1000000,1000000
2017-03-16 12:40:29.670000,1.3311,1.33101,3000000,2620000
2017-03-16 12:40:30.214000,1.3311,1.33102,1370000,1000000
2017-03-16 12:40:30.736000,1.33111,1.33101,5250000,2250000
2017-03-16 12:40:30.894000,1.33111,1.33103,5250000,1000000
2017-03-16 12:40:31.717000,1.33111,1.33101,4500000,1500000
2017-03-16 12:40:32.252000,1.3311,1.33101,3370000,2250000
2017-03-16 12:40:35.460000,1.3311,1.33102,2620000,1000000
2017-03-16 12:40:40.975000,1.3311,1.33101,2620000,2250000
2017-03-16 12:40:42.500000,1.3311,1.33102,4120000,1000000
2017-03-16 12:40:44.755000,1.33106,1.33101,3750000,1500000
2017-03-16 12:40:44.957000,1.33103,1.33096,1370000,1120000
2017-03-16 12:40:45.058000,1.33102,1.33095,2620000,1500000
2017-03-16 12:40:45.160000,1.33102,1.33095,1000000,1500000
2017-03-16 12:40:45.312000,1.331,1.33095,1000000,1000000
2017-03-16 12:40:45.565000,1.33102,1.33095,1000000,1000000
2017-03-16 12:40:47.162000,1.33102,1.33095,2620000,1000000
2017-03-16 12:40:49.725000,1.33102,1.33093,2620000,1870000
2017-03-16 12:40:50.348000,1.331,1.33094,1120000,1000000
2017-03-16 12:40:50.761000,1.33096,1.33092,1000000,2620000
2017-03-16 12:40:51.014000,1.33094,1.33086,1870000,1000000
2017-03-16 12:40:51.166000,1.33091,1.33084,1370000,1500000
2017-03-16 12:40:52.284000,1.33091,1.33083,1500000,3750000
2017-03-16 12:40:52.803000,1.3309,1.33083,4870000,2250000
2017-03-16 12:40:53.113000,1.33082,1.33076,1370000,1000000
2017-03-16 12:40:53.216000,1.33083,1.33075,1120000,1000000
2017-03-16 12:40:53.267000,1.33083,1.33075,3000000,1000000
2017-03-16 12:40:53.825000,1.33082,1.33073,1370000,4120000
2017-03-16 12:40:54.175000,1.33078,1.33073,1000000,1870000
2017-03-16 12:40:54.428000,1.33077,1.33072,1500000,1000000
2017-03-16 12:40:54.529000,1.3308,1.33074,1870000,1120000
2017-03-16 12:40:54.782000,1.33081,1.33073,1300000,2250000
2017-03-16 12:40:55.189000,1.33081,1.33073,2620000,1000000
2017-03-16 12:40:55.392000,1.33082,1.33074,1000000,1370000
2017-03-16 12:40:55.899000,1.33085,1.33075,1500000,1870000
2017-03-16 12:40:57.394000,1.33084,1.33074,3000000,3750000
2017-03-16 12:40:57.924000,1.33083,1.33074,2620000,2340000
2017-03-16 12:40:58.239000,1.33083,1.33078,1000000,1000000
2017-03-16 12:40:58.780000,1.33086,1.33078,4120000,1500000
2017-03-16 12:41:00.689000,1.33086,1.3308,3370000,2020000
2017-03-16 12:41:00.791000,1.33088,1.33082,2620000,1870000
2017-03-16 12:41:00.842000,1.33088,1.33084,1000000,1120000
2017-03-16 12:41:01.044000,1.33092,1.33086,1000000,1120000
2017-03-16 12:41:01.264000,1.33092,1.33084,1000000,1500000
2017-03-16 12:41:01.517000,1.33092,1.33085,2620000,1000000
2017-03-16 12:41:04.015000,1.33092,1.33084,2620000,2250000
2017-03-16 12:41:05.523000,1.33091,1.33084,1000000,1500000
2017-03-16 12:41:05.625000,1.33091,1.33082,2620000,2250000
2017-03-16 12:41:06.239000,1.3309,1.33081,1000000,3000000
2017-03-16 12:41:06.442000,1.33089,1.3308,2250000,3000000
2017-03-16 12:41:07.469000,1.33089,1.33081,1500000,1000000
2017-03-16 12:41:07.996000,1.33088,1.3308,1000000,1500000
2017-03-16 12:41:08.570000,1.33088,1.33079,1000000,2250000
2017-03-16 12:41:08.620000,1.33088,1.33082,1000000,1000000
2017-03-16 12:41:08.671000,1.33088,1.3308,1000000,2250000
2017-03-16 12:41:08.823000,1.33089,1.33081,1000000,4870000
2017-03-16 12:41:09.325000,1.33089,1.3308,1500000,1500000
2017-03-16 12:41:09.865000,1.3309,1.33082,3370000,1000000
2017-03-16 12:41:10.421000,1.33086,1.33081,1000000,1120000
2017-03-16 12:41:10.733000,1.33084,1.33076,2250000,2620000
2017-03-16 12:41:10.885000,1.33084,1.33076,1000000,1500000
2017-03-16 12:41:11.619000,1.33084,1.33077,1000000,1000000
2017-03-16 12:41:12.181000,1.33084,1.33078,2250000,1000000
2017-03-16 12:41:12.701000,1.33084,1.33077,1500000,1000000
2017-03-16 12:41:12.954000,1.33083,1.33074,2250000,1500000
2017-03-16 12:41:13.055000,1.33082,1.33073,1370000,2620000
2017-03-16 12:41:13.409000,1.33078,1.33071,1870000,1370000
2017-03-16 12:41:13.561000,1.33077,1.33069,1500000,1870000
2017-03-16 12:41:13.732000,1.33076,1.33068,1120000,2250000
2017-03-16 12:41:14.271000,1.33076,1.33067,1120000,1870000
2017-03-16 12:41:14.819000,1.33075,1.33066,1370000,2620000
2017-03-16 12:41:15.336000,1.33074,1.33065,1000000,2340000
2017-03-16 12:41:16.576000,1.33072,1.33065,2250000,1500000
2017-03-16 12:41:16.886000,1.33066,1.33059,1000000,1500000
2017-03-16 12:41:17.038000,1.33066,1.33056,2620000,3470000
2017-03-16 12:41:20.405000,1.33065,1.33055,3750000,5720000
2017-03-16 12:41:20.507000,1.33063,1.33055,1000000,4870000
2017-03-16 12:41:20.609000,1.33063,1.33054,1370000,1500000
2017-03-16 12:41:21.427000,1.33056,1.33052,2250000,3840000
2017-03-16 12:41:21.529000,1.33056,1.33051,2250000,1590000
2017-03-16 12:41:21.631000,1.33056,1.33048,2250000,3370000
2017-03-16 12:41:21.682000,1.33056,1.3305,2250000,1220000
2017-03-16 12:41:22.036000,1.33056,1.33048,2250000,3370000
2017-03-16 12:41:22.429000,1.33056,1.33051,2250000,1000000
2017-03-16 12:41:22.580000,1.33056,1.33049,2250000,1000000
2017-03-16 12:41:22.682000,1.33056,1.33051,2250000,1220000
2017-03-16 12:41:22.834000,1.33056,1.33048,2250000,1870000
2017-03-16 12:41:22.885000,1.33056,1.3305,2250000,1970000
2017-03-16 12:41:23.496000,1.33058,1.3305,2620000,1220000
2017-03-16 12:41:24.004000,1.33058,1.33051,2620000,1000000
2017-03-16 12:41:24.310000,1.3306,1.33055,4120000,1000000
2017-03-16 12:41:24.766000,1.33061,1.33057,3750000,1000000
2017-03-16 12:41:24.817000,1.33065,1.33057,3750000,1120000
2017-03-16 12:41:24.868000,1.33065,1.33057,1500000,1000000
2017-03-16 12:41:25.265000,1.33065,1.33059,1000000,1870000
2017-03-16 12:41:25.316000,1.33067,1.3306,2620000,1870000
2017-03-16 12:41:25.367000,1.33067,1.3306,2250000,3370000
2017-03-16 12:41:25.469000,1.33067,1.33059,3000000,1120000
2017-03-16 12:41:26.128000,1.33068,1.33058,4870000,1000000
2017-03-16 12:41:26.657000,1.33067,1.33059,1000000,1500000
2017-03-16 12:41:27.113000,1.33068,1.33061,2250000,1000000
2017-03-16 12:41:27.467000,1.3307,1.33063,1500000,1000000
2017-03-16 12:41:27.619000,1.33072,1.33063,1500000,3090000
2017-03-16 12:41:27.789000,1.33071,1.33061,3370000,6000000
2017-03-16 12:41:28.497000,1.33067,1.3306,3750000,3370000
2017-03-16 12:41:28.699000,1.33065,1.33059,1000000,2250000
2017-03-16 12:41:28.852000,1.33067,1.3306,4120000,1000000
2017-03-16 12:41:29.355000,1.33067,1.33059,3750000,1870000
2017-03-16 12:41:29.884000,1.33067,1.33063,4500000,1000000
2017-03-16 12:41:30.397000,1.33068,1.3306,3750000,1000000
2017-03-16 12:41:30.564000,1.33067,1.33063,1000000,1000000
2017-03-16 12:41:30.705000,1.33068,1.3306,3750000,1000000
2017-03-16 12:41:30.910000,1.33068,1.33057,6000000,1500000
2017-03-16 12:41:31.426000,1.33067,1.33057,1000000,1870000
2017-03-16 12:41:31.732000,1.33068,1.3306,4500000,1000000
2017-03-16 12:41:32.036000,1.33067,1.33063,1000000,1500000
2017-03-16 12:41:33.088000,1.33068,1.33064,3750000,1000000
2017-03-16 12:41:33.189000,1.33068,1.33061,6000000,1000000
2017-03-16 12:41:33.420000,1.33068,1.33062,5250000,1120000
2017-03-16 12:41:33.471000,1.33068,1.33063,3370000,1120000
2017-03-16 12:41:33.876000,1.33068,1.33064,2250000,1120000
2017-03-16 12:41:34.072000,1.33072,1.33066,1000000,1000000
2017-03-16 12:41:34.224000,1.33074,1.33066,2250000,1000000
2017-03-16 12:41:34.881000,1.33074,1.33067,2250000,1000000
2017-03-16 12:41:35.366000,1.33075,1.33068,2620000,2620000
2017-03-16 12:41:35.570000,1.33079,1.33072,1500000,1000000
2017-03-16 12:41:35.722000,1.3308,1.33074,1870000,1000000
2017-03-16 12:41:36.027000,1.33079,1.33071,1000000,1120000
2017-03-16 12:41:36.230000,1.3308,1.33073,6000000,1000000
2017-03-16 12:41:36.331000,1.33077,1.33069,1120000,2620000
2017-03-16 12:41:36.536000,1.33075,1.33067,2250000,1120000
2017-03-16 12:41:37.181000,1.33073,1.33067,2620000,1000000
2017-03-16 12:41:37.384000,1.33073,1.33065,2620000,1000000
2017-03-16 12:41:37.995000,1.33071,1.33067,3750000,1000000
2017-03-16 12:41:38.496000,1.33074,1.33067,1500000,1000000
2017-03-16 12:41:38.826000,1.33075,1.33069,4120000,1500000
2017-03-16 12:41:38.877000,1.33075,1.33069,1870000,1500000
2017-03-16 12:41:38.928000,1.33076,1.33071,1500000,1000000
2017-03-16 12:41:39.573000,1.33077,1.3307,7870000,1000000
2017-03-16 12:41:40.163000,1.33076,1.33071,1370000,1000000
2017-03-16 12:41:40.267000,1.33075,1.33069,1000000,1000000
2017-03-16 12:41:40.318000,1.33075,1.33069,2620000,1000000
2017-03-16 12:41:40.420000,1.33075,1.33067,3370000,1000000
2017-03-16 12:41:41.090000,1.33075,1.33066,4500000,2250000
2017-03-16 12:41:41.327000,1.33075,1.33068,4500000,1000000
2017-03-16 12:41:41.648000,1.33071,1.33066,1000000,1120000
2017-03-16 12:41:41.851000,1.33068,1.3306,1120000,3000000
2017-03-16 12:41:42.004000,1.33067,1.33058,2470000,1000000
2017-03-16 12:41:42.206000,1.33066,1.33059,3000000,1500000
2017-03-16 12:41:45.834000,1.33066,1.3306,3220000,1500000
2017-03-16 12:41:45.936000,1.33068,1.33061,3370000,1500000
2017-03-16 12:41:46.037000,1.33069,1.33061,2250000,1000000
2017-03-16 12:41:46.588000,1.33068,1.33061,1000000,1000000
2017-03-16 12:41:47.133000,1.33069,1.33062,1500000,1000000
2017-03-16 12:41:47.661000,1.3307,1.33063,1120000,1000000
2017-03-16 12:41:48.166000,1.33071,1.33064,2250000,1000000
2017-03-16 12:41:48.369000,1.33072,1.33066,1500000,1000000
2017-03-16 12:41:48.774000,1.33072,1.33064,1500000,1120000
2017-03-16 12:41:49.310000,1.33071,1.33066,1000000,1000000
2017-03-16 12:41:51.903000,1.33073,1.33065,3000000,1000000
2017-03-16 12:41:53.409000,1.3307,1.33064,1000000,1120000
2017-03-16 12:41:53.713000,1.33068,1.33062,1120000,1000000
2017-03-16 12:41:54.331000,1.33068,1.3306,1000000,1500000
2017-03-16 12:41:55.402000,1.33068,1.33059,1870000,3370000
2017-03-16 12:41:55.917000,1.33067,1.33059,1870000,3750000
2017-03-16 12:41:55.986000,1.33067,1.33059,1000000,2250000
2017-03-16 12:41:57.770000,1.33067,1.3306,1500000,1000000
2017-03-16 12:41:57.872000,1.33069,1.33061,1500000,1500000
2017-03-16 12:41:58.391000,1.33069,1.3306,3000000,3370000
2017-03-16 12:41:59.145000,1.33068,1.3306,1000000,3370000
2017-03-16 12:41:59.736000,1.33069,1.3306,3000000,3370000
2017-03-16 12:42:00.570000,1.33068,1.3306,1500000,3370000
2017-03-16 12:42:00.672000,1.33069,1.3306,4500000,1120000
2017-03-16 12:42:01.285000,1.33069,1.3306,2250000,3370000
2017-03-16 12:42:01.336000,1.33069,1.33064,1120000,1000000
2017-03-16 12:42:01.639000,1.33075,1.33069,1500000,1870000
2017-03-16 12:42:01.741000,1.33076,1.33071,1000000,1000000
2017-03-16 12:42:01.843000,1.3308,1.33073,1500000,1000000
2017-03-16 12:42:01.996000,1.3308,1.33075,1000000,1000000
2017-03-16 12:42:02.525000,1.33082,1.33074,2250000,1120000
2017-03-16 12:42:04.066000,1.33082,1.33076,1000000,1000000
2017-03-16 12:42:04.460000,1.33082,1.33074,1500000,2250000
2017-03-16 12:42:04.967000,1.33081,1.33075,1000000,1000000
2017-03-16 12:42:05.271000,1.33085,1.33076,6840000,1870000
2017-03-16 12:42:05.690000,1.33085,1.33076,1000000,2250000
2017-03-16 12:42:06.238000,1.33084,1.33076,1000000,2250000
2017-03-16 12:42:08.284000,1.33084,1.33076,1500000,2620000
2017-03-16 12:42:10.163000,1.33085,1.33078,3750000,1000000
2017-03-16 12:42:11.092000,1.33084,1.33078,1000000,1000000
2017-03-16 12:42:11.641000,1.33085,1.33079,3750000,1000000
2017-03-16 12:42:12.659000,1.3308,1.33076,2620000,1500000
2017-03-16 12:42:12.855000,1.33079,1.33072,1120000,1120000
2017-03-16 12:42:12.906000,1.33077,1.3307,1500000,1000000
2017-03-16 12:42:13.514000,1.33077,1.33069,1120000,3750000
2017-03-16 12:42:13.836000,1.33073,1.33069,1000000,3750000
2017-03-16 12:42:14.162000,1.33079,1.33073,3000000,1120000
2017-03-16 12:42:14.342000,1.3308,1.33073,1120000,3370000
2017-03-16 12:42:14.697000,1.33082,1.33075,1690000,1000000
2017-03-16 12:42:17.925000,1.33081,1.33073,1000000,1500000
2017-03-16 12:42:18.471000,1.3308,1.33073,1250000,1500000
2017-03-16 12:42:18.977000,1.33079,1.33072,1000000,4120000
2017-03-16 12:42:19.129000,1.33079,1.33072,1000000,1000000
2017-03-16 12:42:19.809000,1.33078,1.33071,1000000,1370000
2017-03-16 12:42:20.314000,1.33079,1.33072,1000000,1000000
2017-03-16 12:42:20.841000,1.33079,1.33071,2060000,1370000
2017-03-16 12:42:21.247000,1.33082,1.33075,1500000,1120000
2017-03-16 12:42:21.601000,1.3308,1.33072,1500000,2250000
2017-03-16 12:42:22.107000,1.33079,1.33072,1000000,2250000
2017-03-16 12:42:24.198000,1.3308,1.33072,1250000,2250000
2017-03-16 12:42:24.778000,1.33079,1.33071,2250000,2620000
2017-03-16 12:42:24.931000,1.33076,1.3307,1000000,1500000
2017-03-16 12:42:25.235000,1.33079,1.33073,1000000,1000000
2017-03-16 12:42:25.286000,1.33081,1.33075,2850000,1000000
2017-03-16 12:42:25.336000,1.33081,1.33075,1300000,1000000
2017-03-16 12:42:25.936000,1.33081,1.33074,1500000,1000000
2017-03-16 12:42:29.438000,1.33082,1.33074,2620000,3370000
2017-03-16 12:42:29.540000,1.33084,1.33076,4120000,1000000
2017-03-16 12:42:29.641000,1.33084,1.33076,1120000,1000000
2017-03-16 12:42:30.011000,1.33084,1.33079,1120000,1000000
2017-03-16 12:42:30.634000,1.33086,1.3308,3560000,1000000
2017-03-16 12:42:30.836000,1.33089,1.33083,1000000,1000000
2017-03-16 12:42:30.887000,1.33091,1.33085,2440000,1000000
2017-03-16 12:42:30.938000,1.33092,1.33085,2060000,1120000
2017-03-16 12:42:31.695000,1.33091,1.33084,1120000,1000000
2017-03-16 12:42:31.847000,1.3309,1.33084,1690000,1000000
2017-03-16 12:42:32.151000,1.33091,1.33084,1120000,1120000
2017-03-16 12:42:32.778000,1.33093,1.33085,3370000,1500000
2017-03-16 12:42:33.568000,1.33093,1.33084,3370000,1870000
2017-03-16 12:42:34.058000,1.33093,1.33086,4590000,1000000
2017-03-16 12:42:34.584000,1.33092,1.33085,1370000,1870000
2017-03-16 12:42:34.686000,1.33093,1.33085,2340000,2250000
2017-03-16 12:42:38.989000,1.33091,1.33085,1000000,1370000
2017-03-16 12:42:39.091000,1.33092,1.33084,3000000,1000000
2017-03-16 12:42:40.475000,1.33091,1.33084,1500000,1000000
2017-03-16 12:42:41.046000,1.33092,1.33084,4870000,1000000
2017-03-16 12:42:41.978000,1.33091,1.33084,1500000,1000000
2017-03-16 12:42:42.647000,1.33092,1.33084,4870000,1000000
2017-03-16 12:42:43.433000,1.33091,1.33084,1500000,1000000
2017-03-16 12:42:44.815000,1.33092,1.33084,4870000,1000000
2017-03-16 12:42:45.321000,1.33091,1.33084,1000000,1000000
2017-03-16 12:42:45.849000,1.33092,1.33084,3750000,1000000
2017-03-16 12:42:46.517000,1.33092,1.33086,1870000,1000000
2017-03-16 12:42:47.059000,1.33093,1.33087,3000000,1000000
2017-03-16 12:42:51.094000,1.33093,1.33085,2250000,1500000
2017-03-16 12:42:51.615000,1.33093,1.33086,1500000,1500000
2017-03-16 12:42:51.666000,1.33093,1.33088,1000000,1120000
2017-03-16 12:42:51.819000,1.33096,1.3309,1300000,1000000
2017-03-16 12:42:52.071000,1.33094,1.3309,1000000,1000000
2017-03-16 12:42:52.472000,1.33093,1.33087,1500000,1000000
2017-03-16 12:42:52.690000,1.33091,1.33087,1120000,1000000
2017-03-16 12:42:52.741000,1.3309,1.33085,1500000,1000000
2017-03-16 12:42:53.246000,1.33091,1.33085,3370000,1000000
2017-03-16 12:42:56.118000,1.33089,1.33084,1870000,1000000
2017-03-16 12:42:56.290000,1.33088,1.33083,1870000,1000000
2017-03-16 12:42:56.442000,1.33088,1.33081,1370000,1000000
2017-03-16 12:42:56.987000,1.33088,1.3308,2250000,1120000
2017-03-16 12:42:57.705000,1.33086,1.3308,1000000,1120000
2017-03-16 12:42:58.212000,1.33088,1.33079,4120000,1120000
2017-03-16 12:42:58.682000,1.33085,1.3308,1870000,1500000
2017-03-16 12:42:58.783000,1.33085,1.33077,1870000,2620000
2017-03-16 12:43:00.370000,1.33086,1.33079,1720000,1000000
2017-03-16 12:43:01.219000,1.33088,1.3308,3370000,1200000
2017-03-16 12:43:01.271000,1.33088,1.33081,2620000,5620000
2017-03-16 12:43:01.322000,1.33089,1.33083,1000000,1120000
2017-03-16 12:43:01.827000,1.3309,1.33083,1120000,1000000
2017-03-16 12:43:03.009000,1.33091,1.33082,2850000,1000000
2017-03-16 12:43:03.957000,1.33091,1.33083,2250000,1000000
2017-03-16 12:43:04.059000,1.33091,1.33085,1000000,1000000
2017-03-16 12:43:04.627000,1.33091,1.33086,1000000,1000000
2017-03-16 12:43:05.186000,1.33092,1.33086,1500000,1000000
2017-03-16 12:43:05.490000,1.33093,1.33088,1120000,1000000
2017-03-16 12:43:05.797000,1.33096,1.33089,3000000,1000000
2017-03-16 12:43:06.303000,1.33095,1.33087,1120000,1500000
2017-03-16 12:43:06.830000,1.33096,1.33086,4500000,1120000
2017-03-16 12:43:09.479000,1.33094,1.33085,1000000,1500000
2017-03-16 12:43:10.057000,1.33095,1.33085,2620000,1500000
2017-03-16 12:43:10.580000,1.33094,1.33086,1000000,1120000
2017-03-16 12:43:10.935000,1.33093,1.33085,3370000,1500000
2017-03-16 12:43:11.623000,1.33092,1.33083,1120000,3000000
2017-03-16 12:43:11.725000,1.33091,1.33083,2250000,1000000
2017-03-16 12:43:12.256000,1.33091,1.33082,1870000,2620000
2017-03-16 12:43:12.307000,1.33092,1.33084,3750000,1000000
