time,ask,bid,ask_volume,bid_volume
2019-11-19 13:25:01.301000,1.31922,1.31912,1500000,1000000
2019-11-19 13:25:01.720000,1.31922,1.31911,1500000,2400000
2019-11-19 13:25:02.802000,1.31922,1.31911,1500000,3550000
2019-11-19 13:25:02.903000,1.31921,1.31911,1000000,2800000
2019-11-19 13:25:03.604000,1.31922,1.31911,1500000,2800000
2019-11-19 13:25:04.229000,1.31922,1.31913,2250000,1000000
2019-11-19 13:25:04.746000,1.31922,1.31912,1500000,1650000
2019-11-19 13:25:06.763000,1.31923,1.31912,2250000,1650000
2019-11-19 13:25:06.814000,1.31922,1.31914,1000000,1000000
2019-11-19 13:25:07.177000,1.31923,1.31914,1000000,1570000
2019-11-19 13:25:07.667000,1.31924,1.31914,2250000,1500000
2019-11-19 13:25:07.769000,1.31925,1.31917,1000000,1500000
2019-11-19 13:25:07.870000,1.31931,1.31922,1870000,1500000
2019-11-19 13:25:08.015000,1.31932,1.31922,1000000,1570000
2019-11-19 13:25:08.279000,1.31931,1.31922,1000000,1500000
2019-11-19 13:25:08.380000,1.31932,1.31922,1120000,1000000
2019-11-19 13:25:08.818000,1.31932,1.31924,1000000,1000000
2019-11-19 13:25:08.869000,1.31934,1.31924,2250000,1000000
2019-11-19 13:25:08.970000,1.31932,1.31923,1000000,1500000
2019-11-19 13:25:09.173000,1.3193,1.31923,1000000,1000000
2019-11-19 13:25:10.488000,1.31927,1.31923,1000000,1000000
2019-11-19 13:25:10.609000,1.31928,1.3192,1000000,1570000
2019-11-19 13:25:10.711000,1.31929,1.31921,1000000,1000000
2019-11-19 13:25:10.862000,1.31928,1.31921,1000000,1500000
2019-11-19 13:25:10.964000,1.3193,1.31921,1500000,1000000
2019-11-19 13:25:11.065000,1.31929,1.31921,1000000,1000000
2019-11-19 13:25:11.166000,1.31929,1.3192,1000000,1100000
2019-11-19 13:25:11.267000,1.31929,1.31921,1000000,1000000
2019-11-19 13:25:11.368000,1.31928,1.31921,1000000,1100000
2019-11-19 13:25:12.040000,1.3193,1.3192,1500000,2720000
2019-11-19 13:25:12.141000,1.31929,1.3192,1000000,2720000
2019-11-19 13:25:13.290000,1.31928,1.31921,1500000,1000000
2019-11-19 13:25:13.391000,1.31928,1.31919,1000000,2320000
2019-11-19 13:25:14.325000,1.31928,1.3192,1000000,1000000
2019-11-19 13:25:14.513000,1.31924,1.31919,1000000,2320000
2019-11-19 13:25:14.614000,1.3192,1.31914,1000000,1500000
2019-11-19 13:25:14.715000,1.3192,1.31913,1000000,1100000
2019-11-19 13:25:14.766000,1.3192,1.31911,1500000,1870000
2019-11-19 13:25:16.099000,1.3192,1.31911,1000000,3170000
2019-11-19 13:25:18.513000,1.31922,1.31911,1500000,2420000
2019-11-19 13:25:18.817000,1.31921,1.31911,1000000,3170000
2019-11-19 13:25:19.325000,1.31922,1.31914,1000000,1000000
2019-11-19 13:25:21.232000,1.31924,1.31914,1120000,1120000
2019-11-19 13:25:21.283000,1.31925,1.31916,2250000,1500000
2019-11-19 13:25:23.396000,1.31924,1.31916,1000000,1000000
2019-11-19 13:25:23.497000,1.31925,1.31917,1000000,2620000
2019-11-19 13:25:23.548000,1.3193,1.31919,2250000,1000000
2019-11-19 13:25:23.599000,1.31931,1.31921,1000000,2320000
2019-11-19 13:25:23.700000,1.31932,1.31923,1500000,1000000
2019-11-19 13:25:23.801000,1.31931,1.31923,1000000,1100000
2019-11-19 13:25:24.647000,1.31931,1.31923,1000000,2720000
2019-11-19 13:25:25.595000,1.31932,1.31923,1500000,2720000
2019-11-19 13:25:25.748000,1.31931,1.31923,1000000,2720000
2019-11-19 13:25:25.862000,1.31931,1.31923,1000000,2250000
2019-11-19 13:25:26.165000,1.31932,1.31923,1500000,1000000
2019-11-19 13:25:27.813000,1.31934,1.31926,1500000,2250000
2019-11-19 13:25:27.915000,1.31951,1.31947,1000000,2250000
2019-11-19 13:25:27.966000,1.31958,1.31954,1000000,1500000
2019-11-19 13:25:28.067000,1.31964,1.31955,4550000,1500000
2019-11-19 13:25:28.230000,1.31959,1.31955,1000000,1500000
2019-11-19 13:25:28.332000,1.31958,1.31953,1000000,1950000
2019-11-19 13:25:28.382000,1.31959,1.31952,1000000,1600000
2019-11-19 13:25:28.433000,1.31961,1.31952,1000000,2720000
2019-11-19 13:25:28.534000,1.31961,1.31955,1000000,1000000
2019-11-19 13:25:28.636000,1.31961,1.31954,1000000,1570000
2019-11-19 13:25:28.737000,1.31959,1.31952,1000000,1570000
2019-11-19 13:25:28.843000,1.3196,1.31952,1000000,1500000
2019-11-19 13:25:29.147000,1.3196,1.31953,1500000,1000000
2019-11-19 13:25:29.447000,1.3196,1.31952,1500000,1000000
2019-11-19 13:25:29.751000,1.31958,1.31952,1000000,1000000
2019-11-19 13:25:29.902000,1.31958,1.3195,1000000,2720000
2019-11-19 13:25:30.252000,1.31958,1.31949,1000000,3470000
2019-11-19 13:25:30.923000,1.31958,1.31949,1000000,3070000
2019-11-19 13:25:31.024000,1.31958,1.31951,1000000,1000000
2019-11-19 13:25:31.125000,1.31958,1.3195,1000000,1100000
2019-11-19 13:25:31.372000,1.31958,1.31949,1000000,2400000
2019-11-19 13:25:31.474000,1.31958,1.31949,1000000,2800000
2019-11-19 13:25:31.576000,1.31958,1.31949,1000000,2400000
2019-11-19 13:25:31.677000,1.31958,1.3195,1000000,1100000
2019-11-19 13:25:31.879000,1.31958,1.31949,1000000,3900000
2019-11-19 13:25:31.981000,1.31958,1.3195,1000000,1100000
2019-11-19 13:25:32.185000,1.31958,1.3195,1000000,1970000
2019-11-19 13:25:32.286000,1.31958,1.31949,1000000,2050000
2019-11-19 13:25:32.435000,1.31958,1.31949,1000000,2400000
2019-11-19 13:25:32.537000,1.31956,1.31948,1500000,1600000
2019-11-19 13:25:32.588000,1.31956,1.31947,1000000,1100000
2019-11-19 13:25:32.690000,1.31956,1.31947,1500000,1220000
2019-11-19 13:25:32.943000,1.31955,1.31947,1000000,1220000
2019-11-19 13:25:32.995000,1.31956,1.31946,2250000,1100000
2019-11-19 13:25:33.096000,1.31956,1.31947,2250000,1100000
2019-11-19 13:25:33.197000,1.31956,1.31948,1000000,1000000
2019-11-19 13:25:33.298000,1.31955,1.31948,1000000,1000000
2019-11-19 13:25:33.452000,1.31956,1.31948,1000000,1000000
2019-11-19 13:25:35.614000,1.31956,1.31948,1000000,1220000
2019-11-19 13:25:35.715000,1.31956,1.31947,1000000,1570000
2019-11-19 13:25:35.867000,1.31957,1.31947,1500000,2400000
2019-11-19 13:25:35.968000,1.31956,1.31947,1000000,1970000
2019-11-19 13:25:36.069000,1.31956,1.31947,1000000,3070000
2019-11-19 13:25:36.170000,1.31957,1.31947,2250000,1220000
2019-11-19 13:25:36.434000,1.31957,1.31947,2250000,1100000
2019-11-19 13:25:36.638000,1.31956,1.31947,1000000,1220000
2019-11-19 13:25:36.739000,1.31957,1.31947,1500000,3070000
2019-11-19 13:25:36.840000,1.31957,1.31947,1500000,3470000
2019-11-19 13:25:36.941000,1.31956,1.31947,1500000,1500000
2019-11-19 13:25:37.295000,1.31955,1.31947,1000000,1100000
2019-11-19 13:25:37.621000,1.31956,1.31947,1500000,1100000
2019-11-19 13:25:37.722000,1.31956,1.31947,1500000,1220000
2019-11-19 13:25:37.855000,1.31956,1.31947,1500000,1000000
2019-11-19 13:25:38.154000,1.31954,1.31947,1000000,1000000
2019-11-19 13:25:38.205000,1.31956,1.31947,2250000,1000000
2019-11-19 13:25:38.737000,1.31955,1.31947,1000000,1000000
2019-11-19 13:25:39.087000,1.31955,1.31946,1000000,1100000
2019-11-19 13:25:39.373000,1.31955,1.31946,1000000,3470000
2019-11-19 13:25:39.803000,1.31956,1.31946,1500000,2100000
2019-11-19 13:25:39.904000,1.31956,1.31946,1500000,1970000
2019-11-19 13:25:40.201000,1.31954,1.31946,1000000,2320000
2019-11-19 13:25:40.297000,1.31956,1.31946,1500000,1100000
2019-11-19 13:25:40.398000,1.31956,1.31946,1500000,1220000
2019-11-19 13:25:40.715000,1.31956,1.31946,1500000,1100000
2019-11-19 13:25:40.816000,1.31956,1.31946,1500000,1970000
2019-11-19 13:25:40.917000,1.31956,1.31946,1500000,2100000
2019-11-19 13:25:41.038000,1.31955,1.31946,1000000,1570000
2019-11-19 13:25:41.140000,1.31955,1.31946,1000000,1970000
2019-11-19 13:25:41.529000,1.31956,1.31946,1500000,1970000
2019-11-19 13:25:41.720000,1.31956,1.31946,1500000,1100000
2019-11-19 13:25:41.821000,1.31956,1.31946,1500000,1220000
2019-11-19 13:25:42.064000,1.31956,1.31946,1500000,1100000
2019-11-19 13:25:42.259000,1.31956,1.31946,1500000,2170000
2019-11-19 13:25:42.310000,1.31956,1.31946,1500000,1200000
2019-11-19 13:25:43.327000,1.31956,1.31947,1500000,1000000
2019-11-19 13:25:43.529000,1.31954,1.31947,1000000,1000000
2019-11-19 13:25:44.888000,1.31954,1.31945,1000000,4220000
2019-11-19 13:25:45.199000,1.31954,1.31945,1000000,3670000
2019-11-19 13:25:45.300000,1.31954,1.31945,1000000,2050000
2019-11-19 13:25:46.043000,1.31949,1.31944,1000000,1600000
2019-11-19 13:25:46.094000,1.31947,1.31939,1500000,3000000
2019-11-19 13:25:46.145000,1.31944,1.3194,2250000,1000000
2019-11-19 13:25:46.195000,1.31943,1.31936,1000000,1720000
2019-11-19 13:25:46.247000,1.31943,1.31936,1000000,1000000
2019-11-19 13:25:46.348000,1.31943,1.31933,1500000,1970000
2019-11-19 13:25:46.550000,1.31942,1.31934,1000000,1100000
2019-11-19 13:25:46.652000,1.31942,1.31935,1000000,1000000
2019-11-19 13:25:46.753000,1.31941,1.31935,1000000,1000000
2019-11-19 13:25:46.917000,1.31942,1.31935,1000000,1000000
2019-11-19 13:25:47.254000,1.3194,1.31932,1000000,1220000
2019-11-19 13:25:47.355000,1.31939,1.31931,1500000,1000000
2019-11-19 13:25:47.608000,1.31939,1.3193,1000000,2400000
2019-11-19 13:25:47.767000,1.31938,1.3193,1000000,1100000
2019-11-19 13:25:47.969000,1.31938,1.3193,1000000,2050000
2019-11-19 13:25:50.738000,1.31939,1.3193,2250000,1200000
2019-11-19 13:25:51.108000,1.31939,1.31931,2250000,1000000
2019-11-19 13:25:53.588000,1.31939,1.31933,1500000,1000000
2019-11-19 13:25:54.388000,1.31939,1.31931,1500000,1100000
2019-11-19 13:25:55.543000,1.31939,1.31932,1000000,1000000
2019-11-19 13:25:56.368000,1.31939,1.31931,1000000,1570000
2019-11-19 13:25:56.469000,1.31939,1.31932,1000000,1500000
2019-11-19 13:25:56.570000,1.31941,1.31933,1000000,1500000
2019-11-19 13:25:56.672000,1.31948,1.31941,2750000,1000000
2019-11-19 13:25:56.722000,1.3195,1.31941,1000000,2250000
2019-11-19 13:25:56.773000,1.3195,1.31942,1000000,1970000
2019-11-19 13:25:56.925000,1.31951,1.31942,1000000,2720000
2019-11-19 13:25:57.118000,1.31951,1.31942,1000000,2100000
2019-11-19 13:25:57.274000,1.31951,1.31942,1000000,1970000
2019-11-19 13:25:57.375000,1.31951,1.31942,1000000,2100000
2019-11-19 13:25:57.543000,1.31951,1.31942,1000000,1100000
2019-11-19 13:25:57.878000,1.31951,1.31942,1000000,1220000
2019-11-19 13:25:57.987000,1.31951,1.31942,1000000,1100000
2019-11-19 13:25:58.438000,1.31951,1.31943,1500000,1100000
2019-11-19 13:25:58.609000,1.31951,1.31942,1000000,1100000
2019-11-19 13:25:58.711000,1.31949,1.31942,1000000,1100000
2019-11-19 13:25:58.812000,1.31949,1.31943,1000000,1000000
2019-11-19 13:25:58.863000,1.31951,1.31943,1500000,1000000
2019-11-19 13:26:00.042000,1.31949,1.31943,1000000,1100000
2019-11-19 13:26:00.243000,1.31949,1.31942,1000000,1100000
2019-11-19 13:26:00.648000,1.31948,1.31941,1000000,1100000
2019-11-19 13:26:00.850000,1.31949,1.31941,1000000,1000000
2019-11-19 13:26:00.952000,1.31948,1.31943,1000000,1000000
2019-11-19 13:26:01.003000,1.31948,1.3194,1500000,1200000
2019-11-19 13:26:01.104000,1.31948,1.3194,1000000,2170000
2019-11-19 13:26:01.206000,1.31949,1.31942,1000000,1000000
2019-11-19 13:26:03.751000,1.31948,1.31942,1000000,1000000
2019-11-19 13:26:04.153000,1.31949,1.31941,1000000,1100000
2019-11-19 13:26:05.020000,1.31948,1.3194,2250000,1100000
2019-11-19 13:26:05.121000,1.31944,1.31937,1500000,1600000
2019-11-19 13:26:05.172000,1.31942,1.31934,1000000,1500000
2019-11-19 13:26:05.223000,1.31944,1.3194,1500000,1500000
2019-11-19 13:26:05.274000,1.31948,1.31942,1000000,1000000
2019-11-19 13:26:05.383000,1.3195,1.31942,1000000,1100000
2019-11-19 13:26:05.485000,1.31949,1.31943,1000000,1000000
2019-11-19 13:26:07.182000,1.31949,1.31942,1000000,1100000
2019-11-19 13:26:08.260000,1.31952,1.31946,1000000,1500000
2019-11-19 13:26:08.311000,1.31954,1.31947,1000000,1000000
2019-11-19 13:26:08.362000,1.31958,1.31951,1500000,1000000
2019-11-19 13:26:08.465000,1.31959,1.31951,2250000,1000000
2019-11-19 13:26:08.718000,1.31959,1.3195,1500000,1500000
2019-11-19 13:26:09.974000,1.31959,1.31951,2250000,1000000
2019-11-19 13:26:10.539000,1.31958,1.31951,1000000,1000000
2019-11-19 13:26:10.640000,1.31959,1.31952,1000000,1000000
2019-11-19 13:26:10.741000,1.3196,1.31952,1500000,1000000
2019-11-19 13:26:10.843000,1.31959,1.31951,1000000,1000000
2019-11-19 13:26:11.739000,1.3196,1.31951,1500000,1000000
2019-11-19 13:26:12.951000,1.3196,1.31952,1500000,1000000
2019-11-19 13:26:13.819000,1.31958,1.31952,1000000,1500000
2019-11-19 13:26:14.178000,1.31958,1.31953,1000000,1000000
2019-11-19 13:26:14.832000,1.31959,1.31955,1000000,1500000
2019-11-19 13:26:14.883000,1.31965,1.31961,1000000,1000000
2019-11-19 13:26:14.984000,1.31968,1.31961,1000000,1000000
2019-11-19 13:26:15.086000,1.31968,1.3196,1000000,1570000
2019-11-19 13:26:15.725000,1.31968,1.31962,1000000,1000000
2019-11-19 13:26:15.978000,1.31968,1.3196,1000000,1570000
2019-11-19 13:26:16.080000,1.31968,1.31961,1000000,1000000
2019-11-19 13:26:16.488000,1.31968,1.3196,1000000,1570000
2019-11-19 13:26:16.740000,1.31968,1.31961,1000000,1000000
2019-11-19 13:26:16.841000,1.31968,1.3196,1000000,1500000
2019-11-19 13:26:17.815000,1.31968,1.31961,1500000,1000000
2019-11-19 13:26:19.621000,1.31968,1.3196,1500000,1000000
2019-11-19 13:26:19.672000,1.31964,1.31958,1000000,1600000
2019-11-19 13:26:19.723000,1.31965,1.31957,1500000,1000000
2019-11-19 13:26:19.774000,1.31958,1.31951,1000000,1100000
2019-11-19 13:26:19.885000,1.31958,1.31952,1500000,1000000
2019-11-19 13:26:20.138000,1.31958,1.31953,1000000,1000000
2019-11-19 13:26:20.441000,1.31958,1.3195,1000000,1650000
2019-11-19 13:26:20.492000,1.31956,1.31949,1000000,1220000
2019-11-19 13:26:20.593000,1.31956,1.31949,2250000,1100000
2019-11-19 13:26:20.694000,1.31954,1.31948,1000000,1000000
2019-11-19 13:26:20.795000,1.31954,1.31947,1000000,1000000
2019-11-19 13:26:21.067000,1.31954,1.31948,1500000,1000000
2019-11-19 13:26:21.169000,1.31955,1.31948,1500000,1000000
2019-11-19 13:26:22.815000,1.31955,1.31947,1500000,1100000
2019-11-19 13:26:22.917000,1.31953,1.31946,1000000,1000000
2019-11-19 13:26:23.018000,1.31953,1.31947,1000000,1000000
2019-11-19 13:26:23.220000,1.31953,1.31948,1000000,1000000
2019-11-19 13:26:23.637000,1.31953,1.31947,1000000,1100000
2019-11-19 13:26:23.739000,1.31955,1.31949,1000000,1000000
2019-11-19 13:26:23.789000,1.31958,1.3195,1000000,1000000
2019-11-19 13:26:23.891000,1.31959,1.31952,1500000,1000000
2019-11-19 13:26:24.111000,1.31959,1.31951,1000000,1570000
2019-11-19 13:26:24.212000,1.31959,1.31953,1000000,1000000
2019-11-19 13:26:25.656000,1.31959,1.31952,1000000,1000000
2019-11-19 13:26:25.758000,1.31959,1.31951,1000000,1950000
2019-11-19 13:26:27.083000,1.31959,1.31953,1000000,1000000
2019-11-19 13:26:27.184000,1.31962,1.31956,1000000,1000000
2019-11-19 13:26:27.960000,1.31962,1.31958,1000000,1000000
2019-11-19 13:26:29.595000,1.31964,1.31958,1000000,1000000
2019-11-19 13:26:29.798000,1.31964,1.31957,1000000,1000000
2019-11-19 13:26:30.270000,1.31965,1.31959,1000000,1000000
2019-11-19 13:26:30.741000,1.31966,1.31959,1500000,1000000
2019-11-19 13:26:30.843000,1.31965,1.31959,1000000,1000000
2019-11-19 13:26:31.238000,1.31966,1.31959,1500000,1000000
2019-11-19 13:26:31.349000,1.31965,1.31959,1000000,1000000
2019-11-19 13:26:32.107000,1.31966,1.31959,1000000,1000000
2019-11-19 13:26:33.638000,1.31966,1.3196,1000000,1000000
2019-11-19 13:26:37.006000,1.31966,1.31959,1000000,1000000
2019-11-19 13:26:38.339000,1.31965,1.31957,1500000,1000000
2019-11-19 13:26:38.390000,1.31961,1.31954,1000000,1100000
2019-11-19 13:26:38.914000,1.31961,1.31953,1500000,1000000
2019-11-19 13:26:39.865000,1.3196,1.31953,1000000,1000000
2019-11-19 13:26:39.966000,1.31961,1.31953,1000000,1000000
2019-11-19 13:26:40.067000,1.31961,1.31954,1000000,1000000
2019-11-19 13:26:40.377000,1.31961,1.31953,1000000,1000000
2019-11-19 13:26:44.613000,1.31961,1.31955,1000000,1000000
2019-11-19 13:26:44.664000,1.31965,1.31957,1000000,1000000
2019-11-19 13:26:44.765000,1.31967,1.31959,1000000,1000000
2019-11-19 13:26:48.163000,1.31972,1.31964,1100000,1000000
2019-11-19 13:26:48.264000,1.31972,1.31963,1000000,1000000
2019-11-19 13:26:49.961000,1.31973,1.31965,1000000,1000000
2019-11-19 13:26:50.085000,1.31976,1.31966,3570000,1000000
2019-11-19 13:26:50.186000,1.31973,1.31964,1000000,2250000
2019-11-19 13:26:51.643000,1.31966,1.31962,1000000,1000000
2019-11-19 13:26:51.745000,1.31966,1.31958,1000000,1000000
2019-11-19 13:26:51.831000,1.3197,1.31963,1000000,1000000
2019-11-19 13:26:51.932000,1.31971,1.31963,1000000,1000000
2019-11-19 13:26:52.286000,1.31972,1.31963,1570000,1000000
2019-11-19 13:26:52.387000,1.31972,1.31964,1000000,1000000
2019-11-19 13:26:53.808000,1.31973,1.31964,2250000,1000000
2019-11-19 13:26:55.680000,1.31972,1.31964,1000000,1500000
2019-11-19 13:26:56.338000,1.31973,1.31965,1500000,1000000
2019-11-19 13:26:56.858000,1.31972,1.31965,1000000,1000000
2019-11-19 13:26:58.888000,1.31973,1.31964,1000000,1000000
2019-11-19 13:26:58.989000,1.31971,1.31963,1000000,1000000
2019-11-19 13:26:59.677000,1.3197,1.31963,1000000,1500000
2019-11-19 13:27:00.094000,1.3197,1.31963,1000000,1120000
2019-11-19 13:27:00.662000,1.3197,1.31962,1000000,1000000
2019-11-19 13:27:01.931000,1.3197,1.31961,1000000,2320000
2019-11-19 13:27:04.378000,1.3197,1.31963,1000000,1000000
2019-11-19 13:27:05.283000,1.31969,1.31962,1000000,1500000
2019-11-19 13:27:07.207000,1.3197,1.31962,1000000,1000000
2019-11-19 13:27:07.321000,1.31969,1.31962,1000000,1000000
2019-11-19 13:27:07.473000,1.31969,1.31961,1000000,1500000
2019-11-19 13:27:11.285000,1.3197,1.31961,1500000,2350000
2019-11-19 13:27:12.976000,1.3197,1.31963,1000000,1000000
2019-11-19 13:27:14.776000,1.3197,1.3196,1500000,2320000
2019-11-19 13:27:15.280000,1.31969,1.3196,1000000,2320000
2019-11-19 13:27:20.167000,1.31969,1.31959,1500000,1500000
2019-11-19 13:27:21.207000,1.31969,1.31961,1500000,1000000
2019-11-19 13:27:21.567000,1.31968,1.31961,1000000,2320000
2019-11-19 13:27:21.618000,1.3197,1.31961,1000000,1600000
2019-11-19 13:27:21.719000,1.3197,1.31963,1000000,1000000
2019-11-19 13:27:22.018000,1.31971,1.31963,1000000,1000000
2019-11-19 13:27:22.170000,1.31971,1.31964,1000000,1000000
2019-11-19 13:27:22.279000,1.31971,1.31962,1000000,1500000
2019-11-19 13:27:22.942000,1.31971,1.31963,1000000,1000000
2019-11-19 13:27:26.087000,1.31972,1.31963,1500000,1000000
2019-11-19 13:27:26.188000,1.31972,1.31964,1500000,1000000
2019-11-19 13:27:26.345000,1.31972,1.31962,1500000,1000000
2019-11-19 13:27:26.446000,1.31972,1.31962,1500000,1100000
2019-11-19 13:27:30.812000,1.31972,1.31963,1000000,1100000
2019-11-19 13:27:33.344000,1.31971,1.31963,1000000,1100000
2019-11-19 13:27:40.357000,1.31969,1.31962,1000000,1500000
2019-11-19 13:27:46.300000,1.31969,1.31963,1000000,1000000
2019-11-19 13:27:49.086000,1.31969,1.31962,1000000,2250000
2019-11-19 13:27:49.323000,1.31971,1.31962,1120000,1500000
2019-11-19 13:27:50.608000,1.31969,1.31962,1000000,2250000
2019-11-19 13:27:52.434000,1.3197,1.31962,1000000,1000000
2019-11-19 13:27:52.758000,1.31968,1.31961,1000000,1500000
2019-11-19 13:27:52.859000,1.31965,1.31958,1500000,1100000
2019-11-19 13:27:52.961000,1.31965,1.31954,1500000,2400000
2019-11-19 13:27:53.011000,1.31964,1.31956,1000000,1000000
2019-11-19 13:27:53.112000,1.31965,1.31955,1000000,1500000
2019-11-19 13:27:53.784000,1.31964,1.31955,1000000,1500000
2019-11-19 13:27:58.488000,1.31964,1.31954,1620000,1500000
2019-11-19 13:27:58.590000,1.31962,1.31954,1000000,1000000
2019-11-19 13:27:58.717000,1.31962,1.31953,1000000,1500000
2019-11-19 13:27:59.152000,1.3196,1.31953,1000000,1000000
2019-11-19 13:27:59.533000,1.31959,1.31952,1000000,1000000
2019-11-19 13:27:59.684000,1.31959,1.31951,1000000,1500000
2019-11-19 13:28:00.003000,1.31958,1.3195,1000000,2320000
2019-11-19 13:28:00.104000,1.31958,1.31951,1000000,1500000
2019-11-19 13:28:00.333000,1.3196,1.31951,1600000,1500000
2019-11-19 13:28:00.683000,1.3196,1.31951,1600000,1000000
2019-11-19 13:28:00.785000,1.3196,1.31951,1600000,1000000
2019-11-19 13:28:00.852000,1.31959,1.31951,1000000,1000000
2019-11-19 13:28:01.065000,1.31956,1.31952,1500000,1000000
2019-11-19 13:28:01.166000,1.3195,1.31946,1000000,1200000
2019-11-19 13:28:01.217000,1.3195,1.31945,1000000,1000000
2019-11-19 13:28:01.335000,1.31949,1.31944,1000000,1500000
2019-11-19 13:28:01.436000,1.3195,1.31945,1000000,1000000
2019-11-19 13:28:01.538000,1.31952,1.31945,1000000,1000000
2019-11-19 13:28:01.640000,1.31953,1.31944,1500000,1000000
2019-11-19 13:28:09.462000,1.31953,1.31945,1500000,1000000
2019-11-19 13:28:10.065000,1.31952,1.31945,1000000,1000000
2019-11-19 13:28:10.614000,1.31953,1.31945,1000000,1000000
2019-11-19 13:28:11.486000,1.31953,1.31944,1500000,1000000
2019-11-19 13:28:15.478000,1.31949,1.3194,1500000,1220000
2019-11-19 13:28:15.579000,1.31949,1.3194,1500000,1000000
2019-11-19 13:28:15.722000,1.31948,1.3194,1000000,1000000
2019-11-19 13:28:15.874000,1.31948,1.31938,1000000,1600000
2019-11-19 13:28:15.975000,1.31947,1.31939,1000000,1100000
2019-11-19 13:28:16.180000,1.31946,1.31937,1000000,1200000
2019-11-19 13:28:16.281000,1.31946,1.31937,1000000,1200000
2019-11-19 13:28:16.332000,1.31946,1.31937,1000000,1200000
2019-11-19 13:28:16.615000,1.31946,1.31936,1000000,2070000
2019-11-19 13:28:16.919000,1.31946,1.31937,1500000,1000000
2019-11-19 13:28:17.096000,1.31946,1.31936,1500000,1570000
2019-11-19 13:28:17.550000,1.31948,1.31941,1120000,1000000
2019-11-19 13:28:17.652000,1.31949,1.31941,1500000,1000000
2019-11-19 13:28:20.140000,1.31948,1.31941,1000000,1000000
2019-11-19 13:28:20.241000,1.31949,1.3194,1500000,1570000
2019-11-19 13:28:21.667000,1.31949,1.31941,1500000,1000000
2019-11-19 13:28:22.115000,1.3195,1.3194,1000000,2050000
2019-11-19 13:28:23.692000,1.3195,1.3194,1000000,1570000
2019-11-19 13:28:23.897000,1.3195,1.3194,1000000,1600000
2019-11-19 13:28:25.427000,1.31949,1.31941,1000000,1000000
2019-11-19 13:28:25.728000,1.31951,1.31941,1500000,1000000
2019-11-19 13:28:25.778000,1.31951,1.31946,1000000,1000000
2019-11-19 13:28:25.829000,1.31961,1.31957,1570000,1500000
2019-11-19 13:28:25.930000,1.31968,1.31961,1850000,1000000
2019-11-19 13:28:25.991000,1.31971,1.31962,1000000,1000000
2019-11-19 13:28:26.093000,1.31971,1.31963,1500000,1000000
2019-11-19 13:28:26.565000,1.3197,1.31963,1000000,1000000
2019-11-19 13:28:27,1.31971,1.31963,1500000,1000000
2019-11-19 13:28:27.227000,1.31971,1.3196,2620000,1500000
2019-11-19 13:28:29.156000,1.31969,1.3196,1000000,1870000
2019-11-19 13:28:30.139000,1.31969,1.3196,1000000,1970000
2019-11-19 13:28:34.699000,1.3197,1.3196,1000000,1600000
2019-11-19 13:28:43.201000,1.3197,1.3196,1000000,1650000
2019-11-19 13:28:43.525000,1.3197,1.3196,1000000,2150000
2019-11-19 13:28:43.773000,1.3197,1.3196,1000000,1650000
2019-11-19 13:28:45.138000,1.31969,1.3196,1000000,1650000
2019-11-19 13:28:45.612000,1.3197,1.3196,1000000,1100000
2019-11-19 13:28:45.937000,1.31969,1.3196,1000000,1100000
2019-11-19 13:28:53.230000,1.31968,1.3196,1000000,1100000
2019-11-19 13:28:53.355000,1.31969,1.31959,1000000,2320000
2019-11-19 13:28:56.615000,1.31968,1.31958,1000000,1670000
2019-11-19 13:28:56.716000,1.31969,1.31959,1500000,1000000
2019-11-19 13:29:00.165000,1.31969,1.31958,1500000,2850000
2019-11-19 13:29:02.442000,1.3197,1.3196,1500000,1000000
2019-11-19 13:29:05.013000,1.3197,1.3196,1000000,1220000
2019-11-19 13:29:05.131000,1.3197,1.31959,1000000,1570000
2019-11-19 13:29:06.538000,1.31971,1.3196,1000000,1600000
2019-11-19 13:29:06.684000,1.31971,1.3196,1000000,1500000
2019-11-19 13:29:07.837000,1.31971,1.31961,1000000,1000000
2019-11-19 13:29:07.939000,1.31973,1.31963,1500000,1000000
2019-11-19 13:29:08.740000,1.31972,1.31963,1000000,1000000
2019-11-19 13:29:10.389000,1.31971,1.31963,1000000,1000000
2019-11-19 13:29:11.860000,1.31971,1.31964,1120000,1000000
2019-11-19 13:29:11.989000,1.31972,1.31964,1000000,1000000
2019-11-19 13:29:13.966000,1.31972,1.31964,1220000,1000000
2019-11-19 13:29:15.337000,1.31972,1.31962,1100000,1000000
2019-11-19 13:29:15.491000,1.31972,1.31963,1100000,1000000
2019-11-19 13:29:15.541000,1.31975,1.31971,3570000,1000000
2019-11-19 13:29:15.592000,1.31977,1.31969,1650000,1000000
2019-11-19 13:29:15.643000,1.31979,1.31969,1000000,1000000
2019-11-19 13:29:15.744000,1.31979,1.31968,1000000,3070000
2019-11-19 13:29:15.845000,1.31981,1.3197,3850000,1000000
2019-11-19 13:29:15.951000,1.31981,1.31968,3100000,3820000
2019-11-19 13:29:16.068000,1.31981,1.31968,2700000,3820000
2019-11-19 13:29:16.119000,1.31979,1.31968,1000000,2320000
2019-11-19 13:29:16.230000,1.31979,1.31968,1200000,2350000
2019-11-19 13:29:16.332000,1.31979,1.31967,1200000,5320000
2019-11-19 13:29:16.434000,1.31979,1.31968,1000000,1500000
2019-11-19 13:29:16.586000,1.31979,1.31967,1200000,3750000
2019-11-19 13:29:16.687000,1.31978,1.31967,1000000,3070000
2019-11-19 13:29:16.799000,1.31978,1.31966,1000000,4870000
2019-11-19 13:29:17.197000,1.31975,1.31965,1000000,1220000
2019-11-19 13:29:17.299000,1.31975,1.31963,1000000,3100000
2019-11-19 13:29:17.401000,1.31975,1.31963,2250000,1500000
2019-11-19 13:29:20.179000,1.31975,1.31964,1950000,1000000
2019-11-19 13:29:21.503000,1.31975,1.31963,2700000,1100000
2019-11-19 13:29:21.990000,1.31975,1.31963,3100000,1000000
2019-11-19 13:29:22.768000,1.31974,1.31962,1100000,1570000
2019-11-19 13:29:28.673000,1.31973,1.31963,1000000,1500000
2019-11-19 13:29:30.129000,1.31974,1.31963,1000000,1500000
2019-11-19 13:29:32.061000,1.31974,1.31963,1500000,1570000
2019-11-19 13:29:34.196000,1.31972,1.31964,1000000,1100000
2019-11-19 13:29:34.877000,1.31973,1.31964,1000000,1000000
2019-11-19 13:29:35.055000,1.31972,1.31964,1120000,1000000
2019-11-19 13:29:35.805000,1.31972,1.31962,1120000,1000000
2019-11-19 13:29:36.844000,1.31972,1.31963,1120000,1000000
2019-11-19 13:29:37.608000,1.31972,1.31961,1120000,2250000
2019-11-19 13:29:39.067000,1.31971,1.31962,1000000,1500000
2019-11-19 13:29:39.522000,1.31972,1.31962,1870000,1500000
2019-11-19 13:29:40.805000,1.3197,1.31962,1000000,1500000
2019-11-19 13:29:40.856000,1.31971,1.31959,1120000,3070000
2019-11-19 13:29:41.274000,1.31971,1.3196,1870000,1000000
2019-11-19 13:29:41.479000,1.3197,1.31962,1000000,1500000
2019-11-19 13:29:42.268000,1.31969,1.31962,1000000,1500000
2019-11-19 13:29:43.193000,1.31969,1.31961,1000000,1500000
2019-11-19 13:29:43.345000,1.31971,1.3196,1120000,2250000
2019-11-19 13:29:45.025000,1.31971,1.31959,1120000,1500000
2019-11-19 13:29:45.177000,1.31974,1.31959,1720000,2140000
2019-11-19 13:29:45.278000,1.31974,1.31959,1600000,2350000
2019-11-19 13:29:45.379000,1.31972,1.31959,1000000,2350000
2019-11-19 13:29:45.622000,1.3197,1.3196,1000000,1000000
2019-11-19 13:29:50.054000,1.31976,1.3196,1570000,1000000
2019-11-19 13:29:50.206000,1.31979,1.31959,2100000,1500000
2019-11-19 13:29:50.308000,1.31975,1.31958,1100000,1000000
2019-11-19 13:29:50.410000,1.31976,1.31957,2100000,1000000
2019-11-19 13:29:50.461000,1.31976,1.31959,2850000,1000000
2019-11-19 13:29:50.613000,1.31977,1.31958,1800000,1000000
2019-11-19 13:29:50.884000,1.31977,1.31957,2250000,1000000
2019-11-19 13:29:50.985000,1.31975,1.31958,2100000,1000000
2019-11-19 13:29:51.087000,1.31977,1.31957,2250000,1000000
2019-11-19 13:29:51.189000,1.31977,1.31957,2300000,1000000
2019-11-19 13:29:51.391000,1.31976,1.31957,1800000,1000000
2019-11-19 13:29:51.963000,1.31973,1.31955,1000000,1000000
2019-11-19 13:29:52.014000,1.31974,1.31953,1100000,1100000
2019-11-19 13:29:52.116000,1.31977,1.31958,1800000,1000000
2019-11-19 13:29:52.488000,1.31977,1.31958,1800000,1000000
2019-11-19 13:29:52.589000,1.31972,1.31954,1100000,1000000
2019-11-19 13:29:52.640000,1.31972,1.31952,1100000,1570000
2019-11-19 13:29:52.691000,1.31975,1.31955,1200000,1000000
2019-11-19 13:29:52.792000,1.31978,1.3195,1700000,1500000
2019-11-19 13:29:52.864000,1.31978,1.3195,1700000,1500000
2019-11-19 13:29:53.739000,1.31977,1.31952,1200000,1500000
2019-11-19 13:29:53.841000,1.31978,1.31964,1100000,1000000
2019-11-19 13:29:53.942000,1.3198,1.3196,1600000,1500000
2019-11-19 13:29:53.993000,1.3198,1.31959,2100000,1000000
2019-11-19 13:29:54.195000,1.31979,1.31959,1600000,1000000
2019-11-19 13:29:55.071000,1.31979,1.31959,2100000,1000000
2019-11-19 13:29:55.172000,1.31977,1.31956,1600000,1100000
2019-11-19 13:29:55.223000,1.31977,1.31958,1600000,1000000
2019-11-19 13:29:55.818000,1.31977,1.31957,1600000,1000000
2019-11-19 13:29:55.869000,1.31975,1.31955,1600000,1000000
2019-11-19 13:29:55.920000,1.31977,1.3195,1500000,1000000
2019-11-19 13:29:55.971000,1.31976,1.31949,1000000,1500000
2019-11-19 13:29:56.178000,1.31975,1.31949,1000000,1500000
2019-11-19 13:29:56.364000,1.31975,1.31954,1000000,1000000
2019-11-19 13:29:56.496000,1.31976,1.31958,2100000,1000000
2019-11-19 13:29:57.976000,1.31976,1.31959,2100000,1000000
2019-11-19 13:29:58.134000,1.31976,1.31958,2100000,1000000
2019-11-19 13:29:58.236000,1.31977,1.31957,1220000,1000000
2019-11-19 13:29:58.287000,1.31976,1.31959,1220000,1000000
2019-11-19 13:29:58.338000,1.31974,1.31955,1000000,1100000
2019-11-19 13:29:58.440000,1.31976,1.31958,1100000,1000000
2019-11-19 13:29:58.491000,1.31976,1.31959,1220000,1000000
2019-11-19 13:29:59.685000,1.31976,1.31958,1220000,1000000
2019-11-19 13:30:00.024000,1.31976,1.31959,1220000,1000000
2019-11-19 13:30:00.465000,1.31976,1.31958,1220000,1000000
2019-11-19 13:30:00.740000,1.31976,1.31957,1220000,1000000
2019-11-19 13:30:01.906000,1.31976,1.31957,2290000,1000000
2019-11-19 13:30:02.296000,1.31976,1.31956,2290000,1000000
2019-11-19 13:30:02.563000,1.31976,1.31958,1280000,1000000
2019-11-19 13:30:02.764000,1.31976,1.31958,1680000,1000000
2019-11-19 13:30:03.008000,1.31965,1.31956,1220000,1000000
2019-11-19 13:30:03.059000,1.31968,1.31952,1720000,1000000
2019-11-19 13:30:03.161000,1.31966,1.31952,1220000,1000000
2019-11-19 13:30:03.254000,1.31966,1.31952,2100000,1000000
2019-11-19 13:30:03.304000,1.31964,1.31948,1720000,1100000
2019-11-19 13:30:04.563000,1.31965,1.31948,1100000,1000000
2019-11-19 13:30:04.692000,1.31966,1.31948,1720000,1100000
2019-11-19 13:30:04.743000,1.3195,1.31946,1000000,1120000
2019-11-19 13:30:04.793000,1.31951,1.31943,1000000,1000000
2019-11-19 13:30:04.844000,1.31948,1.31943,1100000,1000000
2019-11-19 13:30:04.895000,1.31947,1.31926,1120000,1000000
2019-11-19 13:30:04.996000,1.31941,1.31924,1600000,1100000
2019-11-19 13:30:05.098000,1.31941,1.31926,1600000,1000000
2019-11-19 13:30:05.300000,1.31942,1.31924,1000000,2470000
2019-11-19 13:30:05.401000,1.31944,1.31925,2660000,1570000
2019-11-19 13:30:05.502000,1.31943,1.31925,1100000,2450000
2019-11-19 13:30:06.034000,1.3194,1.31926,1000000,1000000
2019-11-19 13:30:06.327000,1.3194,1.31925,1000000,1200000
2019-11-19 13:30:06.387000,1.31943,1.31925,1100000,1100000
2019-11-19 13:30:08.388000,1.31942,1.31924,1100000,1970000
2019-11-19 13:30:10.301000,1.31942,1.31924,1100000,1570000
2019-11-19 13:30:10.858000,1.31943,1.31924,1450000,2050000
2019-11-19 13:30:11.065000,1.31943,1.31926,1820000,1000000
2019-11-19 13:30:11.369000,1.3194,1.31926,1000000,1500000
2019-11-19 13:30:13.136000,1.3194,1.31927,1200000,1100000
2019-11-19 13:30:13.237000,1.3194,1.31927,2050000,1200000
2019-11-19 13:30:13.369000,1.3194,1.31927,1200000,1100000
2019-11-19 13:30:14.200000,1.3194,1.31926,1300000,1320000
2019-11-19 13:30:15.937000,1.3194,1.31926,1200000,1200000
2019-11-19 13:30:16.142000,1.3194,1.31927,1100000,1500000
2019-11-19 13:30:16.266000,1.3194,1.31927,1970000,1500000
2019-11-19 13:30:17.576000,1.3194,1.31927,1100000,1600000
2019-11-19 13:30:17.913000,1.31941,1.31933,1100000,1000000
2019-11-19 13:30:17.964000,1.31944,1.3193,2360000,3070000
2019-11-19 13:30:18.014000,1.31942,1.31934,1120000,1000000
2019-11-19 13:30:18.116000,1.3194,1.31929,1000000,1000000
2019-11-19 13:30:18.217000,1.31941,1.31932,2170000,1000000
2019-11-19 13:30:18.318000,1.31941,1.3193,1770000,1000000
2019-11-19 13:30:18.990000,1.31938,1.31926,3000000,3670000
2019-11-19 13:30:19.091000,1.31938,1.31927,1000000,1500000
2019-11-19 13:30:19.553000,1.31939,1.31929,1100000,1500000
2019-11-19 13:30:20.507000,1.3194,1.31929,1120000,1500000
2019-11-19 13:30:21.030000,1.31942,1.31931,1200000,1500000
2019-11-19 13:30:21.131000,1.31941,1.31929,1500000,2350000
2019-11-19 13:30:21.182000,1.31942,1.3193,1120000,1570000
2019-11-19 13:30:22.176000,1.31942,1.31932,1600000,1500000
2019-11-19 13:30:24.101000,1.31943,1.31931,1600000,1000000
2019-11-19 13:30:24.203000,1.31944,1.31933,1100000,1500000
2019-11-19 13:30:24.315000,1.31946,1.31941,1000000,1000000
2019-11-19 13:30:24.367000,1.31948,1.3194,1000000,1000000
2019-11-19 13:30:24.519000,1.31948,1.31939,1000000,1000000
2019-11-19 13:30:24.620000,1.3195,1.31938,1870000,2720000
2019-11-19 13:30:24.722000,1.3195,1.31938,1870000,2850000
2019-11-19 13:30:25.422000,1.31952,1.31939,1100000,1500000
2019-11-19 13:30:25.573000,1.31952,1.31939,1100000,3470000
2019-11-19 13:30:25.679000,1.31952,1.31939,1970000,2320000
2019-11-19 13:30:26.270000,1.31945,1.31938,1000000,7870000
2019-11-19 13:30:26.321000,1.31944,1.31935,1000000,1100000
2019-11-19 13:30:26.372000,1.31944,1.31933,1000000,1570000
2019-11-19 13:30:26.474000,1.31944,1.31933,1970000,1500000
2019-11-19 13:30:26.580000,1.31944,1.31933,1000000,1500000
2019-11-19 13:30:26.783000,1.31945,1.31933,1500000,1500000
2019-11-19 13:30:27.189000,1.31944,1.3193,1120000,5950000
2019-11-19 13:30:27.240000,1.31941,1.31931,1500000,1570000
2019-11-19 13:30:27.342000,1.31941,1.31929,1600000,1570000
2019-11-19 13:30:29.420000,1.31942,1.31929,2170000,1500000
2019-11-19 13:30:30.060000,1.31942,1.31929,2570000,3870000
2019-11-19 13:30:30.289000,1.31941,1.3193,1200000,1870000
2019-11-19 13:30:30.390000,1.31942,1.3193,2170000,1870000
2019-11-19 13:30:32.524000,1.31941,1.31931,1200000,1500000
2019-11-19 13:30:32.726000,1.31941,1.31931,1220000,1500000
2019-11-19 13:30:33.563000,1.31942,1.3193,1820000,1500000
2019-11-19 13:30:33.664000,1.31942,1.3193,1200000,1500000
2019-11-19 13:30:33.765000,1.31943,1.31932,2170000,1500000
2019-11-19 13:30:34.020000,1.31943,1.31933,2470000,1500000
2019-11-19 13:30:34.153000,1.31943,1.31934,2470000,1500000
2019-11-19 13:30:34.845000,1.31943,1.31931,2550000,1650000
2019-11-19 13:30:34.949000,1.31943,1.31932,2050000,1500000
2019-11-19 13:30:36.040000,1.31943,1.31932,2020000,1500000
2019-11-19 13:30:37.836000,1.31943,1.31933,1650000,1500000
2019-11-19 13:30:38.163000,1.31943,1.31932,1100000,2250000
2019-11-19 13:30:38.264000,1.31943,1.31934,1100000,2370000
2019-11-19 13:30:38.537000,1.31943,1.31932,1100000,2450000
2019-11-19 13:30:39.748000,1.31943,1.31932,1100000,1870000
2019-11-19 13:30:40.808000,1.31941,1.31932,1000000,1870000
2019-11-19 13:30:44.150000,1.31941,1.31933,1000000,1000000
2019-11-19 13:30:45.581000,1.31941,1.31931,1000000,2320000
2019-11-19 13:30:46.202000,1.31942,1.31931,1000000,2400000
2019-11-19 13:30:47.333000,1.31942,1.31931,1000000,2800000
2019-11-19 13:30:48.648000,1.31942,1.31934,1000000,2250000
2019-11-19 13:30:51.901000,1.31942,1.31933,1000000,1000000
2019-11-19 13:30:52.038000,1.31942,1.31933,1000000,1500000
2019-11-19 13:30:52.528000,1.31942,1.31933,1000000,1000000
2019-11-19 13:30:52.630000,1.31941,1.31933,1000000,1000000
2019-11-19 13:30:52.913000,1.31941,1.31931,1000000,1000000
2019-11-19 13:30:53.014000,1.3194,1.31931,1000000,1000000
2019-11-19 13:30:55.974000,1.31939,1.31931,1000000,1000000
2019-11-19 13:30:56.126000,1.3194,1.31931,1100000,1000000
2019-11-19 13:30:56.611000,1.3194,1.31929,1000000,2320000
2019-11-19 13:30:56.796000,1.31938,1.31929,1000000,2250000
2019-11-19 13:30:59.047000,1.31937,1.31929,1000000,1000000
2019-11-19 13:30:59.491000,1.31937,1.31928,1000000,2250000
2019-11-19 13:31:00.007000,1.31936,1.31927,1000000,3000000
2019-11-19 13:31:00.585000,1.31933,1.31927,1000000,1000000
2019-11-19 13:31:00.636000,1.31931,1.31923,1000000,1000000
2019-11-19 13:31:00.687000,1.31926,1.3192,1000000,2450000
2019-11-19 13:31:00.789000,1.31927,1.3192,1000000,1000000
2019-11-19 13:31:00.839000,1.31927,1.31917,1000000,2400000
2019-11-19 13:31:00.890000,1.31928,1.31919,1100000,1000000
2019-11-19 13:31:00.991000,1.3193,1.31922,1050000,1000000
2019-11-19 13:31:01.205000,1.3193,1.31921,1500000,1000000
2019-11-19 13:31:01.312000,1.31929,1.31921,1000000,1000000
2019-11-19 13:31:01.464000,1.3193,1.31921,2250000,1000000
2019-11-19 13:31:01.700000,1.31928,1.31921,1000000,2250000
2019-11-19 13:31:01.888000,1.31929,1.31921,1000000,2250000
2019-11-19 13:31:02.039000,1.3193,1.31921,2250000,1000000
2019-11-19 13:31:02.140000,1.31929,1.31921,1000000,1000000
2019-11-19 13:31:02.443000,1.31928,1.31921,1000000,2250000
2019-11-19 13:31:03.417000,1.3193,1.31921,1500000,1000000
2019-11-19 13:31:03.518000,1.31929,1.31921,1000000,2250000
2019-11-19 13:31:04.032000,1.3193,1.31921,1570000,1100000
2019-11-19 13:31:05.275000,1.3193,1.31922,1500000,1000000
2019-11-19 13:31:05.539000,1.31929,1.31921,1000000,1570000
2019-11-19 13:31:06.889000,1.31931,1.31921,1000000,1500000
2019-11-19 13:31:06.990000,1.31932,1.31921,1100000,1500000
2019-11-19 13:31:07.127000,1.31932,1.31923,1100000,1000000
2019-11-19 13:31:07.229000,1.31933,1.31923,1500000,1000000
2019-11-19 13:31:07.331000,1.31933,1.31923,2250000,1970000
2019-11-19 13:31:07.433000,1.31935,1.31927,1000000,1120000
2019-11-19 13:31:07.535000,1.3194,1.31931,1000000,1000000
2019-11-19 13:31:09.226000,1.3194,1.31932,1500000,1000000
2019-11-19 13:31:09.277000,1.31937,1.3193,1000000,1000000
2019-11-19 13:31:09.378000,1.31939,1.3193,1500000,1120000
2019-11-19 13:31:09.429000,1.31939,1.31932,2250000,1000000
2019-11-19 13:31:09.681000,1.31939,1.31931,1500000,1000000
2019-11-19 13:31:09.829000,1.31942,1.31933,1000000,1870000
2019-11-19 13:31:11.990000,1.31942,1.31932,2320000,1000000
2019-11-19 13:31:12.041000,1.3194,1.31932,1000000,1000000
2019-11-19 13:31:13.154000,1.31941,1.31932,1500000,1000000
2019-11-19 13:31:14.192000,1.31941,1.31931,2250000,1500000
2019-11-19 13:31:14.293000,1.31938,1.31932,1000000,1000000
2019-11-19 13:31:14.444000,1.31938,1.31929,1500000,1620000
2019-11-19 13:31:15.135000,1.31938,1.31931,2250000,1000000
2019-11-19 13:31:15.337000,1.31938,1.31929,1500000,1000000
2019-11-19 13:31:16.040000,1.31937,1.31929,1000000,1000000
2019-11-19 13:31:17.404000,1.31938,1.3193,1500000,1000000
2019-11-19 13:31:17.507000,1.31938,1.31929,1500000,1500000
2019-11-19 13:31:17.608000,1.31937,1.31929,1000000,1500000
2019-11-19 13:31:19.818000,1.31938,1.3193,1000000,1000000
2019-11-19 13:31:20.159000,1.31939,1.3193,2320000,1000000
2019-11-19 13:31:20.634000,1.31939,1.31931,1570000,1000000
2019-11-19 13:31:20.735000,1.31938,1.3193,1000000,1500000
2019-11-19 13:31:20.937000,1.31938,1.31931,1000000,1000000
2019-11-19 13:31:21.039000,1.31938,1.3193,1000000,2250000
2019-11-19 13:31:21.613000,1.3194,1.3193,1500000,2250000
2019-11-19 13:31:21.916000,1.31939,1.31932,1000000,1000000
2019-11-19 13:31:26.803000,1.31943,1.31933,1100000,1950000
2019-11-19 13:31:26.854000,1.31945,1.3194,1000000,1000000
2019-11-19 13:31:26.905000,1.3195,1.31941,3820000,1000000
2019-11-19 13:31:27.326000,1.3195,1.3194,1570000,1120000
2019-11-19 13:31:27.428000,1.3195,1.31941,1570000,1000000
2019-11-19 13:31:27.565000,1.31951,1.31942,2720000,1000000
2019-11-19 13:31:28.024000,1.31951,1.31941,1500000,5250000
2019-11-19 13:31:28.570000,1.31951,1.31942,1500000,3750000
2019-11-19 13:31:30.027000,1.31951,1.31941,1000000,2250000
2019-11-19 13:31:30.078000,1.31954,1.31947,1000000,1000000
2019-11-19 13:31:30.129000,1.31958,1.31947,1970000,2250000
2019-11-19 13:31:30.180000,1.3196,1.31951,2250000,1000000
2019-11-19 13:31:30.281000,1.31961,1.31951,1500000,1000000
2019-11-19 13:31:30.564000,1.3196,1.31951,1000000,1000000
2019-11-19 13:31:31.506000,1.31963,1.31955,1000000,1000000
2019-11-19 13:31:31.557000,1.31965,1.31954,3000000,2320000
2019-11-19 13:31:31.608000,1.31967,1.31957,2100000,1000000
2019-11-19 13:31:31.709000,1.31968,1.31957,1000000,1000000
2019-11-19 13:31:33.098000,1.31967,1.31957,1000000,2250000
2019-11-19 13:31:36.043000,1.31967,1.31958,1000000,1000000
2019-11-19 13:31:36.154000,1.31968,1.3196,1000000,1000000
2019-11-19 13:31:37.158000,1.31968,1.31958,1000000,2320000
2019-11-19 13:31:38.494000,1.31968,1.31958,1000000,1970000
2019-11-19 13:31:39.090000,1.31968,1.31958,1000000,1500000
2019-11-19 13:31:41.105000,1.31968,1.3196,1000000,1000000
2019-11-19 13:31:41.206000,1.31969,1.3196,1100000,1500000
2019-11-19 13:31:41.307000,1.31971,1.31962,1500000,1000000
2019-11-19 13:31:43.065000,1.31971,1.31963,1500000,1000000
2019-11-19 13:31:44.238000,1.31971,1.31962,1000000,1000000
2019-11-19 13:31:44.339000,1.31972,1.31961,1100000,2250000
2019-11-19 13:31:44.440000,1.31968,1.3196,1000000,1000000
2019-11-19 13:31:44.541000,1.31968,1.31961,1000000,1000000
2019-11-19 13:31:45.467000,1.3197,1.3196,2420000,1000000
2019-11-19 13:31:46.457000,1.31969,1.3196,1100000,1220000
2019-11-19 13:31:46.715000,1.31969,1.3196,1100000,1000000
2019-11-19 13:31:47.113000,1.31967,1.31958,1100000,1500000
2019-11-19 13:31:47.163000,1.31967,1.31956,1570000,1000000
2019-11-19 13:31:47.593000,1.31966,1.31956,1000000,1100000
2019-11-19 13:31:49.014000,1.3197,1.31965,1000000,1000000
2019-11-19 13:31:49.065000,1.31976,1.31966,2300000,1000000
2019-11-19 13:31:49.116000,1.31976,1.31966,1000000,1570000
2019-11-19 13:31:49.217000,1.31977,1.31966,1000000,1500000
2019-11-19 13:31:49.764000,1.31976,1.31966,1000000,1000000
2019-11-19 13:31:49.865000,1.31977,1.31966,1000000,1000000
2019-11-19 13:31:50.558000,1.31976,1.31966,1000000,1000000
2019-11-19 13:31:50.820000,1.31974,1.31966,1000000,1500000
2019-11-19 13:31:51.128000,1.31976,1.31965,1000000,3070000
2019-11-19 13:31:51.230000,1.31975,1.31966,1000000,1000000
2019-11-19 13:31:51.460000,1.31972,1.31966,1000000,1000000
2019-11-19 13:31:51.561000,1.31974,1.31965,1000000,1000000
2019-11-19 13:31:51.944000,1.31975,1.31964,2320000,1570000
2019-11-19 13:31:52.664000,1.31974,1.31966,1000000,2320000
2019-11-19 13:31:53.134000,1.31974,1.31964,1100000,2850000
2019-11-19 13:31:53.185000,1.31972,1.31964,1000000,2320000
2019-11-19 13:31:55.848000,1.31973,1.31964,1000000,1000000
2019-11-19 13:31:55.949000,1.31972,1.31964,1000000,1000000
2019-11-19 13:31:56.171000,1.31972,1.31962,1000000,2250000
2019-11-19 13:31:56.309000,1.31973,1.31962,1500000,1500000
2019-11-19 13:31:56.410000,1.31972,1.31962,1000000,1500000
2019-11-19 13:31:56.749000,1.31972,1.31962,1100000,1970000
2019-11-19 13:31:57.238000,1.31972,1.31962,1100000,1500000
2019-11-19 13:32:00.095000,1.31971,1.31962,1100000,1100000
2019-11-19 13:32:00.146000,1.31962,1.31955,1000000,1600000
2019-11-19 13:32:00.247000,1.31963,1.31954,1500000,1100000
2019-11-19 13:32:01.898000,1.31964,1.31953,1120000,1570000
2019-11-19 13:32:02.933000,1.31962,1.31952,1500000,1000000
2019-11-19 13:32:03.034000,1.31956,1.31946,1500000,1970000
2019-11-19 13:32:03.179000,1.31955,1.31945,2000000,1000000
2019-11-19 13:32:03.331000,1.31955,1.31946,2000000,1000000
2019-11-19 13:32:03.482000,1.31955,1.31945,2000000,1000000
2019-11-19 13:32:03.684000,1.31955,1.31945,2000000,1500000
2019-11-19 13:32:03.983000,1.31955,1.31945,2000000,1000000
2019-11-19 13:32:04.643000,1.31954,1.31946,1500000,1000000
2019-11-19 13:32:06.985000,1.31958,1.31954,1000000,1500000
2019-11-19 13:32:07.036000,1.31967,1.31958,2850000,1500000
2019-11-19 13:32:07.087000,1.31966,1.31962,1120000,1000000
2019-11-19 13:32:07.138000,1.31967,1.3196,1000000,1000000
2019-11-19 13:32:07.240000,1.31969,1.3196,1000000,1000000
2019-11-19 13:32:07.341000,1.31968,1.3196,1000000,1500000
2019-11-19 13:32:10.046000,1.31963,1.31958,1000000,1100000
2019-11-19 13:32:10.118000,1.31965,1.31958,1000000,1570000
2019-11-19 13:32:10.170000,1.31965,1.31956,1000000,1100000
2019-11-19 13:32:10.767000,1.31965,1.31957,1000000,1000000
2019-11-19 13:32:11.070000,1.31964,1.31957,1000000,1000000
2019-11-19 13:32:11.121000,1.31966,1.31957,2320000,1000000
2019-11-19 13:32:11.551000,1.31966,1.31958,1100000,1000000
2019-11-19 13:32:12.279000,1.31965,1.31958,1000000,1000000
2019-11-19 13:32:12.330000,1.31967,1.31958,1000000,1000000
2019-11-19 13:32:12.804000,1.31966,1.31958,1000000,1000000
2019-11-19 13:32:16.169000,1.31966,1.31957,1000000,1500000
2019-11-19 13:32:16.585000,1.31967,1.31957,1000000,1500000
2019-11-19 13:32:19.580000,1.31967,1.31957,1220000,1500000
2019-11-19 13:32:19.685000,1.31967,1.31957,1000000,1500000
2019-11-19 13:32:19.792000,1.31967,1.31958,1570000,1000000
2019-11-19 13:32:20.088000,1.31966,1.31958,1000000,1000000
2019-11-19 13:32:20.190000,1.31967,1.31958,1570000,1000000
2019-11-19 13:32:21.270000,1.31966,1.31958,1000000,1000000
2019-11-19 13:32:21.683000,1.31965,1.31958,1000000,1000000
2019-11-19 13:32:22.530000,1.31967,1.31958,1600000,1000000
2019-11-19 13:32:22.870000,1.31967,1.31958,1650000,1000000
2019-11-19 13:32:22.924000,1.31965,1.31958,1000000,1000000
2019-11-19 13:32:23.025000,1.31965,1.31957,1000000,1000000
2019-11-19 13:32:23.126000,1.31964,1.31956,1100000,1000000
2019-11-19 13:32:23.278000,1.31965,1.31956,1000000,1000000
2019-11-19 13:32:26.217000,1.31966,1.31956,2320000,6000000
2019-11-19 13:32:29.816000,1.31966,1.31957,1650000,3750000
2019-11-19 13:32:30.089000,1.31965,1.31957,1000000,3750000
2019-11-19 13:32:30.387000,1.31967,1.31957,3100000,3750000
2019-11-19 13:32:31.444000,1.31968,1.31959,1000000,1000000
2019-11-19 13:32:31.546000,1.31974,1.31964,2070000,2250000
2019-11-19 13:32:31.647000,1.31975,1.31966,1320000,1000000
2019-11-19 13:32:31.800000,1.31975,1.31966,2070000,1000000
2019-11-19 13:32:33.437000,1.31974,1.31967,1100000,1000000
2019-11-19 13:32:33.562000,1.31976,1.31967,1670000,1000000
2019-11-19 13:32:33.664000,1.31977,1.31967,3100000,1000000
2019-11-19 13:32:33.715000,1.31975,1.31967,1100000,1000000
2019-11-19 13:32:33.816000,1.31975,1.31966,2820000,1000000
2019-11-19 13:32:34.588000,1.31975,1.31966,1200000,1000000
2019-11-19 13:32:34.689000,1.31975,1.31966,1300000,1000000
2019-11-19 13:32:34.790000,1.31976,1.31967,1970000,1000000
2019-11-19 13:32:34.891000,1.31976,1.31967,1100000,1000000
2019-11-19 13:32:35.176000,1.31976,1.31966,1000000,6000000
2019-11-19 13:32:39.049000,1.31976,1.31966,1300000,6000000
2019-11-19 13:32:41.097000,1.31976,1.31967,1300000,1000000
2019-11-19 13:32:44.091000,1.31975,1.31966,1500000,2250000
2019-11-19 13:32:44.486000,1.31974,1.31966,1000000,2250000
2019-11-19 13:32:44.587000,1.31976,1.31966,1000000,2320000
2019-11-19 13:32:44.696000,1.31976,1.31969,1000000,1000000
2019-11-19 13:32:45.680000,1.31977,1.31969,1000000,1000000
2019-11-19 13:32:45.785000,1.31977,1.31969,1000000,1220000
2019-11-19 13:32:48.470000,1.31976,1.31969,1000000,1220000
2019-11-19 13:32:48.572000,1.31976,1.31967,1500000,2250000
2019-11-19 13:32:48.622000,1.31973,1.31966,1000000,1100000
2019-11-19 13:32:48.724000,1.31974,1.31966,1500000,1500000
2019-11-19 13:32:50.303000,1.31974,1.31965,1000000,1570000
2019-11-19 13:32:50.455000,1.31974,1.31965,1500000,1570000
2019-11-19 13:32:50.928000,1.31974,1.31965,1000000,1570000
2019-11-19 13:32:51.298000,1.31973,1.31965,1000000,1570000
2019-11-19 13:32:51.649000,1.31975,1.31965,2250000,1570000
2019-11-19 13:32:52.048000,1.31973,1.31965,1000000,1000000
2019-11-19 13:32:52.150000,1.31972,1.31964,1000000,2320000
2019-11-19 13:32:52.251000,1.31966,1.31958,1500000,1970000
2019-11-19 13:32:52.352000,1.31964,1.31957,1000000,2250000
2019-11-19 13:32:52.563000,1.31965,1.31956,1000000,1500000
2019-11-19 13:32:53.029000,1.31964,1.31957,1000000,1500000
2019-11-19 13:32:55.602000,1.31966,1.31955,2250000,2320000
2019-11-19 13:32:55.653000,1.31964,1.31955,1500000,2320000
2019-11-19 13:32:55.813000,1.31963,1.31954,2620000,1000000
2019-11-19 13:32:55.914000,1.31961,1.31953,1500000,1220000
2019-11-19 13:32:56.015000,1.31959,1.3195,1000000,2850000
2019-11-19 13:32:56.117000,1.31957,1.31948,1500000,2320000
2019-11-19 13:32:56.167000,1.31955,1.31948,1000000,1100000
2019-11-19 13:32:56.269000,1.31956,1.31947,1000000,1000000
2019-11-19 13:32:56.420000,1.31957,1.31947,2250000,1100000
2019-11-19 13:32:56.572000,1.31955,1.31946,1500000,1500000
2019-11-19 13:32:56.673000,1.31954,1.31945,1000000,3000000
2019-11-19 13:32:57.401000,1.31954,1.31946,1500000,1000000
2019-11-19 13:32:57.502000,1.31953,1.31945,1000000,1000000
2019-11-19 13:32:57.604000,1.31951,1.31943,1000000,1600000
2019-11-19 13:32:57.706000,1.31951,1.31942,1000000,1100000
2019-11-19 13:32:57.852000,1.31952,1.31942,1500000,1000000
2019-11-19 13:32:57.953000,1.31952,1.31945,1500000,1500000
2019-11-19 13:32:58.055000,1.31953,1.31944,1000000,3470000
2019-11-19 13:32:58.156000,1.31955,1.31947,1500000,1500000
2019-11-19 13:32:58.257000,1.31957,1.31947,2250000,1000000
2019-11-19 13:32:58.567000,1.31957,1.31947,1500000,1970000
2019-11-19 13:32:59.158000,1.31956,1.31947,1500000,1500000
2019-11-19 13:32:59.360000,1.31955,1.31947,1000000,1500000
2019-11-19 13:32:59.610000,1.31957,1.31947,1500000,1500000
2019-11-19 13:33:00.747000,1.31956,1.31947,1000000,1500000
2019-11-19 13:33:00.848000,1.31954,1.31946,1000000,1000000
2019-11-19 13:33:01.460000,1.31956,1.31946,1000000,1500000
2019-11-19 13:33:01.714000,1.31956,1.31946,1000000,1970000
2019-11-19 13:33:01.917000,1.31955,1.31945,1100000,5100000
2019-11-19 13:33:01.967000,1.31955,1.31945,1100000,3070000
2019-11-19 13:33:02.069000,1.31954,1.31945,1000000,2250000
2019-11-19 13:33:02.170000,1.31956,1.31946,1970000,1000000
2019-11-19 13:33:02.271000,1.31956,1.31946,1000000,1000000
2019-11-19 13:33:02.549000,1.31955,1.31946,1000000,1000000
2019-11-19 13:33:02.910000,1.31955,1.31947,1000000,1000000
2019-11-19 13:33:03.744000,1.31957,1.31947,2320000,1000000
2019-11-19 13:33:04.117000,1.31957,1.31947,2350000,1000000
2019-11-19 13:33:04.229000,1.31957,1.31947,1570000,1000000
2019-11-19 13:33:04.513000,1.31954,1.31945,1100000,1500000
2019-11-19 13:33:04.614000,1.31953,1.31944,1570000,1500000
2019-11-19 13:33:04.715000,1.31954,1.31943,1670000,3820000
2019-11-19 13:33:05.120000,1.31954,1.31945,1670000,1000000
2019-11-19 13:33:05.171000,1.31955,1.31946,1200000,1500000
2019-11-19 13:33:05.273000,1.31955,1.31946,1570000,1000000
2019-11-19 13:33:05.374000,1.31955,1.31946,1300000,1000000
2019-11-19 13:33:05.475000,1.31954,1.31945,1570000,1500000
2019-11-19 13:33:05.950000,1.31954,1.31946,1570000,1000000
2019-11-19 13:33:06.117000,1.31954,1.31945,1570000,1500000
2019-11-19 13:33:09.324000,1.31953,1.31945,1000000,1500000
2019-11-19 13:33:09.822000,1.31954,1.31945,1000000,1500000
2019-11-19 13:33:14.363000,1.31955,1.31946,1000000,1000000
2019-11-19 13:33:14.415000,1.31957,1.31948,1100000,1500000
2019-11-19 13:33:14.516000,1.31956,1.31948,1000000,1500000
2019-11-19 13:33:14.668000,1.31957,1.31948,1000000,1500000
2019-11-19 13:33:16.147000,1.31958,1.31948,1500000,1100000
2019-11-19 13:33:16.993000,1.31957,1.31948,1000000,1000000
2019-11-19 13:33:17.145000,1.31958,1.31948,1100000,1000000
2019-11-19 13:33:21.020000,1.31958,1.31948,1300000,1000000
2019-11-19 13:33:24.277000,1.31957,1.31949,1100000,1000000
2019-11-19 13:33:26.393000,1.31958,1.31949,1570000,1000000
2019-11-19 13:33:26.494000,1.31958,1.31952,1100000,1000000
2019-11-19 13:33:26.596000,1.31959,1.31952,1000000,3000000
2019-11-19 13:33:26.646000,1.31962,1.31953,1000000,1000000
2019-11-19 13:33:26.747000,1.31963,1.31954,1200000,1000000
2019-11-19 13:33:27.028000,1.31962,1.31954,1000000,1000000
2019-11-19 13:33:27.156000,1.31962,1.31952,1500000,3000000
2019-11-19 13:33:27.308000,1.31962,1.31952,1500000,4220000
2019-11-19 13:33:27.460000,1.31962,1.31952,1500000,3750000
2019-11-19 13:33:27.888000,1.31962,1.31952,1500000,3470000
2019-11-19 13:33:27.989000,1.31962,1.31952,1500000,1000000
2019-11-19 13:33:28.091000,1.31961,1.31952,1000000,1000000
2019-11-19 13:33:29.563000,1.31959,1.31952,1000000,1000000
2019-11-19 13:33:29.666000,1.31958,1.31952,1000000,1000000
2019-11-19 13:33:29.782000,1.31959,1.31952,1000000,1000000
2019-11-19 13:33:31.618000,1.3196,1.31952,1000000,1000000
2019-11-19 13:33:31.800000,1.31958,1.31952,1000000,1000000
2019-11-19 13:33:32.757000,1.3196,1.31952,1000000,1000000
2019-11-19 13:33:32.858000,1.31962,1.31956,1000000,1000000
2019-11-19 13:33:32.960000,1.31966,1.31956,3070000,1000000
2019-11-19 13:33:33.061000,1.31965,1.31956,1000000,1000000
2019-11-19 13:33:33.380000,1.31964,1.31956,1500000,1000000
2019-11-19 13:33:33.667000,1.31965,1.31956,1500000,1000000
2019-11-19 13:33:35.856000,1.31965,1.31956,2350000,1000000
2019-11-19 13:33:38.584000,1.31963,1.31955,1000000,1000000
2019-11-19 13:33:38.685000,1.31964,1.31955,2820000,1000000
2019-11-19 13:33:39.571000,1.31961,1.31952,1000000,2000000
2019-11-19 13:33:39.673000,1.31959,1.3195,1100000,1500000
2019-11-19 13:33:39.825000,1.31959,1.3195,1570000,1000000
2019-11-19 13:33:39.977000,1.3196,1.3195,1570000,2250000
2019-11-19 13:33:40.027000,1.31959,1.31952,1500000,1000000
2019-11-19 13:33:40.129000,1.31959,1.31953,1000000,1000000
2019-11-19 13:33:40.179000,1.31959,1.31951,1000000,1500000
2019-11-19 13:33:40.890000,1.3196,1.31951,1000000,1000000
2019-11-19 13:33:41.539000,1.31958,1.31949,1000000,1000000
2019-11-19 13:33:41.665000,1.31956,1.31948,1000000,1000000
2019-11-19 13:33:41.817000,1.31955,1.31948,1000000,1000000
2019-11-19 13:33:41.918000,1.31956,1.31948,1500000,1000000
2019-11-19 13:33:42.020000,1.31956,1.31947,1570000,1500000
2019-11-19 13:33:42.121000,1.31956,1.31948,1000000,1000000
2019-11-19 13:33:42.172000,1.31958,1.31948,1100000,1500000
2019-11-19 13:33:42.273000,1.31956,1.31948,1000000,1500000
2019-11-19 13:33:42.374000,1.31957,1.31948,1100000,1500000
2019-11-19 13:33:43.588000,1.31956,1.31948,1000000,1000000
2019-11-19 13:33:43.833000,1.31955,1.31947,1000000,1000000
2019-11-19 13:33:46.513000,1.31956,1.31947,2320000,1500000
2019-11-19 13:33:46.671000,1.31958,1.31948,2250000,1000000
2019-11-19 13:33:47.114000,1.31958,1.31951,1000000,1000000
2019-11-19 13:33:47.165000,1.31959,1.31948,2320000,3000000
2019-11-19 13:33:49.616000,1.31959,1.31948,2820000,2250000
2019-11-19 13:33:50.632000,1.31959,1.31951,1000000,1000000
2019-11-19 13:33:50.763000,1.31962,1.31956,1000000,1500000
2019-11-19 13:33:50.814000,1.31965,1.31957,1500000,1000000
2019-11-19 13:33:51.952000,1.31965,1.31956,1570000,1000000
2019-11-19 13:33:52.434000,1.31964,1.31956,1000000,1000000
2019-11-19 13:33:53.572000,1.31964,1.31955,2250000,1000000
2019-11-19 13:33:53.673000,1.31962,1.31952,1000000,2250000
2019-11-19 13:33:53.723000,1.3196,1.31951,1000000,1000000
2019-11-19 13:33:53.825000,1.3196,1.3195,1000000,2320000
2019-11-19 13:33:53.926000,1.31961,1.3195,2250000,3070000
2019-11-19 13:33:54.027000,1.3196,1.3195,3070000,1000000
2019-11-19 13:33:54.130000,1.31959,1.3195,1000000,1000000
2019-11-19 13:33:54.231000,1.31959,1.31951,1000000,1000000
2019-11-19 13:33:55.152000,1.31959,1.3195,1570000,1000000
2019-11-19 13:33:55.253000,1.31957,1.31947,1500000,1500000
2019-11-19 13:33:55.304000,1.31955,1.31947,1000000,1000000
2019-11-19 13:33:55.456000,1.31955,1.31946,1500000,1000000
2019-11-19 13:33:57.299000,1.31955,1.31947,1000000,1000000
2019-11-19 13:34:00.067000,1.31956,1.31948,1100000,1000000
2019-11-19 13:34:04.106000,1.31957,1.31948,1000000,1000000
2019-11-19 13:34:05.114000,1.31956,1.31948,1000000,1500000
2019-11-19 13:34:07.817000,1.31956,1.31947,1000000,2250000
2019-11-19 13:34:08.292000,1.31957,1.31947,1000000,2250000
2019-11-19 13:34:08.393000,1.31956,1.31948,1000000,1500000
2019-11-19 13:34:08.501000,1.31958,1.31949,1970000,1000000
2019-11-19 13:34:08.603000,1.31958,1.31949,1000000,1500000
2019-11-19 13:34:09.549000,1.31958,1.31951,1500000,1000000
2019-11-19 13:34:09.671000,1.31959,1.3195,1500000,1000000
2019-11-19 13:34:10.401000,1.31957,1.31949,1000000,1000000
2019-11-19 13:34:10.502000,1.31957,1.31948,2250000,1000000
2019-11-19 13:34:10.908000,1.31958,1.31949,1570000,1000000
2019-11-19 13:34:11.009000,1.31957,1.31948,1000000,3750000
2019-11-19 13:34:11.111000,1.31958,1.31951,1500000,1000000
2019-11-19 13:34:11.212000,1.31958,1.3195,1500000,1000000
2019-11-19 13:34:12.970000,1.31961,1.31951,2400000,1500000
2019-11-19 13:34:13.071000,1.31961,1.31952,2320000,1000000
2019-11-19 13:34:13.324000,1.31961,1.31951,1600000,2250000
2019-11-19 13:34:13.563000,1.31961,1.31952,1100000,2250000
2019-11-19 13:34:16.261000,1.31961,1.31952,1000000,3000000
2019-11-19 13:34:16.362000,1.31962,1.31952,3000000,2320000
2019-11-19 13:34:16.514000,1.31962,1.31954,1100000,1000000
2019-11-19 13:34:16.615000,1.31963,1.31954,1000000,2250000
2019-11-19 13:34:16.716000,1.31963,1.31956,1000000,1500000
2019-11-19 13:34:17.229000,1.31964,1.31956,1500000,1500000
2019-11-19 13:34:17.830000,1.31964,1.31957,1000000,2250000
2019-11-19 13:34:20.202000,1.31966,1.31957,2250000,1000000
2019-11-19 13:34:26.715000,1.31966,1.31957,2420000,1000000
2019-11-19 13:34:27.160000,1.31964,1.31956,1570000,1000000
2019-11-19 13:34:27.261000,1.31963,1.31954,1570000,3000000
2019-11-19 13:34:28.714000,1.31962,1.31954,1000000,2250000
2019-11-19 13:34:28.865000,1.31962,1.31955,1000000,1000000
2019-11-19 13:34:29.024000,1.31964,1.31955,1000000,1570000
2019-11-19 13:34:29.667000,1.31964,1.31956,1000000,1000000
2019-11-19 13:34:39.460000,1.31965,1.31956,1650000,1500000
2019-11-19 13:34:43.169000,1.31964,1.31956,1000000,1000000
2019-11-19 13:34:46.170000,1.31965,1.31956,1570000,1000000
2019-11-19 13:34:47.933000,1.31964,1.31956,1000000,1500000
2019-11-19 13:34:48.035000,1.31964,1.31955,1100000,2250000
2019-11-19 13:34:48.136000,1.31964,1.31956,1100000,1000000
2019-11-19 13:34:51.146000,1.31964,1.31955,1100000,1000000
2019-11-19 13:34:51.341000,1.31963,1.31955,1100000,1100000
2019-11-19 13:34:51.698000,1.31965,1.31955,1570000,1500000
2019-11-19 13:34:51.800000,1.31966,1.31956,1000000,1500000
2019-11-19 13:34:51.902000,1.31967,1.31957,1570000,1000000
2019-11-19 13:34:52.057000,1.31966,1.31957,1000000,1000000
2019-11-19 13:34:53.119000,1.31967,1.31957,1000000,1000000
2019-11-19 13:34:55.005000,1.31967,1.31957,1970000,1000000
2019-11-19 13:34:55.107000,1.31966,1.31956,1650000,1500000
2019-11-19 13:34:55.208000,1.31965,1.31956,1000000,1500000
2019-11-19 13:34:55.569000,1.31966,1.31957,1500000,1000000
2019-11-19 13:34:56.553000,1.31966,1.31958,1000000,1000000
2019-11-19 13:35:00.762000,1.31966,1.31957,1570000,1500000
2019-11-19 13:35:02.742000,1.31965,1.31957,1000000,1100000
2019-11-19 13:35:04.070000,1.31964,1.31957,1000000,1000000
2019-11-19 13:35:07.396000,1.31964,1.31956,1000000,3750000
2019-11-19 13:35:10.671000,1.31966,1.31956,1000000,1000000
2019-11-19 13:35:12.611000,1.31965,1.31956,1000000,1500000
2019-11-19 13:35:13.104000,1.31964,1.31956,1100000,1500000
2019-11-19 13:35:13.586000,1.31964,1.31955,1100000,2250000
2019-11-19 13:35:13.687000,1.31962,1.31955,1000000,1500000
2019-11-19 13:35:14.534000,1.31962,1.31956,1000000,1000000
2019-11-19 13:35:15.288000,1.31963,1.31956,1100000,1000000
2019-11-19 13:35:15.339000,1.31958,1.31949,1620000,1120000
2019-11-19 13:35:15.390000,1.31955,1.31948,1000000,1570000
2019-11-19 13:35:15.441000,1.31954,1.31945,1000000,1000000
2019-11-19 13:35:15.542000,1.31955,1.31946,3070000,1000000
2019-11-19 13:35:15.644000,1.31955,1.31946,3470000,1000000
2019-11-19 13:35:15.745000,1.31955,1.31946,3070000,1000000
2019-11-19 13:35:16.156000,1.31953,1.31946,1000000,1000000
2019-11-19 13:35:16.258000,1.31954,1.31946,1500000,1000000
2019-11-19 13:35:16.410000,1.31953,1.31946,1500000,1000000
2019-11-19 13:35:16.708000,1.31954,1.31946,2250000,1000000
2019-11-19 13:35:16.972000,1.31953,1.31946,1000000,1000000
2019-11-19 13:35:17.073000,1.31952,1.31944,1100000,1000000
2019-11-19 13:35:17.174000,1.31944,1.31939,1000000,1600000
2019-11-19 13:35:17.298000,1.31939,1.31935,1000000,1200000
2019-11-19 13:35:17.350000,1.3194,1.31934,1000000,1000000
2019-11-19 13:35:17.452000,1.31939,1.31933,1000000,1500000
2019-11-19 13:35:17.553000,1.31942,1.31935,1100000,1000000
2019-11-19 13:35:17.604000,1.31943,1.31933,1100000,1500000
2019-11-19 13:35:17.705000,1.31943,1.31933,1100000,2250000
2019-11-19 13:35:17.807000,1.31942,1.31933,1000000,2620000
2019-11-19 13:35:19.102000,1.31941,1.31933,1000000,2250000
2019-11-19 13:35:19.684000,1.31943,1.31933,1100000,2250000
2019-11-19 13:35:19.864000,1.31942,1.31933,1000000,2250000
2019-11-19 13:35:19.965000,1.31941,1.31933,1000000,1500000
2019-11-19 13:35:22.492000,1.31941,1.31932,1000000,1100000
2019-11-19 13:35:22.542000,1.3194,1.31931,1500000,2720000
2019-11-19 13:35:22.644000,1.31937,1.31929,1000000,1610000
2019-11-19 13:35:22.694000,1.31938,1.31928,1000000,1580000
2019-11-19 13:35:22.796000,1.31941,1.31934,1100000,1000000
2019-11-19 13:35:22.847000,1.31943,1.31932,1600000,2250000
2019-11-19 13:35:22.901000,1.31943,1.31934,1100000,1000000
2019-11-19 13:35:23.021000,1.31942,1.31932,1200000,1870000
2019-11-19 13:35:23.123000,1.31942,1.31932,1000000,1870000
2019-11-19 13:35:23.788000,1.31943,1.31933,1570000,1000000
2019-11-19 13:35:24.698000,1.31942,1.31932,1000000,2250000
2019-11-19 13:35:24.800000,1.3194,1.31932,1000000,1720000
2019-11-19 13:35:24.902000,1.31936,1.31931,1000000,1000000
2019-11-19 13:35:25.004000,1.31937,1.31928,1000000,1880000
2019-11-19 13:35:25.054000,1.31935,1.31928,1000000,1010000
2019-11-19 13:35:25.259000,1.31935,1.31928,1000000,1010000
2019-11-19 13:35:25.360000,1.31934,1.31928,1000000,1010000
2019-11-19 13:35:25.462000,1.31934,1.31928,1000000,1010000
2019-11-19 13:35:25.563000,1.31935,1.31926,1000000,1010000
2019-11-19 13:35:26.459000,1.31935,1.31926,1120000,1000000
2019-11-19 13:35:27.040000,1.31935,1.31926,1500000,1100000
2019-11-19 13:35:27.141000,1.31935,1.31926,2070000,1000000
2019-11-19 13:35:27.564000,1.31935,1.31927,1500000,1000000
2019-11-19 13:35:27.666000,1.31935,1.31927,1500000,1000000
2019-11-19 13:35:28.574000,1.31934,1.31927,1000000,1000000
2019-11-19 13:35:28.962000,1.31935,1.31927,1500000,1000000
2019-11-19 13:35:29.261000,1.31935,1.31926,1000000,2250000
2019-11-19 13:35:30.367000,1.31934,1.31926,1000000,1500000
2019-11-19 13:35:30.569000,1.31934,1.31926,1500000,1500000
2019-11-19 13:35:31.306000,1.31929,1.31923,1000000,2720000
2019-11-19 13:35:31.407000,1.31927,1.3192,1000000,1500000
2019-11-19 13:35:31.509000,1.31926,1.31919,1000000,1500000
2019-11-19 13:35:31.610000,1.31927,1.31919,1000000,1000000
2019-11-19 13:35:36.353000,1.31927,1.31922,1120000,1000000
2019-11-19 13:35:36.622000,1.31927,1.31921,1000000,1000000
2019-11-19 13:35:36.909000,1.31928,1.31921,1000000,1000000
2019-11-19 13:35:37.010000,1.31929,1.31921,1100000,1500000
2019-11-19 13:35:38.152000,1.31928,1.31921,1000000,1000000
2019-11-19 13:35:38.253000,1.31927,1.31922,1000000,1000000
2019-11-19 13:35:38.639000,1.31927,1.31921,1000000,1500000
2019-11-19 13:35:39.759000,1.31929,1.31921,1500000,1500000
2019-11-19 13:35:41.387000,1.31929,1.31922,1000000,1000000
2019-11-19 13:35:42.070000,1.31929,1.31921,1000000,1500000
2019-11-19 13:35:42.249000,1.31928,1.31921,1000000,1500000
2019-11-19 13:35:42.350000,1.3193,1.31921,1200000,1500000
2019-11-19 13:35:44.154000,1.31928,1.31921,1000000,1500000
2019-11-19 13:35:45.537000,1.31927,1.31921,1000000,1000000
2019-11-19 13:35:45.638000,1.31931,1.31922,1100000,1000000
2019-11-19 13:35:45.740000,1.31929,1.31922,1000000,1500000
2019-11-19 13:35:46.041000,1.31931,1.31922,1570000,1000000
2019-11-19 13:35:46.456000,1.3193,1.31922,1000000,1000000
2019-11-19 13:35:46.558000,1.31932,1.31925,1270000,1000000
2019-11-19 13:35:46.660000,1.31936,1.31928,2350000,2250000
2019-11-19 13:35:46.762000,1.31938,1.31929,1500000,1000000
2019-11-19 13:35:46.864000,1.31937,1.31929,1000000,1000000
2019-11-19 13:35:46.978000,1.31939,1.31929,1650000,1000000
2019-11-19 13:35:47.166000,1.31938,1.3193,1000000,1000000
2019-11-19 13:35:47.682000,1.31939,1.3193,1000000,1500000
2019-11-19 13:35:47.784000,1.31939,1.31931,1000000,1000000
2019-11-19 13:35:48.036000,1.3194,1.3193,1570000,2250000
2019-11-19 13:35:48.193000,1.31939,1.3193,1000000,1500000
2019-11-19 13:35:48.470000,1.3194,1.3193,1570000,2250000
2019-11-19 13:35:48.702000,1.31939,1.31931,1000000,1000000
2019-11-19 13:35:48.999000,1.3194,1.31931,1000000,1870000
2019-11-19 13:35:49.100000,1.31941,1.31931,1000000,4570000
2019-11-19 13:35:50.589000,1.3194,1.31931,1000000,4500000
2019-11-19 13:35:51.237000,1.3194,1.31932,1000000,1000000
2019-11-19 13:35:51.338000,1.3194,1.31931,1000000,4870000
2019-11-19 13:35:51.440000,1.3194,1.31932,1000000,1000000
2019-11-19 13:35:54.939000,1.31939,1.31931,1000000,3820000
2019-11-19 13:35:58.650000,1.3194,1.31931,1000000,2250000
2019-11-19 13:35:58.752000,1.31939,1.31931,1000000,1000000
2019-11-19 13:35:58.853000,1.31939,1.31932,1000000,1000000
2019-11-19 13:35:59.016000,1.31939,1.3193,1000000,1000000
2019-11-19 13:35:59.117000,1.31938,1.3193,1500000,1000000
2019-11-19 13:35:59.219000,1.31937,1.31929,1000000,2250000
2019-11-19 13:35:59.369000,1.31936,1.31929,1000000,2250000
2019-11-19 13:35:59.521000,1.31937,1.31929,1000000,1500000
2019-11-19 13:35:59.622000,1.31936,1.31929,1000000,1000000
2019-11-19 13:36:00.159000,1.31935,1.31929,1000000,1000000
2019-11-19 13:36:00.210000,1.31933,1.31927,1000000,1000000
2019-11-19 13:36:00.311000,1.31929,1.31922,1500000,1000000
2019-11-19 13:36:00.413000,1.31928,1.3192,1000000,1000000
2019-11-19 13:36:02.679000,1.31927,1.3192,1000000,1500000
2019-11-19 13:36:03.895000,1.31928,1.3192,1870000,1000000
2019-11-19 13:36:04.982000,1.31927,1.3192,1000000,1000000
2019-11-19 13:36:05.087000,1.31928,1.3192,1570000,1000000
2019-11-19 13:36:05.941000,1.31931,1.31923,2320000,1000000
2019-11-19 13:36:06.043000,1.31931,1.31922,2250000,1000000
2019-11-19 13:36:10.221000,1.31931,1.31922,1100000,2750000
2019-11-19 13:36:10.527000,1.31931,1.31922,1100000,2750000
2019-11-19 13:36:10.733000,1.31931,1.31922,1000000,3000000
2019-11-19 13:36:15.755000,1.3193,1.31922,1000000,1500000
2019-11-19 13:36:15.856000,1.31931,1.31922,1500000,1570000
2019-11-19 13:36:18.026000,1.31931,1.31921,1500000,2250000
2019-11-19 13:36:18.128000,1.3193,1.31922,1000000,1000000
2019-11-19 13:36:20.313000,1.31931,1.31923,1000000,1000000
2019-11-19 13:36:20.364000,1.31934,1.31927,1500000,1000000
2019-11-19 13:36:20.466000,1.31935,1.31926,1000000,2250000
2019-11-19 13:36:20.567000,1.31936,1.31927,1500000,1500000
2019-11-19 13:36:21.640000,1.31935,1.31927,1000000,1500000
2019-11-19 13:36:22.271000,1.31936,1.31927,1500000,2250000
2019-11-19 13:36:22.372000,1.31936,1.31928,1500000,1000000
2019-11-19 13:36:23.375000,1.31934,1.31928,1000000,1000000
2019-11-19 13:36:23.521000,1.31933,1.31924,1120000,1500000
2019-11-19 13:36:23.674000,1.31935,1.31926,3100000,1000000
2019-11-19 13:36:23.776000,1.31935,1.31926,2250000,1000000
2019-11-19 13:36:26.405000,1.31934,1.31926,1000000,1500000
2019-11-19 13:36:26.507000,1.31935,1.31926,2250000,1500000
2019-11-19 13:36:28.841000,1.31935,1.31925,1500000,1570000
2019-11-19 13:36:28.994000,1.31935,1.31926,1000000,1000000
2019-11-19 13:36:29.096000,1.31935,1.31927,1000000,1000000
2019-11-19 13:36:29.774000,1.31936,1.31927,2250000,1000000
2019-11-19 13:36:29.915000,1.31935,1.31927,1000000,1000000
2019-11-19 13:36:30.017000,1.31936,1.31928,1000000,1000000
2019-11-19 13:36:30.118000,1.31936,1.31929,1000000,1000000
2019-11-19 13:36:30.609000,1.31938,1.31929,1000000,1500000
2019-11-19 13:36:30.710000,1.31937,1.31929,1000000,1500000
2019-11-19 13:36:31.075000,1.31936,1.31929,1000000,1500000
2019-11-19 13:36:31.413000,1.31937,1.31928,1000000,1500000
2019-11-19 13:36:31.464000,1.31935,1.31927,1000000,1100000
2019-11-19 13:36:31.566000,1.31935,1.31926,1000000,1000000
2019-11-19 13:36:31.668000,1.31934,1.31926,1000000,1500000
2019-11-19 13:36:32.489000,1.31935,1.31926,1000000,1500000
2019-11-19 13:36:35.535000,1.31935,1.31928,1000000,1000000
2019-11-19 13:36:35.637000,1.31935,1.31929,1000000,1000000
2019-11-19 13:36:36.049000,1.31935,1.31927,1100000,1000000
2019-11-19 13:36:36.101000,1.31935,1.31928,1000000,1500000
2019-11-19 13:36:36.185000,1.31933,1.31925,1000000,1100000
2019-11-19 13:36:36.286000,1.31934,1.31926,1000000,1500000
2019-11-19 13:36:37.316000,1.31935,1.31926,2250000,1000000
2019-11-19 13:36:38.354000,1.31935,1.31924,2250000,3070000
2019-11-19 13:36:38.479000,1.31935,1.31926,2250000,1000000
2019-11-19 13:36:39.861000,1.31933,1.31924,1000000,1500000
2019-11-19 13:36:39.963000,1.31931,1.31922,1000000,2850000
2019-11-19 13:36:40.014000,1.31933,1.31924,1500000,1100000
2019-11-19 13:36:40.317000,1.31934,1.31925,2320000,1000000
2019-11-19 13:36:41.415000,1.31933,1.31925,1000000,1100000
2019-11-19 13:36:41.638000,1.31933,1.31924,1000000,1500000
2019-11-19 13:36:41.740000,1.31932,1.31924,1000000,1000000
2019-11-19 13:36:41.841000,1.31933,1.31924,1500000,1000000
2019-11-19 13:36:43.568000,1.31933,1.31923,1000000,1570000
2019-11-19 13:36:44.746000,1.31934,1.31926,1500000,1000000
2019-11-19 13:36:44.883000,1.31934,1.31927,1500000,1000000
2019-11-19 13:36:45.738000,1.31934,1.31926,1500000,1000000
2019-11-19 13:36:46.620000,1.31934,1.31927,1000000,1000000
2019-11-19 13:36:46.721000,1.31935,1.31927,1100000,1000000
2019-11-19 13:36:50.968000,1.31935,1.31929,1500000,1000000
2019-11-19 13:36:51.820000,1.31934,1.31925,1000000,3070000
2019-11-19 13:36:52.480000,1.31933,1.31926,1000000,1000000
2019-11-19 13:36:52.531000,1.31933,1.31924,1000000,1100000
2019-11-19 13:36:53.539000,1.31933,1.31925,1570000,1000000
2019-11-19 13:36:53.641000,1.31934,1.31925,1000000,1000000
2019-11-19 13:36:53.782000,1.31935,1.31927,1570000,1000000
2019-11-19 13:36:54.430000,1.31936,1.31927,1570000,1500000
2019-11-19 13:36:54.734000,1.31934,1.31926,1000000,1000000
2019-11-19 13:36:54.835000,1.31934,1.31928,1000000,1000000
2019-11-19 13:36:54.885000,1.31934,1.31926,1000000,1000000
2019-11-19 13:36:55.139000,1.31934,1.31928,1000000,1000000
2019-11-19 13:36:55.241000,1.31934,1.31926,1000000,1000000
2019-11-19 13:36:55.393000,1.31934,1.31928,1000000,1000000
2019-11-19 13:36:55.544000,1.31934,1.31925,1000000,2250000
2019-11-19 13:36:56.653000,1.31934,1.31926,1100000,1000000
2019-11-19 13:36:58.470000,1.31935,1.3193,1000000,1000000
2019-11-19 13:36:58.521000,1.31939,1.31929,1220000,1500000
2019-11-19 13:36:58.572000,1.3194,1.31932,1570000,1000000
2019-11-19 13:36:59.365000,1.31939,1.31932,1000000,1000000
2019-11-19 13:36:59.466000,1.3194,1.31932,1100000,1000000
2019-11-19 13:36:59.618000,1.31939,1.31932,1000000,1000000
2019-11-19 13:36:59.870000,1.31938,1.31932,1000000,1000000
2019-11-19 13:37:00.171000,1.31939,1.31932,1000000,1000000
2019-11-19 13:37:00.272000,1.3194,1.3193,1000000,1500000
2019-11-19 13:37:00.373000,1.31939,1.31935,1000000,1000000
2019-11-19 13:37:00.501000,1.31946,1.31942,1000000,1000000
2019-11-19 13:37:00.552000,1.31952,1.31944,2050000,1000000
2019-11-19 13:37:00.653000,1.31948,1.31941,1000000,2000000
2019-11-19 13:37:00.704000,1.31949,1.31939,1500000,1500000
2019-11-19 13:37:00.805000,1.31949,1.31941,1870000,1000000
2019-11-19 13:37:01.382000,1.31948,1.31941,1000000,1000000
2019-11-19 13:37:02.231000,1.31948,1.31941,1000000,1000000
2019-11-19 13:37:02.282000,1.31945,1.31939,1100000,1000000
2019-11-19 13:37:02.333000,1.31943,1.31935,1000000,1000000
2019-11-19 13:37:02.434000,1.31943,1.31936,1000000,1000000
2019-11-19 13:37:02.485000,1.31934,1.3193,1000000,2070000
2019-11-19 13:37:02.595000,1.31937,1.31931,1000000,1000000
2019-11-19 13:37:02.697000,1.31937,1.3193,1000000,1000000
2019-11-19 13:37:02.799000,1.31938,1.31929,1000000,1500000
2019-11-19 13:37:02.850000,1.31938,1.31931,1000000,1000000
2019-11-19 13:37:02.901000,1.31938,1.31929,1000000,2250000
2019-11-19 13:37:04.067000,1.31939,1.3193,1000000,1000000
2019-11-19 13:37:05.459000,1.31938,1.3193,1000000,1500000
2019-11-19 13:37:07.538000,1.31939,1.3193,1000000,1500000
2019-11-19 13:37:08.039000,1.31938,1.3193,1000000,1500000
2019-11-19 13:37:08.226000,1.31939,1.3193,1000000,1000000
2019-11-19 13:37:11.444000,1.31938,1.31931,1000000,1000000
2019-11-19 13:37:11.595000,1.3194,1.3193,1100000,3000000
2019-11-19 13:37:12.126000,1.3194,1.31931,1100000,1000000
2019-11-19 13:37:12.227000,1.31943,1.31935,1600000,1000000
2019-11-19 13:37:12.278000,1.31944,1.31936,1870000,1000000
2019-11-19 13:37:12.380000,1.31947,1.31937,1500000,1500000
2019-11-19 13:37:12.430000,1.31948,1.31939,2400000,1000000
2019-11-19 13:37:12.531000,1.31947,1.31938,1000000,1000000
2019-11-19 13:37:12.784000,1.31948,1.31938,2400000,1000000
2019-11-19 13:37:13.599000,1.31947,1.31936,1500000,3070000
2019-11-19 13:37:13.700000,1.31946,1.31937,1500000,1000000
2019-11-19 13:37:13.751000,1.31944,1.31937,1000000,1000000
2019-11-19 13:37:13.802000,1.31946,1.31937,1500000,1000000
2019-11-19 13:37:15.240000,1.31945,1.31937,1000000,1000000
2019-11-19 13:37:15.342000,1.31944,1.31936,1000000,2250000
2019-11-19 13:37:16.114000,1.31946,1.31936,1100000,1500000
2019-11-19 13:37:16.988000,1.31944,1.31936,1000000,2250000
2019-11-19 13:37:17.319000,1.31945,1.31936,1000000,2250000
2019-11-19 13:37:19.170000,1.31945,1.31937,1000000,1000000
2019-11-19 13:37:21.261000,1.31945,1.31937,1100000,1000000
2019-11-19 13:37:23.472000,1.31945,1.31937,1100000,1000000
2019-11-19 13:37:23.838000,1.31945,1.31937,1100000,1000000
2019-11-19 13:37:24.156000,1.31945,1.31936,1100000,1500000
2019-11-19 13:37:24.608000,1.31945,1.31935,1600000,1000000
2019-11-19 13:37:25.781000,1.31945,1.31935,1670000,1000000
2019-11-19 13:37:27.373000,1.31945,1.31937,2420000,1000000
2019-11-19 13:37:27.575000,1.31945,1.31939,1670000,1000000
2019-11-19 13:37:28.388000,1.31946,1.3194,2070000,1000000
2019-11-19 13:37:28.708000,1.31945,1.31939,1200000,1000000
2019-11-19 13:37:28.759000,1.31945,1.31935,1200000,1500000
2019-11-19 13:37:29.546000,1.31945,1.31935,1200000,1500000
2019-11-19 13:37:29.597000,1.31945,1.31935,1200000,1500000
2019-11-19 13:37:29.759000,1.31946,1.31939,1100000,1000000
2019-11-19 13:37:30.032000,1.31944,1.31939,1000000,1000000
2019-11-19 13:37:30.133000,1.31945,1.31939,1000000,1000000
2019-11-19 13:37:30.235000,1.31944,1.31939,1000000,1000000
2019-11-19 13:37:30.663000,1.31945,1.31939,1000000,1000000
2019-11-19 13:37:31.262000,1.31944,1.31939,1000000,1000000
2019-11-19 13:37:31.313000,1.31946,1.31939,1570000,1000000
2019-11-19 13:37:31.471000,1.31945,1.31939,1000000,1000000
2019-11-19 13:37:31.572000,1.31946,1.31939,1570000,1000000
2019-11-19 13:37:31.724000,1.31946,1.31937,1600000,1000000
2019-11-19 13:37:31.775000,1.31945,1.31936,1100000,1000000
2019-11-19 13:37:31.926000,1.31945,1.31938,1320000,1000000
2019-11-19 13:37:32.060000,1.31945,1.31938,1200000,1000000
2019-11-19 13:37:32.161000,1.31945,1.31938,1100000,1000000
2019-11-19 13:37:33.086000,1.31944,1.31936,1100000,2250000
2019-11-19 13:37:33.137000,1.31944,1.31938,1100000,1000000
2019-11-19 13:37:34.470000,1.31945,1.31939,1220000,1000000
2019-11-19 13:37:34.521000,1.31943,1.31935,1000000,1000000
2019-11-19 13:37:34.622000,1.31945,1.31937,1570000,1000000
2019-11-19 13:37:34.724000,1.31944,1.31937,1000000,1000000
2019-11-19 13:37:35.958000,1.31944,1.31939,1000000,1000000
2019-11-19 13:37:41.386000,1.31944,1.31938,1000000,1000000
2019-11-19 13:37:42.005000,1.31948,1.31941,2050000,1000000
2019-11-19 13:37:42.112000,1.31948,1.31942,1000000,1000000
2019-11-19 13:37:42.719000,1.31949,1.31942,1100000,1000000
2019-11-19 13:37:42.837000,1.31948,1.31942,1000000,1000000
2019-11-19 13:37:44.429000,1.31947,1.31942,1000000,1000000
2019-11-19 13:37:44.480000,1.31949,1.31942,1100000,1000000
2019-11-19 13:37:45.937000,1.31948,1.31942,1000000,1000000
2019-11-19 13:37:45.988000,1.3195,1.31942,1650000,1000000
2019-11-19 13:37:46.107000,1.31954,1.31946,2100000,1000000
2019-11-19 13:37:46.159000,1.31955,1.31947,2320000,1000000
2019-11-19 13:37:46.260000,1.31955,1.31948,1570000,1000000
2019-11-19 13:37:46.311000,1.31957,1.31949,1650000,1000000
2019-11-19 13:37:46.362000,1.31957,1.31952,1000000,1000000
2019-11-19 13:37:46.413000,1.31959,1.31953,1000000,1000000
2019-11-19 13:37:47.917000,1.31958,1.31953,1000000,1000000
2019-11-19 13:37:48.018000,1.31958,1.31954,1000000,1000000
2019-11-19 13:37:48.806000,1.3196,1.31954,1100000,1000000
2019-11-19 13:37:48.907000,1.31966,1.31959,1570000,1000000
2019-11-19 13:37:49.008000,1.31967,1.31959,1500000,1000000
2019-11-19 13:37:49.110000,1.31967,1.3196,1000000,1000000
2019-11-19 13:37:52.661000,1.31967,1.31961,1000000,1000000
2019-11-19 13:37:52.712000,1.31969,1.31962,1120000,1000000
2019-11-19 13:37:52.814000,1.3197,1.31962,1500000,1000000
2019-11-19 13:37:52.916000,1.31971,1.31963,1950000,1000000
2019-11-19 13:37:53.019000,1.31971,1.31964,1000000,1000000
2019-11-19 13:37:56.098000,1.31971,1.31963,1000000,1000000
2019-11-19 13:37:56.860000,1.31971,1.31964,1000000,1000000
2019-11-19 13:37:56.965000,1.31971,1.31963,1000000,1000000
2019-11-19 13:38:00.288000,1.3197,1.31963,1000000,1000000
2019-11-19 13:38:00.828000,1.3197,1.31965,1000000,1000000
2019-11-19 13:38:03.860000,1.31969,1.31965,1000000,1000000
2019-11-19 13:38:04.169000,1.31969,1.31964,1000000,1000000
2019-11-19 13:38:04.627000,1.3197,1.31964,1000000,1000000
2019-11-19 13:38:07.259000,1.3197,1.31961,1120000,1570000
2019-11-19 13:38:07.361000,1.31969,1.31961,1620000,1000000
2019-11-19 13:38:07.513000,1.31969,1.31961,1720000,1000000
2019-11-19 13:38:08.405000,1.31968,1.31961,1870000,1000000
2019-11-19 13:38:08.506000,1.31968,1.31961,1970000,1000000
2019-11-19 13:38:09.934000,1.31968,1.31961,1500000,1000000
2019-11-19 13:38:12.150000,1.31967,1.31961,1000000,1000000
2019-11-19 13:38:12.251000,1.31968,1.31961,1500000,1000000
2019-11-19 13:38:13.108000,1.31969,1.31961,1570000,1000000
2019-11-19 13:38:13.222000,1.31969,1.31962,1570000,1000000
2019-11-19 13:38:16.168000,1.31969,1.31961,2320000,1000000
2019-11-19 13:38:18.005000,1.31969,1.3196,2320000,1500000
2019-11-19 13:38:18.106000,1.31969,1.3196,2350000,1500000
2019-11-19 13:38:18.207000,1.31969,1.3196,2320000,1500000
2019-11-19 13:38:20.163000,1.31968,1.3196,1000000,2250000
2019-11-19 13:38:20.305000,1.31969,1.31961,1570000,1000000
2019-11-19 13:38:20.407000,1.31968,1.31961,1000000,1000000
2019-11-19 13:38:20.559000,1.31969,1.31961,1600000,1000000
2019-11-19 13:38:20.610000,1.31969,1.31961,1570000,1000000
2019-11-19 13:38:21.067000,1.31968,1.31961,1000000,2250000
2019-11-19 13:38:21.117000,1.31972,1.31965,1000000,1000000
2019-11-19 13:38:21.219000,1.31972,1.31964,1000000,1000000
2019-11-19 13:38:21.438000,1.31971,1.31964,1000000,1000000
2019-11-19 13:38:21.620000,1.31972,1.31964,1000000,1000000
2019-11-19 13:38:21.721000,1.31973,1.31964,2320000,1000000
2019-11-19 13:38:21.822000,1.31972,1.31964,1000000,1000000
2019-11-19 13:38:21.923000,1.31973,1.31964,2320000,1000000
2019-11-19 13:38:22.277000,1.31972,1.31964,1000000,1000000
2019-11-19 13:38:22.393000,1.31973,1.31964,1570000,1000000
2019-11-19 13:38:22.544000,1.31971,1.31964,1000000,1000000
2019-11-19 13:38:22.647000,1.31972,1.31964,1000000,1000000
2019-11-19 13:38:22.749000,1.31973,1.31964,1100000,1000000
2019-11-19 13:38:23.104000,1.31973,1.31964,1100000,1000000
2019-11-19 13:38:23.445000,1.31972,1.31964,1100000,1000000
2019-11-19 13:38:23.546000,1.31973,1.31964,1100000,1000000
2019-11-19 13:38:24.568000,1.31972,1.31964,1000000,1500000
2019-11-19 13:38:24.670000,1.31972,1.31965,1000000,1000000
2019-11-19 13:38:24.721000,1.31974,1.31966,1000000,1000000
2019-11-19 13:38:24.772000,1.31977,1.3197,2000000,1000000
2019-11-19 13:38:24.823000,1.31979,1.3197,1500000,2250000
2019-11-19 13:38:24.874000,1.31979,1.31972,1000000,1000000
2019-11-19 13:38:25.348000,1.31979,1.31971,1000000,1000000
2019-11-19 13:38:25.449000,1.31983,1.31975,2200000,1000000
2019-11-19 13:38:25.503000,1.31983,1.31974,1570000,1000000
2019-11-19 13:38:25.605000,1.31979,1.31972,1000000,1500000
2019-11-19 13:38:25.707000,1.31979,1.31971,1000000,1000000
2019-11-19 13:38:25.859000,1.31979,1.3197,1000000,1500000
2019-11-19 13:38:26.238000,1.31978,1.31972,1000000,1000000
2019-11-19 13:38:26.491000,1.31979,1.3197,1000000,1000000
2019-11-19 13:38:26.622000,1.31978,1.3197,1000000,1500000
2019-11-19 13:38:26.724000,1.31979,1.31972,1000000,1000000
2019-11-19 13:38:26.926000,1.31979,1.3197,1000000,1000000
2019-11-19 13:38:27.405000,1.31979,1.31971,1000000,1000000
2019-11-19 13:38:27.659000,1.31979,1.3197,1000000,1000000
2019-11-19 13:38:28.100000,1.31979,1.31971,1000000,1000000
2019-11-19 13:38:28.383000,1.31978,1.31971,1000000,1000000
2019-11-19 13:38:28.774000,1.31978,1.3197,1000000,1500000
2019-11-19 13:38:28.977000,1.31978,1.3197,1500000,1500000
2019-11-19 13:38:29.105000,1.31978,1.3197,1000000,1500000
2019-11-19 13:38:29.524000,1.31975,1.3197,1000000,1000000
2019-11-19 13:38:29.625000,1.31974,1.31968,1000000,1000000
2019-11-19 13:38:29.726000,1.31975,1.31968,1000000,1000000
2019-11-19 13:38:33.841000,1.31977,1.31968,2250000,1500000
2019-11-19 13:38:33.943000,1.31976,1.31968,1000000,1500000
2019-11-19 13:38:34.094000,1.31976,1.3197,1000000,1000000
2019-11-19 13:38:38.667000,1.31975,1.3197,1000000,1000000
2019-11-19 13:38:38.768000,1.31975,1.31968,1000000,1000000
2019-11-19 13:38:39.355000,1.31975,1.31969,1000000,1000000
2019-11-19 13:38:39.896000,1.31976,1.31969,1000000,1000000
2019-11-19 13:38:39.997000,1.31975,1.31969,1000000,1000000
2019-11-19 13:38:40.342000,1.31975,1.31968,1000000,1500000
2019-11-19 13:38:40.594000,1.31976,1.31968,1000000,1500000
2019-11-19 13:38:45.460000,1.31975,1.31968,1000000,1500000
2019-11-19 13:38:46.437000,1.31977,1.31968,1570000,1500000
2019-11-19 13:38:48.555000,1.31979,1.31974,1600000,1000000
2019-11-19 13:38:48.606000,1.31983,1.31975,1100000,1000000
2019-11-19 13:38:48.657000,1.31985,1.31977,1220000,1500000
2019-11-19 13:38:48.758000,1.31987,1.31978,1000000,1000000
2019-11-19 13:38:48.860000,1.31988,1.31978,1650000,1000000
2019-11-19 13:38:49.024000,1.31987,1.31978,1000000,1000000
2019-11-19 13:38:49.125000,1.31988,1.31978,1570000,1000000
2019-11-19 13:38:49.254000,1.31987,1.31978,1000000,1000000
2019-11-19 13:38:50.599000,1.31986,1.31978,1000000,1000000
2019-11-19 13:38:55.179000,1.31987,1.31977,1500000,1500000
2019-11-19 13:38:55.905000,1.31986,1.31977,1000000,1000000
2019-11-19 13:38:58.806000,1.31985,1.31977,1000000,1000000
2019-11-19 13:38:59.755000,1.31985,1.31976,1000000,1000000
2019-11-19 13:39:00.698000,1.31985,1.31978,1000000,1000000
2019-11-19 13:39:00.799000,1.31985,1.31976,2250000,1000000
2019-11-19 13:39:00.900000,1.31985,1.31977,1500000,1000000
2019-11-19 13:39:04.168000,1.31985,1.31976,1000000,1000000
2019-11-19 13:39:06.033000,1.31988,1.31983,1100000,1000000
2019-11-19 13:39:06.084000,1.31993,1.31983,3780000,2620000
2019-11-19 13:39:06.185000,1.31993,1.31985,1100000,1000000
2019-11-19 13:39:06.286000,1.31996,1.31988,1500000,1600000
2019-11-19 13:39:06.423000,1.31993,1.31985,1000000,1870000
2019-11-19 13:39:06.524000,1.31993,1.31984,1000000,1500000
2019-11-19 13:39:06.626000,1.31993,1.31985,1000000,1000000
2019-11-19 13:39:06.727000,1.31993,1.31983,1100000,1500000
2019-11-19 13:39:06.879000,1.31992,1.31984,1000000,1000000
2019-11-19 13:39:07.028000,1.31992,1.31983,1000000,1570000
2019-11-19 13:39:07.719000,1.31992,1.31985,1500000,1000000
2019-11-19 13:39:08.061000,1.31995,1.31986,2100000,1000000
2019-11-19 13:39:08.112000,1.31995,1.31987,1500000,1000000
2019-11-19 13:39:15.990000,1.31995,1.31987,1600000,1000000
2019-11-19 13:39:17.880000,1.31995,1.31987,1000000,1000000
2019-11-19 13:39:19.133000,1.31995,1.31988,1500000,1000000
2019-11-19 13:39:20.190000,1.31995,1.31987,1000000,1000000
2019-11-19 13:39:21.130000,1.31993,1.31987,1000000,1000000
2019-11-19 13:39:22.224000,1.31993,1.31988,1000000,1000000
2019-11-19 13:39:23.213000,1.31992,1.31986,1000000,1000000
2019-11-19 13:39:23.263000,1.3199,1.31986,1000000,1000000
2019-11-19 13:39:23.314000,1.31993,1.31986,1000000,1000000
2019-11-19 13:39:24.274000,1.31993,1.31987,1000000,1000000
2019-11-19 13:39:24.439000,1.31993,1.31986,1000000,1000000
2019-11-19 13:39:25.093000,1.31992,1.31986,1000000,1000000
2019-11-19 13:39:27.218000,1.31997,1.31992,1000000,1000000
2019-11-19 13:39:27.270000,1.32001,1.31993,1570000,1000000
2019-11-19 13:39:27.372000,1.32001,1.31994,1100000,1000000
2019-11-19 13:39:30.365000,1.32001,1.31995,1000000,1000000
2019-11-19 13:39:30.467000,1.32001,1.31994,1000000,1000000
2019-11-19 13:39:30.607000,1.32001,1.31996,1000000,1000000
2019-11-19 13:39:30.959000,1.32,1.31996,1000000,1000000
2019-11-19 13:39:31.010000,1.32,1.31994,1000000,1000000
2019-11-19 13:39:31.463000,1.32001,1.31994,1000000,1000000
2019-11-19 13:39:34.177000,1.32001,1.31993,1000000,1000000
2019-11-19 13:39:35.704000,1.32001,1.31994,1000000,1000000
2019-11-19 13:39:36.187000,1.32001,1.31993,1000000,1000000
2019-11-19 13:39:37.183000,1.32001,1.31994,1000000,1000000
2019-11-19 13:39:37.286000,1.32,1.31994,1000000,1000000
2019-11-19 13:39:38.199000,1.32,1.31993,1000000,1000000
2019-11-19 13:39:38.519000,1.31999,1.31993,1000000,1000000
2019-11-19 13:39:38.621000,1.31999,1.31992,1000000,1100000
2019-11-19 13:39:38.777000,1.31998,1.31992,1000000,1000000
2019-11-19 13:39:39.091000,1.31999,1.31992,1000000,1500000
2019-11-19 13:39:39.192000,1.31999,1.31993,1000000,1000000
2019-11-19 13:39:40.755000,1.31999,1.31994,1000000,1000000
2019-11-19 13:39:41.356000,1.31999,1.31992,1000000,1000000
2019-11-19 13:39:41.407000,1.31996,1.31992,1000000,1000000
2019-11-19 13:39:41.508000,1.31996,1.31991,1000000,1500000
2019-11-19 13:39:41.889000,1.31996,1.31992,1000000,1000000
2019-11-19 13:39:41.990000,1.31996,1.3199,1000000,1000000
2019-11-19 13:39:42.138000,1.31996,1.31992,1000000,1000000
2019-11-19 13:39:42.368000,1.31996,1.3199,1000000,1500000
2019-11-19 13:39:43.155000,1.31997,1.3199,1000000,1500000
2019-11-19 13:39:43.345000,1.31997,1.31991,1000000,1000000
2019-11-19 13:39:43.724000,1.31996,1.3199,1000000,1000000
2019-11-19 13:39:43.775000,1.31991,1.31985,1000000,1000000
2019-11-19 13:39:43.876000,1.3199,1.31986,1500000,1000000
2019-11-19 13:39:43.977000,1.3199,1.31983,1500000,1000000
2019-11-19 13:39:44.079000,1.3199,1.31984,1000000,1000000
2019-11-19 13:39:45.357000,1.31989,1.31985,1000000,1000000
2019-11-19 13:39:45.459000,1.31989,1.31983,1000000,1100000
2019-11-19 13:39:45.560000,1.3199,1.31983,1000000,1100000
2019-11-19 13:39:45.661000,1.3199,1.31985,1000000,1000000
2019-11-19 13:39:45.762000,1.31991,1.31987,1000000,1000000
2019-11-19 13:39:45.813000,1.3199,1.31985,1000000,1000000
2019-11-19 13:39:45.914000,1.3199,1.31984,1000000,1100000
2019-11-19 13:39:46.801000,1.31991,1.31984,1500000,1100000
2019-11-19 13:39:48.961000,1.31991,1.31985,1000000,1000000
2019-11-19 13:39:49.062000,1.31991,1.31984,1000000,1000000
2019-11-19 13:39:52.038000,1.31988,1.31984,1000000,1000000
2019-11-19 13:39:52.089000,1.3199,1.31982,1500000,1100000
2019-11-19 13:39:52.190000,1.3199,1.31983,1500000,1000000
2019-11-19 13:39:52.291000,1.31989,1.31981,1000000,1500000
2019-11-19 13:39:52.346000,1.31989,1.31983,1000000,1000000
2019-11-19 13:39:52.549000,1.31991,1.31984,1000000,1100000
2019-11-19 13:39:52.650000,1.31992,1.31984,1000000,1100000
2019-11-19 13:39:52.802000,1.31992,1.31987,1000000,1000000
2019-11-19 13:39:52.903000,1.31992,1.31986,1000000,1100000
2019-11-19 13:39:53.047000,1.31993,1.31987,1000000,1000000
2019-11-19 13:39:53.724000,1.31993,1.31986,1000000,1000000
2019-11-19 13:39:53.926000,1.31994,1.3199,1000000,1000000
2019-11-19 13:39:54.028000,1.31997,1.31993,1000000,1500000
2019-11-19 13:39:54.078000,1.32002,1.31995,1000000,1000000
2019-11-19 13:39:54.129000,1.31999,1.31995,1000000,1000000
2019-11-19 13:39:54.250000,1.32001,1.31994,1000000,1000000
2019-11-19 13:39:54.352000,1.32001,1.31995,1000000,1000000
2019-11-19 13:39:54.558000,1.32001,1.31994,1000000,1000000
2019-11-19 13:39:54.788000,1.32004,1.32,1000000,1000000
2019-11-19 13:39:54.839000,1.32008,1.32001,1000000,1000000
2019-11-19 13:39:54.890000,1.32009,1.32003,1000000,1000000
2019-11-19 13:39:54.991000,1.3201,1.32003,1000000,1000000
2019-11-19 13:39:55.042000,1.3201,1.32001,1000000,2320000
2019-11-19 13:39:55.098000,1.32009,1.32003,1500000,1000000
2019-11-19 13:39:55.199000,1.32007,1.32003,1000000,1000000
2019-11-19 13:39:55.250000,1.32007,1.32001,1000000,1000000
2019-11-19 13:39:55.351000,1.32007,1.32002,1000000,1000000
2019-11-19 13:39:55.402000,1.32006,1.32,1000000,1000000
2019-11-19 13:39:55.848000,1.32005,1.32,1000000,1000000
2019-11-19 13:39:56.005000,1.32007,1.32,1000000,1000000
2019-11-19 13:39:56.648000,1.32006,1.32,1000000,1000000
2019-11-19 13:39:58.180000,1.32009,1.32,1670000,1000000
2019-11-19 13:39:58.361000,1.32003,1.31994,1100000,1220000
2019-11-19 13:39:58.462000,1.32,1.31994,1100000,1000000
2019-11-19 13:39:58.614000,1.32,1.31995,1100000,1000000
2019-11-19 13:39:58.665000,1.32,1.31995,1000000,1000000
2019-11-19 13:39:59.148000,1.32003,1.31998,1000000,1000000
2019-11-19 13:39:59.249000,1.32003,1.31995,1000000,1000000
2019-11-19 13:39:59.374000,1.32003,1.31997,1000000,1000000
2019-11-19 13:39:59.425000,1.32003,1.31995,1000000,1000000
2019-11-19 13:39:59.715000,1.32004,1.31996,1500000,1000000
2019-11-19 13:40:00.171000,1.32004,1.31995,2320000,1500000
2019-11-19 13:40:00.222000,1.32002,1.31995,1000000,1500000
2019-11-19 13:40:00.323000,1.31999,1.31993,1000000,1500000
2019-11-19 13:40:00.854000,1.32002,1.31999,1000000,1000000
2019-11-19 13:40:00.956000,1.32009,1.32002,1000000,1000000
2019-11-19 13:40:01.057000,1.32013,1.32006,1000000,1000000
2019-11-19 13:40:01.159000,1.32016,1.32009,1220000,1000000
2019-11-19 13:40:01.242000,1.32017,1.32009,1000000,1000000
2019-11-19 13:40:01.343000,1.32018,1.3201,1500000,1000000
2019-11-19 13:40:01.393000,1.32016,1.3201,1000000,1000000
2019-11-19 13:40:01.495000,1.32017,1.3201,1000000,1000000
2019-11-19 13:40:02.044000,1.32016,1.3201,1000000,1000000
2019-11-19 13:40:02.095000,1.32016,1.32008,1000000,1000000
2019-11-19 13:40:02.336000,1.32016,1.32009,1000000,1000000
2019-11-19 13:40:03.760000,1.32017,1.32012,1000000,1000000
2019-11-19 13:40:03.810000,1.32017,1.32009,1000000,1000000
2019-11-19 13:40:04.106000,1.32018,1.32012,1000000,1000000
2019-11-19 13:40:04.208000,1.32019,1.32013,1000000,1000000
2019-11-19 13:40:04.309000,1.32017,1.32013,1000000,1000000
2019-11-19 13:40:05.363000,1.32017,1.32012,1000000,1000000
2019-11-19 13:40:05.413000,1.32019,1.32012,1570000,1000000
2019-11-19 13:40:05.515000,1.32019,1.32011,1120000,1000000
2019-11-19 13:40:06.288000,1.32019,1.32012,1000000,1500000
2019-11-19 13:40:06.339000,1.32021,1.32012,1570000,1000000
2019-11-19 13:40:06.440000,1.32021,1.32013,1000000,1000000
2019-11-19 13:40:06.754000,1.32022,1.32015,1000000,1000000
2019-11-19 13:40:06.805000,1.32022,1.32012,1000000,2320000
2019-11-19 13:40:06.907000,1.32021,1.32012,1000000,2250000
2019-11-19 13:40:07.059000,1.3202,1.32013,1000000,1000000
2019-11-19 13:40:07.160000,1.32021,1.32013,1000000,1000000
2019-11-19 13:40:07.262000,1.32021,1.32014,1000000,1000000
2019-11-19 13:40:07.413000,1.32019,1.32014,1000000,1000000
2019-11-19 13:40:07.479000,1.32019,1.32012,1000000,2250000
2019-11-19 13:40:07.632000,1.32021,1.32012,1000000,1500000
2019-11-19 13:40:08.148000,1.32022,1.32012,1100000,1500000
2019-11-19 13:40:08.249000,1.32021,1.32012,1000000,1500000
2019-11-19 13:40:08.350000,1.32021,1.32015,1100000,1000000
2019-11-19 13:40:08.426000,1.32021,1.32012,1100000,1500000
2019-11-19 13:40:10.511000,1.32021,1.32013,1100000,1000000
2019-11-19 13:40:11.946000,1.32019,1.32013,1000000,1000000
2019-11-19 13:40:12.337000,1.32019,1.32014,1000000,1000000
2019-11-19 13:40:13.091000,1.32019,1.32013,1000000,1000000
2019-11-19 13:40:18.379000,1.32019,1.32014,1000000,1000000
2019-11-19 13:40:18.480000,1.32019,1.32013,1000000,1500000
2019-11-19 13:40:18.530000,1.32021,1.32014,1500000,1000000
2019-11-19 13:40:18.632000,1.32021,1.32013,1500000,1500000
2019-11-19 13:40:19.795000,1.3202,1.32013,1000000,1000000
2019-11-19 13:40:20.161000,1.3202,1.32012,1500000,1000000
2019-11-19 13:40:20.686000,1.3202,1.32011,1500000,3000000
2019-11-19 13:40:20.788000,1.3202,1.32014,1500000,1000000
2019-11-19 13:40:20.889000,1.32021,1.32013,1000000,1000000
2019-11-19 13:40:21.328000,1.32022,1.32013,1200000,1000000
2019-11-19 13:40:21.683000,1.32021,1.32013,1000000,1000000
2019-11-19 13:40:21.785000,1.32022,1.32013,1270000,1000000
2019-11-19 13:40:21.937000,1.32022,1.32012,1200000,1500000
2019-11-19 13:40:22.039000,1.32022,1.32014,1200000,1000000
2019-11-19 13:40:22.243000,1.32022,1.32015,1200000,1000000
2019-11-19 13:40:22.345000,1.32022,1.32014,1270000,1000000
2019-11-19 13:40:22.446000,1.32022,1.32013,1270000,1000000
2019-11-19 13:40:22.728000,1.32022,1.32012,1270000,1500000
2019-11-19 13:40:22.931000,1.32022,1.32014,1270000,1000000
2019-11-19 13:40:23.032000,1.32022,1.32015,1200000,1000000
2019-11-19 13:40:23.135000,1.32022,1.32013,1650000,1000000
2019-11-19 13:40:23.525000,1.32022,1.32015,1200000,1000000
2019-11-19 13:40:23.674000,1.32022,1.32013,1200000,1000000
2019-11-19 13:40:23.775000,1.32022,1.32012,1200000,1500000
2019-11-19 13:40:24.032000,1.32022,1.32014,1200000,1000000
2019-11-19 13:40:25.179000,1.3202,1.32014,1000000,1000000
2019-11-19 13:40:26.676000,1.3202,1.32013,1000000,1000000
2019-11-19 13:40:28.651000,1.32022,1.32013,1570000,1000000
2019-11-19 13:40:28.703000,1.3202,1.32013,1000000,1000000
2019-11-19 13:40:29.131000,1.3202,1.32015,1000000,1000000
2019-11-19 13:40:29.182000,1.32022,1.32014,1570000,1000000
2019-11-19 13:40:29.233000,1.32022,1.32012,1570000,1500000
2019-11-19 13:40:29.335000,1.32021,1.32012,1000000,1500000
2019-11-19 13:40:30.024000,1.32022,1.32012,1100000,1500000
2019-11-19 13:40:30.966000,1.32022,1.32013,1570000,1000000
2019-11-19 13:40:31.068000,1.32022,1.32012,1100000,1500000
2019-11-19 13:40:31.421000,1.32022,1.32014,1570000,1000000
2019-11-19 13:40:31.522000,1.32022,1.32013,1570000,1000000
2019-11-19 13:40:31.644000,1.32022,1.32012,1600000,1000000
2019-11-19 13:40:31.758000,1.32022,1.32012,1650000,1000000
2019-11-19 13:40:31.859000,1.32022,1.32013,1650000,1000000
2019-11-19 13:40:31.960000,1.3202,1.32013,1000000,1000000
2019-11-19 13:40:32.162000,1.3202,1.32012,1000000,1500000
2019-11-19 13:40:32.314000,1.3202,1.32013,1000000,1000000
2019-11-19 13:40:32.718000,1.32022,1.32013,2320000,1000000
2019-11-19 13:40:33.030000,1.32021,1.32011,1000000,1500000
2019-11-19 13:40:33.160000,1.32022,1.32012,1570000,1000000
2019-11-19 13:40:35.251000,1.32022,1.32011,3070000,2250000
2019-11-19 13:40:35.352000,1.32022,1.32011,3100000,2250000
2019-11-19 13:40:37.613000,1.32022,1.32013,3100000,1000000
2019-11-19 13:40:37.664000,1.32022,1.32011,4600000,2250000
2019-11-19 13:40:38.118000,1.3202,1.32012,1000000,1000000
2019-11-19 13:40:38.219000,1.32021,1.32011,1000000,2250000
2019-11-19 13:40:38.320000,1.32021,1.32012,1570000,1000000
2019-11-19 13:40:38.425000,1.3202,1.32011,1000000,1500000
2019-11-19 13:40:38.883000,1.3202,1.32013,1000000,1000000
2019-11-19 13:40:38.985000,1.32021,1.32013,1100000,1000000
2019-11-19 13:40:39.086000,1.3202,1.32012,1100000,1000000
2019-11-19 13:40:39.391000,1.3202,1.32011,2320000,1000000
2019-11-19 13:40:39.492000,1.32022,1.32014,1000000,1000000
2019-11-19 13:40:40.935000,1.32022,1.32012,1500000,1500000
2019-11-19 13:40:41.036000,1.32021,1.32012,1000000,1500000
2019-11-19 13:40:41.138000,1.32022,1.32014,1000000,1000000
2019-11-19 13:40:41.609000,1.32022,1.32013,1570000,1000000
2019-11-19 13:40:41.781000,1.32021,1.32013,1000000,1000000
2019-11-19 13:40:42.873000,1.32021,1.32014,1000000,1000000
2019-11-19 13:40:42.980000,1.32022,1.32013,1500000,1000000
2019-11-19 13:40:43.731000,1.32022,1.32014,1500000,1000000
2019-11-19 13:40:45.485000,1.32022,1.32014,1100000,1000000
2019-11-19 13:40:45.587000,1.32022,1.32014,1500000,1000000
2019-11-19 13:40:48.032000,1.32021,1.32014,1000000,1000000
2019-11-19 13:40:48.313000,1.32023,1.32014,1500000,1000000
2019-11-19 13:40:48.415000,1.32022,1.32015,1000000,1000000
2019-11-19 13:40:48.850000,1.32022,1.32014,1000000,1000000
2019-11-19 13:40:48.951000,1.32021,1.32014,1000000,1000000
2019-11-19 13:40:51.402000,1.32021,1.32012,1000000,1500000
2019-11-19 13:40:51.503000,1.32021,1.32013,1000000,1000000
2019-11-19 13:40:51.604000,1.32021,1.32012,1000000,1500000
2019-11-19 13:40:53.177000,1.3202,1.32012,1000000,1500000
2019-11-19 13:40:53.319000,1.32017,1.32009,1500000,1000000
2019-11-19 13:40:53.420000,1.32015,1.32009,1000000,1000000
2019-11-19 13:40:53.572000,1.32015,1.3201,1000000,1000000
2019-11-19 13:40:53.892000,1.32015,1.32009,1000000,1000000
2019-11-19 13:40:54.094000,1.32015,1.32008,1000000,1500000
2019-11-19 13:40:54.397000,1.32017,1.32008,1000000,1500000
2019-11-19 13:40:54.498000,1.32015,1.32008,1000000,1500000
2019-11-19 13:40:55,1.32017,1.32008,1000000,1500000
2019-11-19 13:40:55.051000,1.32015,1.32008,1000000,1500000
2019-11-19 13:40:55.717000,1.32014,1.32009,1000000,1000000
2019-11-19 13:40:56.265000,1.32014,1.32008,1000000,1500000
2019-11-19 13:40:56.568000,1.32014,1.32009,1000000,1000000
2019-11-19 13:40:56.822000,1.32016,1.32008,1000000,1500000
2019-11-19 13:40:56.923000,1.32017,1.32008,1000000,1500000
2019-11-19 13:40:57.523000,1.32017,1.32011,1000000,1000000
2019-11-19 13:40:57.574000,1.32017,1.32008,1000000,1500000
2019-11-19 13:40:58.030000,1.32017,1.3201,1000000,1000000
2019-11-19 13:40:58.133000,1.32017,1.32012,1000000,1000000
2019-11-19 13:40:58.183000,1.32017,1.3201,1000000,1000000
2019-11-19 13:40:58.319000,1.32017,1.32011,1000000,1000000
2019-11-19 13:40:58.469000,1.32017,1.32009,1000000,1000000
2019-11-19 13:40:59.498000,1.32016,1.32009,1000000,1000000
2019-11-19 13:41:00.013000,1.32014,1.3201,1000000,1000000
2019-11-19 13:41:00.114000,1.32015,1.32008,1000000,1000000
2019-11-19 13:41:00.215000,1.32016,1.32008,1000000,1000000
2019-11-19 13:41:00.331000,1.32014,1.32008,1000000,1000000
2019-11-19 13:41:00.709000,1.32014,1.32009,1000000,1000000
2019-11-19 13:41:00.810000,1.32016,1.32009,1000000,1000000
2019-11-19 13:41:02.240000,1.32017,1.32009,1000000,1000000
2019-11-19 13:41:02.365000,1.32016,1.32009,1000000,1000000
2019-11-19 13:41:02.466000,1.32016,1.32008,1000000,1000000
2019-11-19 13:41:05.169000,1.32018,1.32008,1570000,1000000
2019-11-19 13:41:05.861000,1.32017,1.32008,1000000,1000000
2019-11-19 13:41:06.158000,1.32017,1.32007,1000000,1500000
2019-11-19 13:41:06.259000,1.32015,1.32007,1000000,1000000
2019-11-19 13:41:10.734000,1.32015,1.32006,1000000,2250000
2019-11-19 13:41:10.836000,1.32014,1.32003,1500000,4700000
2019-11-19 13:41:10.887000,1.32012,1.32004,1000000,1100000
2019-11-19 13:41:10.988000,1.32012,1.32003,1000000,1500000
2019-11-19 13:41:13.192000,1.32011,1.32003,1000000,1000000
2019-11-19 13:41:15.489000,1.32011,1.32002,1000000,1000000
2019-11-19 13:41:16.211000,1.32013,1.32003,1570000,1500000
2019-11-19 13:41:16.313000,1.32014,1.32003,1500000,2250000
2019-11-19 13:41:16.953000,1.32014,1.32005,1500000,1000000
2019-11-19 13:41:17.912000,1.32007,1.32003,1000000,1000000
2019-11-19 13:41:17.963000,1.32005,1.32001,1000000,1500000
2019-11-19 13:41:18.014000,1.32004,1.31999,1000000,1000000
2019-11-19 13:41:18.065000,1.32003,1.31996,1500000,1000000
2019-11-19 13:41:18.116000,1.32007,1.32001,1000000,1000000
2019-11-19 13:41:18.166000,1.32007,1.31999,1000000,1000000
2019-11-19 13:41:18.691000,1.32007,1.32001,1000000,1000000
2019-11-19 13:41:22.533000,1.32009,1.32001,1500000,1000000
2019-11-19 13:41:23.019000,1.32008,1.32001,1000000,1000000
2019-11-19 13:41:28.043000,1.32007,1.32,1000000,1500000
2019-11-19 13:41:28.144000,1.32006,1.32,1000000,1000000
2019-11-19 13:41:28.246000,1.32007,1.32001,1000000,1000000
2019-11-19 13:41:28.347000,1.32006,1.32001,1000000,1000000
2019-11-19 13:41:29.157000,1.32007,1.32001,1000000,1000000
2019-11-19 13:41:29.469000,1.32008,1.32001,1000000,1000000
2019-11-19 13:41:29.520000,1.3201,1.32002,1000000,1500000
2019-11-19 13:41:29.571000,1.32012,1.32004,1100000,1000000
2019-11-19 13:41:29.672000,1.32013,1.32006,1000000,1000000
2019-11-19 13:41:29.824000,1.32014,1.32006,1000000,1000000
2019-11-19 13:41:34.095000,1.32013,1.32006,1000000,1000000
2019-11-19 13:41:34.216000,1.32014,1.32006,1570000,1000000
2019-11-19 13:41:35.287000,1.32013,1.32006,1000000,1000000
2019-11-19 13:41:36.489000,1.32013,1.32004,1000000,1500000
2019-11-19 13:41:40.411000,1.32014,1.32004,1500000,1000000
2019-11-19 13:41:40.573000,1.32014,1.32005,1500000,1000000
2019-11-19 13:41:41.732000,1.32014,1.32004,1000000,1000000
2019-11-19 13:41:41.845000,1.32013,1.32004,1000000,1500000
2019-11-19 13:41:47.485000,1.32014,1.32004,1570000,1500000
2019-11-19 13:41:48.489000,1.32014,1.32004,1600000,1000000
2019-11-19 13:41:49.414000,1.32013,1.32003,1100000,1500000
2019-11-19 13:41:49.650000,1.32014,1.32004,2320000,1000000
2019-11-19 13:41:52.130000,1.32014,1.32004,1500000,1500000
2019-11-19 13:41:52.648000,1.32014,1.32004,1100000,1500000
2019-11-19 13:41:52.886000,1.32013,1.32004,1000000,1500000
2019-11-19 13:41:53.697000,1.32014,1.32005,1000000,1000000
2019-11-19 13:41:54.939000,1.32014,1.32004,1500000,1500000
2019-11-19 13:41:57.132000,1.32012,1.32004,1000000,1500000
2019-11-19 13:41:59.190000,1.32011,1.32002,1000000,2250000
2019-11-19 13:41:59.291000,1.3201,1.32001,1000000,1000000
2019-11-19 13:42:01.029000,1.3201,1.32,1500000,1500000
2019-11-19 13:42:01.130000,1.3201,1.32001,1500000,1000000
2019-11-19 13:42:02.288000,1.3201,1.32,1500000,1500000
