time,ask,bid,ask_volume,bid_volume
2020-04-29 12:25:00.071000,1.39569,1.3956,1000000,1000000
2020-04-29 12:25:05.545000,1.39569,1.39558,1000000,1100000
2020-04-29 12:25:05.648000,1.3957,1.39559,1000000,1000000
2020-04-29 12:25:10.067000,1.39569,1.39558,1000000,1200000
2020-04-29 12:25:13.833000,1.39569,1.39558,1000000,1720000
2020-04-29 12:25:13.934000,1.39569,1.3956,1000000,1000000
2020-04-29 12:25:14.358000,1.39569,1.39559,1000000,1200000
2020-04-29 12:25:15.140000,1.3957,1.39559,1500000,1200000
2020-04-29 12:25:18.276000,1.39576,1.39566,1100000,1500000
2020-04-29 12:25:18.377000,1.39584,1.39573,3000000,1000000
2020-04-29 12:25:18.428000,1.39586,1.39577,1000000,1000000
2020-04-29 12:25:18.823000,1.39587,1.39576,1500000,1200000
2020-04-29 12:25:18.925000,1.39589,1.39578,1000000,1600000
2020-04-29 12:25:19.026000,1.39589,1.39578,1000000,1100000
2020-04-29 12:25:20.019000,1.3959,1.39579,1000000,1000000
2020-04-29 12:25:25.710000,1.3959,1.39579,1500000,1220000
2020-04-29 12:25:26.388000,1.3959,1.39579,1500000,1200000
2020-04-29 12:25:32.807000,1.3959,1.39579,1000000,1220000
2020-04-29 12:25:34.363000,1.3959,1.39579,1000000,1000000
2020-04-29 12:25:34.785000,1.3959,1.39579,1000000,1220000
2020-04-29 12:25:34.889000,1.3959,1.39579,1000000,1000000
2020-04-29 12:25:36.889000,1.39583,1.39575,1000000,2190000
2020-04-29 12:25:36.990000,1.39581,1.3957,1000000,1120000
2020-04-29 12:25:37.946000,1.3958,1.3957,1000000,1100000
2020-04-29 12:25:50.156000,1.39581,1.3957,1000000,1200000
2020-04-29 12:25:51.837000,1.39581,1.39574,1000000,1000000
2020-04-29 12:25:52.039000,1.39581,1.39571,1000000,1000000
2020-04-29 12:25:52.191000,1.39581,1.39574,1000000,1000000
2020-04-29 12:25:52.242000,1.39586,1.39578,1120000,1000000
2020-04-29 12:25:52.343000,1.39586,1.39578,1000000,1220000
2020-04-29 12:25:52.494000,1.39586,1.39578,1000000,1000000
2020-04-29 12:25:53.694000,1.39586,1.39577,1000000,1570000
2020-04-29 12:25:53.896000,1.39586,1.39576,1000000,1200000
2020-04-29 12:25:54.252000,1.39586,1.39575,1000000,3220000
2020-04-29 12:25:54.353000,1.39586,1.39576,1000000,1100000
2020-04-29 12:25:54.735000,1.39586,1.39577,1000000,1000000
2020-04-29 12:25:55.161000,1.39585,1.39574,1000000,2470000
2020-04-29 12:25:55.364000,1.39585,1.39576,1000000,1220000
2020-04-29 12:25:56.198000,1.39585,1.39576,1000000,1000000
2020-04-29 12:25:58.923000,1.39585,1.39575,1000000,1570000
2020-04-29 12:25:59.125000,1.39586,1.39575,1000000,1200000
2020-04-29 12:26:00.748000,1.39585,1.39575,1000000,1000000
2020-04-29 12:26:01.107000,1.39585,1.39576,1000000,1000000
2020-04-29 12:26:01.208000,1.39588,1.39576,1000000,1000000
2020-04-29 12:26:05.468000,1.39588,1.39577,1000000,1000000
2020-04-29 12:26:10.477000,1.39588,1.39577,1000000,1220000
2020-04-29 12:26:11.466000,1.39588,1.39577,1000000,1570000
2020-04-29 12:26:19.464000,1.39588,1.39578,1000000,1000000
2020-04-29 12:26:20.520000,1.39588,1.39579,1000000,1000000
2020-04-29 12:26:21.520000,1.39588,1.39578,1000000,1000000
2020-04-29 12:26:23.538000,1.39589,1.39578,1000000,1100000
2020-04-29 12:26:23.689000,1.39589,1.39578,1000000,1220000
2020-04-29 12:26:24.425000,1.39589,1.39578,1000000,1100000
2020-04-29 12:26:24.984000,1.39589,1.39578,1000000,1220000
2020-04-29 12:26:25.157000,1.39589,1.39578,1000000,1100000
2020-04-29 12:26:25.328000,1.3959,1.39579,1000000,1000000
2020-04-29 12:26:30.139000,1.3959,1.39581,1000000,1000000
2020-04-29 12:26:33.579000,1.39589,1.3958,1000000,1000000
2020-04-29 12:26:33.914000,1.39592,1.39581,1720000,1000000
2020-04-29 12:26:35.581000,1.39592,1.39581,1000000,1000000
2020-04-29 12:26:36.655000,1.39591,1.3958,1000000,1000000
2020-04-29 12:26:36.756000,1.39592,1.39581,1000000,1000000
2020-04-29 12:26:38.832000,1.39593,1.39583,1200000,1000000
2020-04-29 12:26:38.933000,1.39593,1.39583,1700000,1000000
2020-04-29 12:26:39.555000,1.39591,1.39583,1000000,1000000
2020-04-29 12:26:39.656000,1.39592,1.39582,2350000,1000000
2020-04-29 12:26:40.598000,1.39593,1.39582,1100000,1000000
2020-04-29 12:26:40.699000,1.39593,1.39582,1100000,1000000
2020-04-29 12:26:41.602000,1.39592,1.39582,1000000,1000000
2020-04-29 12:26:41.831000,1.39593,1.39581,2820000,1000000
2020-04-29 12:26:42.602000,1.39593,1.39583,1500000,1000000
2020-04-29 12:26:42.937000,1.39597,1.39587,3400000,1000000
2020-04-29 12:26:42.988000,1.39599,1.39588,1100000,1000000
2020-04-29 12:26:43.039000,1.39599,1.3959,1000000,1000000
2020-04-29 12:26:43.140000,1.39603,1.3959,2470000,1690000
2020-04-29 12:26:43.951000,1.39602,1.39591,1100000,1000000
2020-04-29 12:26:44.154000,1.39602,1.39591,1000000,1000000
2020-04-29 12:26:49.279000,1.39603,1.39593,2700000,1000000
2020-04-29 12:26:49.629000,1.39604,1.39593,2700000,1000000
2020-04-29 12:26:50.834000,1.39604,1.39593,2820000,1000000
2020-04-29 12:26:52.629000,1.39604,1.39593,4200000,1000000
2020-04-29 12:26:54.355000,1.39603,1.39592,1000000,1000000
2020-04-29 12:26:54.648000,1.39603,1.39594,1000000,1000000
2020-04-29 12:26:59.776000,1.39602,1.39593,1000000,1000000
2020-04-29 12:27:03.649000,1.39601,1.39593,1000000,1000000
2020-04-29 12:27:04.646000,1.39602,1.39593,1570000,1000000
2020-04-29 12:27:06.173000,1.39599,1.39588,1870000,2100000
2020-04-29 12:27:06.275000,1.396,1.39589,1000000,1100000
2020-04-29 12:27:09.421000,1.396,1.39591,1000000,1000000
2020-04-29 12:27:09.522000,1.39601,1.39591,1000000,1000000
2020-04-29 12:27:10.389000,1.39602,1.39591,1000000,1000000
2020-04-29 12:27:12.546000,1.39601,1.39591,1000000,1000000
2020-04-29 12:27:16.373000,1.39601,1.3959,1000000,1690000
2020-04-29 12:27:18.137000,1.39601,1.39591,1000000,1000000
2020-04-29 12:27:21.600000,1.39601,1.3959,1000000,1000000
2020-04-29 12:27:22.760000,1.396,1.39589,1000000,1950000
2020-04-29 12:27:24.226000,1.396,1.3959,1000000,1000000
2020-04-29 12:27:24.378000,1.396,1.39589,1000000,2020000
2020-04-29 12:27:24.480000,1.39601,1.3959,1000000,1000000
2020-04-29 12:27:30.976000,1.39598,1.39589,1000000,1100000
2020-04-29 12:27:35.124000,1.396,1.39591,1500000,1000000
2020-04-29 12:27:35.275000,1.39602,1.39591,2620000,1000000
2020-04-29 12:27:35.406000,1.39601,1.39591,1120000,1000000
2020-04-29 12:27:39.632000,1.39602,1.39591,2250000,1000000
2020-04-29 12:27:39.733000,1.39603,1.39592,1200000,1000000
2020-04-29 12:27:41.796000,1.39602,1.39591,1000000,1000000
2020-04-29 12:27:44.705000,1.39602,1.39593,1500000,1000000
2020-04-29 12:27:47.739000,1.39606,1.39599,2250000,1000000
2020-04-29 12:27:47.790000,1.39608,1.39597,1000000,1000000
2020-04-29 12:27:48.832000,1.39609,1.39598,1000000,1000000
2020-04-29 12:27:49.351000,1.39608,1.39596,1000000,1970000
2020-04-29 12:27:49.456000,1.39608,1.39596,1000000,3320000
2020-04-29 12:27:49.612000,1.39607,1.39598,1000000,1200000
2020-04-29 12:27:50.905000,1.39609,1.39598,1000000,1200000
2020-04-29 12:27:57.166000,1.39608,1.39597,1000000,1200000
2020-04-29 12:27:57.438000,1.39608,1.39597,1000000,2050000
2020-04-29 12:27:57.606000,1.39611,1.39601,1000000,4600000
2020-04-29 12:27:57.657000,1.39616,1.39605,1870000,1100000
2020-04-29 12:27:57.708000,1.39616,1.3961,1000000,1000000
2020-04-29 12:27:57.758000,1.39617,1.39607,1000000,1100000
2020-04-29 12:27:57.859000,1.39618,1.39607,1000000,1320000
2020-04-29 12:27:58.011000,1.39619,1.39608,1000000,1200000
2020-04-29 12:27:58.472000,1.39618,1.39609,1000000,1200000
2020-04-29 12:27:58.524000,1.39621,1.3961,1500000,1000000
2020-04-29 12:27:59.090000,1.39621,1.39611,1000000,1100000
2020-04-29 12:28:01.977000,1.39619,1.39609,1000000,1300000
2020-04-29 12:28:08.709000,1.39619,1.39609,1000000,2050000
2020-04-29 12:28:09.039000,1.39619,1.39609,1000000,2020000
2020-04-29 12:28:12.339000,1.39619,1.39609,1000000,2050000
2020-04-29 12:28:13.074000,1.39619,1.39609,1000000,1300000
2020-04-29 12:28:13.706000,1.3962,1.39611,1000000,1000000
2020-04-29 12:28:15.023000,1.39623,1.39612,1500000,1000000
2020-04-29 12:28:16.137000,1.39621,1.39612,1000000,1000000
2020-04-29 12:28:16.239000,1.3962,1.39609,1100000,1000000
2020-04-29 12:28:17.863000,1.3962,1.39609,1000000,1000000
2020-04-29 12:28:18.987000,1.39621,1.39612,1100000,1000000
2020-04-29 12:28:19.513000,1.39622,1.39612,1000000,1000000
2020-04-29 12:28:20.038000,1.39619,1.39609,1000000,1000000
2020-04-29 12:28:20.209000,1.39619,1.39607,1000000,2570000
2020-04-29 12:28:20.425000,1.39619,1.39607,1000000,2200000
2020-04-29 12:28:21.303000,1.39619,1.39607,1000000,2420000
2020-04-29 12:28:21.582000,1.39619,1.39608,1000000,1200000
2020-04-29 12:28:22.485000,1.3962,1.39609,1000000,1100000
2020-04-29 12:28:22.586000,1.3962,1.3961,1000000,1100000
2020-04-29 12:28:23.438000,1.3962,1.3961,1000000,1110000
2020-04-29 12:28:23.539000,1.39622,1.3961,1000000,1100000
2020-04-29 12:28:23.641000,1.39621,1.39609,1000000,1570000
2020-04-29 12:28:24.790000,1.39623,1.39615,1000000,3850000
2020-04-29 12:28:24.892000,1.39626,1.39616,1000000,1970000
2020-04-29 12:28:24.942000,1.39625,1.39615,1000000,1320000
2020-04-29 12:28:25.145000,1.39624,1.39615,1000000,1100000
2020-04-29 12:28:25.815000,1.39626,1.39616,1000000,1300000
2020-04-29 12:28:26.535000,1.39626,1.39616,1000000,1220000
2020-04-29 12:28:26.586000,1.39624,1.39615,1000000,1600000
2020-04-29 12:28:26.636000,1.39622,1.3961,1000000,1100000
2020-04-29 12:28:26.738000,1.39622,1.39609,1000000,1570000
2020-04-29 12:28:26.866000,1.39622,1.3961,1000000,1000000
2020-04-29 12:28:27.061000,1.39622,1.39611,1000000,1000000
2020-04-29 12:28:27.112000,1.39622,1.39615,1000000,3000000
2020-04-29 12:28:27.163000,1.39625,1.39614,1000000,1950000
2020-04-29 12:28:27.214000,1.39623,1.39614,1000000,1720000
2020-04-29 12:28:27.315000,1.39621,1.3961,1000000,1100000
2020-04-29 12:28:27.416000,1.39621,1.3961,1000000,1000000
2020-04-29 12:28:27.517000,1.39621,1.39609,1000000,1500000
2020-04-29 12:28:28.641000,1.39619,1.39607,1000000,1700000
2020-04-29 12:28:28.743000,1.39613,1.39605,1500000,1000000
2020-04-29 12:28:28.844000,1.39613,1.39601,1000000,1100000
2020-04-29 12:28:28.895000,1.39608,1.39599,1000000,1200000
2020-04-29 12:28:28.946000,1.39608,1.39599,1000000,1200000
2020-04-29 12:28:28.997000,1.39609,1.39597,1000000,1200000
2020-04-29 12:28:29.048000,1.39607,1.39595,1000000,7070000
2020-04-29 12:28:29.149000,1.39608,1.39597,1000000,1100000
2020-04-29 12:28:29.250000,1.39608,1.39597,1000000,1200000
2020-04-29 12:28:30.201000,1.39608,1.39597,1000000,1670000
2020-04-29 12:28:30.415000,1.3961,1.39598,1000000,1100000
2020-04-29 12:28:31.422000,1.39611,1.396,1100000,1000000
2020-04-29 12:28:33.665000,1.39611,1.39605,1000000,1500000
2020-04-29 12:28:33.716000,1.39614,1.39604,1000000,3940000
2020-04-29 12:28:33.767000,1.39617,1.39606,1600000,1200000
2020-04-29 12:28:33.818000,1.39618,1.39607,1000000,1000000
2020-04-29 12:28:34.142000,1.3962,1.39609,1100000,1000000
2020-04-29 12:28:34.244000,1.3962,1.39611,1100000,1000000
2020-04-29 12:28:34.982000,1.3962,1.39611,1100000,1000000
2020-04-29 12:28:35.556000,1.3962,1.3961,1600000,1000000
2020-04-29 12:28:35.707000,1.3962,1.39611,1100000,1000000
2020-04-29 12:28:36.109000,1.3962,1.39611,1100000,1000000
2020-04-29 12:28:36.236000,1.3962,1.3961,1570000,1000000
2020-04-29 12:28:36.709000,1.39619,1.39608,1000000,1000000
2020-04-29 12:28:37.962000,1.39619,1.39608,1600000,1000000
2020-04-29 12:28:38.064000,1.39613,1.39604,1500000,1000000
2020-04-29 12:28:38.266000,1.39612,1.39601,1000000,1000000
2020-04-29 12:28:38.367000,1.39611,1.39601,1000000,1000000
2020-04-29 12:28:39.492000,1.39611,1.39601,1100000,1000000
2020-04-29 12:28:39.594000,1.39609,1.396,1500000,1000000
2020-04-29 12:28:39.952000,1.39608,1.396,1000000,1000000
2020-04-29 12:28:40.918000,1.39608,1.39599,1000000,1000000
2020-04-29 12:28:41.515000,1.39608,1.39598,1500000,1000000
2020-04-29 12:28:42.861000,1.39608,1.39601,1000000,1000000
2020-04-29 12:28:42.962000,1.39611,1.396,1500000,1000000
2020-04-29 12:28:44.506000,1.39611,1.396,1600000,1000000
2020-04-29 12:28:45.117000,1.39611,1.39599,1600000,1000000
2020-04-29 12:28:45.169000,1.39611,1.39601,1100000,1000000
2020-04-29 12:28:45.271000,1.39616,1.39605,1120000,5440000
2020-04-29 12:28:45.373000,1.39617,1.39605,1500000,1690000
2020-04-29 12:28:47.403000,1.39618,1.39607,1000000,1000000
2020-04-29 12:28:48.859000,1.39617,1.39607,1000000,1000000
2020-04-29 12:28:48.909000,1.39619,1.39607,1570000,1000000
2020-04-29 12:28:48.961000,1.39613,1.39604,1000000,1000000
2020-04-29 12:28:49.062000,1.39613,1.39603,1000000,1000000
2020-04-29 12:28:49.164000,1.39611,1.39599,1500000,1000000
2020-04-29 12:28:49.266000,1.3961,1.39598,1600000,1000000
2020-04-29 12:28:49.458000,1.3961,1.39597,1600000,1000000
2020-04-29 12:28:50.268000,1.3961,1.39597,1500000,1000000
2020-04-29 12:28:51.585000,1.39609,1.39597,1000000,1000000
2020-04-29 12:28:51.737000,1.39603,1.39593,1500000,1500000
2020-04-29 12:28:51.840000,1.39602,1.39593,1000000,1000000
2020-04-29 12:28:51.962000,1.39602,1.3959,1000000,1000000
2020-04-29 12:28:52.165000,1.39603,1.3959,1000000,1120000
2020-04-29 12:28:52.217000,1.39603,1.39592,1000000,1000000
2020-04-29 12:28:54.664000,1.39604,1.39595,1000000,4950000
2020-04-29 12:28:54.715000,1.39607,1.39595,1500000,1600000
2020-04-29 12:28:54.816000,1.3961,1.39597,1500000,1950000
2020-04-29 12:28:54.917000,1.3961,1.39597,1000000,1600000
2020-04-29 12:28:55.344000,1.3961,1.39597,1000000,1200000
2020-04-29 12:28:57.289000,1.39611,1.39602,1000000,1690000
2020-04-29 12:28:57.340000,1.39614,1.39602,1500000,1250000
2020-04-29 12:28:57.885000,1.39615,1.39602,1500000,1250000
2020-04-29 12:28:57.987000,1.39614,1.39602,1000000,2440000
2020-04-29 12:28:58.936000,1.39614,1.39602,1100000,1250000
2020-04-29 12:28:59.686000,1.39615,1.39605,1600000,3000000
2020-04-29 12:28:59.737000,1.39616,1.39604,1200000,6190000
2020-04-29 12:28:59.838000,1.39617,1.39606,1000000,1000000
2020-04-29 12:29:00.189000,1.39616,1.39604,1270000,2250000
2020-04-29 12:29:00.290000,1.39617,1.39605,2200000,3750000
2020-04-29 12:29:01.111000,1.39618,1.39606,1600000,1500000
2020-04-29 12:29:01.313000,1.39618,1.39606,1570000,1500000
2020-04-29 12:29:02.523000,1.39614,1.39602,1500000,2700000
2020-04-29 12:29:02.675000,1.39611,1.39601,1250000,1250000
2020-04-29 12:29:02.726000,1.3961,1.39598,1000000,1000000
2020-04-29 12:29:02.827000,1.3961,1.39597,1500000,1000000
2020-04-29 12:29:03.482000,1.39605,1.39594,1100000,3750000
2020-04-29 12:29:03.684000,1.39603,1.39593,1000000,1000000
2020-04-29 12:29:03.735000,1.39602,1.3959,1250000,1000000
2020-04-29 12:29:04.046000,1.39601,1.3959,1000000,1000000
2020-04-29 12:29:04.147000,1.39601,1.39589,1500000,1000000
2020-04-29 12:29:04.802000,1.39601,1.39587,1100000,1000000
2020-04-29 12:29:06.031000,1.39598,1.39587,1250000,1000000
2020-04-29 12:29:06.133000,1.39598,1.39585,2820000,1000000
2020-04-29 12:29:06.184000,1.39596,1.39582,2920000,1000000
2020-04-29 12:29:06.285000,1.39599,1.39586,1800000,1000000
2020-04-29 12:29:06.437000,1.39601,1.39586,2470000,1120000
2020-04-29 12:29:06.538000,1.39601,1.39587,1600000,1870000
2020-04-29 12:29:06.589000,1.39601,1.39587,1100000,1870000
2020-04-29 12:29:07.391000,1.39602,1.39594,1000000,1000000
2020-04-29 12:29:07.492000,1.39605,1.39593,1500000,1000000
2020-04-29 12:29:07.593000,1.39607,1.39593,1090000,1500000
2020-04-29 12:29:08.469000,1.39606,1.39594,1000000,1000000
2020-04-29 12:29:10.193000,1.39607,1.39594,1010000,1100000
2020-04-29 12:29:12.013000,1.39606,1.39595,1000000,3750000
2020-04-29 12:29:12.115000,1.39608,1.39595,1100000,3750000
2020-04-29 12:29:12.216000,1.39608,1.39594,1100000,4760000
2020-04-29 12:29:12.432000,1.39609,1.39596,1100000,2720000
2020-04-29 12:29:12.685000,1.39609,1.39597,1600000,1220000
2020-04-29 12:29:13.593000,1.39609,1.39595,1600000,4600000
2020-04-29 12:29:15.908000,1.39609,1.39596,1120000,1100000
2020-04-29 12:29:16.398000,1.3961,1.39602,1000000,1570000
2020-04-29 12:29:16.449000,1.39613,1.39603,1220000,1100000
2020-04-29 12:29:16.550000,1.39614,1.39602,1100000,1100000
2020-04-29 12:29:16.601000,1.39615,1.39603,2170000,1100000
2020-04-29 12:29:16.703000,1.39615,1.39604,1570000,1100000
2020-04-29 12:29:16.912000,1.39615,1.39605,1670000,1000000
2020-04-29 12:29:17.014000,1.39616,1.39604,2950000,1100000
2020-04-29 12:29:17.577000,1.39615,1.39603,1100000,1000000
2020-04-29 12:29:17.680000,1.39615,1.39604,1770000,1000000
2020-04-29 12:29:17.849000,1.39616,1.39603,1870000,3070000
2020-04-29 12:29:17.968000,1.39616,1.39603,1200000,3070000
2020-04-29 12:29:18.860000,1.39616,1.39603,1670000,1570000
2020-04-29 12:29:18.961000,1.39616,1.39603,1270000,1570000
2020-04-29 12:29:19.113000,1.39612,1.39602,1000000,1000000
2020-04-29 12:29:19.214000,1.3961,1.39597,1000000,1220000
2020-04-29 12:29:19.315000,1.39609,1.39596,1000000,1600000
2020-04-29 12:29:19.417000,1.3961,1.39595,1000000,5350000
2020-04-29 12:29:19.518000,1.39609,1.39594,1000000,6290000
2020-04-29 12:29:20.391000,1.39608,1.39594,1000000,4790000
2020-04-29 12:29:20.492000,1.39607,1.39591,1100000,2070000
2020-04-29 12:29:20.593000,1.39605,1.39591,1000000,1100000
2020-04-29 12:29:20.766000,1.39605,1.39591,1000000,1100000
2020-04-29 12:29:20.956000,1.39604,1.39591,1000000,1100000
2020-04-29 12:29:22.812000,1.39604,1.39589,1000000,1500000
2020-04-29 12:29:23.298000,1.39606,1.39589,1000000,1570000
2020-04-29 12:29:24.206000,1.39605,1.39589,1000000,1200000
2020-04-29 12:29:24.537000,1.39602,1.39588,1000000,2250000
2020-04-29 12:29:24.588000,1.39601,1.39586,1000000,1500000
2020-04-29 12:29:24.689000,1.39601,1.39585,1720000,1500000
2020-04-29 12:29:27.368000,1.39601,1.39586,1100000,1870000
2020-04-29 12:29:30.080000,1.39601,1.39586,1000000,1250000
2020-04-29 12:29:31.250000,1.39602,1.39586,1000000,1000000
2020-04-29 12:29:31.351000,1.39601,1.39586,1000000,1620000
2020-04-29 12:29:31.630000,1.39601,1.39586,1000000,1120000
2020-04-29 12:29:32.350000,1.396,1.39586,1000000,1120000
2020-04-29 12:29:34.418000,1.39599,1.39585,1000000,1750000
2020-04-29 12:29:35.719000,1.39599,1.39584,1000000,2690000
2020-04-29 12:29:35.821000,1.39599,1.39584,1000000,1000000
2020-04-29 12:29:35.948000,1.39599,1.39583,1000000,1870000
2020-04-29 12:29:39.817000,1.39598,1.39583,1000000,1870000
2020-04-29 12:29:40.216000,1.39599,1.39584,1000000,1000000
2020-04-29 12:29:41.926000,1.39601,1.39583,1000000,1870000
2020-04-29 12:29:42.027000,1.396,1.39584,1000000,1000000
2020-04-29 12:29:42.585000,1.396,1.39583,1000000,1500000
2020-04-29 12:29:42.686000,1.39598,1.39581,1000000,1120000
2020-04-29 12:29:42.787000,1.39599,1.39581,1000000,1500000
2020-04-29 12:29:42.889000,1.396,1.39583,1000000,1500000
2020-04-29 12:29:42.995000,1.39597,1.39582,1000000,1810000
2020-04-29 12:29:43.601000,1.39599,1.39584,1000000,1120000
2020-04-29 12:29:43.906000,1.39598,1.39582,1000000,1000000
2020-04-29 12:29:44.569000,1.39598,1.39581,1000000,1690000
2020-04-29 12:29:44.675000,1.39598,1.39581,1000000,1250000
2020-04-29 12:29:44.776000,1.39599,1.39583,1250000,1000000
2020-04-29 12:29:44.878000,1.39599,1.39581,1500000,1250000
2020-04-29 12:29:45.067000,1.39598,1.39583,1000000,1000000
2020-04-29 12:29:45.169000,1.39599,1.39584,1000000,1000000
2020-04-29 12:29:46.208000,1.39599,1.39582,1000000,1000000
2020-04-29 12:29:46.309000,1.396,1.39583,1500000,1000000
2020-04-29 12:29:46.360000,1.39599,1.39581,1000000,1250000
2020-04-29 12:29:46.461000,1.39598,1.39581,1000000,1250000
2020-04-29 12:29:46.613000,1.39598,1.39583,1000000,1000000
2020-04-29 12:29:46.680000,1.39598,1.3958,1000000,1250000
2020-04-29 12:29:46.781000,1.39598,1.3958,1000000,1750000
2020-04-29 12:29:46.983000,1.39597,1.3958,1500000,1250000
2020-04-29 12:29:47.034000,1.39596,1.39577,1500000,1500000
2020-04-29 12:29:47.085000,1.39593,1.39574,1000000,4500000
2020-04-29 12:29:47.186000,1.39589,1.39576,1500000,1000000
2020-04-29 12:29:47.288000,1.39589,1.39574,1000000,1690000
2020-04-29 12:29:47.440000,1.3959,1.39574,1000000,1690000
2020-04-29 12:29:50.067000,1.39591,1.39574,1000000,1250000
2020-04-29 12:29:50.168000,1.39592,1.39574,1000000,3190000
2020-04-29 12:29:50.219000,1.39594,1.39574,1690000,3190000
2020-04-29 12:29:50.320000,1.39593,1.39574,1000000,2440000
2020-04-29 12:29:50.421000,1.39593,1.39575,1000000,2250000
2020-04-29 12:29:50.522000,1.39593,1.39574,1000000,2250000
2020-04-29 12:29:51.019000,1.39586,1.39568,1000000,1000000
2020-04-29 12:29:51.121000,1.39585,1.39568,1000000,1000000
2020-04-29 12:29:51.272000,1.39585,1.39569,1000000,1000000
2020-04-29 12:29:51.373000,1.39585,1.39569,2940000,1000000
2020-04-29 12:29:51.538000,1.39579,1.39569,1000000,1000000
2020-04-29 12:29:51.639000,1.39574,1.39558,1000000,1000000
2020-04-29 12:29:51.990000,1.39577,1.39558,2250000,1000000
2020-04-29 12:29:52.201000,1.39577,1.39556,1000000,1200000
2020-04-29 12:29:52.302000,1.39577,1.39557,1000000,1000000
2020-04-29 12:29:52.403000,1.39577,1.39556,1000000,1000000
2020-04-29 12:29:52.540000,1.39572,1.39556,1000000,1000000
2020-04-29 12:29:53.542000,1.39573,1.39556,1000000,1000000
2020-04-29 12:29:54.622000,1.39578,1.39556,1000000,1000000
2020-04-29 12:29:54.727000,1.39579,1.39556,1000000,1000000
2020-04-29 12:29:55.268000,1.39582,1.39556,1000000,1000000
2020-04-29 12:29:55.319000,1.39578,1.39556,1000000,1000000
2020-04-29 12:29:55.924000,1.39566,1.39556,1000000,1000000
2020-04-29 12:29:56.025000,1.39566,1.39556,1000000,1000000
2020-04-29 12:29:56.126000,1.39555,1.39531,1000000,2250000
2020-04-29 12:29:56.177000,1.39553,1.39531,1000000,1500000
2020-04-29 12:29:56.278000,1.39553,1.39528,1000000,1000000
2020-04-29 12:29:56.379000,1.39547,1.39528,1000000,1000000
2020-04-29 12:29:56.513000,1.39532,1.39522,5250000,1000000
2020-04-29 12:29:56.614000,1.39532,1.39521,5250000,3000000
2020-04-29 12:29:56.665000,1.39529,1.39518,1000000,1000000
2020-04-29 12:29:56.716000,1.39529,1.39512,1000000,1000000
2020-04-29 12:29:56.767000,1.39529,1.3951,1000000,1000000
2020-04-29 12:29:56.868000,1.39529,1.39511,1000000,1000000
2020-04-29 12:29:57.020000,1.39529,1.3951,1000000,1000000
2020-04-29 12:29:57.121000,1.39529,1.39511,1000000,1500000
2020-04-29 12:29:57.540000,1.39536,1.39511,1500000,1000000
2020-04-29 12:29:58.104000,1.39538,1.39531,2250000,1000000
2020-04-29 12:29:58.485000,1.39539,1.39532,1000000,1000000
2020-04-29 12:29:59.003000,1.39539,1.3953,1000000,1500000
2020-04-29 12:29:59.305000,1.39538,1.39531,1000000,1000000
2020-04-29 12:30:00.255000,1.39554,1.3954,1870000,1000000
2020-04-29 12:30:00.309000,1.39542,1.39534,1000000,1000000
2020-04-29 12:30:00.410000,1.39539,1.39531,1000000,1000000
2020-04-29 12:30:00.523000,1.39548,1.39531,1870000,1000000
2020-04-29 12:30:00.577000,1.39554,1.39531,1000000,1000000
2020-04-29 12:30:00.905000,1.3955,1.39531,1000000,1000000
2020-04-29 12:30:01.056000,1.3955,1.39532,1000000,3250000
2020-04-29 12:30:01.412000,1.3955,1.39532,1000000,5440000
2020-04-29 12:30:01.614000,1.3955,1.39533,1870000,2250000
2020-04-29 12:30:01.738000,1.3955,1.39532,1870000,5250000
2020-04-29 12:30:02.280000,1.3955,1.3953,1870000,1000000
2020-04-29 12:30:02.330000,1.39531,1.3952,23250000,1000000
2020-04-29 12:30:02.699000,1.39531,1.39518,23250000,4500000
2020-04-29 12:30:02.750000,1.39526,1.39516,1000000,2250000
2020-04-29 12:30:02.851000,1.39526,1.39506,1000000,1870000
2020-04-29 12:30:02.952000,1.39528,1.39501,1390000,1870000
2020-04-29 12:30:03.053000,1.39528,1.39492,1200000,3000000
2020-04-29 12:30:03.103000,1.39528,1.39501,1200000,1000000
2020-04-29 12:30:03.205000,1.39529,1.39502,1300000,1000000
2020-04-29 12:30:03.306000,1.39514,1.395,1000000,3000000
2020-04-29 12:30:03.357000,1.39503,1.39487,1000000,2750000
2020-04-29 12:30:03.458000,1.39509,1.39482,24000000,2250000
2020-04-29 12:30:03.509000,1.39511,1.39482,1000000,1500000
2020-04-29 12:30:03.610000,1.39512,1.39481,1000000,2250000
2020-04-29 12:30:03.711000,1.39518,1.39481,1750000,1500000
2020-04-29 12:30:03.992000,1.39507,1.39481,1000000,1000000
2020-04-29 12:30:04.093000,1.39494,1.39471,2100000,1000000
2020-04-29 12:30:04.194000,1.39493,1.39463,1500000,1000000
2020-04-29 12:30:04.245000,1.39491,1.3946,1600000,1500000
2020-04-29 12:30:04.346000,1.39481,1.39454,1920000,1870000
2020-04-29 12:30:04.447000,1.39481,1.39443,1920000,4250000
2020-04-29 12:30:04.498000,1.39481,1.39444,1920000,1120000
2020-04-29 12:30:04.549000,1.39474,1.3944,1020000,1500000
2020-04-29 12:30:04.651000,1.39472,1.39436,2370000,1500000
2020-04-29 12:30:04.702000,1.39472,1.39436,2370000,1500000
2020-04-29 12:30:04.753000,1.39471,1.39436,1400000,4500000
2020-04-29 12:30:04.905000,1.39472,1.3944,1000000,1000000
2020-04-29 12:30:04.955000,1.39482,1.39444,1400000,1000000
2020-04-29 12:30:05.115000,1.39468,1.39442,1000000,1000000
2020-04-29 12:30:05.165000,1.39472,1.39439,1500000,1870000
2020-04-29 12:30:05.216000,1.39476,1.39437,1500000,1500000
2020-04-29 12:30:05.270000,1.39479,1.39436,2250000,2000000
2020-04-29 12:30:05.321000,1.39479,1.39436,2250000,1500000
2020-04-29 12:30:05.422000,1.39473,1.39435,1000000,3000000
2020-04-29 12:30:05.523000,1.39472,1.39435,1400000,3370000
2020-04-29 12:30:05.624000,1.39472,1.39436,1900000,2250000
2020-04-29 12:30:05.725000,1.39472,1.39435,1400000,3000000
2020-04-29 12:30:06.078000,1.39472,1.39436,1900000,3000000
2020-04-29 12:30:06.179000,1.39464,1.39432,1200000,1500000
2020-04-29 12:30:06.281000,1.39463,1.39432,1600000,1500000
2020-04-29 12:30:06.382000,1.39455,1.39429,1000000,2250000
2020-04-29 12:30:06.483000,1.39454,1.39426,1000000,1500000
2020-04-29 12:30:06.584000,1.39455,1.39427,1000000,1000000
2020-04-29 12:30:06.635000,1.39455,1.39422,1000000,1250000
2020-04-29 12:30:07.123000,1.3946,1.39445,1310000,3000000
2020-04-29 12:30:07.174000,1.39463,1.39438,1000000,2480000
2020-04-29 12:30:07.275000,1.39464,1.39437,1000000,1350000
2020-04-29 12:30:07.377000,1.3946,1.39442,1000000,3750000
2020-04-29 12:30:07.478000,1.39456,1.3943,1000000,1120000
2020-04-29 12:30:07.579000,1.39457,1.39432,1000000,1000000
2020-04-29 12:30:07.630000,1.39453,1.39425,1000000,2620000
2020-04-29 12:30:07.731000,1.39449,1.39425,1000000,1000000
2020-04-29 12:30:07.832000,1.39449,1.39424,1000000,1120000
2020-04-29 12:30:07.945000,1.39449,1.39426,1000000,1000000
2020-04-29 12:30:08.073000,1.39449,1.39425,1000000,3000000
2020-04-29 12:30:08.174000,1.39445,1.39425,1000000,1000000
2020-04-29 12:30:08.225000,1.39448,1.39426,1000000,1000000
2020-04-29 12:30:08.276000,1.39448,1.39432,1000000,1000000
2020-04-29 12:30:08.326000,1.39446,1.39427,1000000,1500000
2020-04-29 12:30:08.377000,1.39446,1.39425,1000000,3000000
2020-04-29 12:30:08.479000,1.39446,1.39428,1000000,1000000
2020-04-29 12:30:08.529000,1.39448,1.39428,1000000,1000000
2020-04-29 12:30:08.631000,1.3945,1.39429,1000000,1000000
2020-04-29 12:30:08.682000,1.39453,1.39429,1000000,1000000
2020-04-29 12:30:08.864000,1.39453,1.3943,1000000,1000000
2020-04-29 12:30:08.965000,1.39453,1.39429,1000000,1000000
2020-04-29 12:30:09.052000,1.39455,1.39429,1500000,1000000
2020-04-29 12:30:09.184000,1.39455,1.39427,1500000,1000000
2020-04-29 12:30:09.286000,1.39455,1.39426,1500000,1000000
2020-04-29 12:30:09.336000,1.39455,1.39429,1500000,1000000
2020-04-29 12:30:09.482000,1.39455,1.39433,1500000,1000000
2020-04-29 12:30:09.583000,1.39456,1.39443,2250000,1000000
2020-04-29 12:30:09.634000,1.39456,1.39437,1000000,1000000
2020-04-29 12:30:09.740000,1.39456,1.39435,1000000,2620000
2020-04-29 12:30:10.077000,1.39458,1.39442,1000000,1000000
2020-04-29 12:30:10.178000,1.39458,1.39443,1000000,2250000
2020-04-29 12:30:10.229000,1.3946,1.39443,1000000,2250000
2020-04-29 12:30:10.395000,1.39461,1.39443,1000000,1500000
2020-04-29 12:30:10.497000,1.3946,1.39446,1000000,1500000
2020-04-29 12:30:10.547000,1.3946,1.39444,1000000,1500000
2020-04-29 12:30:11.372000,1.39462,1.39447,1000000,1000000
2020-04-29 12:30:11.473000,1.39462,1.39448,1000000,1000000
2020-04-29 12:30:11.575000,1.39462,1.3945,1000000,1000000
2020-04-29 12:30:11.625000,1.39471,1.39449,1000000,1000000
2020-04-29 12:30:11.727000,1.39466,1.39446,1000000,1500000
2020-04-29 12:30:11.828000,1.39457,1.39438,1000000,1000000
2020-04-29 12:30:11.879000,1.39457,1.39432,1000000,1000000
2020-04-29 12:30:13.126000,1.39456,1.39431,1000000,1000000
2020-04-29 12:30:13.921000,1.39456,1.39429,1000000,1000000
2020-04-29 12:30:14.556000,1.39455,1.39429,1000000,1000000
2020-04-29 12:30:14.658000,1.39439,1.39427,1000000,1000000
2020-04-29 12:30:14.709000,1.39439,1.39416,1000000,1000000
2020-04-29 12:30:14.860000,1.39439,1.39416,1000000,1000000
2020-04-29 12:30:14.961000,1.39439,1.39416,1500000,1000000
2020-04-29 12:30:15.063000,1.39431,1.39412,1000000,2000000
2020-04-29 12:30:15.165000,1.39422,1.39411,1000000,1000000
2020-04-29 12:30:15.215000,1.39422,1.39399,1870000,1870000
2020-04-29 12:30:15.266000,1.39422,1.39412,1120000,1000000
2020-04-29 12:30:15.368000,1.39426,1.39411,1250000,1000000
2020-04-29 12:30:15.419000,1.39431,1.39411,1500000,1000000
2020-04-29 12:30:15.520000,1.39428,1.39403,1500000,1000000
2020-04-29 12:30:15.621000,1.39432,1.39404,1620000,1000000
2020-04-29 12:30:16.260000,1.39421,1.394,1000000,1000000
2020-04-29 12:30:16.386000,1.39426,1.39402,2100000,1120000
2020-04-29 12:30:16.437000,1.39427,1.39409,1400000,1000000
2020-04-29 12:30:16.489000,1.39437,1.39414,1620000,1000000
2020-04-29 12:30:16.590000,1.39437,1.39414,1000000,1000000
2020-04-29 12:30:16.694000,1.39439,1.39414,1000000,1120000
2020-04-29 12:30:16.745000,1.3944,1.39424,1000000,1000000
2020-04-29 12:30:16.795000,1.3944,1.39419,1250000,1320000
2020-04-29 12:30:16.846000,1.39445,1.39418,1000000,1250000
2020-04-29 12:30:17.138000,1.39447,1.3942,2000000,1500000
2020-04-29 12:30:17.240000,1.39449,1.39438,1000000,1500000
2020-04-29 12:30:17.341000,1.39464,1.3945,1000000,1000000
2020-04-29 12:30:17.492000,1.39469,1.39451,1000000,1000000
2020-04-29 12:30:17.543000,1.39476,1.39454,1400000,1000000
2020-04-29 12:30:17.644000,1.39468,1.39455,1000000,1500000
2020-04-29 12:30:17.695000,1.39477,1.39455,2620000,1120000
2020-04-29 12:30:17.746000,1.39467,1.39453,1000000,1000000
2020-04-29 12:30:17.797000,1.39468,1.3945,2370000,3000000
2020-04-29 12:30:17.848000,1.39467,1.39438,1620000,3000000
2020-04-29 12:30:17.949000,1.39465,1.39439,3120000,1000000
2020-04-29 12:30:18,1.39465,1.39436,2370000,1000000
2020-04-29 12:30:18.429000,1.39463,1.39435,1620000,1000000
2020-04-29 12:30:18.480000,1.39451,1.39431,1000000,1500000
2020-04-29 12:30:18.581000,1.3945,1.39432,1620000,1000000
2020-04-29 12:30:18.682000,1.39447,1.39422,1120000,1000000
2020-04-29 12:30:18.733000,1.39448,1.39423,1000000,1000000
2020-04-29 12:30:18.884000,1.39447,1.39423,1000000,1000000
2020-04-29 12:30:19.036000,1.39446,1.39423,1000000,1000000
2020-04-29 12:30:19.137000,1.39443,1.3942,1000000,1000000
2020-04-29 12:30:19.238000,1.39439,1.39417,1620000,1000000
2020-04-29 12:30:19.339000,1.39437,1.39414,1000000,1000000
2020-04-29 12:30:19.390000,1.3944,1.39414,1870000,1120000
2020-04-29 12:30:19.491000,1.39438,1.39414,1000000,1120000
2020-04-29 12:30:19.542000,1.39445,1.3942,2250000,1000000
2020-04-29 12:30:19.593000,1.39445,1.39421,1000000,2370000
2020-04-29 12:30:19.644000,1.39447,1.39422,2250000,1620000
2020-04-29 12:30:19.745000,1.39447,1.39422,1500000,1000000
2020-04-29 12:30:19.846000,1.39446,1.39422,1000000,1000000
2020-04-29 12:30:19.897000,1.39448,1.39426,1870000,1000000
2020-04-29 12:30:19.947000,1.3945,1.39425,1000000,1620000
2020-04-29 12:30:20.049000,1.39451,1.39426,1000000,1120000
2020-04-29 12:30:20.100000,1.39453,1.39428,1000000,1870000
2020-04-29 12:30:20.201000,1.39453,1.39428,1000000,2000000
2020-04-29 12:30:20.511000,1.39454,1.39429,1500000,1000000
2020-04-29 12:30:20.802000,1.39456,1.39437,1000000,1000000
2020-04-29 12:30:20.903000,1.3946,1.39438,1000000,1500000
2020-04-29 12:30:21.005000,1.39465,1.39442,1000000,1500000
2020-04-29 12:30:21.106000,1.39465,1.3944,1620000,1000000
2020-04-29 12:30:21.208000,1.39463,1.3944,1000000,1000000
2020-04-29 12:30:21.717000,1.39461,1.3944,1000000,1000000
2020-04-29 12:30:22.328000,1.39461,1.39439,1000000,1500000
2020-04-29 12:30:22.429000,1.39465,1.39443,1000000,1000000
2020-04-29 12:30:22.480000,1.3947,1.39447,3000000,1120000
2020-04-29 12:30:22.581000,1.3947,1.39447,1000000,1370000
2020-04-29 12:30:22.691000,1.39472,1.39447,1000000,2060000
2020-04-29 12:30:22.742000,1.3947,1.39448,1000000,1000000
2020-04-29 12:30:22.945000,1.39469,1.39447,1000000,1250000
2020-04-29 12:30:23.046000,1.39469,1.39454,1000000,1000000
2020-04-29 12:30:23.147000,1.39476,1.39463,1500000,1000000
2020-04-29 12:30:23.249000,1.39483,1.39469,1600000,1000000
2020-04-29 12:30:23.299000,1.39481,1.39469,1000000,1000000
2020-04-29 12:30:23.451000,1.39479,1.39469,1000000,1000000
2020-04-29 12:30:23.746000,1.39477,1.39458,1620000,1000000
2020-04-29 12:30:23.847000,1.39474,1.39458,1000000,1000000
2020-04-29 12:30:23.949000,1.39477,1.39463,1000000,1000000
2020-04-29 12:30:24.050000,1.39481,1.39467,1000000,1000000
2020-04-29 12:30:24.407000,1.39483,1.3947,1000000,1000000
2020-04-29 12:30:24.508000,1.39484,1.3947,1000000,1000000
2020-04-29 12:30:24.741000,1.39482,1.3947,1000000,1000000
2020-04-29 12:30:24.842000,1.39482,1.39471,1000000,1000000
2020-04-29 12:30:25.043000,1.39471,1.3946,1000000,1000000
2020-04-29 12:30:25.094000,1.3947,1.39456,1000000,1000000
2020-04-29 12:30:25.197000,1.39469,1.39456,1000000,1000000
2020-04-29 12:30:25.299000,1.39469,1.39458,1000000,1000000
2020-04-29 12:30:25.400000,1.3947,1.39458,1000000,1000000
2020-04-29 12:30:25.527000,1.3947,1.39457,1000000,1000000
2020-04-29 12:30:25.649000,1.39474,1.39459,1120000,1000000
2020-04-29 12:30:25.700000,1.39478,1.39466,1000000,1000000
2020-04-29 12:30:25.802000,1.39479,1.39472,1000000,1000000
2020-04-29 12:30:25.852000,1.39486,1.39476,1000000,1000000
2020-04-29 12:30:26.035000,1.39488,1.39476,1000000,1000000
2020-04-29 12:30:26.238000,1.39491,1.39478,1120000,1000000
2020-04-29 12:30:26.990000,1.3949,1.39478,1000000,1000000
2020-04-29 12:30:27.091000,1.39491,1.3948,1000000,1000000
2020-04-29 12:30:27.192000,1.39499,1.39486,1000000,1000000
2020-04-29 12:30:27.243000,1.39502,1.39486,1000000,1000000
2020-04-29 12:30:27.294000,1.39506,1.39494,1000000,1000000
2020-04-29 12:30:27.396000,1.39505,1.39492,1000000,1000000
2020-04-29 12:30:27.497000,1.395,1.39488,1000000,1000000
2020-04-29 12:30:27.548000,1.395,1.39486,1000000,1000000
2020-04-29 12:30:27.649000,1.39499,1.39486,1000000,1000000
2020-04-29 12:30:27.750000,1.39498,1.39486,1000000,1000000
2020-04-29 12:30:27.852000,1.39505,1.39494,1120000,1000000
2020-04-29 12:30:27.903000,1.39507,1.39494,1000000,1000000
2020-04-29 12:30:28.004000,1.3951,1.39498,1000000,1000000
2020-04-29 12:30:28.105000,1.39516,1.39504,1000000,1000000
2020-04-29 12:30:28.207000,1.39518,1.39504,1000000,1000000
2020-04-29 12:30:28.258000,1.3952,1.39505,1000000,1000000
2020-04-29 12:30:28.360000,1.39521,1.39506,1000000,1000000
2020-04-29 12:30:28.462000,1.39521,1.39507,1000000,1000000
2020-04-29 12:30:28.564000,1.3952,1.39505,1000000,1000000
2020-04-29 12:30:28.615000,1.39515,1.39502,1000000,1500000
2020-04-29 12:30:28.818000,1.39513,1.395,1000000,1000000
2020-04-29 12:30:28.919000,1.39514,1.39501,1000000,1000000
2020-04-29 12:30:29.071000,1.39511,1.39499,1000000,1000000
2020-04-29 12:30:29.122000,1.3951,1.39497,1000000,1000000
2020-04-29 12:30:29.223000,1.39508,1.39493,1000000,1500000
2020-04-29 12:30:29.325000,1.39507,1.39493,1000000,1000000
2020-04-29 12:30:29.426000,1.39502,1.39492,1000000,1000000
2020-04-29 12:30:29.477000,1.39502,1.3949,1000000,1000000
2020-04-29 12:30:29.629000,1.39501,1.3949,1000000,1000000
2020-04-29 12:30:29.730000,1.39501,1.39487,1000000,1000000
2020-04-29 12:30:29.781000,1.39499,1.39485,1000000,1000000
2020-04-29 12:30:29.882000,1.39496,1.39484,1000000,1000000
2020-04-29 12:30:30.034000,1.39497,1.39485,1000000,1000000
2020-04-29 12:30:30.856000,1.39498,1.39484,1120000,1000000
2020-04-29 12:30:30.958000,1.39497,1.39484,1000000,1000000
2020-04-29 12:30:31.215000,1.39487,1.39475,1000000,1000000
2020-04-29 12:30:31.317000,1.39485,1.39474,1000000,1000000
2020-04-29 12:30:31.367000,1.39483,1.39466,1120000,1000000
2020-04-29 12:30:31.469000,1.39482,1.39466,1000000,1000000
2020-04-29 12:30:31.793000,1.39482,1.39464,1000000,1000000
2020-04-29 12:30:31.943000,1.39482,1.39466,1000000,1000000
2020-04-29 12:30:32.182000,1.39483,1.39466,1100000,1000000
2020-04-29 12:30:32.384000,1.3948,1.39464,1000000,1000000
2020-04-29 12:30:32.485000,1.39475,1.39461,1000000,1000000
2020-04-29 12:30:32.587000,1.39477,1.39464,1120000,1000000
2020-04-29 12:30:32.866000,1.39477,1.39462,1120000,1000000
2020-04-29 12:30:33.802000,1.39478,1.39469,1000000,1000000
2020-04-29 12:30:33.853000,1.39481,1.39471,1000000,1000000
2020-04-29 12:30:34.463000,1.39485,1.39475,1120000,1000000
2020-04-29 12:30:34.564000,1.39489,1.39478,1500000,1000000
2020-04-29 12:30:35.778000,1.3949,1.39476,1500000,1000000
2020-04-29 12:30:35.829000,1.39491,1.39478,1000000,1000000
2020-04-29 12:30:35.930000,1.3949,1.39478,1000000,1000000
2020-04-29 12:30:37.015000,1.39491,1.39478,1500000,1000000
2020-04-29 12:30:37.233000,1.39489,1.39478,1000000,1000000
2020-04-29 12:30:37.284000,1.3949,1.39475,1120000,1000000
2020-04-29 12:30:37.334000,1.39486,1.39474,1000000,1000000
2020-04-29 12:30:37.665000,1.39485,1.39474,1000000,1000000
2020-04-29 12:30:39.290000,1.39487,1.39473,1000000,1500000
2020-04-29 12:30:39.341000,1.3949,1.39475,1000000,1000000
2020-04-29 12:30:39.442000,1.39486,1.39471,1000000,1750000
2020-04-29 12:30:39.543000,1.39484,1.39469,1500000,1000000
2020-04-29 12:30:39.594000,1.3948,1.39467,1000000,1000000
2020-04-29 12:30:39.645000,1.39479,1.39465,1000000,1000000
2020-04-29 12:30:40.472000,1.39481,1.39468,1120000,1000000
2020-04-29 12:30:40.726000,1.3948,1.39468,1000000,1000000
2020-04-29 12:30:40.777000,1.39479,1.39465,1000000,1000000
2020-04-29 12:30:41.599000,1.39479,1.39466,1500000,1000000
2020-04-29 12:30:41.914000,1.39479,1.39467,1000000,1000000
2020-04-29 12:30:42.085000,1.39482,1.39471,1000000,1000000
2020-04-29 12:30:42.186000,1.39486,1.39474,1500000,1000000
2020-04-29 12:30:43.015000,1.39486,1.39472,1500000,1000000
2020-04-29 12:30:43.512000,1.39484,1.39472,1000000,1000000
2020-04-29 12:30:43.563000,1.39484,1.3947,1000000,1500000
2020-04-29 12:30:43.614000,1.39482,1.39467,1000000,1000000
2020-04-29 12:30:43.715000,1.39482,1.39465,1000000,1000000
2020-04-29 12:30:44.074000,1.39478,1.39464,1500000,1000000
2020-04-29 12:30:44.175000,1.39476,1.39463,1000000,1000000
2020-04-29 12:30:44.571000,1.39475,1.39462,1000000,1000000
2020-04-29 12:30:44.673000,1.39473,1.39462,1000000,1000000
2020-04-29 12:30:44.986000,1.39473,1.39461,1000000,1000000
2020-04-29 12:30:45.088000,1.39472,1.3946,1000000,1000000
2020-04-29 12:30:45.189000,1.39473,1.3946,1000000,1000000
2020-04-29 12:30:45.290000,1.39465,1.39454,1000000,1600000
2020-04-29 12:30:45.392000,1.39464,1.39454,1000000,1100000
2020-04-29 12:30:45.493000,1.39466,1.39458,1500000,1100000
2020-04-29 12:30:45.544000,1.39469,1.39459,1000000,1100000
2020-04-29 12:30:45.747000,1.39469,1.39458,1000000,1500000
2020-04-29 12:30:45.949000,1.39468,1.39457,1000000,1000000
2020-04-29 12:30:46,1.39464,1.39454,1500000,1100000
2020-04-29 12:30:46.103000,1.39463,1.39453,2100000,2250000
2020-04-29 12:30:46.154000,1.39463,1.39454,1000000,1100000
2020-04-29 12:30:46.205000,1.39465,1.39454,1000000,1500000
2020-04-29 12:30:46.256000,1.39464,1.39452,1000000,3600000
2020-04-29 12:30:46.357000,1.39465,1.39456,1000000,1570000
2020-04-29 12:30:46.459000,1.39464,1.39454,1000000,1000000
2020-04-29 12:30:46.509000,1.39462,1.39453,1000000,1000000
2020-04-29 12:30:46.560000,1.39463,1.39451,1000000,1000000
2020-04-29 12:30:47.020000,1.39464,1.39452,1000000,1000000
2020-04-29 12:30:47.121000,1.39465,1.39452,1500000,1000000
2020-04-29 12:30:47.818000,1.39464,1.39451,1000000,1120000
2020-04-29 12:30:47.868000,1.3946,1.39449,1200000,1120000
2020-04-29 12:30:47.970000,1.39459,1.39449,1000000,1120000
2020-04-29 12:30:48.021000,1.39461,1.39449,1200000,1870000
2020-04-29 12:30:48.123000,1.39462,1.39449,1000000,1870000
2020-04-29 12:30:48.316000,1.39456,1.39447,1000000,2000000
2020-04-29 12:30:48.367000,1.39455,1.39445,1000000,1000000
2020-04-29 12:30:48.418000,1.39452,1.39446,1000000,1500000
2020-04-29 12:30:48.468000,1.39455,1.39443,2250000,1000000
2020-04-29 12:30:48.519000,1.39454,1.39445,1500000,1500000
2020-04-29 12:30:48.570000,1.39455,1.39444,1500000,1000000
2020-04-29 12:30:48.621000,1.39456,1.39448,1000000,1120000
2020-04-29 12:30:48.672000,1.39458,1.39447,1000000,2000000
2020-04-29 12:30:48.723000,1.39461,1.39451,1200000,1000000
2020-04-29 12:30:48.824000,1.39462,1.39451,1000000,1120000
2020-04-29 12:30:48.926000,1.39463,1.39451,1000000,1120000
2020-04-29 12:30:49.749000,1.39462,1.39449,1000000,1000000
2020-04-29 12:30:49.850000,1.39461,1.39449,1000000,1000000
2020-04-29 12:30:50.145000,1.39464,1.3945,2320000,1000000
2020-04-29 12:30:50.298000,1.39461,1.3945,1000000,1000000
2020-04-29 12:30:50.400000,1.39455,1.39442,1000000,1000000
2020-04-29 12:30:50.501000,1.39454,1.39442,1000000,1000000
2020-04-29 12:30:50.552000,1.39449,1.39436,1000000,1500000
2020-04-29 12:30:50.654000,1.39452,1.39436,1000000,1000000
2020-04-29 12:30:51.275000,1.39455,1.39445,1000000,1000000
2020-04-29 12:30:51.326000,1.39457,1.39446,1000000,1000000
2020-04-29 12:30:51.477000,1.39459,1.39446,1000000,1000000
2020-04-29 12:30:52.053000,1.39458,1.39446,1000000,1000000
2020-04-29 12:30:52.104000,1.39456,1.39446,1000000,1000000
2020-04-29 12:30:52.206000,1.39458,1.39446,1000000,1000000
2020-04-29 12:30:52.610000,1.39456,1.39441,1500000,1500000
2020-04-29 12:30:52.988000,1.39456,1.39439,1500000,2000000
2020-04-29 12:30:53.480000,1.3945,1.39437,1000000,1000000
2020-04-29 12:30:53.531000,1.3945,1.39435,1000000,1500000
2020-04-29 12:30:53.784000,1.39449,1.39434,1000000,1000000
2020-04-29 12:30:55.670000,1.39451,1.39433,1690000,1500000
2020-04-29 12:30:55.771000,1.39445,1.39431,1000000,1000000
2020-04-29 12:30:55.923000,1.39445,1.39432,1000000,1000000
2020-04-29 12:30:56.125000,1.39447,1.39434,1000000,1000000
2020-04-29 12:30:56.176000,1.39449,1.39434,1000000,1500000
2020-04-29 12:30:56.636000,1.39449,1.39435,1000000,1000000
2020-04-29 12:30:56.788000,1.39451,1.39441,1000000,1000000
2020-04-29 12:30:56.839000,1.39455,1.39443,1500000,1000000
2020-04-29 12:30:57.370000,1.3946,1.39448,1500000,1870000
2020-04-29 12:30:57.471000,1.39465,1.39453,1000000,1000000
2020-04-29 12:30:57.572000,1.39465,1.39454,1000000,1000000
2020-04-29 12:30:57.674000,1.39466,1.39455,1000000,1000000
2020-04-29 12:30:57.775000,1.39466,1.39452,1000000,1000000
2020-04-29 12:30:57.977000,1.39468,1.39454,1120000,1000000
2020-04-29 12:30:58.078000,1.39465,1.39454,1000000,1000000
2020-04-29 12:30:59.826000,1.39465,1.39453,1000000,1000000
2020-04-29 12:31:00.130000,1.39463,1.39453,1000000,1000000
2020-04-29 12:31:00.181000,1.39463,1.39449,1000000,1100000
2020-04-29 12:31:00.383000,1.39463,1.39449,1000000,1100000
2020-04-29 12:31:01.424000,1.39464,1.39451,1000000,1600000
2020-04-29 12:31:02,1.39464,1.39451,1000000,2350000
2020-04-29 12:31:02.566000,1.39467,1.39453,1000000,1100000
2020-04-29 12:31:02.667000,1.39467,1.39453,1000000,2350000
2020-04-29 12:31:02.770000,1.39469,1.39458,1000000,1100000
2020-04-29 12:31:02.821000,1.39474,1.39462,1000000,1100000
2020-04-29 12:31:02.922000,1.39475,1.39463,1000000,1100000
2020-04-29 12:31:03.023000,1.39475,1.39463,1500000,1100000
2020-04-29 12:31:03.323000,1.39474,1.39462,1000000,1100000
2020-04-29 12:31:03.627000,1.39474,1.39462,1000000,1000000
2020-04-29 12:31:03.880000,1.39472,1.39462,1500000,1000000
2020-04-29 12:31:03.931000,1.39471,1.39459,1000000,1100000
2020-04-29 12:31:04.032000,1.3947,1.39457,1000000,1100000
2020-04-29 12:31:04.134000,1.39465,1.39453,1000000,1100000
2020-04-29 12:31:05.765000,1.39466,1.39453,1000000,1000000
2020-04-29 12:31:06.014000,1.39466,1.39454,1000000,1000000
2020-04-29 12:31:07.033000,1.39466,1.39452,1500000,1100000
2020-04-29 12:31:07.135000,1.39457,1.39445,1120000,1000000
2020-04-29 12:31:07.185000,1.39453,1.39439,1870000,1100000
2020-04-29 12:31:07.287000,1.39452,1.39437,1870000,1570000
2020-04-29 12:31:07.388000,1.39452,1.39437,2190000,1100000
2020-04-29 12:31:07.625000,1.39452,1.39437,1870000,1000000
2020-04-29 12:31:07.778000,1.3945,1.39436,1000000,1100000
2020-04-29 12:31:08.031000,1.3945,1.39436,1000000,1100000
2020-04-29 12:31:08.132000,1.39451,1.39438,1120000,1100000
2020-04-29 12:31:08.234000,1.39451,1.39438,1120000,1100000
2020-04-29 12:31:08.335000,1.39452,1.39437,1000000,1100000
2020-04-29 12:31:08.969000,1.39455,1.39443,1000000,1000000
2020-04-29 12:31:09.120000,1.39454,1.39441,1000000,1100000
2020-04-29 12:31:09.222000,1.39455,1.39443,1000000,1000000
2020-04-29 12:31:09.373000,1.39457,1.39444,1000000,1000000
2020-04-29 12:31:10.668000,1.39456,1.39446,1000000,1000000
2020-04-29 12:31:10.770000,1.39459,1.39447,1000000,1000000
2020-04-29 12:31:10.871000,1.39463,1.3945,1500000,1000000
2020-04-29 12:31:11.073000,1.39462,1.39449,1000000,1000000
2020-04-29 12:31:12.271000,1.39462,1.39448,1500000,1000000
2020-04-29 12:31:12.325000,1.39463,1.39448,1000000,1000000
2020-04-29 12:31:12.426000,1.39463,1.39446,1000000,1000000
2020-04-29 12:31:12.477000,1.39462,1.39449,1000000,1000000
2020-04-29 12:31:12.529000,1.39461,1.39446,1000000,1100000
2020-04-29 12:31:12.631000,1.39461,1.39443,1120000,1000000
2020-04-29 12:31:13.314000,1.39456,1.39442,1000000,1000000
2020-04-29 12:31:13.416000,1.39454,1.39442,1250000,1000000
2020-04-29 12:31:13.972000,1.39454,1.39442,3620000,1000000
2020-04-29 12:31:14.023000,1.39441,1.39434,1000000,1000000
2020-04-29 12:31:14.124000,1.39442,1.39433,1000000,1000000
2020-04-29 12:31:14.326000,1.39441,1.3943,1000000,1000000
2020-04-29 12:31:14.478000,1.3944,1.3943,1000000,1000000
2020-04-29 12:31:14.529000,1.3944,1.39428,1120000,1000000
2020-04-29 12:31:14.642000,1.3944,1.39429,1000000,1000000
2020-04-29 12:31:15.916000,1.39438,1.39429,1000000,1000000
2020-04-29 12:31:15.967000,1.39435,1.39425,1000000,1000000
2020-04-29 12:31:16.019000,1.3943,1.39421,1000000,1000000
2020-04-29 12:31:16.070000,1.3943,1.39419,1750000,1690000
2020-04-29 12:31:16.172000,1.39429,1.39417,1690000,1000000
2020-04-29 12:31:16.223000,1.39429,1.39419,1250000,1000000
2020-04-29 12:31:16.532000,1.3943,1.3942,1250000,1000000
2020-04-29 12:31:17.418000,1.39432,1.39419,1500000,1000000
2020-04-29 12:31:17.722000,1.3943,1.39417,1000000,1000000
2020-04-29 12:31:17.823000,1.39431,1.39419,3040000,1000000
2020-04-29 12:31:17.874000,1.39432,1.39416,1600000,1000000
2020-04-29 12:31:18.076000,1.39434,1.39416,1560000,1000000
2020-04-29 12:31:18.329000,1.39435,1.39421,1250000,1000000
2020-04-29 12:31:18.683000,1.39435,1.39422,1000000,1000000
2020-04-29 12:31:18.785000,1.39436,1.39425,1000000,1000000
2020-04-29 12:31:19.226000,1.39438,1.39426,1000000,1000000
2020-04-29 12:31:19.328000,1.39435,1.39425,1000000,1000000
2020-04-29 12:31:20.186000,1.39438,1.39425,1500000,1000000
2020-04-29 12:31:20.288000,1.39438,1.39426,1500000,1000000
2020-04-29 12:31:22.873000,1.3944,1.39427,1000000,1000000
2020-04-29 12:31:22.974000,1.39442,1.39431,1000000,1100000
2020-04-29 12:31:23.025000,1.39445,1.39435,2250000,1000000
2020-04-29 12:31:23.177000,1.39445,1.39435,1500000,1600000
2020-04-29 12:31:23.278000,1.39447,1.39435,1000000,1120000
2020-04-29 12:31:23.329000,1.39445,1.39434,1000000,1000000
2020-04-29 12:31:23.380000,1.39444,1.39432,1000000,1000000
2020-04-29 12:31:23.481000,1.39444,1.39431,1000000,1000000
2020-04-29 12:31:23.582000,1.39446,1.39432,1000000,1000000
2020-04-29 12:31:23.684000,1.39446,1.39433,1000000,1500000
2020-04-29 12:31:24.038000,1.39447,1.39437,1000000,1000000
2020-04-29 12:31:24.089000,1.39451,1.39437,1500000,1000000
2020-04-29 12:31:24.241000,1.39451,1.39435,1500000,1000000
2020-04-29 12:31:24.393000,1.3945,1.39437,1000000,1000000
2020-04-29 12:31:24.704000,1.3945,1.39435,1000000,1000000
2020-04-29 12:31:24.755000,1.39452,1.39437,2250000,1000000
2020-04-29 12:31:25.785000,1.39443,1.39431,1000000,1000000
2020-04-29 12:31:25.887000,1.39443,1.3943,1000000,1250000
2020-04-29 12:31:25.988000,1.39444,1.39429,2250000,1000000
2020-04-29 12:31:26.457000,1.39445,1.39432,1500000,1000000
2020-04-29 12:31:26.558000,1.39447,1.39433,1500000,1000000
2020-04-29 12:31:26.660000,1.39448,1.39433,1000000,1000000
2020-04-29 12:31:26.761000,1.39449,1.39436,1000000,1000000
2020-04-29 12:31:26.862000,1.39451,1.39436,1500000,1000000
2020-04-29 12:31:27.231000,1.39451,1.39437,2250000,1000000
2020-04-29 12:31:27.433000,1.39452,1.39434,1500000,1000000
2020-04-29 12:31:27.737000,1.39453,1.39437,2250000,1000000
2020-04-29 12:31:28.058000,1.39451,1.39437,1000000,1000000
2020-04-29 12:31:28.108000,1.39452,1.39434,1000000,1120000
2020-04-29 12:31:28.891000,1.39451,1.39434,1000000,1120000
2020-04-29 12:31:29.376000,1.39449,1.39435,1000000,1000000
2020-04-29 12:31:29.528000,1.39447,1.39434,1000000,1000000
2020-04-29 12:31:30.906000,1.39445,1.39432,1000000,1000000
2020-04-29 12:31:32.189000,1.3945,1.39439,1000000,1000000
2020-04-29 12:31:32.240000,1.39452,1.39439,1050000,1000000
2020-04-29 12:31:32.341000,1.39454,1.39441,1000000,1000000
2020-04-29 12:31:33.376000,1.39453,1.39437,1000000,1000000
2020-04-29 12:31:33.427000,1.39454,1.39441,1000000,1000000
2020-04-29 12:31:33.680000,1.39455,1.39439,1000000,1000000
2020-04-29 12:31:34.001000,1.39455,1.39438,1000000,1000000
2020-04-29 12:31:34.505000,1.39454,1.39436,1000000,1000000
2020-04-29 12:31:34.607000,1.39451,1.39434,1000000,1500000
2020-04-29 12:31:34.709000,1.39451,1.39435,1000000,1000000
2020-04-29 12:31:35.771000,1.39451,1.39436,1000000,1000000
2020-04-29 12:31:35.974000,1.39454,1.39441,1570000,1000000
2020-04-29 12:31:36.076000,1.39455,1.39441,1000000,1000000
2020-04-29 12:31:36.229000,1.39455,1.3944,1000000,1310000
2020-04-29 12:31:36.380000,1.39455,1.3944,1000000,1370000
2020-04-29 12:31:36.431000,1.39455,1.39438,1870000,1500000
2020-04-29 12:31:36.482000,1.39453,1.39436,1000000,1000000
2020-04-29 12:31:36.634000,1.39453,1.39432,1120000,2500000
2020-04-29 12:31:36.937000,1.3945,1.39432,1000000,1250000
2020-04-29 12:31:37.039000,1.39448,1.39433,1000000,1500000
2020-04-29 12:31:37.090000,1.39451,1.39433,1000000,1000000
2020-04-29 12:31:37.342000,1.39451,1.39434,1000000,1000000
2020-04-29 12:31:37.393000,1.39453,1.39434,1120000,1000000
2020-04-29 12:31:37.563000,1.39452,1.39434,1000000,1000000
2020-04-29 12:31:37.666000,1.3945,1.39432,1000000,1500000
2020-04-29 12:31:37.717000,1.39452,1.39433,1200000,1120000
2020-04-29 12:31:37.768000,1.39449,1.39434,1000000,1120000
2020-04-29 12:31:37.819000,1.39452,1.39434,1500000,1120000
2020-04-29 12:31:37.971000,1.39451,1.39438,1000000,1000000
2020-04-29 12:31:38.123000,1.39454,1.39436,1120000,1000000
2020-04-29 12:31:38.325000,1.39454,1.39435,1120000,1000000
2020-04-29 12:31:38.528000,1.39452,1.39433,1500000,1120000
2020-04-29 12:31:38.695000,1.39447,1.39433,1000000,1000000
2020-04-29 12:31:39.099000,1.39447,1.39432,1500000,1000000
2020-04-29 12:31:39.201000,1.39444,1.39429,1000000,1000000
2020-04-29 12:31:39.302000,1.39441,1.39426,1000000,2000000
2020-04-29 12:31:39.403000,1.39442,1.39426,1870000,1000000
2020-04-29 12:31:39.454000,1.3944,1.39422,1000000,1120000
2020-04-29 12:31:39.606000,1.39436,1.39422,1000000,1120000
2020-04-29 12:31:39.808000,1.39433,1.3942,1000000,1500000
2020-04-29 12:31:39.962000,1.39431,1.39417,1000000,1500000
2020-04-29 12:31:40.013000,1.39432,1.39417,1000000,1000000
2020-04-29 12:31:40.266000,1.3943,1.39418,1000000,1000000
2020-04-29 12:31:40.317000,1.3943,1.39416,1000000,1120000
2020-04-29 12:31:40.744000,1.3943,1.39418,1000000,1000000
2020-04-29 12:31:41.355000,1.39432,1.39418,1000000,1500000
2020-04-29 12:31:41.405000,1.39432,1.39418,1000000,2750000
2020-04-29 12:31:41.456000,1.39435,1.3942,1000000,1000000
2020-04-29 12:31:41.558000,1.39434,1.39419,1000000,1570000
2020-04-29 12:31:41.710000,1.39435,1.39416,1000000,2750000
2020-04-29 12:31:41.762000,1.39432,1.39417,1000000,1120000
2020-04-29 12:31:41.863000,1.39431,1.39418,1000000,1000000
2020-04-29 12:31:42.116000,1.39434,1.39417,1500000,1000000
2020-04-29 12:31:42.318000,1.39432,1.3942,1000000,1000000
2020-04-29 12:31:42.369000,1.39434,1.39417,1000000,1000000
2020-04-29 12:31:42.419000,1.39432,1.3942,1000000,1000000
2020-04-29 12:31:43.041000,1.39435,1.39421,1000000,1000000
2020-04-29 12:31:43.091000,1.39437,1.39424,1000000,1000000
2020-04-29 12:31:43.193000,1.39437,1.39426,1000000,1000000
2020-04-29 12:31:43.294000,1.39439,1.39426,1000000,1000000
2020-04-29 12:31:43.396000,1.39439,1.39427,1000000,1000000
2020-04-29 12:31:43.447000,1.39444,1.39429,1000000,1000000
2020-04-29 12:31:43.498000,1.39445,1.39431,1000000,1000000
2020-04-29 12:31:43.650000,1.39445,1.39432,1000000,1000000
2020-04-29 12:31:43.752000,1.39448,1.39434,1000000,1000000
2020-04-29 12:31:43.853000,1.39452,1.39433,1870000,1500000
2020-04-29 12:31:43.904000,1.39452,1.39433,2370000,1500000
2020-04-29 12:31:44.056000,1.3945,1.39432,2250000,1250000
2020-04-29 12:31:44.157000,1.39449,1.39431,1000000,1750000
2020-04-29 12:31:44.564000,1.39453,1.39434,1100000,1000000
2020-04-29 12:31:44.716000,1.39454,1.39436,1970000,1000000
2020-04-29 12:31:45.320000,1.39455,1.39436,1000000,1000000
2020-04-29 12:31:45.438000,1.39453,1.39439,1000000,1000000
2020-04-29 12:31:45.539000,1.39454,1.39438,1000000,1000000
2020-04-29 12:31:46.174000,1.39454,1.39436,1000000,1000000
2020-04-29 12:31:46.330000,1.39452,1.39436,1000000,1000000
2020-04-29 12:31:47.035000,1.39453,1.39436,1000000,1000000
2020-04-29 12:31:47.137000,1.39451,1.39439,1000000,1000000
2020-04-29 12:31:47.938000,1.3945,1.39437,1000000,1000000
2020-04-29 12:31:48.159000,1.39449,1.39436,1500000,1000000
2020-04-29 12:31:49.761000,1.39451,1.39437,1000000,1000000
2020-04-29 12:31:49.862000,1.39453,1.39438,1100000,1000000
2020-04-29 12:31:51.528000,1.39453,1.39438,1100000,1000000
2020-04-29 12:31:52.148000,1.39453,1.39438,1100000,1000000
2020-04-29 12:31:53.318000,1.39451,1.39438,1000000,1000000
2020-04-29 12:31:54.137000,1.39454,1.39436,1100000,1000000
2020-04-29 12:31:54.239000,1.39455,1.39437,2720000,1000000
2020-04-29 12:31:54.491000,1.39456,1.3945,1500000,1000000
2020-04-29 12:31:54.542000,1.39459,1.39449,1000000,1500000
2020-04-29 12:31:54.644000,1.39459,1.39448,1000000,1000000
2020-04-29 12:31:54.745000,1.39459,1.39444,1000000,1500000
2020-04-29 12:31:54.847000,1.3946,1.39444,1000000,1000000
2020-04-29 12:31:55.049000,1.39459,1.39444,1000000,1000000
2020-04-29 12:31:55.151000,1.39459,1.39444,1000000,1500000
2020-04-29 12:31:55.455000,1.39464,1.39453,1000000,1000000
2020-04-29 12:31:55.608000,1.39467,1.39454,1000000,1000000
2020-04-29 12:31:55.709000,1.39469,1.39455,1000000,1000000
2020-04-29 12:31:55.911000,1.39468,1.39454,1000000,1000000
2020-04-29 12:31:56.015000,1.39468,1.39453,1000000,1000000
2020-04-29 12:31:56.116000,1.39469,1.39452,1000000,1000000
2020-04-29 12:31:56.217000,1.39469,1.39449,1000000,1690000
2020-04-29 12:31:56.318000,1.39465,1.39449,1000000,1690000
2020-04-29 12:31:56.783000,1.39469,1.39449,1000000,1310000
2020-04-29 12:31:56.885000,1.39469,1.39459,1000000,1000000
2020-04-29 12:31:56.936000,1.3947,1.39457,1000000,1000000
2020-04-29 12:31:57.087000,1.3947,1.39458,1000000,1000000
2020-04-29 12:31:57.138000,1.39474,1.39458,1000000,1000000
2020-04-29 12:31:57.606000,1.39471,1.39458,1000000,1000000
2020-04-29 12:31:57.859000,1.39475,1.39461,1000000,1000000
2020-04-29 12:31:57.909000,1.39475,1.39463,1000000,1000000
2020-04-29 12:31:58.213000,1.39476,1.39463,1000000,1000000
2020-04-29 12:31:58.315000,1.39475,1.39462,1000000,1000000
2020-04-29 12:31:58.416000,1.39471,1.3946,1500000,1000000
2020-04-29 12:31:58.517000,1.39471,1.39453,1500000,1000000
2020-04-29 12:31:58.619000,1.39471,1.39453,1120000,1000000
2020-04-29 12:31:58.669000,1.39471,1.39457,1000000,1000000
2020-04-29 12:31:58.771000,1.39473,1.39461,1000000,1000000
2020-04-29 12:31:59.857000,1.39473,1.3946,1000000,1000000
2020-04-29 12:31:59.908000,1.39473,1.39458,1000000,1500000
2020-04-29 12:32:00.313000,1.39472,1.39457,1000000,1500000
2020-04-29 12:32:00.363000,1.3947,1.39457,1000000,1000000
2020-04-29 12:32:00.567000,1.39471,1.39457,1000000,1000000
2020-04-29 12:32:00.668000,1.39474,1.39461,1000000,1000000
2020-04-29 12:32:00.770000,1.39473,1.3946,1000000,1000000
2020-04-29 12:32:00.871000,1.39472,1.39458,1000000,1000000
2020-04-29 12:32:00.972000,1.39472,1.39457,1000000,1250000
2020-04-29 12:32:01.396000,1.39469,1.39457,1000000,1000000
2020-04-29 12:32:01.706000,1.39468,1.39457,1000000,1000000
2020-04-29 12:32:01.757000,1.39467,1.39453,1000000,1000000
2020-04-29 12:32:02.061000,1.39469,1.39456,1000000,1000000
2020-04-29 12:32:02.163000,1.39472,1.39459,1000000,1500000
2020-04-29 12:32:02.862000,1.39472,1.3946,1000000,1000000
2020-04-29 12:32:03.723000,1.39473,1.3946,1000000,1000000
2020-04-29 12:32:03.881000,1.39464,1.39459,1000000,1000000
2020-04-29 12:32:03.932000,1.39459,1.39453,1000000,1000000
2020-04-29 12:32:03.983000,1.3946,1.39444,1000000,2190000
2020-04-29 12:32:04.034000,1.3946,1.39444,1000000,1690000
2020-04-29 12:32:04.084000,1.39463,1.39452,1000000,1120000
2020-04-29 12:32:04.186000,1.39457,1.39444,1000000,1500000
2020-04-29 12:32:04.237000,1.3946,1.39442,1000000,1000000
2020-04-29 12:32:04.339000,1.39458,1.39441,1000000,1000000
2020-04-29 12:32:04.491000,1.39453,1.39439,1000000,1500000
2020-04-29 12:32:04.593000,1.39453,1.3944,1000000,1000000
2020-04-29 12:32:04.643000,1.39453,1.39438,1000000,1000000
2020-04-29 12:32:04.820000,1.39455,1.39439,1000000,1000000
2020-04-29 12:32:04.972000,1.39456,1.39439,1000000,1000000
2020-04-29 12:32:05.587000,1.39456,1.39438,1000000,1500000
2020-04-29 12:32:05.638000,1.39454,1.39438,1000000,1500000
2020-04-29 12:32:05.739000,1.39453,1.39438,1000000,1000000
2020-04-29 12:32:06.349000,1.39452,1.3944,1000000,1500000
2020-04-29 12:32:06.501000,1.39455,1.39442,1000000,1000000
2020-04-29 12:32:06.805000,1.39452,1.39439,1000000,1500000
2020-04-29 12:32:06.906000,1.3945,1.39436,1000000,1000000
2020-04-29 12:32:07.130000,1.39451,1.39434,1000000,1000000
2020-04-29 12:32:07.232000,1.39451,1.39433,1500000,1000000
2020-04-29 12:32:07.342000,1.39451,1.39432,1500000,1500000
2020-04-29 12:32:07.443000,1.3945,1.39431,1870000,1500000
2020-04-29 12:32:07.545000,1.39444,1.39429,1000000,2250000
2020-04-29 12:32:08.285000,1.39445,1.39426,1000000,1000000
2020-04-29 12:32:08.657000,1.39444,1.39429,1000000,1000000
2020-04-29 12:32:08.759000,1.39443,1.39428,1000000,1500000
2020-04-29 12:32:08.911000,1.39441,1.39429,1000000,1000000
2020-04-29 12:32:09.013000,1.39442,1.39428,1000000,1000000
2020-04-29 12:32:09.064000,1.39445,1.39426,1000000,1500000
2020-04-29 12:32:09.914000,1.39444,1.39426,1250000,1500000
2020-04-29 12:32:10.895000,1.39444,1.3943,1250000,1000000
2020-04-29 12:32:10.997000,1.39444,1.39431,1000000,1500000
2020-04-29 12:32:11.098000,1.39446,1.39433,1000000,1000000
2020-04-29 12:32:11.384000,1.39441,1.39429,1000000,1000000
2020-04-29 12:32:11.486000,1.39441,1.39428,1000000,1000000
2020-04-29 12:32:11.617000,1.39441,1.39427,1000000,1500000
2020-04-29 12:32:11.870000,1.39443,1.3943,1000000,1000000
2020-04-29 12:32:12.073000,1.39446,1.39432,2500000,1000000
2020-04-29 12:32:12.175000,1.39445,1.39431,1000000,1000000
2020-04-29 12:32:12.462000,1.39435,1.39428,1000000,1500000
2020-04-29 12:32:12.513000,1.39433,1.39429,1000000,1000000
2020-04-29 12:32:12.565000,1.39432,1.39425,1000000,1000000
2020-04-29 12:32:12.667000,1.39432,1.39421,1000000,1000000
2020-04-29 12:32:12.768000,1.39431,1.39421,1000000,1000000
2020-04-29 12:32:13.732000,1.39431,1.39419,1000000,1000000
2020-04-29 12:32:14.288000,1.39438,1.39426,1500000,1000000
2020-04-29 12:32:14.339000,1.39438,1.39427,1000000,1000000
2020-04-29 12:32:14.440000,1.39438,1.39429,1000000,1000000
2020-04-29 12:32:14.491000,1.39444,1.39427,1500000,1000000
2020-04-29 12:32:14.744000,1.39444,1.39427,1120000,1000000
2020-04-29 12:32:15.588000,1.39443,1.39429,1690000,1000000
2020-04-29 12:32:15.639000,1.39443,1.39427,2120000,1000000
2020-04-29 12:32:15.760000,1.39443,1.39428,2500000,1000000
2020-04-29 12:32:15.861000,1.39443,1.39425,1250000,1000000
2020-04-29 12:32:16.337000,1.39442,1.39425,1000000,1000000
2020-04-29 12:32:16.438000,1.39439,1.39426,1120000,1000000
2020-04-29 12:32:16.540000,1.39436,1.39424,1500000,1000000
2020-04-29 12:32:16.591000,1.39423,1.39418,1000000,1500000
2020-04-29 12:32:16.642000,1.39422,1.39416,1000000,1000000
2020-04-29 12:32:16.693000,1.39425,1.39413,1000000,1000000
2020-04-29 12:32:18.049000,1.39424,1.39413,1000000,1000000
2020-04-29 12:32:18.386000,1.39425,1.39413,1000000,1000000
2020-04-29 12:32:19.829000,1.39429,1.39424,1000000,1000000
2020-04-29 12:32:19.880000,1.39432,1.39424,2250000,1000000
2020-04-29 12:32:19.931000,1.39431,1.39426,1000000,1000000
2020-04-29 12:32:20.032000,1.39432,1.39427,1000000,1000000
2020-04-29 12:32:20.083000,1.39442,1.39427,1500000,1000000
2020-04-29 12:32:20.387000,1.39442,1.39425,1000000,1000000
2020-04-29 12:32:20.488000,1.39443,1.39425,2250000,1000000
2020-04-29 12:32:21.139000,1.39443,1.39427,1000000,1000000
2020-04-29 12:32:21.240000,1.39444,1.39437,1000000,1000000
2020-04-29 12:32:21.291000,1.39451,1.39437,1000000,1000000
2020-04-29 12:32:21.342000,1.39451,1.39434,1000000,1000000
2020-04-29 12:32:21.544000,1.39453,1.39437,2250000,1000000
2020-04-29 12:32:21.986000,1.39451,1.39436,1000000,1000000
2020-04-29 12:32:22.542000,1.39452,1.39438,1000000,1000000
2020-04-29 12:32:22.644000,1.39452,1.39434,1120000,1100000
2020-04-29 12:32:22.796000,1.39451,1.39436,1000000,1000000
2020-04-29 12:32:23.504000,1.3945,1.39432,1000000,1600000
2020-04-29 12:32:23.605000,1.39449,1.39436,1000000,1000000
2020-04-29 12:32:23.656000,1.39453,1.39433,3120000,1100000
2020-04-29 12:32:23.757000,1.39451,1.39438,1000000,1000000
2020-04-29 12:32:23.858000,1.39456,1.39442,1370000,1000000
2020-04-29 12:32:23.960000,1.39456,1.39442,1000000,1000000
2020-04-29 12:32:24.061000,1.39455,1.39443,1500000,1000000
2020-04-29 12:32:24.162000,1.39454,1.39442,1000000,1000000
2020-04-29 12:32:24.365000,1.3945,1.3944,1000000,1000000
2020-04-29 12:32:24.466000,1.39443,1.39432,1000000,2250000
2020-04-29 12:32:24.568000,1.39445,1.39431,3120000,1500000
2020-04-29 12:32:24.619000,1.39444,1.39427,1000000,1000000
2020-04-29 12:32:25.117000,1.39444,1.39429,1500000,1000000
2020-04-29 12:32:25.219000,1.39447,1.39429,1500000,1000000
2020-04-29 12:32:25.320000,1.39447,1.39432,1000000,1000000
2020-04-29 12:32:25.825000,1.39447,1.3943,1000000,1000000
2020-04-29 12:32:26.430000,1.39447,1.39433,1000000,1000000
2020-04-29 12:32:26.481000,1.3945,1.39435,1000000,1000000
2020-04-29 12:32:26.583000,1.39451,1.39435,1000000,1000000
2020-04-29 12:32:26.684000,1.39451,1.39434,1000000,1000000
2020-04-29 12:32:27.140000,1.39451,1.39433,1000000,1000000
2020-04-29 12:32:27.191000,1.3945,1.39432,1000000,1570000
2020-04-29 12:32:27.292000,1.3945,1.39432,1000000,1000000
2020-04-29 12:32:27.636000,1.3945,1.39432,1000000,1000000
2020-04-29 12:32:27.737000,1.39447,1.39431,1000000,1000000
2020-04-29 12:32:27.838000,1.39449,1.39431,1000000,1000000
2020-04-29 12:32:27.940000,1.3945,1.39431,2000000,1000000
2020-04-29 12:32:28.090000,1.3945,1.39432,1120000,1000000
2020-04-29 12:32:28.193000,1.39452,1.39434,1000000,1000000
2020-04-29 12:32:28.295000,1.39452,1.39433,1120000,1000000
2020-04-29 12:32:28.785000,1.39452,1.39433,1500000,1000000
2020-04-29 12:32:29.241000,1.3945,1.39433,1000000,1000000
2020-04-29 12:32:30.018000,1.39452,1.3944,1500000,1000000
2020-04-29 12:32:30.069000,1.39453,1.3944,1000000,1000000
2020-04-29 12:32:30.170000,1.39454,1.3944,2250000,1000000
2020-04-29 12:32:30.669000,1.39455,1.39446,1000000,1000000
2020-04-29 12:32:30.720000,1.39457,1.39443,1500000,1000000
2020-04-29 12:32:30.822000,1.39457,1.39442,1500000,1000000
2020-04-29 12:32:30.924000,1.39457,1.39445,1000000,1000000
2020-04-29 12:32:31.126000,1.39457,1.39442,1000000,1000000
2020-04-29 12:32:31.228000,1.39457,1.39448,1000000,1000000
2020-04-29 12:32:31.280000,1.3946,1.39448,1000000,1000000
2020-04-29 12:32:31.331000,1.3946,1.3945,1000000,1000000
2020-04-29 12:32:31.432000,1.39461,1.39453,1000000,1000000
2020-04-29 12:32:31.483000,1.39465,1.39451,1500000,1000000
2020-04-29 12:32:31.585000,1.39466,1.39452,1000000,1000000
2020-04-29 12:32:32.374000,1.39468,1.3945,1000000,2320000
2020-04-29 12:32:32.425000,1.39469,1.39452,1000000,1000000
2020-04-29 12:32:32.527000,1.39469,1.39454,1000000,1000000
2020-04-29 12:32:32.578000,1.39471,1.39454,1000000,1000000
2020-04-29 12:32:32.780000,1.3947,1.39454,1000000,1000000
2020-04-29 12:32:33.601000,1.39468,1.39452,1000000,1500000
2020-04-29 12:32:33.703000,1.39465,1.39451,1000000,1000000
2020-04-29 12:32:33.905000,1.39464,1.39451,1000000,1000000
2020-04-29 12:32:34.823000,1.39455,1.39443,1000000,1500000
2020-04-29 12:32:34.925000,1.39453,1.39443,1000000,1000000
2020-04-29 12:32:35.026000,1.39453,1.39441,1000000,1000000
2020-04-29 12:32:36.068000,1.39454,1.39442,1000000,1100000
2020-04-29 12:32:36.170000,1.39452,1.39442,1000000,1000000
2020-04-29 12:32:36.271000,1.39452,1.39441,1000000,1000000
2020-04-29 12:32:36.723000,1.39453,1.39441,1000000,1000000
2020-04-29 12:32:36.914000,1.39454,1.39441,1500000,1000000
2020-04-29 12:32:38.704000,1.39452,1.39441,1000000,1000000
2020-04-29 12:32:40.846000,1.39454,1.39442,1000000,1000000
2020-04-29 12:32:41.490000,1.39457,1.3945,1000000,1000000
2020-04-29 12:32:41.541000,1.39457,1.39447,1000000,1500000
2020-04-29 12:32:41.643000,1.39457,1.39446,1000000,1000000
2020-04-29 12:32:41.947000,1.39459,1.39447,1000000,1000000
2020-04-29 12:32:41.998000,1.39457,1.39448,1000000,1000000
2020-04-29 12:32:42.566000,1.39463,1.39452,1500000,1000000
2020-04-29 12:32:42.617000,1.39463,1.3945,1000000,1000000
2020-04-29 12:32:42.668000,1.39459,1.39448,1000000,1000000
2020-04-29 12:32:42.770000,1.39458,1.39447,1000000,1200000
2020-04-29 12:32:43.138000,1.39458,1.39445,1000000,1760000
2020-04-29 12:32:43.240000,1.39457,1.39445,1000000,1000000
2020-04-29 12:32:43.341000,1.39458,1.39445,1500000,1000000
2020-04-29 12:32:43.594000,1.39463,1.39452,1120000,1000000
2020-04-29 12:32:43.695000,1.39464,1.39452,1000000,1000000
2020-04-29 12:32:43.969000,1.39469,1.3946,2500000,1000000
2020-04-29 12:32:44.020000,1.39473,1.39464,1000000,1000000
2020-04-29 12:32:44.072000,1.39475,1.39465,1000000,1000000
2020-04-29 12:32:44.123000,1.39477,1.39464,1000000,1000000
2020-04-29 12:32:44.580000,1.39475,1.39464,1000000,1250000
2020-04-29 12:32:44.963000,1.3948,1.39463,1050000,1500000
2020-04-29 12:32:45.064000,1.39481,1.39463,1120000,1000000
2020-04-29 12:32:45.367000,1.3948,1.39467,1000000,1870000
2020-04-29 12:32:45.418000,1.39488,1.39473,1750000,1000000
2020-04-29 12:32:45.520000,1.39491,1.39478,1000000,1000000
2020-04-29 12:32:45.621000,1.39494,1.3948,1000000,1000000
2020-04-29 12:32:45.823000,1.39495,1.39481,1570000,1000000
2020-04-29 12:32:46.331000,1.39493,1.3948,1000000,1000000
2020-04-29 12:32:46.555000,1.39494,1.3948,1000000,1000000
2020-04-29 12:32:46.656000,1.39495,1.3948,1000000,1000000
2020-04-29 12:32:46.887000,1.39496,1.39481,1500000,1000000
2020-04-29 12:32:47.528000,1.39492,1.39478,1000000,1000000
2020-04-29 12:32:47.580000,1.39492,1.39475,1500000,1000000
2020-04-29 12:32:47.631000,1.39492,1.39481,1000000,1000000
2020-04-29 12:32:47.733000,1.39493,1.39481,1000000,1000000
2020-04-29 12:32:48.177000,1.39488,1.39474,1500000,1120000
2020-04-29 12:32:48.278000,1.39489,1.39473,1000000,1000000
2020-04-29 12:32:48.379000,1.39491,1.39473,1100000,1000000
2020-04-29 12:32:48.721000,1.39492,1.39473,1120000,1500000
2020-04-29 12:32:48.853000,1.39489,1.39476,1000000,1000000
2020-04-29 12:32:48.903000,1.39492,1.39475,1000000,1000000
2020-04-29 12:32:49.055000,1.3949,1.39471,1100000,1010000
2020-04-29 12:32:49.207000,1.39489,1.3947,1000000,2120000
2020-04-29 12:32:49.308000,1.39489,1.3947,1000000,1120000
2020-04-29 12:32:49.845000,1.39486,1.39473,1500000,1000000
2020-04-29 12:32:49.946000,1.39483,1.39471,1000000,1000000
2020-04-29 12:32:50.149000,1.39482,1.39468,1000000,1000000
2020-04-29 12:32:50.200000,1.39482,1.39466,1000000,1100000
2020-04-29 12:32:50.648000,1.39484,1.39471,1000000,1000000
2020-04-29 12:32:50.750000,1.39483,1.3947,1000000,1000000
2020-04-29 12:32:50.856000,1.39489,1.39472,1000000,1000000
2020-04-29 12:32:50.963000,1.3949,1.39473,1500000,1000000
2020-04-29 12:32:51.960000,1.3949,1.39475,1500000,1000000
2020-04-29 12:32:52.061000,1.39492,1.39477,1100000,1000000
2020-04-29 12:32:52.112000,1.3949,1.39473,1000000,1690000
2020-04-29 12:32:52.662000,1.3949,1.39476,1000000,1000000
2020-04-29 12:32:52.764000,1.39491,1.39476,1000000,1000000
2020-04-29 12:32:52.815000,1.39492,1.39474,1500000,1000000
2020-04-29 12:32:53.019000,1.39491,1.39478,1000000,2000000
2020-04-29 12:32:53.069000,1.39499,1.39495,1500000,1000000
2020-04-29 12:32:53.172000,1.39507,1.39495,2620000,1000000
2020-04-29 12:32:53.274000,1.3951,1.39498,1500000,1100000
2020-04-29 12:32:53.376000,1.39511,1.39499,1000000,1000000
2020-04-29 12:32:54.636000,1.39505,1.39494,1000000,1000000
2020-04-29 12:32:54.738000,1.395,1.39489,1500000,2620000
2020-04-29 12:32:54.839000,1.395,1.39488,1000000,2620000
2020-04-29 12:32:54.941000,1.395,1.39484,1000000,1100000
2020-04-29 12:32:55.042000,1.395,1.39485,1000000,1000000
2020-04-29 12:32:55.093000,1.395,1.39483,1000000,1000000
2020-04-29 12:32:55.196000,1.39495,1.39478,1000000,1570000
2020-04-29 12:32:55.297000,1.39496,1.39477,1620000,1760000
2020-04-29 12:32:55.349000,1.39495,1.39479,1500000,1000000
2020-04-29 12:32:55.451000,1.39492,1.39478,1000000,1000000
2020-04-29 12:32:55.502000,1.39495,1.39479,1620000,1000000
2020-04-29 12:32:55.655000,1.39497,1.39479,1620000,1500000
2020-04-29 12:32:55.707000,1.39497,1.39479,1500000,1500000
2020-04-29 12:32:55.859000,1.39497,1.39479,1000000,1570000
2020-04-29 12:32:56.013000,1.39495,1.39479,1000000,1000000
2020-04-29 12:32:56.115000,1.39495,1.39478,1000000,1000000
2020-04-29 12:32:56.400000,1.39495,1.39482,1000000,1000000
2020-04-29 12:32:56.527000,1.395,1.39483,1620000,1000000
2020-04-29 12:32:56.679000,1.39499,1.39483,1620000,1000000
2020-04-29 12:32:56.729000,1.39499,1.39481,1000000,1000000
2020-04-29 12:32:56.831000,1.39499,1.3948,1000000,1500000
2020-04-29 12:32:56.982000,1.39502,1.39482,3000000,1100000
2020-04-29 12:32:57.033000,1.39502,1.39487,1500000,1000000
2020-04-29 12:32:57.084000,1.39501,1.39483,1000000,1000000
2020-04-29 12:32:57.286000,1.39497,1.39481,1000000,1100000
2020-04-29 12:32:57.388000,1.39495,1.39479,1000000,1690000
2020-04-29 12:32:57.489000,1.39492,1.39476,1000000,1500000
2020-04-29 12:32:57.692000,1.39492,1.39475,1000000,1000000
2020-04-29 12:32:57.793000,1.39492,1.39476,1000000,1000000
2020-04-29 12:32:57.844000,1.39492,1.39474,1000000,1500000
2020-04-29 12:32:58.110000,1.39492,1.39475,1000000,1000000
2020-04-29 12:32:58.161000,1.39488,1.39473,1620000,1000000
2020-04-29 12:32:58.263000,1.39487,1.39472,1000000,1000000
2020-04-29 12:32:58.364000,1.39486,1.39471,1000000,1000000
2020-04-29 12:32:58.473000,1.39487,1.39471,1500000,1000000
2020-04-29 12:32:58.574000,1.39488,1.39471,1000000,1000000
2020-04-29 12:32:58.677000,1.39485,1.39471,1000000,1000000
2020-04-29 12:32:58.779000,1.39485,1.3947,1000000,1000000
2020-04-29 12:32:59.082000,1.39487,1.39471,1000000,1000000
2020-04-29 12:32:59.184000,1.39488,1.39471,1000000,1000000
2020-04-29 12:32:59.656000,1.39488,1.39473,1500000,1000000
2020-04-29 12:32:59.807000,1.39488,1.39473,2370000,1000000
2020-04-29 12:32:59.959000,1.39485,1.39467,1000000,1570000
2020-04-29 12:33:00.111000,1.39486,1.39467,1500000,1000000
2020-04-29 12:33:00.162000,1.39485,1.39469,1120000,1000000
2020-04-29 12:33:00.213000,1.39483,1.39466,1000000,1100000
2020-04-29 12:33:00.314000,1.39485,1.39466,1620000,1000000
2020-04-29 12:33:00.466000,1.39483,1.39464,1620000,1100000
2020-04-29 12:33:00.568000,1.3948,1.39465,1000000,1000000
2020-04-29 12:33:00.669000,1.39475,1.3946,1120000,2000000
2020-04-29 12:33:00.770000,1.39476,1.39463,2250000,1500000
2020-04-29 12:33:00.821000,1.39476,1.39464,1000000,1000000
2020-04-29 12:33:00.922000,1.39478,1.39464,1000000,1000000
2020-04-29 12:33:01.374000,1.3948,1.39466,1500000,1000000
2020-04-29 12:33:01.476000,1.3948,1.39465,1120000,1000000
2020-04-29 12:33:01.628000,1.39481,1.39465,1500000,1000000
2020-04-29 12:33:01.780000,1.39481,1.39464,1000000,1000000
2020-04-29 12:33:01.884000,1.39481,1.39466,1000000,1000000
2020-04-29 12:33:02.543000,1.39481,1.39464,1000000,1000000
2020-04-29 12:33:02.918000,1.39481,1.39464,1500000,1000000
2020-04-29 12:33:03.019000,1.39481,1.39464,1500000,1000000
2020-04-29 12:33:03.222000,1.39481,1.39464,1620000,1000000
2020-04-29 12:33:03.323000,1.39481,1.39464,1000000,1000000
2020-04-29 12:33:04.150000,1.39481,1.39463,1000000,1570000
2020-04-29 12:33:04.201000,1.3948,1.39466,1120000,1000000
2020-04-29 12:33:04.404000,1.39481,1.39464,1000000,1000000
2020-04-29 12:33:04.695000,1.39481,1.39466,1000000,1000000
2020-04-29 12:33:04.796000,1.39481,1.39467,1500000,1000000
2020-04-29 12:33:04.961000,1.39481,1.39464,1000000,1000000
2020-04-29 12:33:05.117000,1.39481,1.39464,2370000,1000000
2020-04-29 12:33:05.369000,1.3948,1.39466,1120000,1000000
2020-04-29 12:33:05.527000,1.39481,1.39464,2370000,1000000
2020-04-29 12:33:05.629000,1.3948,1.39463,1000000,1570000
2020-04-29 12:33:05.923000,1.3948,1.39466,1120000,1000000
2020-04-29 12:33:06.944000,1.39481,1.39464,1200000,1000000
2020-04-29 12:33:07.399000,1.39481,1.39466,2820000,1000000
2020-04-29 12:33:07.500000,1.3948,1.39465,1500000,1000000
2020-04-29 12:33:07.938000,1.3948,1.39464,1500000,1000000
2020-04-29 12:33:08.039000,1.39479,1.39465,1500000,1000000
2020-04-29 12:33:10.009000,1.3948,1.39465,1000000,1000000
2020-04-29 12:33:10.161000,1.39478,1.39465,1500000,1000000
2020-04-29 12:33:10.263000,1.39479,1.39466,1100000,1000000
2020-04-29 12:33:10.364000,1.39478,1.39466,1500000,1000000
2020-04-29 12:33:10.521000,1.39473,1.39464,1000000,1000000
2020-04-29 12:33:10.572000,1.39472,1.39459,1000000,1000000
2020-04-29 12:33:10.673000,1.39474,1.39459,1100000,1500000
2020-04-29 12:33:10.848000,1.39474,1.39458,2350000,1000000
2020-04-29 12:33:10.899000,1.39471,1.39459,1500000,1000000
2020-04-29 12:33:11,1.39468,1.39455,1000000,1000000
2020-04-29 12:33:11.354000,1.39467,1.39454,1100000,1000000
2020-04-29 12:33:11.560000,1.39468,1.39454,1570000,1000000
2020-04-29 12:33:13.216000,1.39468,1.39454,1600000,1000000
2020-04-29 12:33:14.594000,1.3947,1.39457,1950000,1000000
2020-04-29 12:33:14.696000,1.3947,1.39459,1000000,1000000
2020-04-29 12:33:14.797000,1.39474,1.39459,1100000,1000000
2020-04-29 12:33:15.166000,1.39475,1.3946,1600000,1000000
2020-04-29 12:33:15.361000,1.39475,1.39458,1970000,1000000
2020-04-29 12:33:15.462000,1.39474,1.39456,1000000,1000000
2020-04-29 12:33:15.902000,1.39472,1.39459,1000000,1000000
2020-04-29 12:33:16.907000,1.39473,1.3946,1000000,1000000
2020-04-29 12:33:17.261000,1.39475,1.39464,1500000,1000000
2020-04-29 12:33:17.363000,1.3948,1.39465,1000000,1000000
2020-04-29 12:33:17.465000,1.39478,1.39464,1000000,1000000
2020-04-29 12:33:17.516000,1.39479,1.39461,1000000,1500000
2020-04-29 12:33:17.618000,1.3948,1.39461,1200000,1000000
2020-04-29 12:33:17.873000,1.39476,1.39463,1000000,1000000
2020-04-29 12:33:17.975000,1.39474,1.39461,1000000,1000000
2020-04-29 12:33:19.049000,1.39477,1.39465,1500000,1000000
2020-04-29 12:33:19.151000,1.39479,1.39464,1500000,1000000
2020-04-29 12:33:19.965000,1.39479,1.39468,1000000,1000000
2020-04-29 12:33:20.016000,1.39482,1.39467,1000000,1000000
2020-04-29 12:33:20.118000,1.39482,1.39469,1000000,1000000
2020-04-29 12:33:20.579000,1.39481,1.39468,1000000,1000000
2020-04-29 12:33:20.630000,1.39481,1.39466,1000000,1000000
2020-04-29 12:33:20.782000,1.3948,1.39463,1000000,1000000
2020-04-29 12:33:20.832000,1.39478,1.39464,1000000,1500000
2020-04-29 12:33:23.336000,1.3948,1.39466,1000000,1000000
2020-04-29 12:33:23.437000,1.39482,1.39468,1500000,1000000
2020-04-29 12:33:23.538000,1.3948,1.39467,1000000,1000000
2020-04-29 12:33:23.639000,1.3948,1.39468,1000000,1000000
2020-04-29 12:33:23.690000,1.39482,1.39469,1000000,1000000
2020-04-29 12:33:23.791000,1.3948,1.39469,1000000,1000000
2020-04-29 12:33:23.893000,1.3948,1.39466,1000000,2250000
2020-04-29 12:33:24.861000,1.39478,1.39465,1000000,1000000
2020-04-29 12:33:25.216000,1.39477,1.39465,1000000,1000000
2020-04-29 12:33:25.267000,1.39475,1.39462,1000000,1500000
2020-04-29 12:33:25.369000,1.39477,1.3946,1000000,1000000
2020-04-29 12:33:25.421000,1.39473,1.3946,1000000,1000000
2020-04-29 12:33:25.523000,1.39471,1.39459,1000000,1000000
2020-04-29 12:33:25.574000,1.39474,1.39459,1000000,1000000
2020-04-29 12:33:25.676000,1.39471,1.39459,1000000,1000000
2020-04-29 12:33:25.980000,1.39471,1.39457,1000000,1500000
2020-04-29 12:33:26.032000,1.39469,1.39456,1000000,1000000
2020-04-29 12:33:26.134000,1.39469,1.39454,1000000,1100000
2020-04-29 12:33:26.540000,1.39467,1.39455,1000000,1000000
2020-04-29 12:33:26.793000,1.39467,1.39453,1000000,1000000
2020-04-29 12:33:26.895000,1.39464,1.39452,1000000,1000000
2020-04-29 12:33:27,1.39464,1.3945,1000000,1000000
2020-04-29 12:33:27.101000,1.39463,1.3945,1000000,1000000
2020-04-29 12:33:28.152000,1.3946,1.3945,1000000,1000000
2020-04-29 12:33:28.254000,1.39456,1.39442,1000000,3000000
2020-04-29 12:33:28.357000,1.3946,1.39441,1000000,1970000
2020-04-29 12:33:28.408000,1.3946,1.39441,1120000,1500000
2020-04-29 12:33:28.509000,1.39459,1.3944,1000000,2320000
2020-04-29 12:33:28.662000,1.39456,1.39444,1000000,1000000
2020-04-29 12:33:28.713000,1.39458,1.39444,1000000,1600000
2020-04-29 12:33:28.815000,1.3946,1.39442,1500000,1100000
2020-04-29 12:33:28.866000,1.39457,1.39442,1000000,1600000
2020-04-29 12:33:28.917000,1.3946,1.39442,1500000,1100000
2020-04-29 12:33:28.969000,1.39455,1.39441,1000000,1000000
2020-04-29 12:33:29.121000,1.39458,1.39439,1000000,2250000
2020-04-29 12:33:29.172000,1.39456,1.39441,1000000,1000000
2020-04-29 12:33:29.273000,1.39458,1.39441,1000000,1000000
2020-04-29 12:33:29.576000,1.3946,1.3944,1500000,1870000
2020-04-29 12:33:29.678000,1.3946,1.3944,1620000,1570000
2020-04-29 12:33:29.729000,1.3946,1.39443,2000000,1000000
2020-04-29 12:33:29.933000,1.39459,1.39445,1000000,1000000
2020-04-29 12:33:30.034000,1.39458,1.39445,1000000,1000000
2020-04-29 12:33:30.085000,1.39461,1.39443,1120000,1100000
2020-04-29 12:33:30.388000,1.3946,1.39442,1000000,1000000
2020-04-29 12:33:30.489000,1.39455,1.39441,1000000,1000000
2020-04-29 12:33:30.692000,1.39455,1.39442,1000000,1000000
2020-04-29 12:33:30.996000,1.39459,1.39441,1000000,1000000
2020-04-29 12:33:31.229000,1.3946,1.39441,1500000,1500000
2020-04-29 12:33:31.280000,1.39458,1.39444,1000000,1500000
2020-04-29 12:33:31.381000,1.39461,1.39446,1000000,1500000
2020-04-29 12:33:32.894000,1.39462,1.39447,1000000,1000000
2020-04-29 12:33:33.578000,1.39463,1.39446,1000000,1100000
2020-04-29 12:33:33.781000,1.39458,1.39446,1000000,1500000
2020-04-29 12:33:33.882000,1.39457,1.39446,1000000,1500000
2020-04-29 12:33:33.933000,1.39459,1.39447,1000000,1000000
2020-04-29 12:33:34.318000,1.39459,1.39446,1000000,1000000
2020-04-29 12:33:34.622000,1.39462,1.39446,1000000,1600000
2020-04-29 12:33:35.840000,1.39462,1.39448,1000000,1000000
2020-04-29 12:33:36.144000,1.39461,1.39446,1000000,2320000
2020-04-29 12:33:36.245000,1.39461,1.39447,1000000,1000000
2020-04-29 12:33:36.346000,1.3946,1.39446,1000000,1570000
2020-04-29 12:33:36.498000,1.39461,1.39446,1000000,1570000
2020-04-29 12:33:36.652000,1.39461,1.39448,1000000,1000000
2020-04-29 12:33:37.288000,1.39463,1.39448,1000000,1500000
2020-04-29 12:33:37.390000,1.39466,1.39452,1000000,1000000
2020-04-29 12:33:37.541000,1.39466,1.39453,1000000,1000000
2020-04-29 12:33:37.798000,1.39468,1.39455,1000000,1000000
2020-04-29 12:33:37.849000,1.3947,1.39456,1000000,1000000
2020-04-29 12:33:39.469000,1.39472,1.39457,1000000,1500000
2020-04-29 12:33:39.519000,1.39475,1.39462,1000000,1000000
2020-04-29 12:33:39.621000,1.39481,1.39468,1500000,1500000
2020-04-29 12:33:39.773000,1.39481,1.39468,1500000,1000000
2020-04-29 12:33:39.874000,1.3948,1.39466,1500000,2250000
2020-04-29 12:33:39.975000,1.39475,1.39465,1000000,1000000
2020-04-29 12:33:40.026000,1.39474,1.39461,1000000,1000000
2020-04-29 12:33:40.077000,1.39473,1.39459,1000000,1000000
2020-04-29 12:33:40.178000,1.3947,1.39458,1000000,1500000
2020-04-29 12:33:40.280000,1.3947,1.39456,1000000,1870000
2020-04-29 12:33:40.432000,1.39469,1.39453,1000000,1000000
2020-04-29 12:33:40.583000,1.39466,1.39451,1000000,2250000
2020-04-29 12:33:40.634000,1.39469,1.39451,1000000,1000000
2020-04-29 12:33:40.685000,1.39466,1.39451,1000000,1000000
2020-04-29 12:33:40.786000,1.39466,1.3945,1000000,1500000
2020-04-29 12:33:40.888000,1.39464,1.39448,1000000,3190000
2020-04-29 12:33:40.938000,1.39467,1.39448,1000000,2250000
2020-04-29 12:33:41.039000,1.39464,1.3945,1000000,1000000
2020-04-29 12:33:41.646000,1.39469,1.39452,3120000,1000000
2020-04-29 12:33:41.747000,1.39469,1.39451,1500000,1000000
2020-04-29 12:33:41.849000,1.39469,1.39451,2450000,1000000
2020-04-29 12:33:41.950000,1.39469,1.39451,2450000,1000000
2020-04-29 12:33:42.408000,1.39469,1.39451,1820000,1000000
2020-04-29 12:33:42.790000,1.3947,1.39456,1350000,1000000
2020-04-29 12:33:42.892000,1.3947,1.39456,1760000,1000000
2020-04-29 12:33:42.993000,1.3947,1.39455,1850000,1000000
2020-04-29 12:33:43.441000,1.3947,1.39452,1850000,1000000
2020-04-29 12:33:44.212000,1.39472,1.3946,1000000,1000000
2020-04-29 12:33:44.313000,1.39471,1.39459,1000000,1000000
2020-04-29 12:33:44.364000,1.39475,1.39459,1250000,1000000
2020-04-29 12:33:44.569000,1.39477,1.39463,1500000,1000000
2020-04-29 12:33:44.699000,1.39477,1.39463,1250000,1000000
2020-04-29 12:33:45.002000,1.39479,1.39466,1000000,1000000
2020-04-29 12:33:45.103000,1.3948,1.39465,1690000,1000000
2020-04-29 12:33:45.559000,1.3948,1.39466,1760000,1000000
2020-04-29 12:33:45.661000,1.39483,1.39467,1350000,1000000
2020-04-29 12:33:45.762000,1.39483,1.39467,1350000,1000000
2020-04-29 12:33:45.863000,1.39484,1.39469,3350000,1000000
2020-04-29 12:33:45.965000,1.3948,1.39467,1820000,1000000
2020-04-29 12:33:46.066000,1.39479,1.39462,1500000,1000000
2020-04-29 12:33:46.168000,1.39478,1.39464,1100000,1000000
2020-04-29 12:33:46.269000,1.3948,1.39466,2970000,1000000
2020-04-29 12:33:46.370000,1.39479,1.39466,1250000,1000000
2020-04-29 12:33:47.043000,1.39481,1.39466,1600000,1000000
2020-04-29 12:33:47.144000,1.39481,1.39466,1350000,1000000
2020-04-29 12:33:47.309000,1.39479,1.39466,1100000,1000000
2020-04-29 12:33:47.411000,1.39479,1.39465,1600000,1000000
2020-04-29 12:33:47.612000,1.3948,1.39466,1100000,1000000
2020-04-29 12:33:47.713000,1.39478,1.39463,1100000,1000000
2020-04-29 12:33:47.764000,1.39479,1.39467,1000000,1000000
2020-04-29 12:33:47.815000,1.39482,1.39468,1000000,1000000
2020-04-29 12:33:49.259000,1.39484,1.39468,1100000,1000000
2020-04-29 12:33:49.411000,1.39486,1.39467,1600000,1000000
2020-04-29 12:33:49.665000,1.39485,1.39469,1100000,1000000
2020-04-29 12:33:50.463000,1.39485,1.39469,1600000,1000000
2020-04-29 12:33:50.729000,1.39486,1.39472,1000000,1000000
2020-04-29 12:33:50.830000,1.39486,1.39473,1000000,1000000
2020-04-29 12:33:51.748000,1.39487,1.39473,1000000,1000000
2020-04-29 12:33:51.849000,1.39489,1.39475,1000000,1000000
2020-04-29 12:33:51.950000,1.39491,1.39475,1500000,1000000
2020-04-29 12:33:52.820000,1.39491,1.39477,1000000,1000000
2020-04-29 12:33:53.134000,1.39491,1.39475,1000000,1000000
2020-04-29 12:33:53.460000,1.39491,1.39478,1000000,1000000
2020-04-29 12:33:53.512000,1.39491,1.39476,1000000,1000000
2020-04-29 12:33:53.765000,1.39491,1.39479,1000000,1000000
2020-04-29 12:33:53.866000,1.39491,1.39477,1000000,1000000
2020-04-29 12:33:53.968000,1.39491,1.39476,1000000,1000000
2020-04-29 12:33:54.020000,1.39488,1.39474,1000000,1000000
2020-04-29 12:33:54.122000,1.39488,1.39475,1570000,1000000
2020-04-29 12:33:54.444000,1.39488,1.39474,1570000,1000000
2020-04-29 12:33:54.952000,1.39488,1.39475,1000000,1000000
2020-04-29 12:33:55.003000,1.3949,1.39475,1570000,1000000
2020-04-29 12:33:55.105000,1.39489,1.39473,1000000,1000000
2020-04-29 12:33:55.206000,1.39488,1.39474,1000000,1000000
2020-04-29 12:33:55.358000,1.39488,1.39475,1000000,1000000
2020-04-29 12:33:55.459000,1.39489,1.39476,1500000,1000000
2020-04-29 12:33:55.510000,1.39491,1.39476,1250000,1000000
2020-04-29 12:33:56.103000,1.3949,1.39476,1000000,1000000
2020-04-29 12:33:56.204000,1.39491,1.39476,1000000,1000000
2020-04-29 12:33:56.255000,1.39491,1.39474,1000000,1000000
2020-04-29 12:33:56.471000,1.39491,1.39476,1000000,1000000
2020-04-29 12:33:56.572000,1.3949,1.39472,1000000,1100000
2020-04-29 12:33:56.623000,1.39488,1.39475,1000000,1000000
2020-04-29 12:33:58.159000,1.39487,1.39477,1000000,1000000
2020-04-29 12:33:58.311000,1.39488,1.39475,1000000,1000000
2020-04-29 12:33:58.412000,1.39486,1.39475,1000000,1000000
2020-04-29 12:33:58.463000,1.39486,1.39473,1000000,1000000
2020-04-29 12:33:58.615000,1.39484,1.39473,1000000,1000000
2020-04-29 12:33:59.433000,1.39489,1.39477,1500000,1000000
2020-04-29 12:33:59.586000,1.39493,1.3948,1000000,1000000
2020-04-29 12:34:00.059000,1.39492,1.39479,1000000,1000000
2020-04-29 12:34:00.253000,1.39492,1.39478,1000000,1000000
2020-04-29 12:34:00.700000,1.39493,1.39479,1500000,1100000
2020-04-29 12:34:00.853000,1.39492,1.39479,1000000,1000000
2020-04-29 12:34:01.812000,1.39493,1.39479,2250000,1000000
2020-04-29 12:34:02.115000,1.39492,1.39478,1000000,1000000
2020-04-29 12:34:02.832000,1.3949,1.39477,1000000,1000000
2020-04-29 12:34:04.176000,1.39489,1.39476,1000000,1000000
2020-04-29 12:34:04.226000,1.39489,1.39472,1000000,2250000
2020-04-29 12:34:04.277000,1.39489,1.39474,1000000,1000000
2020-04-29 12:34:05.380000,1.3949,1.39477,1000000,1000000
2020-04-29 12:34:05.482000,1.39492,1.39479,1000000,1000000
2020-04-29 12:34:05.584000,1.39491,1.39479,1000000,1000000
2020-04-29 12:34:05.635000,1.39493,1.39476,1500000,1000000
2020-04-29 12:34:05.969000,1.39492,1.39477,1000000,1000000
2020-04-29 12:34:06.071000,1.39491,1.39478,1000000,1000000
2020-04-29 12:34:06.936000,1.39491,1.39473,1500000,1000000
2020-04-29 12:34:07.037000,1.3949,1.39473,1000000,1000000
2020-04-29 12:34:07.139000,1.3949,1.39475,1500000,1000000
2020-04-29 12:34:07.493000,1.39489,1.39475,1000000,1000000
2020-04-29 12:34:07.848000,1.39489,1.39477,1000000,1000000
2020-04-29 12:34:08,1.39491,1.39473,1060000,1100000
2020-04-29 12:34:08.101000,1.3949,1.39476,1000000,1000000
2020-04-29 12:34:09.095000,1.39495,1.39482,1500000,1000000
2020-04-29 12:34:09.196000,1.39496,1.39483,1000000,1000000
2020-04-29 12:34:09.298000,1.395,1.39485,1000000,1000000
2020-04-29 12:34:09.399000,1.39499,1.39484,1000000,1000000
2020-04-29 12:34:09.904000,1.39497,1.39483,1000000,1000000
2020-04-29 12:34:10.107000,1.39498,1.39485,1000000,1000000
2020-04-29 12:34:10.690000,1.39501,1.39482,2250000,1100000
2020-04-29 12:34:10.943000,1.39496,1.39484,1000000,1000000
2020-04-29 12:34:11.292000,1.395,1.39483,1500000,1000000
2020-04-29 12:34:11.653000,1.39497,1.39483,1000000,1000000
2020-04-29 12:34:11.847000,1.39498,1.39486,1000000,1000000
2020-04-29 12:34:11.898000,1.395,1.39483,1000000,1000000
2020-04-29 12:34:13.538000,1.39499,1.39484,1000000,1000000
2020-04-29 12:34:13.639000,1.395,1.39485,1500000,1000000
2020-04-29 12:34:13.690000,1.395,1.39483,1000000,1000000
2020-04-29 12:34:13.924000,1.39499,1.39484,1000000,1000000
2020-04-29 12:34:14.385000,1.395,1.39486,1000000,1000000
2020-04-29 12:34:14.487000,1.39501,1.39484,1500000,1100000
2020-04-29 12:34:14.639000,1.39501,1.39485,1500000,1000000
2020-04-29 12:34:14.791000,1.39501,1.39484,1500000,1100000
2020-04-29 12:34:14.892000,1.39498,1.39486,1000000,1000000
2020-04-29 12:34:16.079000,1.39498,1.39487,1000000,1000000
2020-04-29 12:34:16.130000,1.39502,1.39488,1000000,1000000
2020-04-29 12:34:16.181000,1.39503,1.39493,1000000,1000000
2020-04-29 12:34:16.283000,1.39509,1.39499,1000000,1000000
2020-04-29 12:34:16.385000,1.39517,1.39512,1000000,1000000
2020-04-29 12:34:16.436000,1.39519,1.39508,1000000,1000000
2020-04-29 12:34:16.487000,1.39522,1.39512,1000000,1000000
2020-04-29 12:34:16.589000,1.39524,1.39512,1000000,1000000
2020-04-29 12:34:16.791000,1.39522,1.39509,1000000,1000000
2020-04-29 12:34:17.094000,1.39521,1.39508,1000000,1000000
2020-04-29 12:34:17.671000,1.3952,1.39506,1000000,1100000
2020-04-29 12:34:17.925000,1.39518,1.39503,1000000,1000000
2020-04-29 12:34:17.976000,1.39516,1.39502,1000000,1000000
2020-04-29 12:34:18.516000,1.39513,1.39499,1000000,1100000
2020-04-29 12:34:18.618000,1.39511,1.39496,1500000,1870000
2020-04-29 12:34:18.719000,1.3951,1.39495,1000000,1120000
2020-04-29 12:34:18.905000,1.39507,1.39494,1000000,1500000
2020-04-29 12:34:19.006000,1.39506,1.39492,1000000,1500000
2020-04-29 12:34:19.057000,1.39506,1.39492,1000000,1000000
2020-04-29 12:34:19.363000,1.39508,1.39493,1000000,1000000
2020-04-29 12:34:20.487000,1.39511,1.39498,1000000,1000000
2020-04-29 12:34:20.589000,1.3951,1.39497,1000000,1000000
2020-04-29 12:34:20.690000,1.3951,1.39496,1000000,1000000
2020-04-29 12:34:21.008000,1.39509,1.39494,1000000,1000000
2020-04-29 12:34:21.978000,1.39507,1.39494,1000000,1000000
2020-04-29 12:34:22.332000,1.39505,1.39492,1000000,1000000
2020-04-29 12:34:22.433000,1.39506,1.3949,1500000,1000000
2020-04-29 12:34:22.484000,1.39502,1.3949,1000000,1000000
2020-04-29 12:34:22.535000,1.39504,1.3949,1000000,1000000
2020-04-29 12:34:22.789000,1.39501,1.39488,1500000,1000000
2020-04-29 12:34:22.891000,1.39499,1.39488,1000000,1000000
2020-04-29 12:34:23.094000,1.39504,1.39491,1500000,1000000
2020-04-29 12:34:23.196000,1.39505,1.39491,1000000,1500000
2020-04-29 12:34:23.297000,1.39506,1.39492,1000000,1000000
2020-04-29 12:34:23.554000,1.39506,1.39493,1000000,1000000
2020-04-29 12:34:27.325000,1.39508,1.39494,1000000,1100000
2020-04-29 12:34:27.427000,1.39509,1.39497,1000000,1000000
2020-04-29 12:34:27.528000,1.39509,1.39496,1000000,1000000
2020-04-29 12:34:27.629000,1.39508,1.39495,1000000,1100000
2020-04-29 12:34:29.402000,1.3951,1.39495,1000000,1000000
2020-04-29 12:34:29.605000,1.39512,1.395,1000000,1000000
2020-04-29 12:34:29.708000,1.39513,1.39501,1000000,1000000
2020-04-29 12:34:32.712000,1.39513,1.39502,1000000,1500000
2020-04-29 12:34:33.950000,1.39515,1.39502,1000000,1500000
2020-04-29 12:34:34.051000,1.39516,1.39503,1000000,1000000
2020-04-29 12:34:34.510000,1.39517,1.39503,1000000,1000000
2020-04-29 12:34:35.043000,1.39518,1.39503,1000000,1000000
2020-04-29 12:34:36.136000,1.39513,1.39502,1000000,1000000
2020-04-29 12:34:36.187000,1.39512,1.39498,1000000,1500000
2020-04-29 12:34:36.238000,1.3951,1.39496,1000000,1000000
2020-04-29 12:34:37.350000,1.39511,1.39496,1000000,1000000
2020-04-29 12:34:37.653000,1.3951,1.39495,1000000,1000000
2020-04-29 12:34:37.806000,1.39507,1.39494,1000000,1000000
2020-04-29 12:34:37.930000,1.39505,1.39492,1000000,1000000
2020-04-29 12:34:38.032000,1.39504,1.3949,1500000,1000000
2020-04-29 12:34:39.240000,1.39505,1.39494,1000000,1000000
2020-04-29 12:34:39.290000,1.39507,1.39495,1000000,1000000
2020-04-29 12:34:39.493000,1.39508,1.39495,1000000,1000000
2020-04-29 12:34:40.275000,1.39506,1.39495,1000000,1000000
2020-04-29 12:34:40.629000,1.39504,1.39492,1000000,1000000
2020-04-29 12:34:40.781000,1.39506,1.39492,1000000,1000000
2020-04-29 12:34:41.995000,1.39505,1.39493,1000000,1000000
2020-04-29 12:34:42.531000,1.39507,1.39492,1000000,1000000
2020-04-29 12:34:42.582000,1.39505,1.39491,1000000,1000000
2020-04-29 12:34:42.734000,1.39506,1.39491,1000000,1000000
2020-04-29 12:34:42.987000,1.39502,1.3949,1000000,1000000
2020-04-29 12:34:43.596000,1.39504,1.39492,1000000,1000000
2020-04-29 12:34:43.697000,1.39505,1.39492,1000000,1500000
2020-04-29 12:34:43.798000,1.39504,1.39493,1000000,1000000
2020-04-29 12:34:43.899000,1.39506,1.39492,1000000,1500000
2020-04-29 12:34:44.281000,1.39506,1.39493,1000000,1000000
2020-04-29 12:34:45.524000,1.39508,1.39496,1000000,1000000
2020-04-29 12:34:45.574000,1.39513,1.39497,2820000,1000000
2020-04-29 12:34:45.625000,1.39513,1.39499,1500000,1000000
2020-04-29 12:34:45.727000,1.39512,1.39507,1000000,1000000
2020-04-29 12:34:45.778000,1.39522,1.39509,1000000,1000000
2020-04-29 12:34:45.879000,1.39523,1.39511,2000000,1000000
2020-04-29 12:34:47.063000,1.39518,1.39511,1120000,1000000
2020-04-29 12:34:47.114000,1.39519,1.39507,1500000,1000000
2020-04-29 12:34:47.165000,1.39514,1.39505,1500000,1000000
2020-04-29 12:34:47.266000,1.39515,1.39504,1500000,1000000
2020-04-29 12:34:47.890000,1.39516,1.39504,2000000,1000000
2020-04-29 12:34:48.093000,1.39514,1.39501,1620000,1000000
2020-04-29 12:34:48.709000,1.39515,1.39502,2000000,1000000
2020-04-29 12:34:49.552000,1.39514,1.39504,1120000,1000000
2020-04-29 12:34:49.855000,1.39516,1.39504,1500000,1000000
2020-04-29 12:34:51.015000,1.39516,1.39504,1500000,1000000
2020-04-29 12:34:52.249000,1.39517,1.39504,1000000,1000000
2020-04-29 12:34:52.998000,1.39519,1.39506,1000000,1000000
2020-04-29 12:34:53.101000,1.39519,1.39505,1000000,1000000
2020-04-29 12:34:53.349000,1.39519,1.39504,1500000,1000000
2020-04-29 12:34:53.677000,1.39519,1.39506,1120000,1000000
2020-04-29 12:34:53.829000,1.39517,1.39503,2250000,1000000
2020-04-29 12:34:53.930000,1.39517,1.39504,1600000,1000000
2020-04-29 12:34:53.981000,1.39517,1.39504,1870000,1000000
2020-04-29 12:34:54.032000,1.39517,1.39502,1120000,1000000
2020-04-29 12:34:54.133000,1.39516,1.39502,1000000,1000000
2020-04-29 12:34:54.235000,1.39516,1.39503,1000000,1000000
2020-04-29 12:34:54.336000,1.39517,1.39503,2250000,1000000
2020-04-29 12:34:54.387000,1.39512,1.39503,1000000,1000000
2020-04-29 12:34:54.539000,1.39512,1.39504,1000000,1000000
2020-04-29 12:34:54.641000,1.39514,1.39504,1000000,1000000
2020-04-29 12:34:54.742000,1.39514,1.39503,1000000,1000000
2020-04-29 12:34:55.988000,1.39514,1.39504,1000000,1000000
2020-04-29 12:34:56.216000,1.39515,1.39504,1000000,1000000
2020-04-29 12:34:56.523000,1.39518,1.39508,1000000,1000000
2020-04-29 12:34:56.574000,1.39517,1.39505,1000000,1000000
2020-04-29 12:34:56.676000,1.39515,1.39504,1000000,1000000
2020-04-29 12:34:56.828000,1.39516,1.39504,1000000,1000000
2020-04-29 12:34:56.930000,1.39514,1.39504,1000000,1000000
2020-04-29 12:34:57.248000,1.39515,1.39504,1000000,1000000
2020-04-29 12:34:57.450000,1.39514,1.39505,1000000,1000000
2020-04-29 12:34:57.552000,1.39514,1.39504,1000000,1000000
2020-04-29 12:34:57.653000,1.39512,1.39502,1000000,1000000
2020-04-29 12:34:57.755000,1.39513,1.39502,1000000,1000000
2020-04-29 12:34:57.957000,1.39512,1.39502,1000000,1000000
2020-04-29 12:34:59.123000,1.39513,1.39503,1000000,1000000
2020-04-29 12:34:59.325000,1.39514,1.39503,1000000,1000000
2020-04-29 12:34:59.430000,1.39514,1.39505,1000000,1000000
2020-04-29 12:34:59.796000,1.39514,1.39504,1000000,1000000
2020-04-29 12:34:59.906000,1.39513,1.39504,1000000,1000000
2020-04-29 12:35:00.276000,1.39514,1.39504,1000000,1000000
2020-04-29 12:35:00.854000,1.39512,1.39502,1000000,1000000
2020-04-29 12:35:00.956000,1.39513,1.39502,1000000,1000000
2020-04-29 12:35:01.360000,1.39511,1.395,1000000,1000000
2020-04-29 12:35:01.461000,1.39509,1.395,1000000,1000000
2020-04-29 12:35:01.866000,1.3951,1.395,1000000,1000000
2020-04-29 12:35:02.287000,1.39509,1.395,1000000,1000000
2020-04-29 12:35:02.388000,1.3951,1.395,1000000,1000000
2020-04-29 12:35:02.540000,1.3951,1.39499,1000000,1000000
2020-04-29 12:35:02.893000,1.39508,1.39499,1000000,1000000
2020-04-29 12:35:02.995000,1.39508,1.39498,1000000,1000000
2020-04-29 12:35:03.147000,1.39508,1.39496,1000000,1000000
2020-04-29 12:35:03.248000,1.39507,1.39496,1000000,1000000
2020-04-29 12:35:03.574000,1.39507,1.39497,1000000,1000000
2020-04-29 12:35:03.624000,1.39505,1.39496,1000000,1000000
2020-04-29 12:35:03.675000,1.39507,1.39496,1000000,1000000
2020-04-29 12:35:03.879000,1.39506,1.39496,1000000,1000000
2020-04-29 12:35:04.032000,1.39507,1.39496,1000000,1000000
2020-04-29 12:35:04.083000,1.39509,1.39498,1000000,1000000
2020-04-29 12:35:04.185000,1.3951,1.39498,1000000,1000000
2020-04-29 12:35:04.438000,1.39509,1.39498,1000000,1000000
2020-04-29 12:35:04.640000,1.39508,1.39497,1000000,1000000
2020-04-29 12:35:05.156000,1.39508,1.39498,1000000,1000000
2020-04-29 12:35:05.207000,1.3951,1.39498,1000000,1000000
2020-04-29 12:35:06.011000,1.39508,1.39495,1000000,1570000
2020-04-29 12:35:06.314000,1.39507,1.39495,1000000,1000000
2020-04-29 12:35:06.369000,1.39497,1.39491,1000000,1350000
2020-04-29 12:35:06.421000,1.39492,1.3948,1500000,1350000
2020-04-29 12:35:06.472000,1.39486,1.39476,1000000,5100000
2020-04-29 12:35:06.522000,1.3948,1.39471,1000000,1690000
2020-04-29 12:35:06.624000,1.3948,1.3947,1000000,1000000
2020-04-29 12:35:06.675000,1.39483,1.39469,1500000,1000000
2020-04-29 12:35:06.777000,1.39483,1.3947,1000000,1000000
2020-04-29 12:35:06.879000,1.39484,1.3947,1000000,1100000
2020-04-29 12:35:06.981000,1.39486,1.39477,1000000,1500000
2020-04-29 12:35:07.032000,1.39489,1.39478,1500000,1000000
2020-04-29 12:35:07.083000,1.3949,1.3948,1500000,1000000
2020-04-29 12:35:07.134000,1.39493,1.3948,1000000,1000000
2020-04-29 12:35:07.641000,1.39494,1.3948,1000000,1760000
2020-04-29 12:35:07.743000,1.39494,1.39481,1000000,1000000
2020-04-29 12:35:07.895000,1.39493,1.3948,1000000,1100000
2020-04-29 12:35:09.823000,1.39493,1.3948,1500000,1100000
2020-04-29 12:35:09.925000,1.39493,1.3948,1500000,1100000
2020-04-29 12:35:10.027000,1.39492,1.3948,1000000,1100000
2020-04-29 12:35:10.382000,1.39492,1.39479,1000000,1000000
2020-04-29 12:35:10.484000,1.39491,1.39479,1000000,1000000
2020-04-29 12:35:10.940000,1.39489,1.39476,1000000,1100000
2020-04-29 12:35:11.708000,1.39489,1.39477,1500000,1000000
2020-04-29 12:35:12.595000,1.3949,1.39477,1000000,1100000
2020-04-29 12:35:12.765000,1.39489,1.39477,1000000,1100000
2020-04-29 12:35:13.414000,1.39487,1.39477,1000000,1100000
2020-04-29 12:35:13.578000,1.39489,1.39477,1000000,1100000
2020-04-29 12:35:16.565000,1.39489,1.39475,1500000,1000000
2020-04-29 12:35:16.616000,1.39487,1.39475,1000000,1500000
2020-04-29 12:35:16.717000,1.3949,1.3948,1000000,1000000
2020-04-29 12:35:16.768000,1.39492,1.39481,1000000,1000000
2020-04-29 12:35:16.920000,1.39491,1.39481,1000000,1000000
2020-04-29 12:35:18.569000,1.39491,1.3948,1000000,1000000
2020-04-29 12:35:18.670000,1.39478,1.39473,1500000,1600000
2020-04-29 12:35:18.772000,1.39478,1.39468,1000000,1000000
2020-04-29 12:35:18.873000,1.39479,1.39469,1000000,1000000
2020-04-29 12:35:18.974000,1.39481,1.39469,1000000,1000000
2020-04-29 12:35:19.075000,1.39481,1.39467,1000000,1100000
2020-04-29 12:35:19.227000,1.39479,1.39467,1000000,1100000
2020-04-29 12:35:20.069000,1.39481,1.39467,1500000,1600000
2020-04-29 12:35:20.171000,1.39481,1.39468,1000000,1100000
2020-04-29 12:35:20.577000,1.3948,1.3947,1000000,1100000
2020-04-29 12:35:20.679000,1.39481,1.39469,1000000,1100000
2020-04-29 12:35:20.780000,1.39476,1.39466,1000000,1100000
2020-04-29 12:35:20.932000,1.39476,1.39463,1000000,1600000
2020-04-29 12:35:20.983000,1.39474,1.39461,1500000,1600000
2020-04-29 12:35:21.034000,1.39473,1.3946,1870000,1220000
2020-04-29 12:35:21.085000,1.39471,1.3946,1000000,1100000
2020-04-29 12:35:21.187000,1.39473,1.39459,1000000,2100000
2020-04-29 12:35:21.238000,1.39473,1.39459,1000000,2100000
2020-04-29 12:35:21.690000,1.39474,1.39461,1500000,1570000
2020-04-29 12:35:22.314000,1.39473,1.3946,1500000,1000000
2020-04-29 12:35:22.516000,1.39472,1.3946,1000000,1500000
2020-04-29 12:35:22.617000,1.39472,1.39459,1500000,1500000
2020-04-29 12:35:22.719000,1.39472,1.3946,1500000,1000000
2020-04-29 12:35:22.820000,1.39471,1.39459,1000000,1000000
2020-04-29 12:35:22.921000,1.39471,1.3946,1000000,1000000
2020-04-29 12:35:23.038000,1.39471,1.39459,1000000,1000000
2020-04-29 12:35:23.140000,1.39471,1.3946,1500000,1000000
2020-04-29 12:35:23.191000,1.39469,1.39456,1000000,2250000
2020-04-29 12:35:23.243000,1.39467,1.39455,1500000,1100000
2020-04-29 12:35:23.345000,1.39466,1.39456,1500000,1000000
2020-04-29 12:35:23.447000,1.39465,1.39455,1000000,1000000
2020-04-29 12:35:23.600000,1.39467,1.39457,1000000,1100000
2020-04-29 12:35:23.651000,1.39471,1.39459,1000000,1000000
2020-04-29 12:35:23.752000,1.39471,1.3946,1000000,1000000
2020-04-29 12:35:23.854000,1.39472,1.3946,1000000,1000000
2020-04-29 12:35:24.006000,1.39472,1.39459,1000000,1500000
2020-04-29 12:35:24.108000,1.39471,1.3946,1000000,1000000
2020-04-29 12:35:24.210000,1.39471,1.39459,1000000,1500000
2020-04-29 12:35:24.363000,1.39473,1.3946,1500000,1500000
2020-04-29 12:35:24.617000,1.39473,1.39462,1000000,1000000
2020-04-29 12:35:24.719000,1.39474,1.39464,1500000,1000000
2020-04-29 12:35:25.014000,1.39472,1.39463,1000000,1000000
