time,ask,bid,ask_volume,bid_volume
2017-09-18 12:25:00.272000,1.21998,1.21989,1500000,1500000
2017-09-18 12:25:01.804000,1.21997,1.21989,1000000,1690000
2017-09-18 12:25:02.318000,1.21998,1.21989,1500000,1690000
2017-09-18 12:25:02.875000,1.21998,1.21989,1000000,1870000
2017-09-18 12:25:03.380000,1.21998,1.21989,1000000,1690000
2017-09-18 12:25:04.298000,1.21998,1.21989,1000000,2060000
2017-09-18 12:25:04.592000,1.22,1.21991,1000000,1310000
2017-09-18 12:25:05.768000,1.22,1.21992,1000000,1120000
2017-09-18 12:25:05.921000,1.22002,1.21993,1500000,1120000
2017-09-18 12:25:06.493000,1.22002,1.21993,1000000,2060000
2017-09-18 12:25:07.116000,1.22002,1.21993,1000000,3560000
2017-09-18 12:25:07.680000,1.22003,1.21993,1440000,2810000
2017-09-18 12:25:08.199000,1.22002,1.21993,1000000,3000000
2017-09-18 12:25:08.653000,1.21999,1.21994,1000000,1250000
2017-09-18 12:25:08.705000,1.22,1.21992,1000000,1000000
2017-09-18 12:25:08.756000,1.22,1.2199,1000000,4120000
2017-09-18 12:25:09.130000,1.21998,1.21991,1000000,1000000
2017-09-18 12:25:09.743000,1.21998,1.2199,1000000,1000000
2017-09-18 12:25:11.037000,1.21998,1.21991,1120000,1000000
2017-09-18 12:25:12.089000,1.21998,1.2199,1120000,1000000
2017-09-18 12:25:12.627000,1.21998,1.21989,1120000,2440000
2017-09-18 12:25:13.576000,1.21998,1.21989,1000000,2620000
2017-09-18 12:25:14.621000,1.21999,1.2199,1000000,1120000
2017-09-18 12:25:14.930000,1.22,1.21992,1000000,4120000
2017-09-18 12:25:15.514000,1.22,1.21992,1000000,2060000
2017-09-18 12:25:17.193000,1.22,1.21991,1000000,2250000
2017-09-18 12:25:17.877000,1.22,1.21991,1000000,4500000
2017-09-18 12:25:18.236000,1.22002,1.21994,1870000,2250000
2017-09-18 12:25:18.544000,1.22002,1.21992,1870000,3940000
2017-09-18 12:25:19.774000,1.22002,1.21993,1870000,1000000
2017-09-18 12:25:19.927000,1.22,1.21993,2250000,1000000
2017-09-18 12:25:21.232000,1.22,1.21992,2250000,2440000
2017-09-18 12:25:21.598000,1.22,1.21994,2250000,1000000
2017-09-18 12:25:22.111000,1.22,1.21992,2250000,3000000
2017-09-18 12:25:22.620000,1.22,1.21993,2250000,1000000
2017-09-18 12:25:23.696000,1.22,1.21992,3750000,1500000
2017-09-18 12:25:25.540000,1.22,1.21991,3750000,3000000
2017-09-18 12:25:26.059000,1.21997,1.21992,1000000,1000000
2017-09-18 12:25:26.563000,1.21997,1.21991,1000000,1000000
2017-09-18 12:25:29.687000,1.21997,1.2199,1000000,1000000
2017-09-18 12:25:30.196000,1.22002,1.21998,1000000,1250000
2017-09-18 12:25:30.502000,1.22005,1.22001,3750000,2060000
2017-09-18 12:25:31.087000,1.22006,1.22002,3750000,1250000
2017-09-18 12:25:31.324000,1.22009,1.22002,1000000,1000000
2017-09-18 12:25:36.629000,1.22009,1.22002,1500000,1000000
2017-09-18 12:25:36.833000,1.22007,1.21998,1000000,5250000
2017-09-18 12:25:38.467000,1.22005,1.21998,1000000,2250000
2017-09-18 12:25:38.773000,1.22001,1.21994,1000000,2250000
2017-09-18 12:25:39.113000,1.21997,1.2199,1000000,1000000
2017-09-18 12:25:39.418000,1.21995,1.21988,1000000,2250000
2017-09-18 12:25:39.937000,1.21996,1.21989,1000000,1250000
2017-09-18 12:25:40.439000,1.21997,1.21989,4500000,4870000
2017-09-18 12:25:41.995000,1.21998,1.2199,1000000,1310000
2017-09-18 12:25:43.426000,1.21998,1.2199,1000000,2440000
2017-09-18 12:25:45.256000,1.21998,1.2199,1000000,2250000
2017-09-18 12:25:46.325000,1.21995,1.21988,1000000,3190000
2017-09-18 12:25:46.850000,1.21995,1.21988,1000000,1000000
2017-09-18 12:25:47.382000,1.21994,1.21987,1000000,1000000
2017-09-18 12:25:47.925000,1.21995,1.21988,1000000,1000000
2017-09-18 12:25:48.559000,1.21995,1.21988,1000000,2060000
2017-09-18 12:25:49.091000,1.21997,1.21989,3000000,1690000
2017-09-18 12:25:49.641000,1.21997,1.21989,3000000,1250000
2017-09-18 12:25:49.743000,1.21995,1.21989,1000000,1120000
2017-09-18 12:25:50.585000,1.21994,1.21989,1000000,1500000
2017-09-18 12:25:51.460000,1.21994,1.2199,1000000,1000000
2017-09-18 12:25:51.801000,1.21994,1.21987,1000000,1500000
2017-09-18 12:25:52.411000,1.21994,1.21988,1000000,1000000
2017-09-18 12:25:52.943000,1.21993,1.21988,1000000,1000000
2017-09-18 12:25:53.045000,1.21993,1.21986,1000000,1120000
2017-09-18 12:25:53.436000,1.21991,1.21987,2250000,1000000
2017-09-18 12:25:53.487000,1.21991,1.21985,2250000,1000000
2017-09-18 12:25:53.640000,1.21991,1.21983,3000000,3000000
2017-09-18 12:25:54.106000,1.21989,1.21983,1120000,1500000
2017-09-18 12:25:54.208000,1.21988,1.21981,1000000,1000000
2017-09-18 12:25:54.718000,1.21987,1.21981,1000000,1000000
2017-09-18 12:25:55.434000,1.21987,1.2198,1000000,1500000
2017-09-18 12:25:55.973000,1.21987,1.2198,1000000,1870000
2017-09-18 12:25:56.468000,1.21991,1.21984,1120000,1130000
2017-09-18 12:25:56.519000,1.21994,1.21987,2700000,1130000
2017-09-18 12:25:57.952000,1.21996,1.21988,1000000,2810000
2017-09-18 12:25:58.464000,1.21996,1.2199,1000000,1000000
2017-09-18 12:25:59.294000,1.21996,1.21989,1000000,1500000
2017-09-18 12:26:03.490000,1.21996,1.21989,1000000,4120000
2017-09-18 12:26:04.238000,1.21999,1.2199,1870000,2250000
2017-09-18 12:26:04.289000,1.21997,1.21991,1000000,2810000
2017-09-18 12:26:04.341000,1.21999,1.21991,1000000,2620000
2017-09-18 12:26:04.881000,1.22,1.21992,3000000,2060000
2017-09-18 12:26:05.927000,1.22,1.21994,1000000,1690000
2017-09-18 12:26:06.457000,1.22001,1.21994,1000000,1000000
2017-09-18 12:26:10.770000,1.22001,1.21995,1000000,1000000
2017-09-18 12:26:11.354000,1.22002,1.21995,1000000,1250000
2017-09-18 12:26:13.709000,1.22,1.21993,1000000,1870000
2017-09-18 12:26:14.015000,1.21998,1.21991,1000000,1690000
2017-09-18 12:26:15.460000,1.21998,1.21991,1000000,1000000
2017-09-18 12:26:16.425000,1.21996,1.21991,1000000,1000000
2017-09-18 12:26:16.579000,1.21996,1.21989,1000000,3000000
2017-09-18 12:26:17.121000,1.21996,1.2199,1000000,1000000
2017-09-18 12:26:17.606000,1.21994,1.2199,1000000,1000000
2017-09-18 12:26:17.708000,1.21994,1.21988,1000000,1000000
2017-09-18 12:26:18.861000,1.21994,1.21989,1000000,1000000
2017-09-18 12:26:19.493000,1.21994,1.21988,1000000,1690000
2017-09-18 12:26:20.179000,1.21994,1.21989,1000000,1500000
2017-09-18 12:26:21.606000,1.21994,1.21987,1000000,2620000
2017-09-18 12:26:24.788000,1.21994,1.21989,1000000,1000000
2017-09-18 12:26:25.305000,1.21994,1.21988,1000000,1690000
2017-09-18 12:26:25.743000,1.21991,1.21986,1000000,1500000
2017-09-18 12:26:25.873000,1.21989,1.21982,1120000,1370000
2017-09-18 12:26:26.027000,1.21989,1.2198,1120000,3190000
2017-09-18 12:26:26.537000,1.21988,1.2198,1250000,1250000
2017-09-18 12:26:26.939000,1.21986,1.21979,1000000,1870000
2017-09-18 12:26:27.483000,1.21987,1.21979,1310000,1000000
2017-09-18 12:26:27.993000,1.21987,1.21978,1310000,3940000
2017-09-18 12:26:28.391000,1.21985,1.2198,3750000,1000000
2017-09-18 12:26:28.545000,1.21985,1.21978,4500000,2250000
2017-09-18 12:26:30.105000,1.21987,1.21979,1250000,1000000
2017-09-18 12:26:30.646000,1.21988,1.21979,1120000,3370000
2017-09-18 12:26:31.315000,1.21988,1.21979,1120000,2440000
2017-09-18 12:26:32.036000,1.21988,1.2198,1870000,1440000
2017-09-18 12:26:32.240000,1.21986,1.21979,2850000,1000000
2017-09-18 12:26:32.583000,1.2198,1.21975,1000000,1000000
2017-09-18 12:26:33.143000,1.2198,1.21974,1120000,1000000
2017-09-18 12:26:33.449000,1.2198,1.21972,1120000,1000000
2017-09-18 12:26:33.955000,1.2198,1.21973,1120000,1000000
2017-09-18 12:26:34.229000,1.21979,1.21971,1000000,1500000
2017-09-18 12:26:35.410000,1.21978,1.21971,1000000,1000000
2017-09-18 12:26:35.917000,1.2198,1.21971,1880000,1500000
2017-09-18 12:26:36.419000,1.21979,1.21971,1000000,1000000
2017-09-18 12:26:39.739000,1.21979,1.21972,2250000,1690000
2017-09-18 12:26:40.300000,1.2198,1.21973,4870000,1500000
2017-09-18 12:26:41.196000,1.2198,1.21972,4870000,1500000
2017-09-18 12:26:42.025000,1.2198,1.21972,4870000,2810000
2017-09-18 12:26:42.680000,1.2198,1.21971,4870000,6370000
2017-09-18 12:26:43.232000,1.2198,1.21972,4870000,1500000
2017-09-18 12:26:43.283000,1.2198,1.21972,4870000,2620000
2017-09-18 12:26:43.385000,1.2198,1.21971,4870000,4870000
2017-09-18 12:26:43.888000,1.21975,1.2197,3750000,7120000
2017-09-18 12:26:44.092000,1.21974,1.21967,4500000,2250000
2017-09-18 12:26:44.194000,1.21974,1.21969,3750000,1690000
2017-09-18 12:26:44.500000,1.21976,1.21972,3750000,3560000
2017-09-18 12:26:44.652000,1.2198,1.21972,1870000,3560000
2017-09-18 12:26:45.298000,1.2198,1.21972,1370000,1690000
2017-09-18 12:26:45.790000,1.21985,1.21978,2700000,1250000
2017-09-18 12:26:45.981000,1.21986,1.21979,1000000,1690000
2017-09-18 12:26:46.491000,1.21988,1.2198,5620000,1000000
2017-09-18 12:26:46.899000,1.21988,1.21981,5250000,1690000
2017-09-18 12:26:47.441000,1.21988,1.21981,4500000,1000000
2017-09-18 12:26:47.949000,1.21988,1.21981,1120000,1000000
2017-09-18 12:26:48.603000,1.21989,1.21982,1000000,1690000
2017-09-18 12:26:48.654000,1.21992,1.21984,1370000,2810000
2017-09-18 12:26:48.756000,1.21994,1.21985,1500000,3190000
2017-09-18 12:26:48.960000,1.21995,1.21987,4870000,1000000
2017-09-18 12:26:50.151000,1.2199,1.21985,3370000,3000000
2017-09-18 12:26:50.202000,1.21989,1.21983,1000000,1000000
2017-09-18 12:26:50.254000,1.21986,1.2198,2250000,1000000
2017-09-18 12:26:50.306000,1.21985,1.21978,1370000,2320000
2017-09-18 12:26:50.459000,1.21981,1.21977,1000000,4120000
2017-09-18 12:26:50.613000,1.21981,1.21974,1000000,1000000
2017-09-18 12:26:52.323000,1.21982,1.21976,1000000,2440000
2017-09-18 12:26:52.426000,1.21985,1.21977,1500000,1690000
2017-09-18 12:26:52.962000,1.21985,1.21978,1000000,2440000
2017-09-18 12:26:53.497000,1.21987,1.21978,1370000,2440000
2017-09-18 12:26:53.985000,1.21987,1.2198,1370000,1000000
2017-09-18 12:26:54.172000,1.21989,1.2198,1870000,1250000
2017-09-18 12:26:54.696000,1.21989,1.21981,1870000,1000000
2017-09-18 12:26:56.589000,1.21989,1.2198,1870000,1690000
2017-09-18 12:26:57.318000,1.21989,1.21981,1870000,1000000
2017-09-18 12:26:57.924000,1.21989,1.21982,1000000,1250000
2017-09-18 12:26:58.027000,1.21992,1.21985,1370000,1000000
2017-09-18 12:26:58.916000,1.21991,1.21983,1120000,2250000
2017-09-18 12:26:59.427000,1.21991,1.21983,1370000,1500000
2017-09-18 12:26:59.783000,1.21989,1.21981,1120000,1250000
2017-09-18 12:26:59.835000,1.21987,1.2198,1000000,3750000
2017-09-18 12:27:00.424000,1.21987,1.21981,1000000,1500000
2017-09-18 12:27:02.678000,1.21987,1.21979,1120000,1690000
2017-09-18 12:27:03.621000,1.21987,1.21978,1120000,1500000
2017-09-18 12:27:04.514000,1.21987,1.21982,1120000,1000000
2017-09-18 12:27:06.721000,1.21983,1.21979,1000000,1000000
2017-09-18 12:27:06.773000,1.21983,1.21977,1000000,1100000
2017-09-18 12:27:06.824000,1.21981,1.21977,1000000,1000000
2017-09-18 12:27:07.313000,1.21984,1.21977,1310000,1000000
2017-09-18 12:27:08.224000,1.21981,1.21977,1000000,1000000
2017-09-18 12:27:09.395000,1.21981,1.21976,1000000,1000000
2017-09-18 12:27:09.702000,1.21983,1.21978,1120000,1000000
2017-09-18 12:27:12.160000,1.21982,1.21977,1000000,1000000
2017-09-18 12:27:12.242000,1.21982,1.21974,1000000,2250000
2017-09-18 12:27:12.294000,1.21979,1.21974,1000000,1000000
2017-09-18 12:27:12.447000,1.21975,1.21968,1500000,1000000
2017-09-18 12:27:12.550000,1.21975,1.2197,1500000,1000000
2017-09-18 12:27:13.413000,1.21975,1.21971,1000000,1000000
2017-09-18 12:27:13.964000,1.21974,1.2197,1000000,1000000
2017-09-18 12:27:14.496000,1.21975,1.21971,1000000,1000000
2017-09-18 12:27:15.028000,1.21976,1.21971,1120000,1000000
2017-09-18 12:27:15.386000,1.21978,1.21974,1310000,1000000
2017-09-18 12:27:15.779000,1.2198,1.21975,1000000,1000000
2017-09-18 12:27:18.210000,1.21978,1.21974,1000000,1000000
2017-09-18 12:27:18.261000,1.21981,1.21975,2060000,1000000
2017-09-18 12:27:18.830000,1.21978,1.21974,1000000,1000000
2017-09-18 12:27:22.326000,1.2198,1.21975,1690000,1000000
2017-09-18 12:27:23.969000,1.21983,1.21979,1000000,1000000
2017-09-18 12:27:24.022000,1.21985,1.21979,2250000,1000000
2017-09-18 12:27:24.074000,1.21986,1.21981,1370000,1000000
2017-09-18 12:27:24.763000,1.21986,1.21981,1690000,1000000
2017-09-18 12:27:40.500000,1.21985,1.2198,1620000,1000000
2017-09-18 12:27:40.987000,1.2198,1.21976,1000000,1000000
2017-09-18 12:27:41.039000,1.21979,1.21975,1000000,1000000
2017-09-18 12:27:41.091000,1.21979,1.21973,1000000,1000000
2017-09-18 12:27:41.296000,1.21974,1.2197,1000000,1000000
2017-09-18 12:27:41.822000,1.21975,1.2197,1120000,1000000
2017-09-18 12:27:42.332000,1.21976,1.2197,1870000,1000000
2017-09-18 12:27:44.836000,1.21974,1.2197,1000000,1000000
2017-09-18 12:27:55.786000,1.21977,1.21972,1120000,1000000
2017-09-18 12:27:58.270000,1.21978,1.21972,1310000,1000000
2017-09-18 12:27:58.781000,1.21977,1.21972,1250000,1000000
2017-09-18 12:27:59.850000,1.21978,1.21972,1310000,1000000
2017-09-18 12:28:00.307000,1.21975,1.21971,1000000,1000000
2017-09-18 12:28:00.834000,1.21975,1.21971,1000000,1000000
2017-09-18 12:28:04.129000,1.21975,1.2197,1000000,1000000
2017-09-18 12:28:07.466000,1.21976,1.2197,1870000,1000000
2017-09-18 12:28:08.375000,1.21973,1.21968,1000000,1000000
2017-09-18 12:28:13.524000,1.21974,1.21968,1000000,1000000
2017-09-18 12:28:15.537000,1.21974,1.21967,1000000,1000000
2017-09-18 12:28:16.626000,1.21975,1.21971,1000000,1000000
2017-09-18 12:28:16.678000,1.21978,1.21971,2250000,1000000
2017-09-18 12:28:17.189000,1.21978,1.21971,2440000,1000000
2017-09-18 12:28:17.963000,1.21978,1.21972,1690000,1000000
2017-09-18 12:28:18.470000,1.21977,1.21972,1250000,1000000
2017-09-18 12:28:20.724000,1.21978,1.21972,1690000,1000000
2017-09-18 12:28:22.078000,1.21977,1.21972,1250000,1000000
2017-09-18 12:28:22.725000,1.21978,1.21972,1690000,1000000
2017-09-18 12:28:24.956000,1.21977,1.21972,1250000,1000000
2017-09-18 12:28:27.793000,1.21974,1.2197,1120000,1000000
2017-09-18 12:28:27.845000,1.21973,1.21968,1000000,1000000
2017-09-18 12:28:28.746000,1.21975,1.21968,2060000,1000000
2017-09-18 12:28:28.798000,1.21978,1.21971,3000000,1250000
2017-09-18 12:28:29.154000,1.21976,1.21971,1250000,1000000
2017-09-18 12:28:30.173000,1.21978,1.21972,1120000,1000000
2017-09-18 12:28:30.910000,1.21976,1.21972,1250000,1000000
2017-09-18 12:28:31.414000,1.21975,1.21971,1250000,1000000
2017-09-18 12:28:32.838000,1.21976,1.21972,1250000,1000000
2017-09-18 12:28:33.389000,1.21975,1.21971,1250000,1000000
2017-09-18 12:28:33.546000,1.21983,1.21979,1000000,1000000
2017-09-18 12:28:33.597000,1.21981,1.21977,1000000,1000000
2017-09-18 12:28:33.801000,1.21981,1.21976,1000000,1000000
2017-09-18 12:28:34.210000,1.21981,1.21974,1690000,1000000
2017-09-18 12:28:34.583000,1.2198,1.21974,2060000,1000000
2017-09-18 12:28:35.681000,1.2198,1.21974,1310000,1000000
2017-09-18 12:28:37.528000,1.2198,1.21974,1620000,1000000
2017-09-18 12:28:38.074000,1.2198,1.21973,1620000,1000000
2017-09-18 12:28:43.184000,1.2198,1.21973,1500000,1000000
2017-09-18 12:28:43.541000,1.21978,1.21973,1000000,1000000
2017-09-18 12:28:45.163000,1.2198,1.21973,1120000,1000000
2017-09-18 12:28:45.687000,1.2198,1.21974,1250000,1000000
2017-09-18 12:28:46.334000,1.21981,1.21974,3370000,1000000
2017-09-18 12:28:46.879000,1.2198,1.21974,1000000,1000000
2017-09-18 12:28:47.787000,1.21979,1.21974,1250000,1000000
2017-09-18 12:28:48.084000,1.21977,1.21972,1000000,1000000
2017-09-18 12:28:49.363000,1.21978,1.21972,1500000,1000000
2017-09-18 12:28:53.783000,1.21976,1.2197,1000000,1000000
2017-09-18 12:28:54.101000,1.21974,1.21969,1000000,1000000
2017-09-18 12:28:54.707000,1.21975,1.21969,1250000,1000000
2017-09-18 12:28:55.303000,1.21975,1.21969,1500000,1000000
2017-09-18 12:28:56.116000,1.21975,1.21969,2060000,1000000
2017-09-18 12:28:57.206000,1.21975,1.21969,3000000,1000000
2017-09-18 12:28:57.759000,1.21975,1.21968,3000000,1000000
2017-09-18 12:28:58.602000,1.21975,1.21968,3370000,1000000
2017-09-18 12:28:58.913000,1.21974,1.21968,1440000,1000000
2017-09-18 12:28:59.450000,1.21972,1.21967,1000000,1000000
2017-09-18 12:29:04.076000,1.21973,1.21967,1250000,1000000
2017-09-18 12:29:04.692000,1.21973,1.21967,1440000,1000000
2017-09-18 12:29:05.352000,1.21973,1.21967,1690000,1000000
2017-09-18 12:29:11.601000,1.21974,1.21967,4690000,1000000
2017-09-18 12:29:11.944000,1.21973,1.21967,1440000,1000000
2017-09-18 12:29:12.540000,1.21973,1.21967,1000000,1000000
2017-09-18 12:29:13.242000,1.21974,1.21967,3560000,1000000
2017-09-18 12:29:13.771000,1.21974,1.21968,2810000,1000000
2017-09-18 12:29:16.609000,1.21974,1.2197,1250000,1000000
2017-09-18 12:29:17.281000,1.21975,1.2197,3190000,1000000
2017-09-18 12:29:18.117000,1.21974,1.21969,1250000,1000000
2017-09-18 12:29:18.623000,1.21975,1.21969,1250000,1000000
2017-09-18 12:29:19.557000,1.21974,1.21969,1690000,1000000
2017-09-18 12:29:22.358000,1.21974,1.21968,1310000,1000000
2017-09-18 12:29:22.958000,1.21974,1.21968,2060000,1000000
2017-09-18 12:29:23.574000,1.21974,1.21968,2250000,1000000
2017-09-18 12:29:23.633000,1.21974,1.21966,2250000,1000000
2017-09-18 12:29:29.158000,1.21975,1.21966,3000000,1500000
2017-09-18 12:29:29.520000,1.21975,1.21968,2620000,1000000
2017-09-18 12:29:30.079000,1.21974,1.21968,1250000,1000000
2017-09-18 12:29:30.605000,1.21975,1.21968,1250000,1000000
2017-09-18 12:29:30.936000,1.21974,1.2197,1250000,1000000
2017-09-18 12:29:31.481000,1.21975,1.2197,1120000,1000000
2017-09-18 12:29:34.457000,1.21974,1.2197,1000000,1000000
2017-09-18 12:29:34.980000,1.21975,1.2197,1120000,1000000
2017-09-18 12:29:35.588000,1.21974,1.2197,1250000,1000000
2017-09-18 12:29:37.710000,1.21975,1.2197,1250000,1000000
2017-09-18 12:29:38.234000,1.21974,1.2197,1250000,1000000
2017-09-18 12:29:39.274000,1.21975,1.2197,1250000,1000000
2017-09-18 12:29:40.789000,1.21974,1.2197,1250000,1000000
2017-09-18 12:29:41.534000,1.21975,1.2197,1250000,1000000
2017-09-18 12:29:44.724000,1.21977,1.2197,4310000,1000000
2017-09-18 12:29:45.594000,1.21975,1.2197,1250000,1000000
2017-09-18 12:29:46.157000,1.21974,1.2197,1250000,1000000
2017-09-18 12:29:46.290000,1.21974,1.21967,1250000,1500000
2017-09-18 12:29:46.690000,1.21974,1.2197,1250000,1250000
2017-09-18 12:29:46.743000,1.21977,1.21972,1250000,1000000
2017-09-18 12:29:46.897000,1.21979,1.21972,1000000,2620000
2017-09-18 12:29:47.102000,1.21982,1.21972,1690000,4120000
2017-09-18 12:29:47.763000,1.21982,1.21972,1690000,5810000
2017-09-18 12:29:49.524000,1.21982,1.21972,1250000,1690000
2017-09-18 12:29:49.626000,1.21982,1.21972,1250000,3370000
2017-09-18 12:29:50.008000,1.21981,1.21972,1250000,1690000
2017-09-18 12:29:50.378000,1.21981,1.21974,1250000,1000000
2017-09-18 12:29:50.684000,1.21984,1.21979,1250000,2060000
2017-09-18 12:29:50.888000,1.21986,1.21979,1250000,3370000
2017-09-18 12:29:51.397000,1.21986,1.2198,1250000,1000000
2017-09-18 12:29:53.255000,1.21985,1.2198,1250000,1120000
2017-09-18 12:29:53.884000,1.21986,1.2198,1250000,1000000
2017-09-18 12:29:55.073000,1.21985,1.2198,1250000,1000000
2017-09-18 12:29:55.175000,1.21988,1.21981,1250000,1120000
2017-09-18 12:29:55.227000,1.21989,1.21983,1690000,1000000
2017-09-18 12:29:55.855000,1.2199,1.21983,1880000,1000000
2017-09-18 12:29:55.906000,1.21989,1.21981,1690000,1000000
2017-09-18 12:29:55.957000,1.21989,1.21979,1810000,1000000
2017-09-18 12:29:56.264000,1.21986,1.21976,2100000,1000000
2017-09-18 12:29:56.796000,1.21985,1.21975,1690000,1000000
2017-09-18 12:29:57.494000,1.21984,1.21975,1310000,1000000
2017-09-18 12:29:57.597000,1.21985,1.21975,2060000,2250000
2017-09-18 12:29:58.209000,1.21984,1.21975,1250000,2250000
2017-09-18 12:29:58.722000,1.21984,1.21976,1250000,1000000
2017-09-18 12:29:59.246000,1.21984,1.21975,1310000,1000000
2017-09-18 12:29:59.777000,1.21985,1.21975,2810000,1000000
2017-09-18 12:30:00.301000,1.21984,1.21974,1120000,1000000
2017-09-18 12:30:00.353000,1.21982,1.21974,1000000,1000000
2017-09-18 12:30:00.937000,1.21983,1.21974,2440000,1000000
2017-09-18 12:30:01.498000,1.21982,1.21974,1440000,1000000
2017-09-18 12:30:02.156000,1.21981,1.21973,1000000,1000000
2017-09-18 12:30:02.564000,1.21982,1.21976,1250000,1000000
2017-09-18 12:30:02.747000,1.21982,1.21974,1620000,1000000
2017-09-18 12:30:04.180000,1.2198,1.21974,1000000,1000000
2017-09-18 12:30:04.689000,1.21981,1.21973,1120000,1000000
2017-09-18 12:30:05.225000,1.21981,1.21973,1620000,1000000
2017-09-18 12:30:05.733000,1.21981,1.21973,1620000,1000000
2017-09-18 12:30:05.944000,1.21979,1.2197,2810000,1000000
2017-09-18 12:30:06.441000,1.21979,1.21971,1000000,1000000
2017-09-18 12:30:06.984000,1.21978,1.21972,1000000,1000000
2017-09-18 12:30:07.518000,1.21979,1.21971,1000000,1000000
2017-09-18 12:30:07.570000,1.21979,1.21968,1870000,2440000
2017-09-18 12:30:08.100000,1.21977,1.21969,1000000,2250000
2017-09-18 12:30:09.783000,1.21977,1.2197,1000000,1000000
2017-09-18 12:30:10.320000,1.21977,1.21971,1000000,1000000
2017-09-18 12:30:10.504000,1.2198,1.2197,2440000,1690000
2017-09-18 12:30:11.052000,1.2198,1.21971,1690000,1000000
2017-09-18 12:30:11.561000,1.21979,1.2197,1000000,2250000
2017-09-18 12:30:12.128000,1.2198,1.21971,1500000,1250000
2017-09-18 12:30:12.680000,1.2198,1.21971,1000000,2440000
2017-09-18 12:30:13.209000,1.21983,1.21976,1250000,1000000
2017-09-18 12:30:13.542000,1.21983,1.21979,1690000,1000000
2017-09-18 12:30:13.598000,1.21985,1.21979,1690000,1000000
2017-09-18 12:30:13.863000,1.21985,1.21981,1250000,1000000
2017-09-18 12:30:14.530000,1.21984,1.2198,1250000,1000000
2017-09-18 12:30:15.052000,1.21985,1.21981,1250000,1000000
2017-09-18 12:30:15.788000,1.21985,1.2198,1250000,1000000
2017-09-18 12:30:16.451000,1.21984,1.2198,1250000,1000000
2017-09-18 12:30:19.770000,1.21985,1.2198,1250000,1000000
2017-09-18 12:30:21.642000,1.21984,1.21977,1250000,2250000
2017-09-18 12:30:22.306000,1.21984,1.21977,3190000,1000000
2017-09-18 12:30:22.899000,1.21984,1.21977,3560000,1000000
2017-09-18 12:30:23.130000,1.21982,1.21977,1000000,1000000
2017-09-18 12:30:23.840000,1.21983,1.21976,1000000,1000000
2017-09-18 12:30:25.273000,1.21982,1.21974,1630000,1000000
2017-09-18 12:30:25.781000,1.21982,1.21975,3000000,1000000
2017-09-18 12:30:26.200000,1.21982,1.21975,2810000,1000000
2017-09-18 12:30:26.765000,1.21982,1.21975,3000000,1000000
2017-09-18 12:30:27.312000,1.21982,1.21975,2620000,1000000
2017-09-18 12:30:28.224000,1.21981,1.21975,1000000,1000000
2017-09-18 12:30:28.906000,1.21982,1.21975,2810000,1000000
2017-09-18 12:30:29.108000,1.21976,1.21971,1000000,1310000
2017-09-18 12:30:29.210000,1.21976,1.21969,2620000,1000000
2017-09-18 12:30:29.864000,1.21976,1.21969,1870000,1000000
2017-09-18 12:30:30.402000,1.21976,1.21969,1250000,1000000
2017-09-18 12:30:33.218000,1.21976,1.21969,1190000,1000000
2017-09-18 12:30:33.868000,1.21976,1.21969,1250000,1000000
2017-09-18 12:30:34.116000,1.21975,1.21967,1440000,1000000
2017-09-18 12:30:34.458000,1.21971,1.21965,1000000,1000000
2017-09-18 12:30:35.016000,1.21972,1.21965,2440000,1000000
2017-09-18 12:30:35.525000,1.21971,1.21965,1690000,1000000
2017-09-18 12:30:36.053000,1.21972,1.21965,1250000,1000000
2017-09-18 12:30:36.840000,1.21971,1.21965,1250000,1000000
2017-09-18 12:30:39.018000,1.21973,1.21967,1000000,1000000
2017-09-18 12:30:39.367000,1.21974,1.2197,1250000,1000000
2017-09-18 12:30:39.523000,1.21976,1.2197,1250000,1000000
2017-09-18 12:30:39.625000,1.21975,1.21971,1250000,1000000
2017-09-18 12:30:40.134000,1.21976,1.21972,1250000,1000000
2017-09-18 12:30:40.842000,1.21975,1.2197,1250000,1250000
2017-09-18 12:30:41.387000,1.21975,1.2197,1250000,1310000
2017-09-18 12:30:41.903000,1.21975,1.2197,1250000,1310000
2017-09-18 12:30:42.029000,1.21976,1.21972,1250000,1000000
2017-09-18 12:30:42.555000,1.21975,1.2197,1250000,1250000
2017-09-18 12:30:42.809000,1.21976,1.21972,1250000,1000000
2017-09-18 12:30:43.216000,1.21978,1.21973,1000000,1000000
2017-09-18 12:30:43.318000,1.21976,1.21972,1250000,1000000
2017-09-18 12:30:43.420000,1.21975,1.21969,1250000,1500000
2017-09-18 12:30:43.522000,1.21976,1.21972,1250000,1000000
2017-09-18 12:30:44.201000,1.21975,1.21968,1250000,6380000
2017-09-18 12:30:44.303000,1.21976,1.21972,1250000,1000000
2017-09-18 12:30:45.050000,1.21975,1.21968,1250000,9000000
2017-09-18 12:30:45.378000,1.21976,1.21972,1250000,1000000
2017-09-18 12:30:45.832000,1.21976,1.21971,1250000,1000000
2017-09-18 12:30:46.939000,1.21975,1.21971,1250000,1000000
2017-09-18 12:30:47.448000,1.21977,1.21973,1250000,1000000
2017-09-18 12:30:47.995000,1.21978,1.21973,1250000,1000000
2017-09-18 12:30:48.910000,1.21977,1.21971,1250000,4120000
2017-09-18 12:30:49.541000,1.21978,1.21974,1250000,1000000
2017-09-18 12:30:52.105000,1.21977,1.21971,1250000,8810000
2017-09-18 12:30:52.467000,1.21978,1.21974,1250000,1000000
2017-09-18 12:30:52.570000,1.21977,1.21971,1250000,14060000
2017-09-18 12:30:52.760000,1.21978,1.21974,1250000,1000000
2017-09-18 12:30:53.654000,1.21977,1.21971,1250000,15940000
2017-09-18 12:30:54.247000,1.21977,1.21971,1250000,21000000
2017-09-18 12:30:55.165000,1.21978,1.21974,1250000,1000000
2017-09-18 12:30:55.334000,1.21977,1.21973,1250000,1000000
2017-09-18 12:30:56.910000,1.21978,1.21973,1250000,1000000
2017-09-18 12:30:56.961000,1.21981,1.21973,1120000,1000000
2017-09-18 12:30:58.351000,1.21981,1.21973,1370000,1000000
2017-09-18 12:30:58.555000,1.21983,1.21975,2060000,1000000
2017-09-18 12:30:58.861000,1.21983,1.21977,1690000,1000000
2017-09-18 12:30:59.369000,1.21983,1.21978,1250000,1000000
2017-09-18 12:31:00.326000,1.21982,1.21978,1250000,1000000
2017-09-18 12:31:00.859000,1.21983,1.21978,1250000,1000000
2017-09-18 12:31:01.436000,1.21982,1.21978,1250000,1000000
2017-09-18 12:31:01.980000,1.21983,1.21978,1250000,1000000
2017-09-18 12:31:02.393000,1.21982,1.21975,1250000,3750000
2017-09-18 12:31:02.894000,1.21983,1.21975,1250000,3560000
2017-09-18 12:31:03.473000,1.21983,1.21975,1250000,4310000
2017-09-18 12:31:03.985000,1.21982,1.21975,1250000,3560000
2017-09-18 12:31:04.633000,1.21983,1.21975,1250000,3560000
2017-09-18 12:31:06.119000,1.21982,1.21978,1250000,1690000
2017-09-18 12:31:06.175000,1.21985,1.21978,1250000,3750000
2017-09-18 12:31:06.688000,1.21984,1.2198,1250000,1500000
2017-09-18 12:31:06.790000,1.21986,1.21979,1250000,1690000
2017-09-18 12:31:07.146000,1.21986,1.2198,1250000,1440000
2017-09-18 12:31:07.740000,1.21987,1.2198,1250000,1250000
2017-09-18 12:31:08.427000,1.21986,1.2198,1250000,1690000
2017-09-18 12:31:08.952000,1.21987,1.2198,1250000,1870000
2017-09-18 12:31:09.527000,1.21986,1.2198,1250000,1500000
2017-09-18 12:31:10.168000,1.21987,1.2198,1250000,1500000
2017-09-18 12:31:10.775000,1.21986,1.2198,1250000,1500000
2017-09-18 12:31:12.838000,1.21987,1.2198,1250000,1000000
2017-09-18 12:31:13.915000,1.21986,1.2198,1250000,1250000
2017-09-18 12:31:14.465000,1.21987,1.2198,1250000,1000000
2017-09-18 12:31:15.552000,1.21986,1.2198,1250000,1000000
2017-09-18 12:31:16.107000,1.21987,1.2198,1250000,1250000
2017-09-18 12:31:17.468000,1.21986,1.2198,1250000,1000000
2017-09-18 12:31:17.963000,1.21987,1.21983,1250000,1000000
2017-09-18 12:31:18.618000,1.21987,1.21983,1250000,1000000
2017-09-18 12:31:18.906000,1.21983,1.21975,1620000,1000000
2017-09-18 12:31:19.213000,1.2198,1.21973,1440000,1000000
2017-09-18 12:31:19.749000,1.2198,1.21973,1690000,1000000
2017-09-18 12:31:20.255000,1.21978,1.21971,1690000,1000000
2017-09-18 12:31:20.949000,1.21978,1.21971,1250000,1000000
2017-09-18 12:31:21.458000,1.21978,1.2197,3070000,1000000
2017-09-18 12:31:21.970000,1.21978,1.21971,3370000,1000000
2017-09-18 12:31:22.699000,1.21978,1.21971,3000000,1000000
2017-09-18 12:31:23.411000,1.21978,1.21971,1250000,1000000
2017-09-18 12:31:24.043000,1.21978,1.21971,1500000,1000000
2017-09-18 12:31:24.576000,1.21978,1.21971,2810000,1000000
2017-09-18 12:31:25.090000,1.21978,1.2197,1500000,1000000
2017-09-18 12:31:25.741000,1.21978,1.2197,1310000,1000000
2017-09-18 12:31:26.046000,1.21976,1.2197,1370000,1000000
2017-09-18 12:31:26.148000,1.21974,1.21968,1310000,1000000
2017-09-18 12:31:26.200000,1.21975,1.21966,3750000,1000000
2017-09-18 12:31:26.693000,1.21974,1.21966,2810000,1000000
2017-09-18 12:31:26.925000,1.21974,1.21966,1870000,1000000
2017-09-18 12:31:26.976000,1.21974,1.21966,2810000,1000000
2017-09-18 12:31:27.498000,1.21974,1.21967,3750000,1000000
2017-09-18 12:31:27.804000,1.21973,1.21969,1120000,1000000
2017-09-18 12:31:28.348000,1.21974,1.21969,1120000,1000000
2017-09-18 12:31:28.400000,1.21974,1.21967,1500000,1000000
2017-09-18 12:31:29.014000,1.21975,1.21969,1620000,1000000
2017-09-18 12:31:29.525000,1.21974,1.2197,1250000,1000000
2017-09-18 12:31:30.069000,1.21975,1.2197,1250000,1000000
2017-09-18 12:31:30.991000,1.21975,1.21969,1250000,1000000
2017-09-18 12:31:31.509000,1.21974,1.21969,1250000,1000000
2017-09-18 12:31:31.815000,1.21975,1.21967,1690000,1000000
2017-09-18 12:31:31.866000,1.21975,1.21968,2060000,1000000
2017-09-18 12:31:34.185000,1.21974,1.21966,1620000,1000000
2017-09-18 12:31:37.990000,1.21973,1.21968,1000000,1000000
2017-09-18 12:31:38.462000,1.21974,1.2197,1250000,1000000
2017-09-18 12:31:38.963000,1.21975,1.2197,1250000,1000000
2017-09-18 12:31:42.669000,1.21974,1.2197,1250000,1000000
2017-09-18 12:31:43.178000,1.21975,1.21969,1000000,1000000
2017-09-18 12:31:43.722000,1.21974,1.21969,1000000,1000000
2017-09-18 12:31:44.306000,1.21974,1.21969,1370000,1000000
2017-09-18 12:31:44.737000,1.21974,1.21967,1880000,1000000
2017-09-18 12:31:45.671000,1.21976,1.21972,1000000,1000000
2017-09-18 12:31:45.838000,1.2198,1.21974,1120000,1000000
2017-09-18 12:31:45.889000,1.21978,1.21974,1250000,1000000
2017-09-18 12:31:46.297000,1.21979,1.21975,1250000,1000000
2017-09-18 12:31:47.352000,1.21978,1.21973,1250000,2620000
2017-09-18 12:31:47.935000,1.21978,1.21973,1250000,9190000
2017-09-18 12:31:49.184000,1.21979,1.21974,1250000,1000000
2017-09-18 12:31:49.235000,1.21979,1.21972,2060000,1000000
2017-09-18 12:31:49.743000,1.21978,1.21972,1250000,1000000
2017-09-18 12:31:50.264000,1.21978,1.2197,3190000,1000000
2017-09-18 12:31:53.036000,1.21978,1.2197,3750000,1000000
2017-09-18 12:31:53.620000,1.21978,1.2197,3750000,1000000
2017-09-18 12:31:54.140000,1.21979,1.21972,2060000,1000000
2017-09-18 12:31:54.446000,1.21979,1.21974,2060000,1000000
2017-09-18 12:31:55.262000,1.21979,1.21974,2060000,1000000
2017-09-18 12:31:56.822000,1.21978,1.21974,1250000,1000000
2017-09-18 12:31:57.861000,1.21978,1.21973,1250000,1000000
2017-09-18 12:31:58.581000,1.21979,1.21973,1310000,1000000
2017-09-18 12:32:00.090000,1.21978,1.21973,1250000,1000000
2017-09-18 12:32:00.600000,1.21979,1.21973,1310000,1000000
2017-09-18 12:32:01.472000,1.21978,1.21973,1250000,1000000
2017-09-18 12:32:02.222000,1.21979,1.21973,2060000,1000000
2017-09-18 12:32:02.944000,1.21978,1.21973,1250000,1000000
2017-09-18 12:32:03.552000,1.21979,1.21973,2060000,1000000
2017-09-18 12:32:04.588000,1.21978,1.21973,1250000,1000000
2017-09-18 12:32:04.742000,1.21981,1.21975,1310000,1000000
2017-09-18 12:32:05.569000,1.21981,1.21973,1310000,1000000
2017-09-18 12:32:06.108000,1.21981,1.21972,2060000,1000000
2017-09-18 12:32:06.615000,1.2198,1.2197,1000000,2620000
2017-09-18 12:32:09.049000,1.2198,1.2197,1120000,1690000
2017-09-18 12:32:09.709000,1.2198,1.2197,1120000,1310000
2017-09-18 12:32:10.311000,1.2198,1.2197,3190000,1500000
2017-09-18 12:32:10.920000,1.21979,1.2197,1500000,3000000
2017-09-18 12:32:17.644000,1.21979,1.21969,2250000,1500000
2017-09-18 12:32:18.181000,1.21979,1.21968,2250000,1500000
2017-09-18 12:32:18.702000,1.21978,1.21968,3190000,1000000
2017-09-18 12:32:19.397000,1.21978,1.21968,3370000,1000000
2017-09-18 12:32:20.122000,1.21978,1.21968,2620000,1120000
2017-09-18 12:32:20.884000,1.21978,1.21967,3190000,1120000
2017-09-18 12:32:21.204000,1.21977,1.21969,2250000,1000000
2017-09-18 12:32:21.768000,1.21977,1.21969,2060000,1000000
2017-09-18 12:32:22.523000,1.21977,1.21969,2250000,1000000
2017-09-18 12:32:23.131000,1.21977,1.21969,1870000,1000000
2017-09-18 12:32:29.308000,1.21977,1.21969,1440000,1000000
2017-09-18 12:32:30.673000,1.21978,1.21971,4120000,1000000
2017-09-18 12:32:31.212000,1.21979,1.21972,2060000,1000000
2017-09-18 12:32:32.855000,1.21978,1.21972,1250000,1000000
2017-09-18 12:32:33.178000,1.21979,1.21974,2060000,1000000
2017-09-18 12:32:34.990000,1.21978,1.21974,1250000,1000000
2017-09-18 12:32:35.196000,1.21979,1.21972,1310000,1000000
2017-09-18 12:32:35.727000,1.21979,1.21972,1120000,1000000
2017-09-18 12:32:36.242000,1.21979,1.21972,2810000,1000000
2017-09-18 12:32:46.258000,1.21978,1.21972,1500000,1000000
2017-09-18 12:32:47.643000,1.21978,1.21972,3560000,1000000
2017-09-18 12:32:48.299000,1.21978,1.21972,1500000,1000000
2017-09-18 12:32:49.453000,1.21979,1.21972,5250000,1000000
2017-09-18 12:32:50.336000,1.21979,1.21972,1690000,1000000
2017-09-18 12:32:53.405000,1.21979,1.21974,1250000,1000000
2017-09-18 12:32:53.915000,1.21979,1.21975,1690000,1000000
2017-09-18 12:32:55.908000,1.21978,1.21974,1250000,1000000
2017-09-18 12:32:57.421000,1.21979,1.21975,1250000,1000000
2017-09-18 12:32:57.981000,1.21979,1.21973,1250000,1000000
2017-09-18 12:33:00.109000,1.21978,1.21973,1250000,1000000
2017-09-18 12:33:01.210000,1.21979,1.21972,1310000,1000000
2017-09-18 12:33:01.650000,1.21978,1.2197,2440000,1000000
2017-09-18 12:33:02.538000,1.21978,1.2197,2810000,1000000
2017-09-18 12:33:03.176000,1.21978,1.2197,3190000,1000000
2017-09-18 12:33:06.215000,1.21978,1.2197,1250000,1000000
2017-09-18 12:33:06.987000,1.21978,1.2197,1440000,1000000
2017-09-18 12:33:07.528000,1.21978,1.2197,1500000,1000000
2017-09-18 12:33:09.025000,1.21978,1.2197,1440000,1000000
2017-09-18 12:33:10.587000,1.21978,1.2197,1250000,1000000
2017-09-18 12:33:11.088000,1.21978,1.2197,1310000,1000000
2017-09-18 12:33:11.619000,1.21978,1.2197,1250000,1000000
2017-09-18 12:33:13.048000,1.21978,1.21971,1310000,1000000
2017-09-18 12:33:13.692000,1.21978,1.21971,1120000,1000000
2017-09-18 12:33:14.088000,1.21976,1.21969,1870000,1000000
2017-09-18 12:33:14.700000,1.21975,1.21969,2060000,1000000
2017-09-18 12:33:15.299000,1.21974,1.21969,1000000,1000000
2017-09-18 12:33:16.021000,1.21975,1.21969,2060000,1000000
2017-09-18 12:33:16.912000,1.21974,1.21969,1000000,1000000
2017-09-18 12:33:19.278000,1.21974,1.21968,1250000,1000000
2017-09-18 12:33:19.329000,1.21973,1.21966,1000000,1000000
2017-09-18 12:33:19.939000,1.21974,1.21966,1690000,1000000
2017-09-18 12:33:24.223000,1.21975,1.21966,4500000,1000000
2017-09-18 12:33:24.839000,1.21974,1.21966,1250000,1000000
2017-09-18 12:33:27.185000,1.21974,1.21966,1620000,1000000
2017-09-18 12:33:33.967000,1.21974,1.21966,1310000,1000000
2017-09-18 12:33:35.269000,1.21974,1.21966,4500000,1000000
2017-09-18 12:33:35.933000,1.21974,1.21966,4500000,1000000
2017-09-18 12:33:36.739000,1.21973,1.21966,1000000,1000000
2017-09-18 12:33:37.488000,1.21974,1.21966,2060000,1000000
2017-09-18 12:33:47.006000,1.21974,1.21966,2630000,1000000
2017-09-18 12:33:47.058000,1.2197,1.21963,4500000,1000000
2017-09-18 12:33:47.395000,1.21962,1.21956,1120000,1000000
2017-09-18 12:33:48.131000,1.21961,1.21956,1000000,1000000
2017-09-18 12:33:48.643000,1.21962,1.21956,1870000,1000000
2017-09-18 12:33:51.072000,1.21961,1.21956,1000000,1000000
2017-09-18 12:33:51.532000,1.2196,1.21952,1310000,2250000
2017-09-18 12:33:51.686000,1.21959,1.21953,1310000,1000000
2017-09-18 12:33:52.194000,1.21959,1.21952,1250000,1000000
2017-09-18 12:33:53.155000,1.2196,1.21954,2060000,1000000
2017-09-18 12:33:57.128000,1.2196,1.21956,1310000,1000000
2017-09-18 12:33:58.056000,1.21959,1.21955,1310000,1000000
2017-09-18 12:34:00.040000,1.2196,1.21955,1310000,1000000
2017-09-18 12:34:00.562000,1.2196,1.21956,2060000,1000000
2017-09-18 12:34:00.869000,1.2196,1.21954,2060000,1000000
2017-09-18 12:34:01.723000,1.21959,1.21954,1250000,1000000
2017-09-18 12:34:02.111000,1.2196,1.21956,1250000,1000000
2017-09-18 12:34:02.630000,1.21962,1.21956,1370000,1000000
2017-09-18 12:34:04.178000,1.21961,1.21955,2250000,1000000
2017-09-18 12:34:06.059000,1.2196,1.21955,1000000,1000000
2017-09-18 12:34:06.568000,1.21961,1.21955,1500000,1000000
2017-09-18 12:34:07.135000,1.21961,1.21955,3190000,1000000
2017-09-18 12:34:08.535000,1.21959,1.21955,1000000,1000000
2017-09-18 12:34:09.085000,1.21962,1.21955,3190000,1000000
2017-09-18 12:34:13.102000,1.2196,1.21951,5810000,2250000
2017-09-18 12:34:13.615000,1.21958,1.21951,2250000,1000000
2017-09-18 12:34:16.252000,1.21957,1.2195,1870000,1000000
2017-09-18 12:34:16.845000,1.21956,1.2195,1500000,1000000
2017-09-18 12:34:17.153000,1.21958,1.2195,1000000,1000000
2017-09-18 12:34:17.665000,1.21957,1.2195,1000000,1000000
2017-09-18 12:34:20.913000,1.21958,1.2195,1000000,1000000
2017-09-18 12:34:22.963000,1.21958,1.21952,1000000,1000000
2017-09-18 12:34:27.303000,1.21959,1.21952,3000000,1000000
2017-09-18 12:34:27.610000,1.21957,1.21953,1000000,1000000
2017-09-18 12:34:28.400000,1.21959,1.21953,1870000,1000000
2017-09-18 12:34:28.915000,1.21961,1.21954,1370000,1000000
2017-09-18 12:34:29.829000,1.21961,1.21955,1120000,1000000
2017-09-18 12:34:29.881000,1.21963,1.21957,2250000,1250000
2017-09-18 12:34:30.186000,1.21963,1.21959,1000000,1000000
2017-09-18 12:34:30.830000,1.21963,1.21959,1000000,1000000
2017-09-18 12:34:30.932000,1.21964,1.21959,1120000,1000000
2017-09-18 12:34:30.983000,1.2196,1.21956,1000000,1000000
2017-09-18 12:34:31.136000,1.21963,1.21959,1000000,1000000
2017-09-18 12:34:31.444000,1.21965,1.21957,1000000,1000000
2017-09-18 12:34:32.039000,1.21964,1.21957,1120000,1000000
2017-09-18 12:34:32.474000,1.21967,1.2196,2620000,1000000
2017-09-18 12:34:32.990000,1.21967,1.2196,1500000,1500000
2017-09-18 12:34:33.533000,1.21967,1.21961,1000000,1000000
2017-09-18 12:34:33.897000,1.21969,1.21962,2620000,1500000
2017-09-18 12:34:39.608000,1.21968,1.21961,2620000,1000000
2017-09-18 12:34:40.130000,1.21967,1.2196,2250000,1000000
2017-09-18 12:34:41.154000,1.21967,1.2196,1870000,1000000
2017-09-18 12:34:42.376000,1.21965,1.21958,1000000,1500000
2017-09-18 12:34:42.885000,1.21964,1.21957,1000000,1000000
2017-09-18 12:34:43.419000,1.21965,1.21958,1000000,1500000
2017-09-18 12:34:43.959000,1.21964,1.21958,1000000,1500000
2017-09-18 12:34:46.162000,1.21966,1.21958,1120000,1000000
2017-09-18 12:34:46.213000,1.21967,1.2196,3370000,1000000
2017-09-18 12:34:46.519000,1.21967,1.21962,1000000,1000000
2017-09-18 12:34:47.177000,1.21968,1.21962,1120000,1000000
2017-09-18 12:34:51.934000,1.2197,1.21966,2250000,1000000
2017-09-18 12:34:51.985000,1.21971,1.21967,1120000,1000000
2017-09-18 12:34:59.108000,1.21973,1.21967,1120000,1000000
2017-09-18 12:34:59.213000,1.21975,1.21969,1500000,1000000
2017-09-18 12:35:00.182000,1.21974,1.21969,1000000,1000000
2017-09-18 12:35:00.725000,1.21976,1.21969,1120000,1000000
2017-09-18 12:35:01.234000,1.21976,1.21971,1120000,1000000
2017-09-18 12:35:01.722000,1.21978,1.21971,1120000,1000000
2017-09-18 12:35:01.901000,1.21976,1.21971,1500000,1000000
2017-09-18 12:35:02.413000,1.21976,1.2197,2620000,1000000
2017-09-18 12:35:02.723000,1.21976,1.2197,2620000,1000000
2017-09-18 12:35:04.995000,1.21975,1.2197,1000000,1000000
2017-09-18 12:35:05.504000,1.21976,1.2197,1120000,1000000
2017-09-18 12:35:12.007000,1.21974,1.21967,1000000,1000000
2017-09-18 12:35:12.516000,1.21973,1.21967,1000000,1000000
2017-09-18 12:35:13.567000,1.21974,1.21967,1000000,1000000
2017-09-18 12:35:13.725000,1.21975,1.21969,1000000,1000000
2017-09-18 12:35:14.353000,1.21976,1.21969,4120000,1000000
2017-09-18 12:35:16.322000,1.21976,1.21969,4500000,1000000
2017-09-18 12:35:17.015000,1.21976,1.21969,3000000,1000000
2017-09-18 12:35:17.555000,1.21978,1.21974,2250000,1000000
2017-09-18 12:35:17.606000,1.2198,1.21976,1120000,1000000
2017-09-18 12:35:17.658000,1.21982,1.21978,1000000,1000000
2017-09-18 12:35:17.760000,1.21984,1.21978,2620000,1000000
2017-09-18 12:35:19.789000,1.21985,1.21978,1870000,1000000
2017-09-18 12:35:20.102000,1.21984,1.2198,1000000,1000000
2017-09-18 12:35:20.153000,1.21987,1.2198,1370000,1000000
2017-09-18 12:35:20.509000,1.21988,1.21981,1000000,1250000
2017-09-18 12:35:21.053000,1.21987,1.21981,1120000,1000000
2017-09-18 12:35:22.778000,1.21988,1.21981,2250000,1000000
2017-09-18 12:35:23.768000,1.21988,1.21981,2810000,1000000
2017-09-18 12:35:30.796000,1.21988,1.21981,2620000,1000000
2017-09-18 12:35:31.326000,1.21989,1.21982,2060000,1000000
2017-09-18 12:35:31.912000,1.21989,1.21983,1870000,1000000
2017-09-18 12:35:32.525000,1.21989,1.21983,1870000,1000000
2017-09-18 12:35:36.654000,1.21989,1.2198,3750000,1000000
2017-09-18 12:35:36.757000,1.21987,1.21979,2060000,1000000
2017-09-18 12:35:37.265000,1.21987,1.21979,1000000,1000000
2017-09-18 12:35:43.320000,1.21987,1.2198,1000000,1000000
2017-09-18 12:35:47.426000,1.21988,1.2198,1000000,1000000
2017-09-18 12:35:48.100000,1.21989,1.2198,2620000,1000000
2017-09-18 12:35:49.627000,1.21988,1.2198,1000000,1000000
2017-09-18 12:35:52.605000,1.21989,1.2198,2620000,1000000
2017-09-18 12:35:55.298000,1.21988,1.2198,1000000,1000000
2017-09-18 12:35:56.238000,1.21988,1.21981,1000000,1000000
2017-09-18 12:35:56.746000,1.21989,1.2198,4310000,1000000
2017-09-18 12:35:59.990000,1.21989,1.21981,2620000,1000000
2017-09-18 12:36:00.393000,1.21986,1.21982,1000000,1000000
2017-09-18 12:36:00.496000,1.21988,1.21983,1000000,1000000
2017-09-18 12:36:01.007000,1.21991,1.21984,1370000,1000000
2017-09-18 12:36:01.519000,1.21989,1.21983,1000000,1000000
2017-09-18 12:36:02.061000,1.21989,1.21984,1000000,1000000
2017-09-18 12:36:02.565000,1.2199,1.21984,1120000,1000000
2017-09-18 12:36:03.182000,1.21989,1.21984,1000000,1000000
2017-09-18 12:36:03.700000,1.2199,1.21984,1120000,1000000
2017-09-18 12:36:04.204000,1.2199,1.21983,1120000,1000000
2017-09-18 12:36:05.382000,1.2199,1.21984,1120000,1000000
2017-09-18 12:36:05.908000,1.21989,1.21984,1000000,1000000
2017-09-18 12:36:07.113000,1.2199,1.21984,1120000,1500000
2017-09-18 12:36:07.420000,1.21989,1.21982,2440000,1500000
2017-09-18 12:36:08.691000,1.21989,1.21982,1870000,1500000
2017-09-18 12:36:09.209000,1.21989,1.21982,2250000,1000000
2017-09-18 12:36:10.175000,1.21989,1.21983,1500000,1000000
2017-09-18 12:36:10.766000,1.2199,1.21985,1120000,1000000
2017-09-18 12:36:11.270000,1.21989,1.21985,1000000,1000000
2017-09-18 12:36:15.792000,1.2199,1.21985,1120000,1000000
2017-09-18 12:36:24.397000,1.2199,1.21986,1120000,1000000
2017-09-18 12:36:25.109000,1.2199,1.21985,1870000,1000000
2017-09-18 12:36:28.461000,1.2199,1.21983,1870000,1000000
2017-09-18 12:36:29.066000,1.21989,1.21983,1000000,1000000
2017-09-18 12:36:32.466000,1.2199,1.21983,1310000,1500000
2017-09-18 12:36:33.063000,1.2199,1.21984,1000000,1000000
2017-09-18 12:36:35.320000,1.21991,1.21985,1500000,1000000
2017-09-18 12:36:37.850000,1.21993,1.21989,1120000,1000000
2017-09-18 12:36:38.914000,1.21997,1.21989,3370000,1000000
2017-09-18 12:36:42.261000,1.21997,1.21989,3370000,1000000
2017-09-18 12:36:42.787000,1.21996,1.21989,1000000,1000000
2017-09-18 12:36:43.322000,1.21995,1.21989,1000000,1000000
2017-09-18 12:36:44.034000,1.21996,1.21989,1000000,1000000
2017-09-18 12:36:47.974000,1.21996,1.21989,1690000,1000000
2017-09-18 12:36:48.266000,1.21992,1.21988,1130000,1000000
2017-09-18 12:36:48.317000,1.21992,1.21986,3000000,1000000
2017-09-18 12:36:48.368000,1.21992,1.21984,3940000,1500000
2017-09-18 12:36:48.916000,1.21992,1.21984,4310000,1000000
2017-09-18 12:36:49.501000,1.21992,1.21987,1000000,1000000
2017-09-18 12:36:49.810000,1.21995,1.2199,1000000,1000000
2017-09-18 12:36:50.326000,1.21997,1.2199,1620000,1000000
2017-09-18 12:36:51.065000,1.21998,1.2199,1620000,1500000
2017-09-18 12:36:51.573000,1.21996,1.2199,1000000,1500000
2017-09-18 12:36:51.998000,1.22,1.21994,1370000,1500000
2017-09-18 12:36:52.216000,1.22001,1.21995,1000000,1000000
2017-09-18 12:36:52.624000,1.22004,1.21997,2250000,1000000
2017-09-18 12:36:52.980000,1.22005,1.21998,1870000,1000000
2017-09-18 12:36:53.236000,1.22008,1.22,2810000,1000000
2017-09-18 12:36:54.283000,1.22007,1.21999,1440000,1500000
2017-09-18 12:36:54.588000,1.22008,1.22001,1000000,1000000
2017-09-18 12:36:54.906000,1.2201,1.22004,1120000,1000000
2017-09-18 12:36:56.994000,1.2201,1.22004,1870000,1000000
2017-09-18 12:36:58.165000,1.22009,1.22002,1250000,1500000
2017-09-18 12:36:59.003000,1.2201,1.22003,2250000,1000000
2017-09-18 12:37:00.165000,1.22009,1.22002,1690000,1000000
2017-09-18 12:37:00.420000,1.22005,1.21999,1810000,1000000
2017-09-18 12:37:00.471000,1.22003,1.21996,1870000,1000000
2017-09-18 12:37:00.981000,1.22003,1.21996,1500000,1000000
2017-09-18 12:37:01.590000,1.22003,1.21996,1310000,1000000
2017-09-18 12:37:02.461000,1.21999,1.21995,1000000,1000000
2017-09-18 12:37:02.665000,1.21996,1.21991,1000000,1000000
2017-09-18 12:37:02.809000,1.21994,1.2199,1000000,1000000
2017-09-18 12:37:03.115000,1.21984,1.2198,1000000,1870000
2017-09-18 12:37:03.421000,1.21983,1.21979,1000000,1000000
2017-09-18 12:37:03.473000,1.21983,1.21979,1000000,1000000
2017-09-18 12:37:05.477000,1.21984,1.2198,1000000,1000000
2017-09-18 12:37:06.809000,1.2198,1.21976,1000000,2250000
2017-09-18 12:37:06.861000,1.2198,1.21975,1000000,1000000
2017-09-18 12:37:06.912000,1.21978,1.21974,1000000,3370000
2017-09-18 12:37:07.218000,1.21973,1.21969,1000000,1500000
2017-09-18 12:37:07.270000,1.21974,1.2197,1000000,1000000
2017-09-18 12:37:08.218000,1.21975,1.21971,1000000,1000000
2017-09-18 12:37:08.371000,1.21974,1.21969,1000000,1000000
2017-09-18 12:37:08.677000,1.21971,1.21967,1000000,1000000
2017-09-18 12:37:08.779000,1.21969,1.21965,1000000,1000000
2017-09-18 12:37:08.983000,1.21968,1.21964,1000000,1000000
2017-09-18 12:37:09.035000,1.21967,1.21961,1000000,1500000
2017-09-18 12:37:09.086000,1.21965,1.21961,1000000,1500000
2017-09-18 12:37:09.621000,1.21966,1.21962,1000000,1000000
2017-09-18 12:37:10.644000,1.21966,1.21962,1000000,1000000
2017-09-18 12:37:10.696000,1.21966,1.2196,1000000,1500000
2017-09-18 12:37:11.866000,1.21963,1.21959,1000000,1000000
2017-09-18 12:37:12.019000,1.21962,1.21956,1370000,1250000
2017-09-18 12:37:12.071000,1.21956,1.21952,1000000,2250000
2017-09-18 12:37:12.123000,1.21956,1.2195,1000000,1870000
2017-09-18 12:37:12.174000,1.21956,1.21952,1000000,1000000
2017-09-18 12:37:12.718000,1.21955,1.2195,1370000,1000000
2017-09-18 12:37:12.770000,1.21951,1.21947,1500000,1500000
2017-09-18 12:37:12.873000,1.21951,1.21946,1000000,1000000
2017-09-18 12:37:12.975000,1.21949,1.21945,1000000,1500000
2017-09-18 12:37:13.026000,1.21948,1.21944,1000000,1000000
2017-09-18 12:37:16.557000,1.21949,1.21945,1000000,1000000
2017-09-18 12:37:17.467000,1.21955,1.21948,2250000,1000000
2017-09-18 12:37:17.518000,1.21955,1.21951,1120000,1130000
2017-09-18 12:37:17.571000,1.21956,1.21951,1000000,4130000
2017-09-18 12:37:17.624000,1.21957,1.21953,1000000,1000000
2017-09-18 12:37:18.628000,1.21957,1.21953,1000000,1690000
2017-09-18 12:37:19.136000,1.21958,1.21954,1000000,1000000
2017-09-18 12:37:20.024000,1.21957,1.21953,1000000,1000000
2017-09-18 12:37:20.919000,1.21959,1.21955,1000000,1000000
2017-09-18 12:37:22.231000,1.2196,1.21954,1120000,2060000
2017-09-18 12:37:22.732000,1.21959,1.21955,1000000,1000000
2017-09-18 12:37:23.237000,1.21959,1.21954,1000000,1000000
2017-09-18 12:37:25.223000,1.21958,1.21954,1000000,1000000
2017-09-18 12:37:27.032000,1.21959,1.21954,1000000,1000000
2017-09-18 12:37:27.615000,1.21959,1.21955,1000000,1000000
2017-09-18 12:37:28.948000,1.21958,1.21954,1000000,1000000
2017-09-18 12:37:30.037000,1.21959,1.21955,1000000,1000000
2017-09-18 12:37:30.088000,1.21954,1.2195,1000000,3000000
2017-09-18 12:37:30.140000,1.21951,1.21947,1000000,1000000
2017-09-18 12:37:30.191000,1.21949,1.21945,1000000,1120000
2017-09-18 12:37:30.293000,1.21949,1.21943,1000000,1500000
2017-09-18 12:37:30.857000,1.21948,1.21943,1000000,1500000
2017-09-18 12:37:31.177000,1.21945,1.21941,1000000,1000000
2017-09-18 12:37:31.331000,1.21943,1.21938,1000000,1500000
2017-09-18 12:37:35.946000,1.21946,1.21938,1370000,1500000
2017-09-18 12:37:37.865000,1.21943,1.21939,1120000,1000000
2017-09-18 12:37:37.916000,1.21942,1.21937,1620000,1000000
2017-09-18 12:37:38.651000,1.21943,1.21936,2060000,1000000
2017-09-18 12:37:41.461000,1.21943,1.21936,1370000,1000000
2017-09-18 12:37:43.113000,1.21943,1.21936,2250000,1500000
2017-09-18 12:37:43.265000,1.21944,1.2194,1000000,1000000
2017-09-18 12:37:43.317000,1.21948,1.2194,1120000,1690000
2017-09-18 12:37:43.368000,1.21951,1.21943,2620000,1000000
2017-09-18 12:37:43.879000,1.2195,1.21944,1120000,1250000
2017-09-18 12:37:46.265000,1.21952,1.21944,1120000,1250000
2017-09-18 12:37:46.931000,1.21952,1.21945,1120000,1000000
2017-09-18 12:37:48.619000,1.21952,1.21944,1120000,1250000
2017-09-18 12:37:49.090000,1.21952,1.21946,1870000,1000000
2017-09-18 12:37:49.706000,1.21952,1.21947,1120000,1000000
2017-09-18 12:37:50.747000,1.21952,1.21946,1120000,1000000
2017-09-18 12:37:53.184000,1.21953,1.21944,1870000,1500000
2017-09-18 12:37:53.693000,1.21951,1.21944,1000000,1000000
2017-09-18 12:37:55.141000,1.21951,1.21944,1870000,1000000
2017-09-18 12:37:55.649000,1.21951,1.21943,1870000,1000000
2017-09-18 12:38:01.673000,1.21951,1.21945,1870000,1000000
2017-09-18 12:38:02.654000,1.21951,1.21944,1370000,1000000
2017-09-18 12:38:03.169000,1.21951,1.21944,1120000,1000000
2017-09-18 12:38:05.640000,1.21951,1.21945,1120000,1000000
2017-09-18 12:38:06.944000,1.21952,1.21944,1370000,1370000
2017-09-18 12:38:07.465000,1.21952,1.21947,1000000,1000000
2017-09-18 12:38:08.239000,1.21953,1.21947,1120000,1000000
2017-09-18 12:38:08.776000,1.21954,1.21948,1870000,1000000
2017-09-18 12:38:09.840000,1.21954,1.21947,1870000,1000000
2017-09-18 12:38:10.358000,1.21952,1.21946,1000000,1000000
2017-09-18 12:38:11.924000,1.21952,1.21947,1000000,1000000
2017-09-18 12:38:14.511000,1.21952,1.21946,1000000,1000000
2017-09-18 12:38:15.325000,1.21954,1.21946,1870000,1000000
2017-09-18 12:38:16.751000,1.21953,1.21948,1000000,1250000
2017-09-18 12:38:16.802000,1.21957,1.2195,1200000,1000000
2017-09-18 12:38:17.776000,1.21957,1.21952,1120000,1000000
2017-09-18 12:38:24.327000,1.21958,1.21951,1870000,1000000
2017-09-18 12:38:26.111000,1.21958,1.21952,1870000,1000000
2017-09-18 12:38:32.458000,1.2196,1.21954,1120000,1000000
2017-09-18 12:38:33.512000,1.2196,1.21953,1120000,1500000
2017-09-18 12:38:34.849000,1.2196,1.21953,1000000,1870000
2017-09-18 12:38:35.393000,1.2196,1.21953,1000000,1690000
2017-09-18 12:38:39.296000,1.2196,1.21953,1000000,1870000
2017-09-18 12:38:40.231000,1.2196,1.21953,1000000,1500000
2017-09-18 12:38:45.868000,1.2196,1.21951,1000000,1000000
2017-09-18 12:38:49.922000,1.21959,1.21953,1000000,1370000
2017-09-18 12:38:50.176000,1.21961,1.21955,2620000,1000000
2017-09-18 12:38:57.699000,1.2196,1.21953,1000000,1690000
2017-09-18 12:38:58.917000,1.2196,1.21954,1000000,1000000
2017-09-18 12:39:01.747000,1.21961,1.21954,1870000,1000000
2017-09-18 12:39:03.739000,1.2196,1.21954,1000000,1000000
2017-09-18 12:39:04.297000,1.2196,1.21955,1000000,1000000
2017-09-18 12:39:05.191000,1.21964,1.21955,1500000,3000000
2017-09-18 12:39:05.699000,1.21963,1.21954,5250000,1500000
2017-09-18 12:39:06.217000,1.2196,1.21954,1000000,2250000
2017-09-18 12:39:06.270000,1.21962,1.21954,1500000,1000000
2017-09-18 12:39:07.161000,1.21962,1.21956,1000000,1000000
2017-09-18 12:39:08.305000,1.21963,1.21954,1370000,3000000
2017-09-18 12:39:08.408000,1.21963,1.21956,1620000,1000000
2017-09-18 12:39:09.307000,1.2196,1.21954,1130000,3000000
2017-09-18 12:39:09.813000,1.21962,1.21954,3560000,1500000
2017-09-18 12:39:10.264000,1.21962,1.21957,1120000,1000000
2017-09-18 12:39:10.316000,1.21967,1.21958,1690000,1870000
2017-09-18 12:39:10.418000,1.21967,1.2196,1120000,1350000
2017-09-18 12:39:12.010000,1.21968,1.21962,1120000,1000000
2017-09-18 12:39:12.113000,1.21972,1.21964,1000000,1500000
2017-09-18 12:39:12.623000,1.21973,1.21964,1000000,1250000
2017-09-18 12:39:13.126000,1.21973,1.21966,1000000,1000000
2017-09-18 12:39:15.642000,1.21973,1.21965,1000000,1000000
2017-09-18 12:39:16.915000,1.21973,1.21966,1000000,1000000
2017-09-18 12:39:22.278000,1.21973,1.21965,1000000,2290000
2017-09-18 12:39:23.370000,1.21973,1.21966,1000000,1000000
2017-09-18 12:39:27.270000,1.21977,1.21971,3370000,2100000
2017-09-18 12:39:27.322000,1.2198,1.21973,4500000,1350000
2017-09-18 12:39:27.837000,1.2198,1.21972,1870000,5850000
2017-09-18 12:39:28.687000,1.2198,1.21973,1000000,1350000
2017-09-18 12:39:36.871000,1.21982,1.21978,1120000,1000000
2017-09-18 12:39:36.922000,1.21985,1.21979,1000000,1000000
2017-09-18 12:39:37.432000,1.21986,1.21979,1000000,2100000
2017-09-18 12:39:37.737000,1.21981,1.21977,1000000,1000000
2017-09-18 12:39:37.891000,1.21978,1.21972,1000000,1120000
2017-09-18 12:39:37.942000,1.21976,1.21972,1000000,1000000
2017-09-18 12:39:38.044000,1.21974,1.21968,1500000,1870000
2017-09-18 12:39:38.096000,1.21976,1.21968,1250000,1120000
2017-09-18 12:39:38.403000,1.21973,1.21967,1000000,1000000
2017-09-18 12:39:38.556000,1.21968,1.21961,1000000,1000000
2017-09-18 12:39:39.065000,1.21968,1.2196,1000000,1350000
2017-09-18 12:39:39.241000,1.21971,1.21963,1000000,2060000
2017-09-18 12:39:39.397000,1.21974,1.21966,1000000,1350000
2017-09-18 12:39:40.875000,1.21973,1.21966,1000000,1350000
2017-09-18 12:39:41.997000,1.21974,1.21966,1000000,1350000
2017-09-18 12:39:42.378000,1.21975,1.21969,1500000,1000000
2017-09-18 12:39:42.429000,1.21977,1.21969,4500000,1000000
2017-09-18 12:39:42.633000,1.21977,1.21971,1000000,2480000
2017-09-18 12:39:42.684000,1.21979,1.21971,1120000,4350000
2017-09-18 12:39:43.193000,1.21979,1.21972,1000000,2470000
2017-09-18 12:39:44.021000,1.21979,1.21972,1000000,1720000
2017-09-18 12:39:46.862000,1.21979,1.2197,1250000,3560000
2017-09-18 12:39:46.913000,1.21977,1.2197,1000000,2660000
2017-09-18 12:39:48.329000,1.21977,1.2197,1000000,1720000
2017-09-18 12:39:48.857000,1.21977,1.2197,1000000,1600000
2017-09-18 12:39:49.068000,1.21977,1.21969,1000000,2100000
2017-09-18 12:39:49.119000,1.21975,1.21969,1000000,2100000
2017-09-18 12:39:50.979000,1.21977,1.21969,1000000,1000000
2017-09-18 12:39:53.788000,1.21974,1.21967,1000000,1000000
2017-09-18 12:39:54.004000,1.21973,1.21965,1000000,2620000
2017-09-18 12:39:54.663000,1.21973,1.21966,1000000,1000000
2017-09-18 12:39:55.207000,1.21973,1.21965,1000000,2250000
2017-09-18 12:40:01.087000,1.21973,1.21966,1000000,1000000
2017-09-18 12:40:01.634000,1.21974,1.21965,1000000,2810000
2017-09-18 12:40:02.973000,1.21974,1.21966,1000000,1000000
2017-09-18 12:40:05.349000,1.21974,1.21965,1500000,2630000
2017-09-18 12:40:06.895000,1.21974,1.21966,1000000,1250000
2017-09-18 12:40:07.418000,1.21974,1.21967,1000000,1250000
2017-09-18 12:40:08.409000,1.21974,1.21966,1000000,1500000
2017-09-18 12:40:08.945000,1.21975,1.21966,1120000,1440000
2017-09-18 12:40:09.784000,1.21975,1.21966,1120000,1250000
2017-09-18 12:40:11.219000,1.21975,1.21967,1120000,1000000
2017-09-18 12:40:11.727000,1.21975,1.21968,1000000,1000000
2017-09-18 12:40:13.889000,1.21975,1.21967,1500000,1000000
2017-09-18 12:40:14.917000,1.21975,1.21966,1500000,2250000
2017-09-18 12:40:18.613000,1.21975,1.21966,1500000,2440000
2017-09-18 12:40:19.379000,1.21975,1.21966,1500000,1870000
2017-09-18 12:40:20.355000,1.21975,1.21966,1500000,2810000
2017-09-18 12:40:20.863000,1.21975,1.21966,1500000,2620000
2017-09-18 12:40:21.416000,1.21975,1.21966,1500000,3560000
2017-09-18 12:40:22.931000,1.21975,1.21966,1000000,3410000
2017-09-18 12:40:24.591000,1.21975,1.21966,1500000,3040000
2017-09-18 12:40:25.106000,1.21975,1.21966,1000000,1540000
2017-09-18 12:40:25.689000,1.21975,1.21966,1000000,1910000
2017-09-18 12:40:28.127000,1.21975,1.21966,1000000,2660000
2017-09-18 12:40:28.676000,1.21976,1.21966,1870000,4160000
2017-09-18 12:40:28.831000,1.21975,1.21967,1000000,3190000
2017-09-18 12:40:29.341000,1.21976,1.21968,1000000,2250000
2017-09-18 12:40:30,1.21976,1.21968,1000000,1310000
2017-09-18 12:40:30.511000,1.21976,1.21967,1000000,3750000
2017-09-18 12:40:31.551000,1.21977,1.21968,1000000,1310000
2017-09-18 12:40:35.020000,1.21976,1.21967,1000000,2810000
2017-09-18 12:40:37.873000,1.21976,1.21967,1000000,2630000
2017-09-18 12:40:37.976000,1.21976,1.21967,1000000,1310000
2017-09-18 12:40:41.623000,1.21975,1.21966,1000000,5060000
2017-09-18 12:40:44.139000,1.21976,1.21967,1010000,1500000
2017-09-18 12:40:44.643000,1.21975,1.21966,1000000,1250000
2017-09-18 12:40:45.274000,1.21972,1.21965,1000000,4350000
2017-09-18 12:40:45.754000,1.21975,1.21966,2320000,1000000
2017-09-18 12:40:46.266000,1.21975,1.21967,1120000,1130000
2017-09-18 12:40:51.222000,1.21974,1.21967,1000000,1130000
2017-09-18 12:40:52.281000,1.21975,1.21967,1870000,1000000
2017-09-18 12:40:55.611000,1.21975,1.21967,1870000,1310000
2017-09-18 12:40:56.121000,1.21974,1.21967,1000000,1440000
2017-09-18 12:40:56.741000,1.21974,1.21967,1000000,1000000
2017-09-18 12:40:57.244000,1.21975,1.21967,1870000,1000000
2017-09-18 12:40:58.262000,1.21975,1.21967,1870000,1190000
2017-09-18 12:40:58.844000,1.21975,1.21967,1500000,1250000
2017-09-18 12:41:02.062000,1.21975,1.21966,1500000,1120000
2017-09-18 12:41:02.317000,1.21975,1.21967,2250000,2630000
2017-09-18 12:41:02.859000,1.21976,1.21968,1500000,1120000
2017-09-18 12:41:10.380000,1.21976,1.21969,1000000,1000000
2017-09-18 12:41:11.313000,1.21975,1.21969,1000000,1000000
2017-09-18 12:41:11.977000,1.21975,1.21968,1000000,1310000
2017-09-18 12:41:12.080000,1.21978,1.2197,1000000,1690000
2017-09-18 12:41:12.241000,1.2198,1.21972,1500000,1000000
2017-09-18 12:41:12.749000,1.2198,1.2197,2700000,3000000
2017-09-18 12:41:13.277000,1.21979,1.2197,1100000,2250000
2017-09-18 12:41:13.677000,1.21976,1.2197,1000000,1000000
2017-09-18 12:41:14.107000,1.21976,1.21968,1000000,1000000
2017-09-18 12:41:22.356000,1.21977,1.21969,1100000,3190000
2017-09-18 12:41:22.941000,1.21978,1.2197,1570000,1000000
2017-09-18 12:41:23.455000,1.21977,1.21969,1000000,2060000
2017-09-18 12:41:23.506000,1.21979,1.2197,1870000,1000000
2017-09-18 12:41:24.015000,1.21978,1.21971,1000000,1120000
2017-09-18 12:41:24.563000,1.21979,1.21971,1000000,1870000
2017-09-18 12:41:25.161000,1.21978,1.2197,1250000,3000000
2017-09-18 12:41:30.993000,1.21978,1.2197,1200000,1120000
2017-09-18 12:41:31.146000,1.21976,1.21968,1500000,1000000
2017-09-18 12:41:31.656000,1.21976,1.21967,1570000,3560000
2017-09-18 12:41:31.930000,1.21973,1.21967,2250000,1000000
2017-09-18 12:41:31.981000,1.21973,1.21965,3000000,1500000
2017-09-18 12:41:33.055000,1.21972,1.21965,1000000,1000000
2017-09-18 12:41:44.041000,1.21972,1.21964,1000000,2850000
2017-09-18 12:41:46.099000,1.21972,1.21965,1000000,1000000
2017-09-18 12:41:46.882000,1.21972,1.21964,1000000,3410000
2017-09-18 12:41:47.689000,1.21972,1.21965,1000000,1000000
2017-09-18 12:41:48.966000,1.21972,1.21964,1000000,3410000
2017-09-18 12:41:49.483000,1.21973,1.21964,1690000,3410000
2017-09-18 12:41:49.988000,1.21972,1.21965,1500000,1000000
2017-09-18 12:42:03.664000,1.21967,1.21962,1870000,1120000
2017-09-18 12:42:03.812000,1.21964,1.21959,1000000,1870000
2017-09-18 12:42:03.863000,1.21962,1.21954,1000000,1500000
2017-09-18 12:42:03.915000,1.2196,1.21954,1000000,1000000
2017-09-18 12:42:04.451000,1.21961,1.21953,1870000,3220000
2017-09-18 12:42:04.976000,1.21961,1.21954,1120000,1000000
2017-09-18 12:42:05.517000,1.21961,1.21953,1000000,1350000
2017-09-18 12:42:06.028000,1.21961,1.21954,1000000,1250000
2017-09-18 12:42:06.611000,1.21962,1.21954,1500000,1250000
2017-09-18 12:42:07.321000,1.21962,1.21953,1000000,3000000
2017-09-18 12:42:07.677000,1.21962,1.21955,1000000,1000000
2017-09-18 12:42:08.297000,1.21962,1.21953,1000000,4500000
2017-09-18 12:42:09.360000,1.21962,1.21953,1000000,3370000
2017-09-18 12:42:09.869000,1.21962,1.21953,1000000,6790000
2017-09-18 12:42:13.078000,1.21961,1.21954,1000000,1300000
2017-09-18 12:42:16.792000,1.21962,1.21954,1000000,2100000
2017-09-18 12:42:17.401000,1.2196,1.21954,1000000,1000000
2017-09-18 12:42:17.908000,1.21961,1.21953,1000000,3970000
2017-09-18 12:42:19.278000,1.21961,1.21954,1000000,1000000
2017-09-18 12:42:20.053000,1.21961,1.21953,1000000,3600000
2017-09-18 12:42:20.694000,1.21961,1.21954,1000000,1000000
2017-09-18 12:42:21.700000,1.21961,1.21953,1000000,3600000
2017-09-18 12:42:22.203000,1.21961,1.21954,1000000,1000000
2017-09-18 12:42:22.863000,1.21961,1.21953,1000000,2850000
2017-09-18 12:42:23.360000,1.21959,1.21951,1500000,1000000
2017-09-18 12:42:23.564000,1.21957,1.21948,1000000,4310000
2017-09-18 12:42:24.172000,1.21957,1.21949,1000000,1000000
2017-09-18 12:42:24.798000,1.21957,1.21948,1000000,5100000
2017-09-18 12:42:25.460000,1.21957,1.21949,1000000,1000000
2017-09-18 12:42:26.636000,1.21957,1.21948,1000000,5850000
2017-09-18 12:42:27.185000,1.21957,1.2195,1000000,1350000
2017-09-18 12:42:29.692000,1.21954,1.21947,1000000,3450000
2017-09-18 12:42:29.949000,1.21948,1.2194,1500000,4870000
2017-09-18 12:42:30.479000,1.21947,1.21939,1000000,1500000
2017-09-18 12:42:31.573000,1.21943,1.21939,1000000,1000000
2017-09-18 12:42:31.675000,1.21945,1.21937,1000000,3560000
2017-09-18 12:42:32.741000,1.21945,1.21937,1000000,1120000
2017-09-18 12:42:33.520000,1.21944,1.21936,1000000,3190000
2017-09-18 12:42:34.021000,1.21944,1.21936,1000000,2850000
2017-09-18 12:42:34.551000,1.21943,1.21936,1000000,2100000
2017-09-18 12:42:36.138000,1.21942,1.21934,1500000,1250000
2017-09-18 12:42:36.189000,1.2194,1.21933,1500000,1350000
2017-09-18 12:42:36.732000,1.2194,1.21933,1500000,1600000
2017-09-18 12:42:37.129000,1.2194,1.21932,1500000,1500000
2017-09-18 12:42:37.333000,1.21938,1.21931,1000000,1000000
2017-09-18 12:42:38.097000,1.21937,1.2193,1000000,1910000
2017-09-18 12:42:38.606000,1.21936,1.21929,1000000,1120000
2017-09-18 12:42:39.913000,1.21932,1.21928,1000000,1000000
2017-09-18 12:42:39.965000,1.2193,1.21925,1000000,1000000
2017-09-18 12:42:40.068000,1.2193,1.21921,1000000,2060000
2017-09-18 12:42:40.120000,1.21931,1.21923,1000000,4500000
2017-09-18 12:42:40.629000,1.21931,1.21923,1000000,1690000
2017-09-18 12:42:41.358000,1.21932,1.21923,1870000,1000000
2017-09-18 12:42:41.665000,1.2193,1.21923,1000000,1000000
2017-09-18 12:42:44.195000,1.2193,1.21921,1000000,3220000
2017-09-18 12:42:44.718000,1.21929,1.21921,1000000,3040000
2017-09-18 12:42:45.232000,1.21929,1.21921,1000000,1720000
2017-09-18 12:42:49.733000,1.21929,1.2192,1500000,1540000
2017-09-18 12:42:50.452000,1.21929,1.21921,1000000,1250000
2017-09-18 12:42:50.964000,1.21929,1.2192,1000000,1720000
2017-09-18 12:42:57.049000,1.2192,1.21916,1690000,1500000
2017-09-18 12:42:57.204000,1.21918,1.21911,1000000,1690000
2017-09-18 12:42:57.255000,1.21921,1.21914,1870000,1500000
2017-09-18 12:42:57.825000,1.21921,1.21914,1000000,1690000
2017-09-18 12:42:57.876000,1.21923,1.21913,3940000,3190000
2017-09-18 12:43:00.134000,1.21922,1.21913,1000000,2440000
2017-09-18 12:43:00.642000,1.21923,1.21913,3190000,1000000
2017-09-18 12:43:00.847000,1.21924,1.2192,1000000,1250000
2017-09-18 12:43:00.898000,1.21929,1.21922,3370000,1190000
2017-09-18 12:43:00.949000,1.21929,1.21927,2250000,1000000
2017-09-18 12:43:01.002000,1.21935,1.21925,3190000,1120000
2017-09-18 12:43:01.053000,1.21935,1.21927,1690000,1000000
2017-09-18 12:43:01.383000,1.21931,1.21924,2620000,1310000
2017-09-18 12:43:01.899000,1.21932,1.21923,3750000,1250000
2017-09-18 12:43:02.262000,1.21931,1.21925,1000000,1000000
2017-09-18 12:43:02.402000,1.21933,1.21925,1000000,1000000
2017-09-18 12:43:04.100000,1.21933,1.21927,3000000,1000000
2017-09-18 12:43:04.152000,1.21935,1.21928,1000000,1000000
2017-09-18 12:43:04.356000,1.21933,1.21928,1500000,1000000
2017-09-18 12:43:04.458000,1.21935,1.21928,1000000,1000000
2017-09-18 12:43:04.979000,1.21936,1.21928,1250000,1000000
2017-09-18 12:43:05.516000,1.21936,1.21928,1370000,1000000
2017-09-18 12:43:06.092000,1.21936,1.21928,1000000,1000000
2017-09-18 12:43:06.670000,1.21937,1.21928,1870000,1000000
2017-09-18 12:43:14.314000,1.21938,1.2193,1120000,1000000
2017-09-18 12:43:14.620000,1.21939,1.21932,1000000,1000000
2017-09-18 12:43:15.522000,1.21941,1.21932,3750000,1000000
2017-09-18 12:43:16.221000,1.2194,1.21932,1000000,1000000
2017-09-18 12:43:16.940000,1.21941,1.21932,3750000,1000000
2017-09-18 12:43:17.486000,1.2194,1.21932,1310000,1000000
2017-09-18 12:43:18.036000,1.2194,1.21933,1250000,1000000
2017-09-18 12:43:18.618000,1.2194,1.21933,1310000,1000000
2017-09-18 12:43:19.235000,1.2194,1.21933,1250000,1000000
2017-09-18 12:43:19.502000,1.2194,1.21931,1250000,1500000
2017-09-18 12:43:20.135000,1.2194,1.21931,2250000,1500000
2017-09-18 12:43:20.649000,1.2194,1.21931,1000000,1500000
2017-09-18 12:43:22.950000,1.21938,1.2193,1000000,1500000
2017-09-18 12:43:29.252000,1.2194,1.2193,1500000,1500000
2017-09-18 12:43:29.622000,1.2194,1.21932,1000000,1000000
2017-09-18 12:43:30.075000,1.21941,1.21934,1000000,1000000
2017-09-18 12:43:30.616000,1.21942,1.21933,1120000,1000000
2017-09-18 12:43:31.282000,1.21942,1.21933,1500000,1000000
2017-09-18 12:43:32.839000,1.2194,1.21933,1000000,1000000
2017-09-18 12:43:33.043000,1.21939,1.21931,1250000,1500000
2017-09-18 12:43:33.450000,1.21939,1.2193,2810000,1000000
2017-09-18 12:43:33.501000,1.21939,1.2193,2250000,1000000
2017-09-18 12:43:34.215000,1.2194,1.21932,2620000,1000000
2017-09-18 12:43:34.864000,1.2194,1.21932,1870000,1000000
2017-09-18 12:43:37.397000,1.2194,1.21932,1440000,1000000
2017-09-18 12:43:37.910000,1.2194,1.21932,1250000,1000000
2017-09-18 12:43:38.424000,1.2194,1.21931,2060000,1000000
2017-09-18 12:43:38.983000,1.2194,1.21931,3560000,1000000
2017-09-18 12:43:39.247000,1.2194,1.21931,1310000,1000000
2017-09-18 12:43:39.780000,1.2194,1.21932,1310000,1000000
2017-09-18 12:43:40.302000,1.2194,1.21932,1500000,1000000
2017-09-18 12:43:40.595000,1.21942,1.21934,1120000,1000000
2017-09-18 12:43:47.384000,1.21942,1.21935,1000000,1000000
2017-09-18 12:43:47.917000,1.21942,1.21934,2250000,2250000
2017-09-18 12:43:48.240000,1.21942,1.21935,3410000,1000000
2017-09-18 12:43:48.773000,1.21942,1.21935,1690000,1000000
2017-09-18 12:43:49.292000,1.21942,1.21935,1540000,1000000
2017-09-18 12:43:52.571000,1.21943,1.21935,1000000,1250000
2017-09-18 12:43:53.116000,1.21944,1.21935,1870000,3000000
2017-09-18 12:43:54.494000,1.21943,1.21935,1000000,2250000
2017-09-18 12:43:54.839000,1.21948,1.21942,1000000,2250000
2017-09-18 12:43:55.146000,1.21967,1.21956,3000000,2620000
2017-09-18 12:43:56.347000,1.21967,1.21958,1310000,1120000
2017-09-18 12:43:58.294000,1.21967,1.21956,1870000,1120000
2017-09-18 12:43:58.833000,1.21966,1.21956,1500000,1120000
2017-09-18 12:43:59.354000,1.21966,1.21956,1310000,1120000
2017-09-18 12:43:59.889000,1.21966,1.21956,1500000,1120000
2017-09-18 12:44:01.569000,1.21963,1.21954,2810000,1000000
2017-09-18 12:44:01.723000,1.2196,1.21951,1500000,1500000
2017-09-18 12:44:02.250000,1.2196,1.21951,1500000,1000000
2017-09-18 12:44:02.353000,1.2196,1.21951,1500000,1000000
2017-09-18 12:44:03.511000,1.21962,1.21953,3000000,1000000
2017-09-18 12:44:03.817000,1.21965,1.21957,4310000,1000000
2017-09-18 12:44:05.091000,1.21965,1.21957,2060000,1000000
2017-09-18 12:44:05.541000,1.21965,1.21957,3750000,1000000
2017-09-18 12:44:06.182000,1.21963,1.21953,2250000,3370000
2017-09-18 12:44:06.335000,1.21962,1.21953,1690000,1000000
2017-09-18 12:44:06.845000,1.21962,1.21953,1250000,1120000
2017-09-18 12:44:07.211000,1.21962,1.21955,1000000,1000000
2017-09-18 12:44:07.563000,1.21962,1.21953,1440000,1120000
2017-09-18 12:44:07.615000,1.21964,1.21953,2440000,1870000
2017-09-18 12:44:07.666000,1.21964,1.21955,2060000,1000000
2017-09-18 12:44:07.973000,1.21964,1.21957,1690000,1000000
2017-09-18 12:44:08.820000,1.21966,1.21957,1500000,1000000
2017-09-18 12:44:08.975000,1.21965,1.21958,1370000,1000000
2017-09-18 12:44:09.028000,1.21965,1.21956,1690000,1000000
2017-09-18 12:44:10.430000,1.21965,1.21958,1370000,1000000
2017-09-18 12:44:10.481000,1.21966,1.21958,2250000,1000000
2017-09-18 12:44:10.994000,1.21966,1.21957,1870000,1500000
2017-09-18 12:44:11.624000,1.21968,1.21959,2250000,1000000
2017-09-18 12:44:12.185000,1.21968,1.21959,1870000,1000000
2017-09-18 12:44:13.110000,1.21968,1.21959,2250000,1000000
2017-09-18 12:44:13.617000,1.21968,1.21959,2810000,1000000
2017-09-18 12:44:14.336000,1.21968,1.21959,3380000,1000000
2017-09-18 12:44:14.847000,1.21968,1.21959,2810000,1000000
2017-09-18 12:44:15.424000,1.21968,1.21959,4130000,1000000
2017-09-18 12:44:16.133000,1.21968,1.21959,3940000,1000000
2017-09-18 12:44:16.990000,1.2197,1.21961,1310000,1130000
2017-09-18 12:44:17.296000,1.21971,1.21963,1000000,1000000
2017-09-18 12:44:20.311000,1.21973,1.21964,2060000,1000000
2017-09-18 12:44:20.619000,1.2198,1.21972,1250000,1120000
2017-09-18 12:44:20.985000,1.21982,1.21972,1870000,1000000
2017-09-18 12:44:21.189000,1.21982,1.21976,1250000,1000000
2017-09-18 12:44:21.623000,1.21983,1.21974,2440000,1000000
2017-09-18 12:44:21.725000,1.21981,1.21974,1000000,1000000
2017-09-18 12:44:21.828000,1.21983,1.21974,2440000,1000000
2017-09-18 12:44:22.031000,1.21983,1.21972,2440000,3000000
2017-09-18 12:44:22.083000,1.21981,1.21972,1000000,1500000
2017-09-18 12:44:22.393000,1.21978,1.21968,3000000,1120000
2017-09-18 12:44:22.699000,1.21981,1.21972,5250000,1000000
2017-09-18 12:44:23.238000,1.21981,1.21972,3000000,1000000
2017-09-18 12:44:25.555000,1.21981,1.21972,1120000,1000000
2017-09-18 12:44:25.895000,1.21977,1.2197,1120000,1000000
2017-09-18 12:44:25.947000,1.21978,1.21968,3190000,2250000
2017-09-18 12:44:26.253000,1.21978,1.2197,1870000,1000000
2017-09-18 12:44:26.559000,1.21979,1.21972,1690000,1000000
2017-09-18 12:44:27.067000,1.2198,1.21972,1120000,1000000
2017-09-18 12:44:29.414000,1.21981,1.21972,1120000,1000000
2017-09-18 12:44:30.297000,1.21983,1.21975,2440000,1000000
2017-09-18 12:44:30.704000,1.21983,1.21972,5100000,1000000
2017-09-18 12:44:31.308000,1.21979,1.21971,1310000,1000000
2017-09-18 12:44:31.416000,1.21979,1.21969,3000000,1100000
2017-09-18 12:44:31.469000,1.21976,1.21969,1000000,1000000
2017-09-18 12:44:32.002000,1.21976,1.21968,1690000,1000000
2017-09-18 12:44:32.535000,1.21974,1.21968,1000000,1000000
2017-09-18 12:44:32.587000,1.21976,1.21968,1000000,1000000
2017-09-18 12:44:32.894000,1.21979,1.21973,1250000,1000000
2017-09-18 12:44:33.829000,1.21981,1.21972,1000000,1000000
2017-09-18 12:44:34.590000,1.21981,1.21972,2250000,1000000
2017-09-18 12:44:35.127000,1.21981,1.21972,2250000,1000000
2017-09-18 12:44:35.178000,1.21981,1.21972,1870000,1000000
2017-09-18 12:44:35.764000,1.21979,1.21972,1000000,1000000
2017-09-18 12:44:36.119000,1.2198,1.2197,3410000,1000000
2017-09-18 12:44:36.171000,1.21976,1.21969,2810000,1000000
2017-09-18 12:44:36.275000,1.21974,1.21966,1000000,1000000
2017-09-18 12:44:37.223000,1.21972,1.21964,1000000,2630000
2017-09-18 12:44:37.376000,1.21973,1.21963,2250000,1870000
2017-09-18 12:44:37.587000,1.21971,1.21963,1000000,1500000
2017-09-18 12:44:37.640000,1.2197,1.21961,1870000,1000000
2017-09-18 12:44:37.794000,1.21966,1.21959,1000000,1000000
2017-09-18 12:44:38.050000,1.21966,1.21957,1000000,1870000
2017-09-18 12:44:38.316000,1.21963,1.21955,1000000,2250000
2017-09-18 12:44:38.655000,1.21963,1.21955,2620000,1000000
2017-09-18 12:44:39.012000,1.21965,1.21956,2620000,1500000
2017-09-18 12:44:39.164000,1.21966,1.21958,1000000,1000000
2017-09-18 12:44:41.221000,1.21967,1.21958,1690000,1500000
2017-09-18 12:44:41.748000,1.21967,1.21961,1000000,2250000
2017-09-18 12:44:41.800000,1.21971,1.21963,2700000,1000000
2017-09-18 12:44:41.851000,1.21971,1.21965,1000000,1000000
2017-09-18 12:44:42.824000,1.21972,1.21965,1000000,1000000
2017-09-18 12:44:44.138000,1.21972,1.21964,1000000,1000000
2017-09-18 12:44:44.588000,1.21974,1.21965,1690000,1000000
2017-09-18 12:44:45.199000,1.21975,1.21965,3560000,1000000
2017-09-18 12:44:45.353000,1.21975,1.21969,1500000,1000000
2017-09-18 12:44:45.567000,1.2198,1.21972,1870000,1000000
2017-09-18 12:44:45.670000,1.2198,1.21974,1500000,1000000
2017-09-18 12:44:46.262000,1.21982,1.21974,3190000,1000000
2017-09-18 12:44:46.365000,1.21982,1.21972,2440000,1120000
2017-09-18 12:44:47.399000,1.21982,1.21972,3000000,1120000
2017-09-18 12:44:48.306000,1.21982,1.21972,2440000,1000000
2017-09-18 12:44:48.807000,1.21982,1.21973,2250000,1000000
2017-09-18 12:44:49.215000,1.21982,1.21973,2250000,1000000
2017-09-18 12:44:49.317000,1.21982,1.21973,1310000,1000000
2017-09-18 12:44:49.664000,1.21978,1.2197,1500000,1120000
2017-09-18 12:44:49.870000,1.21977,1.21968,1250000,1120000
2017-09-18 12:44:49.922000,1.21976,1.21968,1310000,1120000
2017-09-18 12:44:50.433000,1.21976,1.21968,1250000,1120000
2017-09-18 12:44:50.784000,1.21974,1.21965,3370000,1000000
2017-09-18 12:44:51.293000,1.21974,1.21965,2250000,1000000
2017-09-18 12:44:53.161000,1.21975,1.21965,3190000,1000000
2017-09-18 12:44:54.164000,1.21974,1.21966,1000000,1000000
2017-09-18 12:44:55.914000,1.21975,1.21968,1870000,1000000
2017-09-18 12:44:56.016000,1.21978,1.21969,1310000,1000000
2017-09-18 12:44:56.562000,1.21978,1.2197,1500000,1000000
2017-09-18 12:44:56.613000,1.21975,1.21969,1000000,1000000
2017-09-18 12:44:56.665000,1.21975,1.21967,1250000,1000000
2017-09-18 12:44:57.214000,1.21974,1.21967,1000000,1000000
2017-09-18 12:44:57.673000,1.21974,1.21964,1120000,1870000
2017-09-18 12:44:58.176000,1.21974,1.21966,4690000,1000000
2017-09-18 12:44:58.278000,1.21974,1.21964,4870000,1000000
2017-09-18 12:44:59.085000,1.21974,1.21966,3190000,1000000
2017-09-18 12:44:59.597000,1.21974,1.21965,3000000,1000000
2017-09-18 12:45:00.116000,1.21974,1.21965,1120000,1000000
