time,ask,bid,ask_volume,bid_volume
2021-04-01 12:25:00.843000,1.25867,1.25861,1000000,1000000
2021-04-01 12:25:04.085000,1.25871,1.25864,1000000,1000000
2021-04-01 12:25:04.136000,1.25873,1.25866,1500000,1000000
2021-04-01 12:25:04.238000,1.25875,1.25866,1500000,1000000
2021-04-01 12:25:05.456000,1.25873,1.25864,1500000,1000000
2021-04-01 12:25:12,1.25875,1.25866,1500000,1000000
2021-04-01 12:25:12.693000,1.25875,1.25868,1500000,1000000
2021-04-01 12:25:12.794000,1.25877,1.2587,1500000,1000000
2021-04-01 12:25:12.998000,1.25877,1.25868,1000000,1000000
2021-04-01 12:25:16.269000,1.25877,1.25867,1500000,1000000
2021-04-01 12:25:16.620000,1.25875,1.25866,1500000,1000000
2021-04-01 12:25:16.722000,1.25874,1.25866,1000000,1000000
2021-04-01 12:25:16.773000,1.25871,1.25864,2810000,2250000
2021-04-01 12:25:16.824000,1.25862,1.25857,1000000,1000000
2021-04-01 12:25:16.925000,1.25865,1.25856,1000000,1000000
2021-04-01 12:25:17.027000,1.25866,1.25857,1500000,1000000
2021-04-01 12:25:17.179000,1.25867,1.25857,2250000,1000000
2021-04-01 12:25:18.110000,1.25866,1.25857,1000000,1000000
2021-04-01 12:25:20.508000,1.25866,1.25859,1500000,1000000
2021-04-01 12:25:21.744000,1.25868,1.25858,2250000,1000000
2021-04-01 12:25:23.463000,1.25871,1.25862,1100000,1000000
2021-04-01 12:25:23.565000,1.25873,1.25862,1620000,1100000
2021-04-01 12:25:23.666000,1.25875,1.25865,3000000,1000000
2021-04-01 12:25:24.422000,1.25875,1.25865,3120000,1000000
2021-04-01 12:25:24.658000,1.25875,1.25865,2250000,1000000
2021-04-01 12:25:27.712000,1.25869,1.25861,1000000,1000000
2021-04-01 12:25:27.813000,1.25868,1.2586,1000000,1000000
2021-04-01 12:25:28.553000,1.25868,1.25858,2250000,1000000
2021-04-01 12:25:28.655000,1.25867,1.25858,1000000,1000000
2021-04-01 12:25:32.133000,1.25867,1.25859,1000000,1000000
2021-04-01 12:25:34.185000,1.25867,1.25858,1000000,1000000
2021-04-01 12:25:34.428000,1.25864,1.25857,1500000,1000000
2021-04-01 12:25:36.436000,1.25865,1.25855,1500000,1000000
2021-04-01 12:25:36.537000,1.25861,1.25852,1000000,1000000
2021-04-01 12:25:43.837000,1.2586,1.25851,1000000,1000000
2021-04-01 12:25:44.091000,1.2586,1.2585,1500000,1000000
2021-04-01 12:25:44.551000,1.25859,1.2585,1000000,1000000
2021-04-01 12:25:49.893000,1.25857,1.2585,1000000,1000000
2021-04-01 12:25:52.969000,1.25855,1.25847,1000000,1000000
2021-04-01 12:25:53.071000,1.25855,1.25848,1000000,1000000
2021-04-01 12:25:53.121000,1.25853,1.25846,2250000,1000000
2021-04-01 12:25:53.223000,1.25851,1.25842,1000000,1000000
2021-04-01 12:25:53.602000,1.25848,1.25843,1000000,1500000
2021-04-01 12:25:55.101000,1.25851,1.25843,1000000,1350000
2021-04-01 12:25:55.152000,1.25855,1.25846,1500000,1000000
2021-04-01 12:25:55.202000,1.25853,1.25846,1000000,1000000
2021-04-01 12:25:55.648000,1.25855,1.25846,1000000,1000000
2021-04-01 12:25:55.699000,1.2585,1.25845,1000000,1000000
2021-04-01 12:25:55.750000,1.25853,1.25843,1500000,2250000
2021-04-01 12:25:57.563000,1.25854,1.25846,1000000,1350000
2021-04-01 12:25:57.614000,1.25856,1.25847,1000000,1100000
2021-04-01 12:25:57.665000,1.25859,1.25852,1000000,1000000
2021-04-01 12:25:57.817000,1.25861,1.25852,1000000,1000000
2021-04-01 12:25:58.720000,1.25857,1.25852,1000000,1000000
2021-04-01 12:26:02.252000,1.25858,1.2585,1000000,1000000
2021-04-01 12:26:02.748000,1.2586,1.2585,1500000,1000000
2021-04-01 12:26:05.435000,1.25856,1.25848,1000000,1760000
2021-04-01 12:26:05.861000,1.2586,1.2585,1500000,1000000
2021-04-01 12:26:05.962000,1.25859,1.2585,1000000,1000000
2021-04-01 12:26:07.951000,1.25853,1.25845,1000000,1120000
2021-04-01 12:26:08.052000,1.2585,1.25843,1000000,1000000
2021-04-01 12:26:22.177000,1.25852,1.25845,1000000,1000000
2021-04-01 12:26:22.279000,1.25853,1.25846,1000000,1000000
2021-04-01 12:26:25.768000,1.25856,1.25846,1500000,1000000
2021-04-01 12:26:25.819000,1.25851,1.25845,1500000,1000000
2021-04-01 12:26:25.869000,1.25851,1.25843,1500000,1100000
2021-04-01 12:26:28.415000,1.25843,1.25836,1000000,1200000
2021-04-01 12:26:28.466000,1.25847,1.25839,2620000,1000000
2021-04-01 12:26:28.517000,1.25843,1.25836,1000000,1000000
2021-04-01 12:26:28.668000,1.25847,1.25838,1500000,1000000
2021-04-01 12:26:30.044000,1.25846,1.25839,1000000,1100000
2021-04-01 12:26:30.475000,1.25845,1.25839,1000000,1100000
2021-04-01 12:26:31.205000,1.25846,1.25838,1000000,1100000
2021-04-01 12:26:31.357000,1.25845,1.25839,1000000,1100000
2021-04-01 12:26:32.365000,1.25845,1.25839,1000000,1100000
2021-04-01 12:26:33.111000,1.25848,1.25838,1000000,1100000
2021-04-01 12:26:33.702000,1.25847,1.25837,1000000,2350000
2021-04-01 12:26:33.854000,1.25848,1.25841,1000000,1000000
2021-04-01 12:26:34.513000,1.25847,1.25839,1000000,1100000
2021-04-01 12:26:34.766000,1.25847,1.25838,1000000,1600000
2021-04-01 12:26:37.671000,1.2585,1.25841,1500000,1000000
2021-04-01 12:26:37.872000,1.25847,1.25838,1000000,1600000
2021-04-01 12:26:38.058000,1.25849,1.25842,1500000,1000000
2021-04-01 12:26:39.291000,1.25846,1.25841,1000000,1000000
2021-04-01 12:26:39.443000,1.25846,1.25839,1000000,1000000
2021-04-01 12:26:39.596000,1.25846,1.25838,1000000,1000000
2021-04-01 12:26:39.697000,1.25846,1.25839,1500000,1500000
2021-04-01 12:26:43.196000,1.25844,1.25837,1000000,1000000
2021-04-01 12:26:46.631000,1.25844,1.25835,1500000,1000000
2021-04-01 12:26:46.682000,1.2584,1.25833,1000000,1100000
2021-04-01 12:26:52.597000,1.25843,1.25834,1000000,1000000
2021-04-01 12:26:52.648000,1.25843,1.25834,1500000,1600000
2021-04-01 12:26:52.750000,1.25848,1.25841,1000000,1000000
2021-04-01 12:26:52.851000,1.25848,1.25843,1000000,1000000
2021-04-01 12:26:52.952000,1.25848,1.25842,1000000,1100000
2021-04-01 12:26:59.097000,1.25845,1.25838,1000000,1570000
2021-04-01 12:26:59.401000,1.25848,1.25841,1000000,1000000
2021-04-01 12:26:59.502000,1.25848,1.2584,1000000,1100000
2021-04-01 12:26:59.992000,1.25847,1.25842,1000000,1100000
2021-04-01 12:27:00.093000,1.25847,1.2584,1000000,1600000
2021-04-01 12:27:01.524000,1.25843,1.25836,1000000,1200000
2021-04-01 12:27:01.575000,1.25842,1.25834,1000000,1500000
2021-04-01 12:27:01.676000,1.25842,1.25835,1000000,1500000
2021-04-01 12:27:04.557000,1.25839,1.25832,1000000,1220000
2021-04-01 12:27:04.887000,1.25839,1.25835,1000000,1000000
2021-04-01 12:27:05.138000,1.25843,1.25834,1000000,1000000
2021-04-01 12:27:06.531000,1.25842,1.25836,1000000,1100000
2021-04-01 12:27:06.633000,1.25843,1.25836,1000000,1100000
2021-04-01 12:27:14.616000,1.25847,1.25838,1500000,1100000
2021-04-01 12:27:14.718000,1.25847,1.2584,1000000,1100000
2021-04-01 12:27:16.232000,1.25848,1.25841,1000000,1000000
2021-04-01 12:27:16.536000,1.25849,1.2584,1500000,1100000
2021-04-01 12:27:16.588000,1.25847,1.2584,1000000,1100000
2021-04-01 12:27:16.689000,1.25848,1.25839,1000000,1000000
2021-04-01 12:27:17.153000,1.25846,1.25838,1000000,1570000
2021-04-01 12:27:18.789000,1.25845,1.25838,1000000,1100000
2021-04-01 12:27:18.840000,1.25846,1.25839,1000000,2510000
2021-04-01 12:27:18.890000,1.2585,1.25841,1000000,1000000
2021-04-01 12:27:18.992000,1.25849,1.2584,1000000,1100000
2021-04-01 12:27:21.665000,1.25848,1.2584,1000000,1000000
2021-04-01 12:27:21.766000,1.25849,1.2584,1000000,1000000
2021-04-01 12:27:21.918000,1.25849,1.25842,1000000,1000000
2021-04-01 12:27:22.070000,1.25849,1.25841,1000000,1000000
2021-04-01 12:27:22.366000,1.2585,1.25841,1000000,1000000
2021-04-01 12:27:23.529000,1.25848,1.2584,1000000,1000000
2021-04-01 12:27:23.731000,1.25849,1.25841,1000000,1570000
2021-04-01 12:27:23.832000,1.25848,1.25841,1000000,1570000
2021-04-01 12:27:25.328000,1.25851,1.25842,1000000,1000000
2021-04-01 12:27:25.429000,1.25854,1.25846,1000000,1100000
2021-04-01 12:27:25.480000,1.25856,1.25846,1000000,1570000
2021-04-01 12:27:25.733000,1.25856,1.25846,1000000,1600000
2021-04-01 12:27:26.447000,1.25856,1.25848,1000000,1000000
2021-04-01 12:27:26.548000,1.25856,1.25849,1000000,1000000
2021-04-01 12:27:26.700000,1.25855,1.25849,1000000,1000000
2021-04-01 12:27:29.583000,1.25857,1.25848,1000000,1000000
2021-04-01 12:27:29.634000,1.25855,1.25848,1000000,1000000
2021-04-01 12:27:29.735000,1.25854,1.25848,1000000,1100000
2021-04-01 12:27:32.006000,1.25855,1.25849,1000000,1000000
2021-04-01 12:27:32.057000,1.25858,1.25849,1000000,1500000
2021-04-01 12:27:32.108000,1.25856,1.25848,1000000,1000000
2021-04-01 12:27:33.344000,1.25858,1.25848,1000000,1570000
2021-04-01 12:27:33.446000,1.25857,1.2585,1000000,1500000
2021-04-01 12:27:34.470000,1.25858,1.2585,1000000,1000000
2021-04-01 12:27:35.090000,1.25858,1.25849,1000000,1100000
2021-04-01 12:27:36.765000,1.25855,1.25847,1000000,3070000
2021-04-01 12:27:38.344000,1.25858,1.25848,1000000,1500000
2021-04-01 12:27:38.495000,1.25857,1.25848,1000000,1000000
2021-04-01 12:27:41.915000,1.25858,1.25849,1000000,1000000
2021-04-01 12:27:44.815000,1.25857,1.25848,1000000,1000000
2021-04-01 12:27:44.917000,1.25857,1.2585,1000000,1000000
2021-04-01 12:27:45.018000,1.25857,1.25849,1000000,1000000
2021-04-01 12:27:45.120000,1.25853,1.25846,1000000,1100000
2021-04-01 12:27:53.034000,1.25858,1.25849,1000000,1370000
2021-04-01 12:27:53.135000,1.25865,1.25858,1000000,1000000
2021-04-01 12:27:53.237000,1.25865,1.25857,1000000,1250000
2021-04-01 12:27:53.288000,1.25868,1.25859,1000000,1000000
2021-04-01 12:28:00.694000,1.25872,1.25862,1000000,1250000
2021-04-01 12:28:00.745000,1.25871,1.25864,1000000,1000000
2021-04-01 12:28:00.846000,1.25872,1.25864,1000000,1000000
2021-04-01 12:28:03.999000,1.25872,1.25863,1000000,1000000
2021-04-01 12:28:07.967000,1.2587,1.25864,1000000,1000000
2021-04-01 12:28:10.286000,1.25872,1.25863,1000000,1000000
2021-04-01 12:28:13.325000,1.25869,1.25859,1000000,2250000
2021-04-01 12:28:15.474000,1.25863,1.25855,1000000,2320000
2021-04-01 12:28:15.576000,1.25867,1.25857,1500000,1000000
2021-04-01 12:28:24.822000,1.25868,1.25858,1500000,1000000
2021-04-01 12:28:25.078000,1.25867,1.25858,1000000,1000000
2021-04-01 12:28:53.926000,1.25868,1.25858,1500000,1000000
2021-04-01 12:28:55.454000,1.25867,1.25858,1000000,1000000
2021-04-01 12:29:00.128000,1.2587,1.25862,1500000,1000000
2021-04-01 12:29:00.230000,1.2587,1.25861,1000000,1000000
2021-04-01 12:29:08.604000,1.25868,1.2586,1000000,1500000
2021-04-01 12:29:08.706000,1.25867,1.2586,1500000,1000000
2021-04-01 12:29:09.916000,1.25868,1.25858,1500000,1000000
2021-04-01 12:29:21.707000,1.25867,1.25858,1000000,1000000
2021-04-01 12:29:21.859000,1.25867,1.25857,1500000,1500000
2021-04-01 12:29:21.960000,1.2586,1.25852,1000000,1000000
2021-04-01 12:29:22.062000,1.2586,1.25851,1000000,1500000
2021-04-01 12:29:26.138000,1.2586,1.2585,1000000,1500000
2021-04-01 12:29:30.115000,1.25861,1.25851,2250000,1000000
2021-04-01 12:29:30.267000,1.2586,1.2585,2250000,1000000
2021-04-01 12:29:33.918000,1.25859,1.25849,1000000,1000000
2021-04-01 12:29:38.493000,1.25857,1.2585,1000000,1000000
2021-04-01 12:29:39.968000,1.25859,1.25849,1500000,1000000
2021-04-01 12:29:46.473000,1.25857,1.2585,1000000,1000000
2021-04-01 12:29:47.388000,1.25859,1.25849,1500000,1000000
2021-04-01 12:29:51.783000,1.25858,1.25848,1000000,1500000
2021-04-01 12:29:52.066000,1.25854,1.25847,1000000,1750000
2021-04-01 12:29:52.117000,1.25856,1.25848,1000000,1690000
2021-04-01 12:29:52.218000,1.25858,1.25848,1500000,1000000
2021-04-01 12:29:56.187000,1.25857,1.2585,1500000,1000000
2021-04-01 12:29:58.246000,1.25858,1.25848,1500000,1000000
2021-04-01 12:29:59.164000,1.25859,1.25851,1000000,1250000
2021-04-01 12:30:00.225000,1.25859,1.2585,1000000,1250000
2021-04-01 12:30:00.276000,1.25864,1.25854,1000000,1750000
2021-04-01 12:30:00.377000,1.25863,1.25855,1000000,1000000
2021-04-01 12:30:00.714000,1.25863,1.25853,1000000,1000000
2021-04-01 12:30:01.056000,1.25864,1.25854,1000000,1000000
2021-04-01 12:30:02.785000,1.25863,1.25854,1000000,1000000
2021-04-01 12:30:03.057000,1.25863,1.25853,1000000,1000000
2021-04-01 12:30:04.885000,1.25864,1.25854,1000000,1000000
2021-04-01 12:30:05.836000,1.25867,1.25858,1000000,1000000
2021-04-01 12:30:07.012000,1.25867,1.25857,1500000,1000000
2021-04-01 12:30:10.322000,1.25864,1.25855,1000000,1000000
2021-04-01 12:30:10.423000,1.25862,1.25852,1000000,1500000
2021-04-01 12:30:13.281000,1.25862,1.25851,1500000,1500000
2021-04-01 12:30:14.360000,1.25862,1.25852,1500000,1000000
2021-04-01 12:30:15.212000,1.2586,1.2585,1000000,1500000
2021-04-01 12:30:19.075000,1.25862,1.25851,1500000,1500000
2021-04-01 12:30:19.177000,1.25862,1.25854,1500000,1000000
2021-04-01 12:30:20.393000,1.25861,1.25852,1000000,1000000
2021-04-01 12:30:20.494000,1.25861,1.25854,1000000,1000000
2021-04-01 12:30:20.596000,1.25867,1.25856,1870000,1500000
2021-04-01 12:30:26.528000,1.25867,1.25857,1500000,1000000
2021-04-01 12:30:26.680000,1.25868,1.25858,1000000,1000000
2021-04-01 12:30:26.799000,1.25869,1.25859,2250000,1000000
2021-04-01 12:30:27.466000,1.25871,1.25864,1000000,1000000
2021-04-01 12:30:27.567000,1.25874,1.25866,2250000,1000000
2021-04-01 12:30:28.589000,1.25871,1.25862,1000000,1500000
2021-04-01 12:30:28.691000,1.25868,1.25863,1000000,1000000
2021-04-01 12:30:28.742000,1.25866,1.25858,1000000,1000000
2021-04-01 12:30:28.793000,1.25868,1.25859,1500000,1250000
2021-04-01 12:30:28.844000,1.25871,1.25861,1500000,1000000
2021-04-01 12:30:30.495000,1.25869,1.25859,1500000,1500000
2021-04-01 12:30:30.597000,1.25867,1.25857,1500000,1120000
2021-04-01 12:30:37.302000,1.25865,1.25857,1500000,1000000
2021-04-01 12:30:38.714000,1.25866,1.25858,1570000,1000000
2021-04-01 12:30:38.815000,1.25868,1.25858,3000000,1000000
2021-04-01 12:30:38.917000,1.25867,1.25858,1000000,1000000
2021-04-01 12:30:39.068000,1.25867,1.25856,1500000,1500000
2021-04-01 12:30:40.179000,1.25866,1.25856,1000000,1000000
2021-04-01 12:30:46.095000,1.25866,1.25857,1570000,1500000
2021-04-01 12:30:46.196000,1.25867,1.25857,1000000,1000000
2021-04-01 12:30:47.437000,1.25864,1.25856,1000000,1000000
2021-04-01 12:30:50.486000,1.25864,1.25855,1000000,1000000
2021-04-01 12:30:50.537000,1.25861,1.25853,1570000,1000000
2021-04-01 12:30:50.639000,1.2586,1.25851,1000000,1000000
2021-04-01 12:30:50.740000,1.25859,1.25851,1000000,1000000
2021-04-01 12:30:50.791000,1.25859,1.25849,1500000,1000000
2021-04-01 12:30:50.893000,1.25859,1.25848,2250000,1000000
2021-04-01 12:30:51.768000,1.25854,1.25847,1000000,1500000
2021-04-01 12:30:51.870000,1.25852,1.25844,1500000,1870000
2021-04-01 12:30:52.023000,1.25852,1.25845,1000000,1000000
2021-04-01 12:30:52.124000,1.25852,1.25843,1000000,1000000
2021-04-01 12:30:52.327000,1.25851,1.25842,1000000,1000000
2021-04-01 12:30:52.538000,1.25851,1.25841,2320000,1000000
2021-04-01 12:30:52.689000,1.2585,1.2584,1000000,1000000
2021-04-01 12:30:53.969000,1.25846,1.25837,1500000,1000000
2021-04-01 12:30:54.071000,1.25844,1.25837,1000000,1000000
2021-04-01 12:30:56.412000,1.25845,1.25835,1570000,1000000
2021-04-01 12:30:57.561000,1.25845,1.25836,1000000,1000000
2021-04-01 12:30:57.662000,1.25848,1.2584,1100000,1500000
2021-04-01 12:30:59.738000,1.25848,1.25838,1000000,1000000
2021-04-01 12:31:00.295000,1.25848,1.2584,1000000,1000000
2021-04-01 12:31:01.245000,1.2585,1.2584,1000000,1000000
2021-04-01 12:31:01.347000,1.25848,1.2584,1000000,1000000
2021-04-01 12:31:03.039000,1.25849,1.25838,1000000,1500000
2021-04-01 12:31:03.626000,1.25848,1.25838,1000000,1000000
2021-04-01 12:31:05.190000,1.25849,1.25838,1570000,1000000
2021-04-01 12:31:05.884000,1.25845,1.25836,1000000,1000000
2021-04-01 12:31:07.891000,1.25845,1.25835,1500000,1000000
2021-04-01 12:31:08.054000,1.25845,1.25836,1000000,1000000
2021-04-01 12:31:08.344000,1.25844,1.25836,1500000,1000000
2021-04-01 12:31:12.330000,1.25845,1.25836,1000000,1000000
2021-04-01 12:31:13.354000,1.25847,1.25839,1000000,1000000
2021-04-01 12:31:13.455000,1.25848,1.2584,1000000,1000000
2021-04-01 12:31:13.561000,1.25851,1.25842,1000000,1000000
2021-04-01 12:31:17.913000,1.25846,1.25838,1500000,1000000
2021-04-01 12:31:17.964000,1.25845,1.25835,1500000,1000000
2021-04-01 12:31:18.217000,1.25844,1.25835,2320000,1500000
2021-04-01 12:31:20.353000,1.25848,1.25839,1500000,1000000
2021-04-01 12:31:20.458000,1.2585,1.2584,1000000,2320000
2021-04-01 12:31:20.560000,1.25852,1.25845,1000000,1000000
2021-04-01 12:31:20.610000,1.25856,1.25846,2700000,1000000
2021-04-01 12:31:22.291000,1.25852,1.25845,1000000,1000000
2021-04-01 12:31:23.757000,1.25852,1.25842,1000000,1000000
2021-04-01 12:31:29.156000,1.25847,1.25841,1100000,1000000
2021-04-01 12:31:29.258000,1.25844,1.25839,1000000,1000000
2021-04-01 12:31:29.360000,1.25845,1.25835,1570000,1000000
2021-04-01 12:31:29.462000,1.25844,1.25834,1500000,1500000
2021-04-01 12:31:29.614000,1.25842,1.25834,1000000,1000000
2021-04-01 12:31:29.766000,1.25838,1.25831,1000000,1000000
2021-04-01 12:31:29.867000,1.25836,1.25827,1000000,1500000
2021-04-01 12:31:30.608000,1.2584,1.2583,2250000,1000000
2021-04-01 12:31:30.710000,1.25841,1.25831,1120000,1500000
2021-04-01 12:31:32.862000,1.25844,1.25835,1570000,1000000
2021-04-01 12:31:32.991000,1.25848,1.25839,1120000,1000000
2021-04-01 12:31:33.092000,1.25849,1.25839,1000000,1000000
2021-04-01 12:31:37.876000,1.25846,1.25837,1500000,1000000
2021-04-01 12:31:37.977000,1.25846,1.25836,1570000,1000000
2021-04-01 12:31:38.179000,1.25838,1.25833,1000000,1000000
2021-04-01 12:31:38.230000,1.25837,1.25828,1000000,1000000
2021-04-01 12:31:38.433000,1.25838,1.25832,1500000,1000000
2021-04-01 12:31:38.535000,1.25839,1.25829,1000000,1000000
2021-04-01 12:31:38.636000,1.25838,1.25829,1000000,1000000
2021-04-01 12:31:39.124000,1.25837,1.25829,2320000,1000000
2021-04-01 12:31:41.580000,1.25835,1.25829,1000000,1000000
2021-04-01 12:31:44.033000,1.25838,1.25831,1000000,1250000
2021-04-01 12:31:44.134000,1.25842,1.25832,1000000,1000000
2021-04-01 12:31:46.194000,1.25841,1.25831,1000000,1000000
2021-04-01 12:31:46.245000,1.25839,1.25829,1000000,2250000
2021-04-01 12:31:46.346000,1.25836,1.25827,1000000,1000000
2021-04-01 12:31:50.923000,1.25831,1.25824,1000000,1000000
2021-04-01 12:31:50.974000,1.25829,1.25819,1000000,1500000
2021-04-01 12:31:51.025000,1.25831,1.25821,1000000,1000000
2021-04-01 12:31:51.127000,1.2583,1.2582,1500000,1000000
2021-04-01 12:31:51.229000,1.2583,1.25822,1000000,1000000
2021-04-01 12:31:51.533000,1.2583,1.25821,1000000,1000000
2021-04-01 12:31:52.482000,1.2583,1.2582,1570000,1000000
2021-04-01 12:31:55.392000,1.25828,1.25819,1000000,1000000
2021-04-01 12:31:55.493000,1.25827,1.25818,1500000,1000000
2021-04-01 12:31:56.323000,1.25825,1.25814,1000000,2250000
2021-04-01 12:31:56.626000,1.25824,1.25814,1000000,1500000
2021-04-01 12:31:57.094000,1.25822,1.25812,1000000,2250000
2021-04-01 12:31:58.168000,1.25821,1.25812,1000000,1000000
2021-04-01 12:31:59.178000,1.2582,1.25812,1500000,1000000
2021-04-01 12:32:04.900000,1.2582,1.2581,1000000,1500000
2021-04-01 12:32:05.178000,1.25813,1.25806,1500000,1200000
2021-04-01 12:32:05.279000,1.25814,1.25804,1500000,1500000
2021-04-01 12:32:05.431000,1.25813,1.25804,1000000,1000000
2021-04-01 12:32:05.583000,1.25814,1.25804,1000000,1000000
2021-04-01 12:32:05.744000,1.25813,1.25804,1000000,1000000
2021-04-01 12:32:06.539000,1.25816,1.2581,1000000,1000000
2021-04-01 12:32:06.640000,1.25819,1.25809,2250000,1000000
2021-04-01 12:32:07.194000,1.25816,1.25808,1000000,2320000
2021-04-01 12:32:08.817000,1.25818,1.25808,1000000,1500000
2021-04-01 12:32:10.213000,1.25816,1.25806,1000000,1250000
2021-04-01 12:32:10.314000,1.25814,1.25806,1000000,3320000
2021-04-01 12:32:12.276000,1.25816,1.25805,1000000,2570000
2021-04-01 12:32:12.377000,1.25814,1.25806,1000000,1500000
2021-04-01 12:32:14.031000,1.25813,1.25803,1500000,1250000
2021-04-01 12:32:16.196000,1.25812,1.25802,1500000,1500000
2021-04-01 12:32:19.260000,1.2581,1.25802,1000000,1500000
2021-04-01 12:32:20.970000,1.25809,1.25799,1000000,2320000
2021-04-01 12:32:21.071000,1.25806,1.258,1000000,1000000
2021-04-01 12:32:21.273000,1.25807,1.25797,1500000,1820000
2021-04-01 12:32:21.819000,1.25806,1.25797,1000000,1820000
2021-04-01 12:32:22.101000,1.25805,1.25798,1000000,1010000
2021-04-01 12:32:24.492000,1.25808,1.25798,1500000,1000000
2021-04-01 12:32:24.694000,1.25805,1.25797,1000000,1690000
2021-04-01 12:32:24.745000,1.25807,1.25797,1000000,1000000
2021-04-01 12:32:24.796000,1.25801,1.25794,1000000,1000000
2021-04-01 12:32:25.152000,1.25801,1.25793,1000000,1000000
2021-04-01 12:32:25.304000,1.25801,1.25791,1500000,1000000
2021-04-01 12:32:25.354000,1.25799,1.2579,1000000,1000000
2021-04-01 12:32:25.791000,1.25801,1.25792,1000000,1000000
2021-04-01 12:32:25.892000,1.25801,1.25793,1000000,1000000
2021-04-01 12:32:26.100000,1.25798,1.2579,1000000,1500000
2021-04-01 12:32:26.150000,1.258,1.25791,1000000,1000000
2021-04-01 12:32:26.252000,1.25801,1.25791,1500000,1100000
2021-04-01 12:32:26.803000,1.25795,1.25787,1000000,1200000
2021-04-01 12:32:26.904000,1.25795,1.25788,1000000,1010000
2021-04-01 12:32:29.977000,1.25796,1.25788,1000000,1000000
2021-04-01 12:32:30.322000,1.258,1.25791,1000000,1000000
2021-04-01 12:32:30.781000,1.25801,1.25792,1000000,1000000
2021-04-01 12:32:30.882000,1.25797,1.25791,1000000,1000000
2021-04-01 12:32:30.933000,1.25796,1.25789,1500000,1120000
2021-04-01 12:32:31.034000,1.25797,1.25787,1500000,1000000
2021-04-01 12:32:31.135000,1.25796,1.25786,1000000,1760000
2021-04-01 12:32:31.287000,1.25795,1.25786,1000000,1760000
2021-04-01 12:32:31.338000,1.25795,1.25789,1000000,1000000
2021-04-01 12:32:31.439000,1.25797,1.25788,1000000,1000000
2021-04-01 12:32:31.593000,1.25796,1.25786,1000000,1760000
2021-04-01 12:32:31.694000,1.25794,1.25787,1500000,1250000
2021-04-01 12:32:31.847000,1.25795,1.25785,1500000,1760000
2021-04-01 12:32:31.948000,1.25793,1.25785,1000000,1870000
2021-04-01 12:32:32.049000,1.25793,1.25784,1000000,1760000
2021-04-01 12:32:32.357000,1.25793,1.25785,1000000,1000000
2021-04-01 12:32:35.663000,1.25795,1.25785,1000000,1250000
2021-04-01 12:32:35.765000,1.25796,1.25786,1000000,1100000
2021-04-01 12:32:36.708000,1.25796,1.25789,1000000,1250000
2021-04-01 12:32:36.860000,1.25797,1.25788,1500000,1010000
2021-04-01 12:32:36.961000,1.25796,1.25788,1000000,1250000
2021-04-01 12:32:37.956000,1.25798,1.25791,1000000,1000000
2021-04-01 12:32:38.006000,1.25801,1.25791,3000000,1000000
2021-04-01 12:32:38.108000,1.25801,1.2579,1500000,1760000
2021-04-01 12:32:38.210000,1.258,1.25792,1500000,1000000
2021-04-01 12:32:38.463000,1.258,1.25793,1000000,1000000
2021-04-01 12:32:41.378000,1.25801,1.25794,1000000,1250000
2021-04-01 12:32:41.479000,1.25803,1.25793,1500000,1250000
2021-04-01 12:32:42.979000,1.25805,1.25795,1500000,1350000
2021-04-01 12:32:43.080000,1.25805,1.25798,1000000,1760000
2021-04-01 12:32:44.798000,1.25804,1.25798,1000000,1250000
2021-04-01 12:32:45.363000,1.25808,1.25799,1000000,1000000
2021-04-01 12:32:45.465000,1.25809,1.25798,1500000,1570000
2021-04-01 12:32:45.813000,1.25804,1.25798,1000000,1760000
2021-04-01 12:32:46.639000,1.25806,1.25799,1000000,1100000
2021-04-01 12:32:46.741000,1.25808,1.25798,1000000,1100000
2021-04-01 12:32:46.943000,1.25808,1.25798,1000000,1350000
2021-04-01 12:32:48.184000,1.25805,1.25796,1000000,1570000
2021-04-01 12:32:48.336000,1.25805,1.25795,1000000,1760000
2021-04-01 12:32:48.658000,1.25804,1.25795,1000000,1760000
2021-04-01 12:32:51.065000,1.25805,1.25796,1000000,1250000
2021-04-01 12:32:51.116000,1.25807,1.25797,1000000,1250000
2021-04-01 12:32:51.168000,1.25808,1.25799,1000000,1820000
2021-04-01 12:32:52.008000,1.25808,1.25798,1000000,1850000
2021-04-01 12:32:52.261000,1.25808,1.25799,1000000,2600000
2021-04-01 12:32:52.463000,1.25808,1.25798,1000000,2600000
2021-04-01 12:32:52.994000,1.25809,1.25798,1000000,2600000
2021-04-01 12:32:53.095000,1.25808,1.25798,1000000,1850000
2021-04-01 12:32:55.060000,1.25808,1.25799,1000000,1820000
2021-04-01 12:32:58.006000,1.25809,1.25799,1000000,3350000
2021-04-01 12:32:58.158000,1.2581,1.25801,1000000,1250000
2021-04-01 12:32:58.260000,1.25811,1.25803,1000000,1010000
2021-04-01 12:32:58.412000,1.25812,1.25803,1000000,1250000
2021-04-01 12:32:58.816000,1.25813,1.25803,1000000,1760000
2021-04-01 12:32:59.213000,1.25814,1.25803,1500000,1760000
2021-04-01 12:32:59.753000,1.25812,1.25802,1500000,1690000
2021-04-01 12:32:59.968000,1.25811,1.25801,1000000,1690000
2021-04-01 12:33:00.976000,1.2581,1.25801,1000000,1010000
2021-04-01 12:33:04.894000,1.25804,1.25797,1500000,2450000
2021-04-01 12:33:04.995000,1.25803,1.25794,1000000,1250000
2021-04-01 12:33:05.721000,1.25802,1.25794,1000000,1000000
2021-04-01 12:33:05.823000,1.25803,1.25792,1000000,1760000
2021-04-01 12:33:08.517000,1.25801,1.25793,1000000,1250000
2021-04-01 12:33:09.623000,1.25802,1.25791,1000000,1760000
2021-04-01 12:33:10.367000,1.25798,1.25789,1000000,1000000
2021-04-01 12:33:10.519000,1.25796,1.2579,1000000,1000000
2021-04-01 12:33:10.620000,1.25797,1.25788,1000000,1000000
2021-04-01 12:33:12.223000,1.25795,1.25787,1000000,1100000
2021-04-01 12:33:12.696000,1.25794,1.25785,1000000,1100000
2021-04-01 12:33:15.986000,1.25794,1.25783,1000000,1000000
2021-04-01 12:33:16.087000,1.25794,1.25782,1000000,1950000
2021-04-01 12:33:16.788000,1.25794,1.25782,1000000,1970000
2021-04-01 12:33:17.302000,1.25794,1.25786,1000000,1010000
2021-04-01 12:33:17.403000,1.25796,1.25786,1000000,1100000
2021-04-01 12:33:18.267000,1.25793,1.25785,1000000,1100000
2021-04-01 12:33:21.018000,1.25794,1.25783,1000000,2850000
2021-04-01 12:33:21.170000,1.25794,1.25786,1000000,1000000
2021-04-01 12:33:21.438000,1.25794,1.25785,1000000,1500000
2021-04-01 12:33:27.407000,1.25794,1.25783,1000000,1570000
2021-04-01 12:33:27.508000,1.25793,1.25783,1000000,1570000
2021-04-01 12:33:27.919000,1.2579,1.25784,1000000,1000000
2021-04-01 12:33:28.020000,1.2579,1.25783,1000000,1000000
2021-04-01 12:33:28.126000,1.2579,1.25779,1500000,1100000
2021-04-01 12:33:29.054000,1.25789,1.25781,1500000,1000000
2021-04-01 12:33:29.255000,1.2579,1.25779,1500000,1100000
2021-04-01 12:33:29.515000,1.25793,1.25781,1000000,2700000
2021-04-01 12:33:29.616000,1.25793,1.25782,1000000,1570000
2021-04-01 12:33:29.717000,1.25793,1.25783,1000000,1000000
2021-04-01 12:33:30.179000,1.25794,1.25783,1000000,1000000
2021-04-01 12:33:31.601000,1.25794,1.25784,1000000,1000000
2021-04-01 12:33:33.798000,1.25794,1.25783,1000000,1570000
2021-04-01 12:33:34.900000,1.25792,1.25784,1000000,1570000
2021-04-01 12:33:34.951000,1.25791,1.25783,1000000,1000000
2021-04-01 12:33:35.052000,1.25793,1.25783,1500000,1000000
2021-04-01 12:33:35.153000,1.25792,1.25782,1000000,1570000
2021-04-01 12:33:35.356000,1.2579,1.25782,1000000,1570000
2021-04-01 12:33:36.298000,1.25793,1.25782,1500000,1000000
2021-04-01 12:33:36.399000,1.25792,1.25784,1000000,1500000
2021-04-01 12:33:38.511000,1.25793,1.25782,1000000,1570000
2021-04-01 12:33:38.562000,1.25789,1.25783,1000000,1000000
2021-04-01 12:33:38.663000,1.2579,1.2578,1500000,1100000
2021-04-01 12:33:38.765000,1.25789,1.25779,1000000,1570000
2021-04-01 12:33:41.963000,1.25788,1.25777,1000000,2070000
2021-04-01 12:33:42.014000,1.25785,1.25778,1000000,1570000
2021-04-01 12:33:42.507000,1.25787,1.25778,1500000,1000000
2021-04-01 12:33:43,1.25788,1.25777,1000000,1600000
2021-04-01 12:33:43.585000,1.25788,1.25776,1000000,3470000
2021-04-01 12:33:43.737000,1.25789,1.25778,1500000,1100000
2021-04-01 12:33:44.374000,1.2579,1.25778,1500000,1570000
2021-04-01 12:33:47.646000,1.25791,1.2578,1500000,1570000
2021-04-01 12:33:47.748000,1.25791,1.25781,1500000,1000000
2021-04-01 12:33:47.850000,1.25791,1.2578,1500000,2320000
2021-04-01 12:33:47.952000,1.25787,1.25778,1000000,2020000
2021-04-01 12:33:48.154000,1.25787,1.25776,1000000,2700000
2021-04-01 12:33:48.256000,1.25788,1.25776,1600000,1500000
2021-04-01 12:33:48.357000,1.25784,1.25776,2250000,1000000
2021-04-01 12:33:48.459000,1.25784,1.25775,1500000,1000000
2021-04-01 12:33:48.611000,1.25785,1.25777,1000000,1000000
2021-04-01 12:33:50.490000,1.25786,1.25775,1000000,1100000
2021-04-01 12:33:50.941000,1.25784,1.25776,1000000,1000000
2021-04-01 12:33:50.993000,1.25783,1.25774,1000000,1000000
2021-04-01 12:33:51.095000,1.25783,1.25773,1000000,1000000
2021-04-01 12:33:52.932000,1.25781,1.25771,1000000,1000000
2021-04-01 12:33:53.107000,1.25781,1.25772,1000000,1000000
2021-04-01 12:33:53.451000,1.25785,1.25776,1000000,1000000
2021-04-01 12:33:53.553000,1.25785,1.25777,1000000,1000000
2021-04-01 12:33:55.227000,1.25787,1.25776,1500000,1000000
2021-04-01 12:33:55.734000,1.25789,1.25783,1000000,1000000
2021-04-01 12:33:55.886000,1.25795,1.25784,2320000,1000000
2021-04-01 12:33:59.139000,1.25794,1.25784,1000000,1000000
2021-04-01 12:33:59.292000,1.25795,1.25785,1000000,1000000
2021-04-01 12:34:00.717000,1.25794,1.25784,1500000,2250000
2021-04-01 12:34:00.969000,1.25793,1.25782,1000000,1000000
2021-04-01 12:34:01.071000,1.25793,1.25783,1000000,1000000
2021-04-01 12:34:01.807000,1.25793,1.25785,1000000,1000000
2021-04-01 12:34:01.908000,1.25794,1.25783,1000000,1000000
2021-04-01 12:34:02.252000,1.25793,1.25783,1570000,1000000
2021-04-01 12:34:02.353000,1.25792,1.25783,1100000,1000000
2021-04-01 12:34:05.127000,1.25795,1.25784,2250000,1000000
2021-04-01 12:34:05.546000,1.25795,1.25783,2250000,1000000
2021-04-01 12:34:05.647000,1.25794,1.25783,1000000,1000000
2021-04-01 12:34:06.144000,1.25795,1.25784,1500000,1000000
2021-04-01 12:34:06.298000,1.25795,1.25785,1500000,1000000
2021-04-01 12:34:06.399000,1.25794,1.25783,1570000,1000000
2021-04-01 12:34:06.551000,1.2579,1.25781,1500000,1000000
2021-04-01 12:34:06.602000,1.25789,1.25778,1000000,1950000
2021-04-01 12:34:08.343000,1.25788,1.25778,1000000,1000000
2021-04-01 12:34:08.445000,1.25786,1.25777,1000000,1000000
2021-04-01 12:34:08.547000,1.25787,1.2578,1000000,1000000
2021-04-01 12:34:08.650000,1.25789,1.25778,1500000,1000000
2021-04-01 12:34:09.066000,1.25789,1.25781,1000000,1000000
2021-04-01 12:34:09.117000,1.25791,1.25783,2250000,1000000
2021-04-01 12:34:09.219000,1.2579,1.25779,1500000,1000000
2021-04-01 12:34:09.522000,1.25792,1.25785,1570000,1000000
2021-04-01 12:34:09.573000,1.25795,1.25785,2250000,1000000
2021-04-01 12:34:09.775000,1.25794,1.25787,1000000,1000000
2021-04-01 12:34:10.543000,1.25798,1.25787,2250000,1000000
2021-04-01 12:34:10.644000,1.25796,1.25788,1000000,1500000
2021-04-01 12:34:11.048000,1.25798,1.25789,1000000,1000000
2021-04-01 12:34:11.099000,1.25801,1.25793,1100000,1000000
2021-04-01 12:34:11.200000,1.25803,1.25794,1000000,1000000
2021-04-01 12:34:11.302000,1.25804,1.25794,1500000,1000000
2021-04-01 12:34:12.363000,1.25803,1.25794,1000000,1000000
2021-04-01 12:34:14.047000,1.25803,1.25793,1000000,1000000
2021-04-01 12:34:14.152000,1.25802,1.25791,1570000,1000000
2021-04-01 12:34:14.945000,1.25802,1.25793,1000000,1000000
2021-04-01 12:34:15.047000,1.25803,1.25792,1500000,1000000
2021-04-01 12:34:15.458000,1.25802,1.25794,1000000,1000000
2021-04-01 12:34:18.688000,1.25805,1.25797,1120000,1200000
2021-04-01 12:34:18.790000,1.25809,1.25801,1500000,1000000
2021-04-01 12:34:18.891000,1.2581,1.25801,1000000,1000000
2021-04-01 12:34:19.597000,1.2581,1.258,1000000,1000000
2021-04-01 12:34:19.698000,1.2581,1.25801,1500000,1000000
2021-04-01 12:34:20.928000,1.25809,1.25799,1000000,1000000
2021-04-01 12:34:22.034000,1.25811,1.258,3070000,1000000
2021-04-01 12:34:23.807000,1.25811,1.25801,1000000,1000000
2021-04-01 12:34:28.877000,1.25812,1.25801,1500000,1000000
2021-04-01 12:34:29.340000,1.25814,1.25805,1000000,1000000
2021-04-01 12:34:29.492000,1.25816,1.25805,1500000,1000000
2021-04-01 12:34:30.806000,1.25813,1.25803,1000000,1500000
2021-04-01 12:34:30.908000,1.25812,1.25802,1000000,1000000
2021-04-01 12:34:31.845000,1.25813,1.25804,1500000,3250000
2021-04-01 12:34:31.946000,1.25817,1.25809,1500000,1000000
2021-04-01 12:34:32.446000,1.25819,1.25809,1000000,1000000
2021-04-01 12:34:33.560000,1.25817,1.25808,1000000,1250000
2021-04-01 12:34:36.258000,1.25818,1.25808,1500000,2700000
2021-04-01 12:34:36.797000,1.25819,1.25808,1500000,1000000
2021-04-01 12:34:37.025000,1.2582,1.25809,1000000,1000000
2021-04-01 12:34:37.126000,1.25821,1.25809,1500000,2890000
2021-04-01 12:34:37.177000,1.25822,1.25811,1000000,1500000
2021-04-01 12:34:37.278000,1.25822,1.25812,1000000,2320000
2021-04-01 12:34:38.039000,1.25823,1.25813,2250000,1000000
2021-04-01 12:34:40.823000,1.25821,1.25813,1570000,1000000
2021-04-01 12:34:40.924000,1.25819,1.2581,1000000,2370000
2021-04-01 12:34:41.693000,1.25822,1.2581,2250000,1250000
2021-04-01 12:34:42.547000,1.25824,1.25814,1100000,1690000
2021-04-01 12:34:42.649000,1.25824,1.25815,1000000,1000000
2021-04-01 12:34:43.060000,1.25825,1.25815,1000000,1000000
2021-04-01 12:34:43.451000,1.25826,1.25815,1000000,1000000
2021-04-01 12:34:43.756000,1.25826,1.25815,1000000,1500000
2021-04-01 12:34:45.774000,1.25826,1.25815,1000000,1120000
2021-04-01 12:34:48.644000,1.25825,1.25815,1000000,1120000
2021-04-01 12:34:50.241000,1.25825,1.25814,1500000,1000000
2021-04-01 12:34:50.394000,1.25823,1.25815,1000000,1000000
2021-04-01 12:34:50.496000,1.2582,1.2581,1500000,1250000
2021-04-01 12:34:52.203000,1.25818,1.25808,1000000,2500000
2021-04-01 12:34:52.305000,1.2581,1.25803,1000000,1500000
2021-04-01 12:34:52.355000,1.25815,1.25804,1000000,1760000
2021-04-01 12:34:52.458000,1.25814,1.25803,1000000,1350000
2021-04-01 12:34:52.661000,1.25817,1.25808,1000000,1000000
2021-04-01 12:34:52.762000,1.25821,1.2581,1000000,1010000
2021-04-01 12:34:52.864000,1.25822,1.25811,1000000,1010000
2021-04-01 12:34:52.916000,1.25824,1.25811,1500000,1790000
2021-04-01 12:34:54.961000,1.25821,1.25813,1500000,1000000
2021-04-01 12:34:55.062000,1.25819,1.25813,1000000,1000000
2021-04-01 12:34:55.164000,1.2582,1.2581,1000000,1200000
2021-04-01 12:34:57.128000,1.25818,1.25809,1000000,1000000
2021-04-01 12:34:57.179000,1.25815,1.25807,1000000,1270000
2021-04-01 12:34:57.281000,1.25816,1.25805,1000000,1010000
2021-04-01 12:35:01.129000,1.25815,1.25807,1000000,1100000
2021-04-01 12:35:02.007000,1.25817,1.25808,1500000,1100000
2021-04-01 12:35:02.375000,1.25819,1.25808,1500000,2320000
2021-04-01 12:35:02.477000,1.25819,1.25809,1000000,1000000
2021-04-01 12:35:02.993000,1.25819,1.2581,1000000,1570000
2021-04-01 12:35:03.095000,1.25822,1.25813,1000000,1820000
2021-04-01 12:35:03.197000,1.25826,1.25815,1000000,1100000
2021-04-01 12:35:03.298000,1.25826,1.25816,1000000,1100000
2021-04-01 12:35:04.378000,1.25826,1.25815,1000000,1570000
2021-04-01 12:35:04.479000,1.25824,1.25816,1000000,1100000
2021-04-01 12:35:05.310000,1.25825,1.25816,1000000,1100000
2021-04-01 12:35:06.676000,1.25826,1.25816,1000000,1100000
2021-04-01 12:35:08.710000,1.25826,1.25817,1000000,1000000
2021-04-01 12:35:08.811000,1.25827,1.25817,1500000,1000000
2021-04-01 12:35:09.355000,1.25827,1.25818,1500000,1000000
2021-04-01 12:35:11.852000,1.25829,1.25821,1000000,1000000
2021-04-01 12:35:11.953000,1.25836,1.25825,1570000,1000000
2021-04-01 12:35:12.307000,1.25836,1.25826,1000000,1000000
2021-04-01 12:35:13.705000,1.25836,1.25825,1000000,1500000
2021-04-01 12:35:14.256000,1.25837,1.25829,1000000,1000000
2021-04-01 12:35:14.358000,1.25838,1.25831,1000000,1500000
2021-04-01 12:35:14.408000,1.25841,1.2583,1500000,1500000
2021-04-01 12:35:14.510000,1.25842,1.2583,1500000,1500000
2021-04-01 12:35:14.617000,1.25842,1.25831,1500000,1500000
2021-04-01 12:35:16.278000,1.25843,1.25831,1500000,1500000
2021-04-01 12:35:16.864000,1.25843,1.25832,1500000,1000000
2021-04-01 12:35:17.395000,1.2584,1.25833,1000000,1000000
2021-04-01 12:35:26.273000,1.25842,1.25833,1000000,1500000
2021-04-01 12:35:26.374000,1.25843,1.25833,1000000,1000000
2021-04-01 12:35:26.627000,1.25841,1.25833,1500000,1000000
2021-04-01 12:35:27.370000,1.25842,1.2583,1000000,1500000
2021-04-01 12:35:28.707000,1.25841,1.25832,1000000,1000000
2021-04-01 12:35:29.922000,1.25842,1.25832,1000000,1000000
2021-04-01 12:35:30.023000,1.25843,1.25832,1000000,1500000
2021-04-01 12:35:33.006000,1.25843,1.25833,1500000,1000000
2021-04-01 12:35:38.551000,1.25839,1.25832,1000000,1000000
2021-04-01 12:35:38.602000,1.25836,1.25828,1000000,1390000
2021-04-01 12:35:38.703000,1.25836,1.25825,1000000,1820000
2021-04-01 12:35:38.805000,1.25835,1.25826,1000000,1250000
2021-04-01 12:35:39.315000,1.25835,1.25825,1000000,1000000
2021-04-01 12:35:39.467000,1.25835,1.25824,1000000,1570000
2021-04-01 12:35:40.320000,1.25835,1.25825,1000000,1000000
2021-04-01 12:35:41.306000,1.25833,1.25824,1500000,1000000
2021-04-01 12:35:42.757000,1.25832,1.25821,1500000,1100000
2021-04-01 12:35:42.858000,1.25825,1.25817,1000000,1000000
2021-04-01 12:35:42.960000,1.25825,1.25815,1000000,1000000
2021-04-01 12:35:43.550000,1.25825,1.25814,1000000,1570000
2021-04-01 12:35:43.651000,1.25824,1.25814,1000000,1100000
2021-04-01 12:35:46.239000,1.25824,1.25812,1000000,3350000
2021-04-01 12:35:46.391000,1.25825,1.25813,1000000,2540000
2021-04-01 12:35:46.593000,1.25823,1.25813,1100000,1000000
2021-04-01 12:35:46.695000,1.25819,1.2581,1000000,3320000
2021-04-01 12:35:47.610000,1.25818,1.25809,1000000,1000000
2021-04-01 12:35:48.229000,1.25816,1.25809,1000000,1000000
2021-04-01 12:35:48.380000,1.25816,1.25808,1000000,1000000
2021-04-01 12:35:48.830000,1.25815,1.25807,1500000,1000000
2021-04-01 12:35:48.881000,1.25812,1.25803,1000000,1270000
2021-04-01 12:35:48.982000,1.25813,1.25802,1000000,1970000
2021-04-01 12:35:49.134000,1.25812,1.25803,1000000,1100000
2021-04-01 12:35:49.262000,1.2581,1.25802,1000000,1250000
2021-04-01 12:35:50.024000,1.25811,1.25802,1500000,1690000
2021-04-01 12:35:50.126000,1.25813,1.25802,1000000,3260000
2021-04-01 12:35:52.292000,1.25813,1.25802,1000000,3290000
2021-04-01 12:35:52.722000,1.25812,1.25805,1000000,1000000
2021-04-01 12:35:57.537000,1.25814,1.25804,1500000,1000000
2021-04-01 12:35:57.587000,1.25817,1.25807,1000000,1000000
2021-04-01 12:35:57.689000,1.25818,1.25807,1500000,1790000
2021-04-01 12:35:57.991000,1.25818,1.25811,1000000,1000000
2021-04-01 12:35:58.042000,1.25823,1.25813,1000000,1000000
2021-04-01 12:35:58.194000,1.25823,1.25815,1000000,1000000
2021-04-01 12:35:58.299000,1.25816,1.25811,1000000,1250000
2021-04-01 12:35:58.400000,1.25816,1.2581,1000000,1000000
2021-04-01 12:35:58.653000,1.25817,1.25808,1000000,1000000
2021-04-01 12:36:03.217000,1.25815,1.25808,1000000,1000000
2021-04-01 12:36:03.267000,1.25814,1.25804,1000000,1270000
2021-04-01 12:36:03.318000,1.25814,1.25806,1000000,1000000
2021-04-01 12:36:03.820000,1.25814,1.25805,1000000,1000000
2021-04-01 12:36:04.991000,1.25812,1.25801,1000000,1650000
2021-04-01 12:36:05.092000,1.2581,1.25801,1000000,1000000
2021-04-01 12:36:05.194000,1.2581,1.258,1000000,1000000
2021-04-01 12:36:06.698000,1.25807,1.25801,1000000,1000000
2021-04-01 12:36:06.800000,1.25804,1.25794,1000000,1000000
2021-04-01 12:36:06.951000,1.25804,1.25793,1000000,1000000
2021-04-01 12:36:07.053000,1.25804,1.25793,1000000,3350000
2021-04-01 12:36:07.154000,1.25805,1.25796,1500000,1000000
2021-04-01 12:36:07.641000,1.25808,1.25798,1100000,1000000
2021-04-01 12:36:07.692000,1.2581,1.25798,1570000,1500000
2021-04-01 12:36:09.079000,1.25808,1.25798,1000000,1570000
2021-04-01 12:36:09.180000,1.25807,1.25798,1000000,1000000
2021-04-01 12:36:10.204000,1.25808,1.25799,1000000,1000000
2021-04-01 12:36:10.355000,1.25809,1.25799,1000000,1100000
2021-04-01 12:36:10.457000,1.25808,1.25801,1000000,1000000
2021-04-01 12:36:11.156000,1.25809,1.25802,1000000,1000000
2021-04-01 12:36:11.206000,1.25813,1.25804,3820000,1000000
2021-04-01 12:36:11.308000,1.25814,1.25804,1500000,1250000
2021-04-01 12:36:11.409000,1.25815,1.25805,1000000,1000000
2021-04-01 12:36:11.510000,1.25814,1.25805,1000000,1000000
2021-04-01 12:36:11.561000,1.25814,1.25803,1000000,2510000
2021-04-01 12:36:13.764000,1.25811,1.25803,1000000,1000000
2021-04-01 12:36:13.916000,1.25809,1.258,1000000,1500000
2021-04-01 12:36:14.017000,1.2581,1.258,1000000,1500000
2021-04-01 12:36:14.981000,1.2581,1.25801,1000000,1000000
2021-04-01 12:36:15.032000,1.25813,1.25807,1000000,1000000
2021-04-01 12:36:15.134000,1.25813,1.25808,1000000,1000000
2021-04-01 12:36:15.185000,1.25817,1.25809,1000000,1000000
2021-04-01 12:36:16.345000,1.25821,1.25809,1000000,1570000
2021-04-01 12:36:16.556000,1.25821,1.2581,1000000,1000000
2021-04-01 12:36:16.856000,1.25822,1.25811,1000000,1000000
2021-04-01 12:36:16.958000,1.25822,1.25812,1000000,1100000
2021-04-01 12:36:17.060000,1.25822,1.25813,1000000,1100000
2021-04-01 12:36:20.175000,1.25823,1.25813,1570000,1000000
2021-04-01 12:36:22.549000,1.2582,1.2581,1500000,1000000
2021-04-01 12:36:22.651000,1.25819,1.2581,1000000,1000000
2021-04-01 12:36:22.752000,1.25819,1.25809,1000000,1000000
2021-04-01 12:36:22.954000,1.25819,1.2581,1000000,1000000
2021-04-01 12:36:23.207000,1.25819,1.25811,1500000,1000000
2021-04-01 12:36:27.243000,1.25819,1.2581,1000000,1000000
2021-04-01 12:36:27.344000,1.25817,1.25809,1000000,1000000
2021-04-01 12:36:27.547000,1.25818,1.25807,1500000,1500000
2021-04-01 12:36:28.058000,1.25812,1.25804,1000000,1000000
2021-04-01 12:36:28.109000,1.25811,1.25803,1000000,1500000
2021-04-01 12:36:28.210000,1.25811,1.25802,1000000,1570000
2021-04-01 12:36:28.312000,1.25812,1.25802,1000000,1000000
2021-04-01 12:36:31.355000,1.25812,1.25801,1600000,2250000
2021-04-01 12:36:31.406000,1.2581,1.25801,1600000,1000000
2021-04-01 12:36:31.508000,1.25809,1.25799,1100000,1500000
2021-04-01 12:36:31.609000,1.25806,1.25797,1600000,1000000
2021-04-01 12:36:31.711000,1.25804,1.25794,1570000,1000000
2021-04-01 12:36:32.115000,1.25803,1.25795,1600000,1000000
2021-04-01 12:36:32.823000,1.25804,1.25794,1570000,1000000
2021-04-01 12:36:33.818000,1.25807,1.25799,1000000,1000000
2021-04-01 12:36:33.920000,1.25811,1.258,3220000,1500000
2021-04-01 12:36:34.071000,1.25811,1.25801,2470000,1000000
2021-04-01 12:36:34.172000,1.25811,1.25801,1600000,1000000
2021-04-01 12:36:34.820000,1.25811,1.258,1600000,1500000
2021-04-01 12:36:35.506000,1.25812,1.25805,1500000,1250000
2021-04-01 12:36:35.608000,1.25814,1.25809,1000000,1000000
2021-04-01 12:36:35.709000,1.25818,1.25808,1100000,1500000
2021-04-01 12:36:38.926000,1.25819,1.25809,1100000,1500000
2021-04-01 12:36:40.227000,1.25819,1.25811,1100000,1000000
2021-04-01 12:36:41.173000,1.2582,1.2581,1100000,1000000
2021-04-01 12:36:41.438000,1.25819,1.25811,1600000,1000000
2021-04-01 12:36:41.540000,1.2582,1.25809,1600000,1500000
2021-04-01 12:36:42.964000,1.2582,1.25809,1600000,1000000
2021-04-01 12:36:44.640000,1.25823,1.25814,1000000,1750000
2021-04-01 12:36:44.743000,1.25823,1.25816,1000000,1000000
2021-04-01 12:36:44.844000,1.25824,1.25816,1000000,1500000
2021-04-01 12:36:44.895000,1.25827,1.25816,2450000,1500000
2021-04-01 12:36:45.326000,1.25828,1.25817,1570000,1500000
2021-04-01 12:36:45.808000,1.25827,1.25817,1000000,1000000
2021-04-01 12:36:55.467000,1.25821,1.25814,1000000,1000000
2021-04-01 12:36:55.518000,1.25819,1.25811,1000000,1000000
2021-04-01 12:36:55.619000,1.25818,1.25811,1500000,1000000
2021-04-01 12:36:56.677000,1.25817,1.25807,1500000,1000000
2021-04-01 12:36:58.095000,1.25817,1.25808,1000000,1000000
2021-04-01 12:36:58.196000,1.25817,1.25809,1000000,1000000
2021-04-01 12:36:58.297000,1.25819,1.25808,1500000,1500000
2021-04-01 12:36:58.519000,1.25817,1.25808,1570000,2250000
2021-04-01 12:36:59.986000,1.25818,1.25809,1000000,1000000
2021-04-01 12:37:00.189000,1.25818,1.2581,1000000,1000000
2021-04-01 12:37:01.075000,1.25822,1.25812,1000000,1690000
2021-04-01 12:37:01.177000,1.25824,1.25816,1500000,1000000
2021-04-01 12:37:01.968000,1.25826,1.25816,1570000,1000000
2021-04-01 12:37:02.407000,1.25826,1.25817,1000000,1000000
2021-04-01 12:37:04.486000,1.25825,1.25817,1500000,1000000
2021-04-01 12:37:08.340000,1.25826,1.25817,1000000,1000000
2021-04-01 12:37:14.071000,1.25826,1.25816,1500000,1000000
2021-04-01 12:37:16.466000,1.25825,1.25816,1000000,1000000
2021-04-01 12:37:17.392000,1.25825,1.25817,1500000,1000000
2021-04-01 12:37:19.142000,1.2582,1.25813,1000000,1000000
2021-04-01 12:37:19.193000,1.2582,1.2581,1000000,1690000
2021-04-01 12:37:19.496000,1.25823,1.25812,1570000,1000000
2021-04-01 12:37:19.597000,1.25824,1.25813,2320000,1000000
2021-04-01 12:37:20.366000,1.25825,1.25814,1100000,1000000
2021-04-01 12:37:20.468000,1.25825,1.25815,1000000,1000000
2021-04-01 12:37:20.569000,1.25824,1.25817,1000000,1000000
2021-04-01 12:37:26.539000,1.25826,1.25816,1000000,1000000
2021-04-01 12:37:29.561000,1.25824,1.25817,1000000,1000000
2021-04-01 12:37:29.825000,1.25824,1.25816,1000000,1000000
2021-04-01 12:37:31.574000,1.25824,1.25815,1000000,2320000
2021-04-01 12:37:32.149000,1.25824,1.25813,1000000,1100000
2021-04-01 12:37:32.886000,1.25821,1.25811,1500000,1000000
2021-04-01 12:37:32.987000,1.2582,1.25811,1500000,1570000
2021-04-01 12:37:33.472000,1.2582,1.25809,1500000,1010000
2021-04-01 12:37:35.048000,1.2582,1.25808,2250000,1100000
2021-04-01 12:37:36.114000,1.25819,1.25808,1000000,1000000
2021-04-01 12:37:38.355000,1.25817,1.25808,1570000,1000000
2021-04-01 12:37:40.652000,1.25817,1.25806,1500000,1000000
2021-04-01 12:37:41.871000,1.25817,1.25807,1000000,1000000
2021-04-01 12:37:43.570000,1.25817,1.2581,1000000,1000000
2021-04-01 12:37:46.479000,1.25817,1.25809,1000000,1000000
2021-04-01 12:37:47.196000,1.25818,1.25809,1000000,1000000
2021-04-01 12:37:47.297000,1.2582,1.25811,1000000,1250000
2021-04-01 12:37:47.399000,1.25822,1.25814,1000000,1000000
2021-04-01 12:37:47.501000,1.25824,1.25814,1000000,1000000
2021-04-01 12:37:47.657000,1.25822,1.25815,1000000,1000000
2021-04-01 12:37:47.758000,1.25823,1.25812,1500000,1500000
2021-04-01 12:37:47.860000,1.25822,1.25814,1500000,1000000
2021-04-01 12:37:47.961000,1.25821,1.25813,1000000,1000000
2021-04-01 12:37:48.063000,1.25818,1.2581,1000000,1000000
2021-04-01 12:37:48.113000,1.25817,1.25809,1500000,1000000
2021-04-01 12:37:49.908000,1.25814,1.25804,1000000,1600000
2021-04-01 12:37:49.959000,1.25813,1.25803,1500000,1000000
2021-04-01 12:37:50.060000,1.25812,1.25803,1000000,1000000
2021-04-01 12:37:53.684000,1.25812,1.25802,1000000,1000000
2021-04-01 12:37:53.940000,1.25812,1.25801,1000000,1500000
2021-04-01 12:37:54.526000,1.25813,1.25802,1570000,1000000
2021-04-01 12:37:55.464000,1.25811,1.25803,1000000,1500000
2021-04-01 12:37:55.854000,1.25811,1.25801,1000000,1000000
2021-04-01 12:37:57.107000,1.25811,1.25803,1000000,1000000
2021-04-01 12:37:57.292000,1.2581,1.25803,1000000,1500000
2021-04-01 12:37:57.805000,1.25811,1.25803,1000000,1500000
2021-04-01 12:37:58.492000,1.25812,1.25803,1570000,1500000
2021-04-01 12:38:03.769000,1.25812,1.25804,2250000,1000000
2021-04-01 12:38:03.870000,1.25811,1.25801,1500000,1000000
2021-04-01 12:38:03.971000,1.2581,1.25801,1000000,1000000
2021-04-01 12:38:04.694000,1.25811,1.25801,1000000,1500000
2021-04-01 12:38:04.805000,1.25812,1.25801,1570000,1500000
2021-04-01 12:38:05.403000,1.25811,1.25801,1000000,1500000
2021-04-01 12:38:05.555000,1.25811,1.25802,1570000,1500000
2021-04-01 12:38:05.985000,1.2581,1.25802,1000000,1000000
2021-04-01 12:38:06.086000,1.25809,1.25799,1500000,1500000
2021-04-01 12:38:08.410000,1.2581,1.258,1000000,1000000
2021-04-01 12:38:08.511000,1.25811,1.258,1500000,1000000
2021-04-01 12:38:08.835000,1.2581,1.258,1000000,1000000
2021-04-01 12:38:09.186000,1.25808,1.25801,1000000,1000000
2021-04-01 12:38:09.913000,1.25811,1.258,1500000,1000000
2021-04-01 12:38:11.768000,1.2581,1.258,1000000,1000000
2021-04-01 12:38:11.917000,1.25811,1.25801,1500000,1250000
2021-04-01 12:38:12.019000,1.2582,1.25813,2250000,1000000
2021-04-01 12:38:12.121000,1.25823,1.25814,1000000,1200000
2021-04-01 12:38:12.645000,1.25823,1.25813,1500000,1000000
2021-04-01 12:38:14.948000,1.25824,1.25815,1000000,1000000
2021-04-01 12:38:15.049000,1.25825,1.25815,1000000,1000000
2021-04-01 12:38:15.511000,1.25825,1.25816,1000000,1000000
2021-04-01 12:38:15.612000,1.25825,1.25815,1500000,1000000
2021-04-01 12:38:16.087000,1.25822,1.25814,1500000,1000000
2021-04-01 12:38:16.189000,1.2582,1.25812,1500000,1000000
2021-04-01 12:38:17.049000,1.2582,1.25811,1500000,1500000
2021-04-01 12:38:20.680000,1.2582,1.2581,1000000,1500000
2021-04-01 12:38:21.536000,1.25821,1.2581,1500000,1500000
2021-04-01 12:38:21.587000,1.25822,1.25814,1000000,1000000
2021-04-01 12:38:21.688000,1.25822,1.25815,1500000,1000000
2021-04-01 12:38:22.326000,1.25823,1.25813,1500000,1000000
2021-04-01 12:38:22.825000,1.25823,1.25816,1000000,1000000
2021-04-01 12:38:22.875000,1.25826,1.25815,2250000,1000000
2021-04-01 12:38:22.926000,1.25824,1.25813,1000000,1000000
2021-04-01 12:38:23.027000,1.2582,1.25812,1000000,1000000
2021-04-01 12:38:23.129000,1.2582,1.25811,1000000,1000000
2021-04-01 12:38:23.332000,1.25816,1.25809,1000000,1000000
2021-04-01 12:38:23.384000,1.25813,1.25804,1000000,1500000
2021-04-01 12:38:23.536000,1.25812,1.25802,1500000,1000000
2021-04-01 12:38:23.637000,1.25811,1.25802,1000000,1000000
2021-04-01 12:38:24.492000,1.25809,1.258,1000000,1000000
2021-04-01 12:38:25.153000,1.2581,1.25801,1000000,1500000
2021-04-01 12:38:25.406000,1.25811,1.25802,1500000,1000000
2021-04-01 12:38:27.544000,1.25811,1.258,1500000,1570000
2021-04-01 12:38:30.525000,1.2581,1.25799,1000000,1500000
2021-04-01 12:38:30.626000,1.25808,1.258,1000000,1500000
2021-04-01 12:38:30.727000,1.25806,1.25798,1000000,1000000
2021-04-01 12:38:31.622000,1.25808,1.25797,1500000,1500000
2021-04-01 12:38:32.232000,1.25807,1.25797,1000000,1000000
2021-04-01 12:38:32.334000,1.25804,1.25794,1500000,1500000
2021-04-01 12:38:32.435000,1.25804,1.25793,1500000,2250000
2021-04-01 12:38:33.824000,1.25803,1.25792,1000000,1570000
2021-04-01 12:38:33.925000,1.25802,1.25792,1000000,1100000
2021-04-01 12:38:35.202000,1.25802,1.25793,1000000,1570000
2021-04-01 12:38:36.855000,1.25803,1.25793,1000000,1000000
2021-04-01 12:38:37.371000,1.25805,1.25794,1000000,1500000
2021-04-01 12:38:38.537000,1.25805,1.25794,1000000,1600000
2021-04-01 12:38:40.184000,1.25805,1.25794,1000000,2320000
2021-04-01 12:38:40.286000,1.25804,1.25793,1000000,1570000
2021-04-01 12:38:40.819000,1.25804,1.25794,1000000,1000000
2021-04-01 12:38:41.265000,1.25803,1.25794,1000000,2700000
2021-04-01 12:38:42.057000,1.25801,1.25793,1000000,1500000
2021-04-01 12:38:42.209000,1.25798,1.25789,1000000,1100000
2021-04-01 12:38:42.411000,1.25797,1.25788,1000000,1500000
2021-04-01 12:38:43.750000,1.25798,1.25789,1000000,1500000
2021-04-01 12:38:43.851000,1.258,1.25789,1000000,1100000
2021-04-01 12:38:43.902000,1.25802,1.25791,1000000,1000000
2021-04-01 12:38:44.003000,1.25803,1.25793,1000000,1000000
2021-04-01 12:38:44.105000,1.25802,1.25793,1000000,1500000
2021-04-01 12:38:45.231000,1.25802,1.25792,1000000,1000000
2021-04-01 12:38:45.938000,1.25803,1.25792,1000000,1500000
2021-04-01 12:38:46.899000,1.25801,1.25791,1000000,1000000
2021-04-01 12:38:47,1.25801,1.25792,1000000,1500000
2021-04-01 12:38:47.658000,1.258,1.25792,1000000,1000000
2021-04-01 12:38:47.759000,1.258,1.25791,1000000,1570000
2021-04-01 12:38:47.961000,1.25799,1.2579,1000000,1500000
2021-04-01 12:38:48.062000,1.25796,1.25787,1000000,3070000
2021-04-01 12:38:48.113000,1.25799,1.25788,1500000,1500000
2021-04-01 12:38:48.214000,1.25798,1.25788,1000000,1000000
2021-04-01 12:38:48.366000,1.25799,1.25788,1000000,1500000
2021-04-01 12:38:49.066000,1.258,1.25788,1500000,1500000
2021-04-01 12:38:50.716000,1.258,1.25791,1000000,1500000
2021-04-01 12:38:54.524000,1.25802,1.25791,1000000,1000000
2021-04-01 12:38:54.727000,1.25803,1.25792,1000000,1500000
2021-04-01 12:38:54.929000,1.25802,1.25792,1000000,1100000
2021-04-01 12:38:55.084000,1.25803,1.25792,1000000,1570000
2021-04-01 12:38:56.284000,1.25801,1.25793,1000000,1100000
2021-04-01 12:38:57.168000,1.25803,1.25792,1500000,1100000
2021-04-01 12:38:57.269000,1.25804,1.25794,1000000,1570000
2021-04-01 12:38:57.370000,1.25805,1.25796,1000000,1000000
2021-04-01 12:38:57.421000,1.25807,1.25799,1000000,1000000
2021-04-01 12:38:57.624000,1.25808,1.25799,1000000,2250000
2021-04-01 12:38:58.794000,1.2581,1.25798,1500000,2320000
2021-04-01 12:39:01.273000,1.25808,1.25798,1040000,1100000
2021-04-01 12:39:01.375000,1.25804,1.25796,1500000,1000000
2021-04-01 12:39:01.476000,1.25804,1.25793,1500000,1100000
2021-04-01 12:39:01.680000,1.25803,1.25797,1500000,1000000
2021-04-01 12:39:01.731000,1.25812,1.25803,2620000,1500000
2021-04-01 12:39:01.832000,1.25817,1.25807,1000000,1000000
2021-04-01 12:39:01.934000,1.25818,1.25813,1000000,1000000
2021-04-01 12:39:01.984000,1.25824,1.25814,1500000,1000000
2021-04-01 12:39:02.089000,1.25824,1.25815,1000000,1000000
2021-04-01 12:39:02.140000,1.25826,1.25815,1500000,1000000
2021-04-01 12:39:02.397000,1.25826,1.25816,1000000,1000000
2021-04-01 12:39:02.677000,1.25826,1.25815,1500000,1000000
2021-04-01 12:39:03.190000,1.25826,1.25816,1000000,1000000
2021-04-01 12:39:09.724000,1.25827,1.25816,1500000,1500000
2021-04-01 12:39:09.876000,1.25827,1.25818,1000000,2850000
2021-04-01 12:39:09.927000,1.25832,1.25821,1500000,1000000
2021-04-01 12:39:10.028000,1.25832,1.25825,1620000,1000000
2021-04-01 12:39:10.402000,1.25832,1.25822,1500000,1000000
2021-04-01 12:39:10.503000,1.25832,1.25821,1000000,1000000
2021-04-01 12:39:11.539000,1.25829,1.25821,1000000,1000000
2021-04-01 12:39:11.642000,1.25829,1.25819,1000000,1250000
2021-04-01 12:39:11.743000,1.25829,1.25818,1000000,1200000
2021-04-01 12:39:11.854000,1.25831,1.2582,1500000,1000000
2021-04-01 12:39:11.956000,1.25832,1.25823,2250000,1000000
2021-04-01 12:39:13.379000,1.25829,1.25819,1000000,1250000
2021-04-01 12:39:13.581000,1.25829,1.25818,1000000,2700000
2021-04-01 12:39:14.180000,1.2583,1.25822,1000000,1000000
2021-04-01 12:39:14.281000,1.25831,1.25822,1000000,1570000
2021-04-01 12:39:14.788000,1.2583,1.25821,1500000,1000000
2021-04-01 12:39:14.890000,1.2583,1.25819,1000000,1500000
2021-04-01 12:39:15.187000,1.25828,1.25819,1500000,1000000
2021-04-01 12:39:15.289000,1.25828,1.25817,1000000,1000000
2021-04-01 12:39:16.709000,1.25827,1.25816,1500000,1100000
2021-04-01 12:39:16.811000,1.25825,1.25816,2250000,1500000
2021-04-01 12:39:17.284000,1.25826,1.25817,1000000,1000000
2021-04-01 12:39:20.119000,1.25823,1.25816,1500000,1000000
2021-04-01 12:39:20.220000,1.25822,1.25816,1000000,1000000
2021-04-01 12:39:20.271000,1.25823,1.25812,1000000,3000000
2021-04-01 12:39:21.286000,1.25821,1.2581,1000000,2700000
2021-04-01 12:39:23.537000,1.2582,1.2581,1500000,1000000
2021-04-01 12:39:23.638000,1.2582,1.25809,1500000,1000000
2021-04-01 12:39:24.185000,1.25821,1.25812,2250000,1000000
2021-04-01 12:39:28.351000,1.25824,1.25814,1500000,1500000
2021-04-01 12:39:28.452000,1.25826,1.25819,1500000,1000000
2021-04-01 12:39:28.553000,1.2583,1.25821,1500000,1000000
2021-04-01 12:39:29.365000,1.25832,1.25823,2250000,1000000
2021-04-01 12:39:29.668000,1.25835,1.25824,3000000,1000000
2021-04-01 12:39:32.276000,1.25833,1.25822,1000000,3000000
2021-04-01 12:39:32.377000,1.25833,1.25821,1500000,1000000
2021-04-01 12:39:34.425000,1.25834,1.25823,1500000,1500000
2021-04-01 12:39:34.526000,1.25835,1.25824,2320000,1000000
2021-04-01 12:39:34.953000,1.25832,1.25823,1000000,1100000
2021-04-01 12:39:35.104000,1.25833,1.25821,1000000,1500000
2021-04-01 12:39:36.495000,1.25834,1.25823,1500000,1000000
2021-04-01 12:39:36.596000,1.25833,1.25823,1500000,2320000
2021-04-01 12:39:37.193000,1.25833,1.25822,2250000,1500000
2021-04-01 12:39:40.313000,1.25832,1.25821,2620000,1000000
2021-04-01 12:39:40.414000,1.25826,1.25819,1000000,1000000
2021-04-01 12:39:40.515000,1.25827,1.25816,1000000,2250000
2021-04-01 12:39:40.827000,1.25826,1.25816,1000000,1500000
2021-04-01 12:39:40.928000,1.25824,1.25815,1000000,1000000
2021-04-01 12:39:41.029000,1.25824,1.25812,1500000,1950000
2021-04-01 12:39:41.130000,1.25823,1.25812,1000000,1950000
2021-04-01 12:39:41.231000,1.25824,1.25812,1500000,1950000
2021-04-01 12:39:41.369000,1.25822,1.25813,1000000,1950000
2021-04-01 12:39:41.788000,1.25823,1.25813,1500000,1950000
2021-04-01 12:39:42.571000,1.25823,1.25812,1000000,1200000
2021-04-01 12:39:42.684000,1.25824,1.25812,1500000,1200000
2021-04-01 12:39:43.765000,1.25822,1.25813,1000000,1200000
2021-04-01 12:39:43.866000,1.25823,1.25813,1500000,1200000
2021-04-01 12:39:46.091000,1.25824,1.25816,1000000,1350000
2021-04-01 12:39:46.192000,1.25826,1.25818,1000000,1500000
2021-04-01 12:39:46.243000,1.25829,1.25819,1000000,1000000
2021-04-01 12:39:46.345000,1.25832,1.2582,2620000,1000000
2021-04-01 12:39:46.707000,1.25834,1.25822,1570000,1500000
2021-04-01 12:39:46.808000,1.25832,1.25822,1000000,1790000
2021-04-01 12:39:49.865000,1.25833,1.25821,1000000,1760000
2021-04-01 12:39:52.723000,1.25828,1.25821,1000000,1000000
2021-04-01 12:39:52.825000,1.25828,1.2582,1500000,1000000
2021-04-01 12:39:52.926000,1.25827,1.25818,1500000,1250000
2021-04-01 12:39:54.750000,1.25827,1.25818,1500000,1000000
2021-04-01 12:39:54.851000,1.25827,1.25816,1000000,2320000
2021-04-01 12:39:54.952000,1.25828,1.25816,1500000,2320000
2021-04-01 12:39:55.460000,1.25827,1.25816,1000000,2320000
2021-04-01 12:39:55.995000,1.25828,1.25816,1500000,2320000
2021-04-01 12:39:56.147000,1.25824,1.25817,1570000,1000000
2021-04-01 12:39:56.248000,1.25823,1.25813,1000000,1760000
2021-04-01 12:39:56.349000,1.25825,1.25812,2250000,1570000
2021-04-01 12:39:56.450000,1.25823,1.25813,1000000,2250000
2021-04-01 12:39:56.607000,1.25825,1.25815,2320000,1500000
2021-04-01 12:39:56.708000,1.25825,1.25816,1000000,1000000
2021-04-01 12:39:58.651000,1.25826,1.25817,1000000,1570000
2021-04-01 12:40:01.138000,1.25826,1.25818,1000000,1570000
2021-04-01 12:40:01.240000,1.25833,1.25823,1000000,2320000
2021-04-01 12:40:01.341000,1.25832,1.25823,1000000,1000000
2021-04-01 12:40:01.442000,1.25833,1.25822,1000000,1000000
2021-04-01 12:40:01.645000,1.25833,1.25821,1000000,1950000
2021-04-01 12:40:02.325000,1.25833,1.25823,1000000,2320000
2021-04-01 12:40:03.449000,1.25834,1.25821,2250000,1950000
2021-04-01 12:40:03.601000,1.25833,1.25821,1000000,1950000
2021-04-01 12:40:03.794000,1.25834,1.25821,2250000,1950000
2021-04-01 12:40:04.289000,1.25833,1.25821,1000000,1950000
2021-04-01 12:40:06.526000,1.25833,1.25822,1000000,1570000
2021-04-01 12:40:06.577000,1.25835,1.25823,2250000,1000000
2021-04-01 12:40:06.728000,1.25834,1.25822,1000000,2320000
2021-04-01 12:40:10.809000,1.25832,1.25821,1000000,1000000
2021-04-01 12:40:10.925000,1.25831,1.25821,1000000,1000000
2021-04-01 12:40:11.144000,1.25833,1.25821,2320000,1000000
2021-04-01 12:40:11.246000,1.25834,1.25823,1000000,1000000
2021-04-01 12:40:11.504000,1.25834,1.25822,2250000,1000000
2021-04-01 12:40:11.605000,1.25834,1.25821,2250000,1570000
2021-04-01 12:40:13.838000,1.25833,1.25821,1500000,1000000
2021-04-01 12:40:14.184000,1.25827,1.25819,1000000,1500000
2021-04-01 12:40:14.335000,1.25828,1.25816,1000000,1790000
2021-04-01 12:40:14.437000,1.25826,1.25817,1000000,1500000
2021-04-01 12:40:14.538000,1.25827,1.25817,1500000,1500000
2021-04-01 12:40:15.052000,1.25826,1.25817,1000000,1500000
2021-04-01 12:40:15.239000,1.25827,1.25817,1500000,1500000
2021-04-01 12:40:15.443000,1.25827,1.25816,1000000,1000000
2021-04-01 12:40:15.544000,1.25826,1.25816,1500000,2320000
2021-04-01 12:40:15.646000,1.25824,1.25816,1000000,1000000
2021-04-01 12:40:15.747000,1.25825,1.25814,1000000,1000000
2021-04-01 12:40:16.176000,1.25826,1.25814,1500000,1000000
2021-04-01 12:40:17.015000,1.25823,1.25815,1000000,1000000
2021-04-01 12:40:17.167000,1.25824,1.25812,1000000,1100000
2021-04-01 12:40:17.268000,1.2582,1.25811,1000000,1100000
2021-04-01 12:40:17.420000,1.2582,1.25809,1000000,2320000
2021-04-01 12:40:17.521000,1.2582,1.2581,1500000,2320000
2021-04-01 12:40:23.155000,1.25822,1.25811,1000000,1500000
2021-04-01 12:40:23.307000,1.25823,1.25811,2250000,1570000
2021-04-01 12:40:25.011000,1.25823,1.25814,1000000,1570000
2021-04-01 12:40:25.062000,1.25825,1.25816,1000000,1000000
2021-04-01 12:40:25.315000,1.25826,1.25816,1000000,1000000
2021-04-01 12:40:26.177000,1.25824,1.25816,1000000,1000000
2021-04-01 12:40:26.278000,1.25823,1.25813,1000000,1000000
2021-04-01 12:40:27.147000,1.25824,1.25811,1500000,1760000
2021-04-01 12:40:28.872000,1.25821,1.25811,1000000,1000000
2021-04-01 12:40:29.074000,1.25821,1.25809,1500000,2320000
2021-04-01 12:40:29.874000,1.25819,1.2581,1000000,2320000
2021-04-01 12:40:29.975000,1.2582,1.2581,1500000,2320000
2021-04-01 12:40:31.696000,1.25821,1.25809,1000000,2540000
2021-04-01 12:40:31.847000,1.25822,1.25809,1500000,2540000
2021-04-01 12:40:32.420000,1.2582,1.25811,1500000,1100000
2021-04-01 12:40:32.571000,1.25822,1.2581,1000000,1570000
2021-04-01 12:40:32.874000,1.25821,1.2581,1000000,1570000
2021-04-01 12:40:33.254000,1.25822,1.2581,1500000,1100000
2021-04-01 12:40:33.496000,1.25821,1.2581,1000000,1100000
2021-04-01 12:40:34.672000,1.2582,1.25809,1000000,1570000
2021-04-01 12:40:34.774000,1.25819,1.25809,1000000,1100000
2021-04-01 12:40:35.566000,1.25821,1.25809,1500000,2320000
2021-04-01 12:40:35.920000,1.25819,1.2581,1000000,2320000
2021-04-01 12:40:36.123000,1.2582,1.2581,1500000,2320000
2021-04-01 12:40:38.826000,1.25819,1.25808,1000000,2320000
2021-04-01 12:40:43.857000,1.25819,1.2581,1000000,1000000
2021-04-01 12:40:44.059000,1.25816,1.25808,1500000,1000000
2021-04-01 12:40:44.160000,1.25812,1.25801,1000000,1100000
2021-04-01 12:40:44.262000,1.25809,1.25804,1000000,1000000
2021-04-01 12:40:44.413000,1.2581,1.25799,1000000,2510000
2021-04-01 12:40:44.733000,1.25812,1.25801,1000000,1820000
2021-04-01 12:40:44.835000,1.25815,1.25804,1000000,1000000
2021-04-01 12:40:44.936000,1.25816,1.25804,1500000,1500000
2021-04-01 12:40:45.155000,1.25817,1.25808,1000000,1570000
2021-04-01 12:40:46.060000,1.25817,1.25807,1000000,1100000
2021-04-01 12:40:46.988000,1.25817,1.25808,1500000,1570000
2021-04-01 12:40:47.090000,1.25821,1.25813,1000000,1100000
2021-04-01 12:40:47.140000,1.25824,1.25813,1000000,1570000
2021-04-01 12:40:47.569000,1.25825,1.25813,1000000,2320000
2021-04-01 12:40:47.620000,1.25826,1.25815,1500000,1000000
2021-04-01 12:40:47.837000,1.25824,1.25816,1000000,1000000
2021-04-01 12:40:48.039000,1.25826,1.25815,1000000,1000000
2021-04-01 12:40:50.401000,1.25826,1.25816,1000000,1000000
2021-04-01 12:40:50.664000,1.25826,1.25816,1000000,1620000
2021-04-01 12:40:53.712000,1.25826,1.25816,1000000,1010000
2021-04-01 12:40:53.762000,1.25827,1.25818,1000000,2510000
2021-04-01 12:40:53.814000,1.25831,1.2582,1500000,1820000
2021-04-01 12:40:53.966000,1.25833,1.25822,1000000,1100000
2021-04-01 12:40:56.759000,1.25833,1.25822,1000000,1350000
2021-04-01 12:40:57.453000,1.25832,1.25823,1000000,1100000
2021-04-01 12:40:57.504000,1.2583,1.25821,1500000,3200000
2021-04-01 12:40:57.605000,1.2583,1.2582,1500000,2370000
2021-04-01 12:40:57.656000,1.25832,1.25821,1000000,1390000
2021-04-01 12:40:58.972000,1.2583,1.2582,1000000,1500000
2021-04-01 12:40:59.073000,1.25825,1.25815,1000000,1000000
2021-04-01 12:40:59.175000,1.25825,1.25814,1000000,1570000
2021-04-01 12:40:59.579000,1.25825,1.25813,1000000,1690000
2021-04-01 12:41:00.597000,1.25822,1.25813,1500000,1250000
2021-04-01 12:41:00.955000,1.25822,1.25812,1500000,2500000
2021-04-01 12:41:01.214000,1.25821,1.25811,1000000,1000000
2021-04-01 12:41:01.265000,1.25821,1.25809,1000000,3520000
2021-04-01 12:41:01.366000,1.25821,1.2581,1000000,1000000
2021-04-01 12:41:01.518000,1.25821,1.25809,1500000,2510000
2021-04-01 12:41:01.827000,1.2582,1.2581,1000000,2570000
2021-04-01 12:41:03.208000,1.25822,1.2581,1000000,2510000
2021-04-01 12:41:03.411000,1.25824,1.25813,1120000,2540000
2021-04-01 12:41:03.512000,1.25826,1.25815,2370000,1500000
2021-04-01 12:41:03.664000,1.25824,1.25815,1500000,1100000
2021-04-01 12:41:03.916000,1.25824,1.25812,1120000,3320000
2021-04-01 12:41:06.215000,1.25823,1.25811,1000000,3320000
2021-04-01 12:41:06.868000,1.25822,1.25812,1000000,1570000
2021-04-01 12:41:07.221000,1.25821,1.2581,1000000,3100000
2021-04-01 12:41:07.322000,1.25822,1.25811,1000000,3070000
2021-04-01 12:41:07.423000,1.2582,1.25811,1000000,3070000
2021-04-01 12:41:07.525000,1.25823,1.2581,1000000,3070000
2021-04-01 12:41:07.719000,1.25822,1.25809,1500000,3320000
2021-04-01 12:41:07.972000,1.25823,1.25811,2250000,1000000
2021-04-01 12:41:08.133000,1.25821,1.25811,1000000,1000000
2021-04-01 12:41:08.234000,1.25823,1.25811,2250000,1000000
2021-04-01 12:41:08.654000,1.25824,1.25812,1500000,1000000
2021-04-01 12:41:08.809000,1.25825,1.25814,1000000,1100000
2021-04-01 12:41:08.910000,1.25825,1.25815,1000000,1100000
2021-04-01 12:41:09.711000,1.25826,1.25815,1000000,1100000
2021-04-01 12:41:09.812000,1.25825,1.25814,1000000,1000000
2021-04-01 12:41:10.722000,1.25823,1.25814,1000000,1570000
2021-04-01 12:41:10.874000,1.25823,1.25813,1000000,1500000
2021-04-01 12:41:10.975000,1.25824,1.25813,1000000,1000000
2021-04-01 12:41:11.780000,1.25824,1.25812,1000000,1500000
2021-04-01 12:41:11.932000,1.2582,1.25811,1000000,1570000
2021-04-01 12:41:13.890000,1.25819,1.25808,1000000,1100000
2021-04-01 12:41:14.465000,1.25818,1.25807,1000000,2320000
2021-04-01 12:41:15.636000,1.25823,1.25813,1900000,1500000
2021-04-01 12:41:15.737000,1.25824,1.25813,1500000,1600000
2021-04-01 12:41:15.838000,1.25823,1.25815,1000000,1570000
2021-04-01 12:41:16.113000,1.25825,1.25814,1000000,1570000
2021-04-01 12:41:21.050000,1.25825,1.25815,1000000,1100000
2021-04-01 12:41:21.151000,1.25828,1.25816,1000000,1760000
2021-04-01 12:41:21.253000,1.25829,1.25818,1870000,1100000
2021-04-01 12:41:21.762000,1.2583,1.25818,1000000,1570000
2021-04-01 12:41:21.969000,1.25831,1.25819,1000000,2250000
2021-04-01 12:41:22.071000,1.2583,1.2582,1000000,2320000
2021-04-01 12:41:22.173000,1.2583,1.25821,1000000,1000000
2021-04-01 12:41:22.325000,1.25832,1.25821,1000000,1500000
2021-04-01 12:41:22.654000,1.25832,1.2582,1000000,1500000
2021-04-01 12:41:22.755000,1.25831,1.2582,1000000,1000000
2021-04-01 12:41:22.922000,1.25831,1.25819,1000000,2250000
2021-04-01 12:41:25.940000,1.2583,1.25819,1000000,1000000
2021-04-01 12:41:26.042000,1.25828,1.25817,1000000,1500000
2021-04-01 12:41:26.145000,1.25826,1.25817,1000000,1570000
2021-04-01 12:41:26.246000,1.25828,1.25817,1000000,2320000
2021-04-01 12:41:26.398000,1.25827,1.25817,1000000,1000000
2021-04-01 12:41:26.499000,1.25825,1.25817,1000000,1100000
2021-04-01 12:41:26.601000,1.25825,1.25816,1000000,1500000
2021-04-01 12:41:26.702000,1.25827,1.25817,1000000,2720000
2021-04-01 12:41:26.804000,1.2583,1.25818,1500000,1570000
2021-04-01 12:41:26.906000,1.2583,1.25819,1000000,1500000
2021-04-01 12:41:27.263000,1.25828,1.25818,1000000,1100000
2021-04-01 12:41:27.364000,1.25827,1.25817,1000000,1500000
2021-04-01 12:41:28.914000,1.25823,1.25816,1000000,1000000
2021-04-01 12:41:29.066000,1.25827,1.25816,1500000,1000000
2021-04-01 12:41:30.094000,1.25829,1.25818,1000000,1000000
2021-04-01 12:41:30.196000,1.2583,1.25821,1620000,1500000
2021-04-01 12:41:30.400000,1.25831,1.25821,1000000,1000000
2021-04-01 12:41:30.502000,1.25833,1.25823,1000000,1100000
2021-04-01 12:41:30.604000,1.25833,1.25824,1120000,1570000
2021-04-01 12:41:31.130000,1.25835,1.25823,1500000,1100000
2021-04-01 12:41:31.434000,1.25834,1.25823,1500000,1570000
2021-04-01 12:41:32.166000,1.25835,1.25824,1000000,1100000
2021-04-01 12:41:36.693000,1.25836,1.25825,1000000,1500000
2021-04-01 12:41:36.744000,1.25838,1.25828,1000000,1000000
2021-04-01 12:41:36.845000,1.25838,1.25829,1500000,1500000
2021-04-01 12:41:38.029000,1.25836,1.25828,1000000,1000000
2021-04-01 12:41:38.181000,1.25836,1.25826,1000000,2320000
2021-04-01 12:41:40.748000,1.25834,1.25825,1140000,1500000
2021-04-01 12:41:44.179000,1.25837,1.25826,1000000,1000000
2021-04-01 12:41:44.281000,1.25838,1.25826,1000000,1570000
2021-04-01 12:41:44.433000,1.25837,1.25828,1000000,1000000
2021-04-01 12:41:44.534000,1.25839,1.25828,1000000,1000000
2021-04-01 12:41:46.496000,1.25839,1.25828,1500000,1000000
2021-04-01 12:41:46.784000,1.25838,1.25829,1000000,1000000
2021-04-01 12:41:46.936000,1.25837,1.25826,1000000,1500000
2021-04-01 12:41:47.680000,1.25837,1.25827,2250000,1000000
2021-04-01 12:41:47.782000,1.25839,1.25828,1000000,1000000
2021-04-01 12:41:48.494000,1.25841,1.2583,1000000,1000000
2021-04-01 12:41:53.742000,1.25841,1.25832,1000000,1000000
2021-04-01 12:41:53.793000,1.25843,1.25834,1000000,1000000
2021-04-01 12:41:55.687000,1.25844,1.25834,1000000,1000000
2021-04-01 12:41:58.417000,1.25842,1.25832,1000000,1000000
2021-04-01 12:41:58.519000,1.25837,1.2583,1000000,1500000
2021-04-01 12:41:58.620000,1.25836,1.25826,1000000,1500000
2021-04-01 12:41:58.841000,1.25835,1.25826,1000000,1570000
2021-04-01 12:41:59.538000,1.25838,1.25827,1500000,1000000
2021-04-01 12:41:59.892000,1.25839,1.2583,1000000,1000000
2021-04-01 12:42:00.302000,1.25837,1.25828,1000000,1000000
2021-04-01 12:42:00.353000,1.25837,1.25826,1000000,1000000
2021-04-01 12:42:01.107000,1.25837,1.25826,1000000,2350000
2021-04-01 12:42:02.631000,1.25837,1.25826,3000000,1100000
2021-04-01 12:42:05.246000,1.25836,1.25826,1000000,1100000
2021-04-01 12:42:06.115000,1.25837,1.25826,1500000,1100000
2021-04-01 12:42:06.928000,1.25835,1.25825,1000000,1600000
2021-04-01 12:42:09.808000,1.25829,1.25824,1000000,1000000
2021-04-01 12:42:09.858000,1.25829,1.2582,1000000,1570000
2021-04-01 12:42:09.960000,1.25827,1.25818,1000000,1600000
2021-04-01 12:42:10.061000,1.25828,1.25819,2250000,2350000
2021-04-01 12:42:10.163000,1.25832,1.25821,3000000,2350000
2021-04-01 12:42:10.264000,1.25834,1.25823,3000000,1100000
2021-04-01 12:42:10.816000,1.25835,1.25824,1000000,1100000
2021-04-01 12:42:10.867000,1.25835,1.25826,1500000,3290000
2021-04-01 12:42:10.968000,1.25835,1.25828,1000000,2350000
2021-04-01 12:42:11.019000,1.25837,1.25828,1000000,2350000
2021-04-01 12:42:11.408000,1.25837,1.25826,1000000,2350000
2021-04-01 12:42:11.509000,1.25836,1.25825,1000000,4220000
2021-04-01 12:42:11.612000,1.25836,1.25825,2250000,1100000
2021-04-01 12:42:11.726000,1.25834,1.25825,1000000,1100000
2021-04-01 12:42:18.270000,1.25835,1.25824,1000000,2350000
2021-04-01 12:42:18.321000,1.25836,1.25831,1000000,1000000
2021-04-01 12:42:18.372000,1.25842,1.25831,1500000,2350000
2021-04-01 12:42:18.474000,1.25842,1.25832,1000000,2350000
2021-04-01 12:42:18.575000,1.25842,1.25833,1000000,2350000
2021-04-01 12:42:18.824000,1.25842,1.25833,2250000,1100000
2021-04-01 12:42:21.030000,1.25843,1.25833,1000000,1600000
2021-04-01 12:42:21.132000,1.25844,1.25834,1000000,1100000
2021-04-01 12:42:21.233000,1.25845,1.25834,1500000,1100000
2021-04-01 12:42:23.724000,1.25844,1.25833,1000000,2350000
2021-04-01 12:42:24.198000,1.25842,1.25833,1000000,1600000
2021-04-01 12:42:24.249000,1.25842,1.25831,1500000,3100000
2021-04-01 12:42:24.611000,1.25841,1.25832,2250000,1100000
2021-04-01 12:42:28.157000,1.25841,1.25832,1500000,2350000
2021-04-01 12:42:31.805000,1.25842,1.25831,2250000,1100000
2021-04-01 12:42:31.906000,1.25841,1.25832,1500000,2350000
2021-04-01 12:42:33.246000,1.25842,1.25831,2250000,1100000
2021-04-01 12:42:33.686000,1.25842,1.25831,1500000,2350000
2021-04-01 12:42:40.295000,1.25841,1.2583,1000000,3290000
2021-04-01 12:42:40.838000,1.25841,1.25831,1000000,1600000
2021-04-01 12:42:46.543000,1.25842,1.25831,1500000,1100000
2021-04-01 12:42:47.107000,1.25841,1.2583,1000000,3100000
2021-04-01 12:42:49.173000,1.2584,1.25831,1000000,1100000
2021-04-01 12:42:50.131000,1.25839,1.25828,1000000,2720000
2021-04-01 12:42:50.233000,1.25836,1.25828,1000000,1000000
2021-04-01 12:42:50.385000,1.25835,1.25827,1000000,1100000
2021-04-01 12:42:54.960000,1.25836,1.25825,1000000,1600000
2021-04-01 12:42:58.890000,1.25836,1.25825,3370000,1100000
2021-04-01 12:42:58.992000,1.2583,1.25819,1000000,1570000
2021-04-01 12:42:59.094000,1.25829,1.25818,1000000,1100000
2021-04-01 12:43:00.044000,1.25826,1.25819,1000000,1000000
2021-04-01 12:43:00.682000,1.25827,1.25816,1500000,1100000
2021-04-01 12:43:01.234000,1.25827,1.25816,1500000,1100000
2021-04-01 12:43:02.117000,1.25826,1.25817,2250000,1100000
2021-04-01 12:43:03.615000,1.25827,1.25816,2250000,1100000
2021-04-01 12:43:04.896000,1.25826,1.25817,1000000,1100000
2021-04-01 12:43:04.998000,1.25828,1.25821,1500000,1100000
2021-04-01 12:43:05.100000,1.25831,1.25824,1500000,1100000
2021-04-01 12:43:05.201000,1.25834,1.25823,1000000,1100000
2021-04-01 12:43:05.489000,1.25835,1.25824,2250000,1600000
2021-04-01 12:43:05.590000,1.25835,1.25824,2250000,1600000
2021-04-01 12:43:05.916000,1.25835,1.25824,1000000,1600000
2021-04-01 12:43:06.022000,1.25835,1.25825,1000000,1100000
2021-04-01 12:43:07.019000,1.25836,1.25825,1500000,1100000
2021-04-01 12:43:07.121000,1.25837,1.25826,1000000,1100000
2021-04-01 12:43:08.408000,1.25835,1.25825,1000000,1100000
2021-04-01 12:43:10.929000,1.25835,1.25824,1500000,1100000
2021-04-01 12:43:11.030000,1.25834,1.25825,1500000,1100000
2021-04-01 12:43:12.037000,1.25835,1.25824,1500000,1100000
2021-04-01 12:43:20.172000,1.25836,1.25827,1000000,1600000
2021-04-01 12:43:20.274000,1.25839,1.25829,1000000,1100000
2021-04-01 12:43:20.375000,1.2584,1.25829,1000000,1100000
2021-04-01 12:43:20.476000,1.25839,1.2583,1000000,1100000
2021-04-01 12:43:20.603000,1.25839,1.2583,1500000,1100000
2021-04-01 12:43:21.593000,1.25839,1.25828,1000000,1600000
2021-04-01 12:43:21.795000,1.25839,1.2583,1500000,1100000
2021-04-01 12:43:22.420000,1.25841,1.25832,3000000,1100000
2021-04-01 12:43:22.522000,1.25842,1.25832,1000000,1100000
2021-04-01 12:43:22.624000,1.25843,1.25832,1500000,1100000
2021-04-01 12:43:23.328000,1.25842,1.25831,1500000,1970000
2021-04-01 12:43:29.794000,1.25842,1.25832,1000000,1100000
2021-04-01 12:43:29.946000,1.25842,1.25832,1000000,1100000
2021-04-01 12:43:33.317000,1.25837,1.2583,1000000,1000000
2021-04-01 12:43:33.418000,1.25836,1.25826,1000000,1100000
2021-04-01 12:43:35.803000,1.25836,1.25825,2250000,1100000
2021-04-01 12:43:38.354000,1.25829,1.25823,1000000,1000000
2021-04-01 12:43:38.455000,1.25829,1.25819,1500000,2250000
2021-04-01 12:43:38.506000,1.25827,1.25819,1000000,1000000
2021-04-01 12:43:38.607000,1.25827,1.25816,1000000,2350000
2021-04-01 12:43:39.345000,1.25826,1.25816,1000000,1100000
2021-04-01 12:43:39.396000,1.25826,1.25815,1500000,1600000
2021-04-01 12:43:40.235000,1.25824,1.25816,1000000,1100000
2021-04-01 12:43:40.444000,1.25826,1.25815,1500000,1100000
2021-04-01 12:43:41.210000,1.25824,1.25813,1500000,1100000
2021-04-01 12:43:41.362000,1.25822,1.25811,1000000,1100000
2021-04-01 12:43:41.463000,1.25821,1.25811,1000000,1100000
2021-04-01 12:43:41.565000,1.25821,1.2581,1000000,1970000
2021-04-01 12:43:42.952000,1.25822,1.25814,1000000,1000000
2021-04-01 12:43:43.058000,1.25825,1.25814,1000000,1600000
2021-04-01 12:43:43.781000,1.25825,1.25814,1500000,2720000
2021-04-01 12:43:47.574000,1.25824,1.25813,1000000,1200000
2021-04-01 12:43:47.625000,1.25822,1.25812,1000000,1100000
2021-04-01 12:43:47.726000,1.2582,1.25813,1000000,1100000
2021-04-01 12:43:47.827000,1.25822,1.2581,1500000,1600000
2021-04-01 12:43:48.294000,1.25822,1.2581,1000000,1600000
2021-04-01 12:43:49.108000,1.25823,1.25813,1500000,1100000
2021-04-01 12:43:49.210000,1.25825,1.25813,1500000,1100000
2021-04-01 12:43:51.985000,1.25822,1.25813,1500000,1100000
2021-04-01 12:43:52.087000,1.25822,1.2581,1000000,2350000
2021-04-01 12:43:52.188000,1.25822,1.2581,1000000,2350000
2021-04-01 12:43:52.293000,1.25821,1.25811,1000000,3100000
2021-04-01 12:43:52.395000,1.25824,1.25812,1000000,1100000
2021-04-01 12:43:52.496000,1.25824,1.25811,2250000,1600000
2021-04-01 12:43:52.702000,1.25824,1.25812,1500000,1600000
2021-04-01 12:43:52.803000,1.25824,1.25812,1000000,1600000
2021-04-01 12:43:52.904000,1.25824,1.25813,2250000,1100000
2021-04-01 12:43:55.870000,1.25822,1.25811,1000000,1100000
2021-04-01 12:43:55.971000,1.2582,1.25812,1000000,1000000
2021-04-01 12:43:56.072000,1.25821,1.2581,1000000,1100000
2021-04-01 12:43:56.173000,1.2582,1.2581,1000000,1100000
2021-04-01 12:43:56.531000,1.25821,1.2581,1000000,1100000
2021-04-01 12:43:56.633000,1.25821,1.25811,1000000,1600000
2021-04-01 12:43:58.507000,1.25819,1.25811,1000000,1100000
2021-04-01 12:43:59.207000,1.25821,1.25809,1000000,1970000
2021-04-01 12:43:59.309000,1.25819,1.2581,1000000,1600000
2021-04-01 12:43:59.410000,1.25821,1.25809,1500000,1600000
2021-04-01 12:43:59.511000,1.25821,1.25809,1000000,1600000
2021-04-01 12:43:59.613000,1.25823,1.25811,1000000,1100000
2021-04-01 12:43:59.919000,1.25824,1.25812,2250000,1100000
2021-04-01 12:44:00.140000,1.25823,1.25812,1000000,1100000
2021-04-01 12:44:00.242000,1.25819,1.25811,1000000,1100000
2021-04-01 12:44:00.497000,1.25821,1.2581,1000000,1100000
2021-04-01 12:44:00.648000,1.2582,1.2581,1000000,1100000
2021-04-01 12:44:00.750000,1.25821,1.2581,1000000,1100000
2021-04-01 12:44:01.535000,1.2582,1.2581,1000000,1100000
2021-04-01 12:44:01.586000,1.2582,1.25809,1000000,1600000
2021-04-01 12:44:01.688000,1.25821,1.25809,1000000,1600000
2021-04-01 12:44:01.870000,1.2582,1.25809,1000000,1600000
2021-04-01 12:44:01.971000,1.25821,1.25809,1000000,1600000
2021-04-01 12:44:02.855000,1.2582,1.25809,1000000,1600000
2021-04-01 12:44:02.957000,1.2582,1.25809,1000000,1600000
2021-04-01 12:44:03.160000,1.25815,1.25807,1000000,1200000
2021-04-01 12:44:03.211000,1.25813,1.25807,1000000,1000000
2021-04-01 12:44:03.312000,1.25811,1.25804,1000000,1100000
2021-04-01 12:44:03.766000,1.25812,1.25803,1000000,1100000
2021-04-01 12:44:03.868000,1.25812,1.25803,1000000,1100000
2021-04-01 12:44:03.969000,1.25811,1.25803,1000000,1100000
2021-04-01 12:44:05.107000,1.25812,1.25802,1000000,1100000
2021-04-01 12:44:05.208000,1.25811,1.25802,1000000,1100000
2021-04-01 12:44:05.359000,1.25812,1.25801,1000000,1100000
2021-04-01 12:44:05.728000,1.25807,1.258,1000000,1100000
2021-04-01 12:44:05.779000,1.25805,1.25797,1000000,1100000
2021-04-01 12:44:05.830000,1.25804,1.25794,1000000,1600000
2021-04-01 12:44:05.932000,1.25804,1.25794,1000000,1100000
2021-04-01 12:44:06.236000,1.25808,1.25796,2250000,1100000
2021-04-01 12:44:06.338000,1.25808,1.25797,1500000,1100000
2021-04-01 12:44:09.236000,1.2581,1.25799,1000000,1100000
2021-04-01 12:44:11.737000,1.25809,1.258,1000000,2350000
2021-04-01 12:44:12.054000,1.25811,1.258,1000000,1100000
2021-04-01 12:44:12.155000,1.2581,1.258,1000000,2350000
2021-04-01 12:44:12.419000,1.25809,1.25799,1000000,1100000
2021-04-01 12:44:13.851000,1.2581,1.25799,1500000,1100000
2021-04-01 12:44:13.952000,1.25811,1.25799,1500000,2350000
2021-04-01 12:44:17.349000,1.25811,1.258,1000000,2350000
2021-04-01 12:44:22.503000,1.25811,1.25799,1000000,2350000
2021-04-01 12:44:30.782000,1.25812,1.25802,1500000,1000000
2021-04-01 12:44:31.100000,1.25811,1.25802,1000000,1000000
2021-04-01 12:44:31.520000,1.25806,1.25799,1690000,1000000
2021-04-01 12:44:31.571000,1.25805,1.25797,1000000,1000000
2021-04-01 12:44:31.622000,1.25803,1.25796,1000000,1500000
2021-04-01 12:44:32.328000,1.25804,1.25797,1500000,1000000
2021-04-01 12:44:32.429000,1.25805,1.25798,1000000,1000000
2021-04-01 12:44:32.480000,1.25809,1.258,1000000,1000000
2021-04-01 12:44:32.531000,1.25811,1.25802,2250000,1000000
2021-04-01 12:44:35.824000,1.2581,1.25801,1000000,1100000
2021-04-01 12:44:36.761000,1.25811,1.25802,1500000,1000000
2021-04-01 12:44:37.301000,1.25812,1.25804,1000000,1100000
2021-04-01 12:44:37.403000,1.25819,1.25809,1870000,1000000
2021-04-01 12:44:37.554000,1.2582,1.25809,2250000,1000000
2021-04-01 12:44:39.460000,1.25819,1.25809,1000000,1000000
2021-04-01 12:44:40.343000,1.2582,1.25809,2250000,1000000
2021-04-01 12:44:40.965000,1.25821,1.25813,1000000,1000000
2021-04-01 12:44:41.066000,1.25822,1.25815,1000000,1000000
2021-04-01 12:44:41.167000,1.25824,1.25816,1500000,1000000
2021-04-01 12:44:41.753000,1.25826,1.25818,2250000,1000000
2021-04-01 12:44:43.573000,1.25826,1.25817,1000000,1100000
2021-04-01 12:44:43.973000,1.25825,1.25815,1000000,1100000
2021-04-01 12:44:45.572000,1.25824,1.25815,1500000,1010000
2021-04-01 12:44:45.953000,1.25823,1.25813,1000000,3350000
2021-04-01 12:44:47.148000,1.25826,1.25816,1000000,1100000
2021-04-01 12:44:47.350000,1.25827,1.25816,1500000,1100000
2021-04-01 12:44:47.615000,1.25825,1.25814,1000000,1570000
2021-04-01 12:44:48.554000,1.25825,1.25813,1500000,2510000
2021-04-01 12:44:49.357000,1.25825,1.25815,1000000,1790000
2021-04-01 12:44:49.458000,1.25827,1.25816,2250000,1100000
2021-04-01 12:44:49.838000,1.25826,1.25815,1000000,1100000
2021-04-01 12:44:50.315000,1.25825,1.25814,1000000,2540000
2021-04-01 12:44:50.598000,1.25825,1.25814,1500000,1010000
2021-04-01 12:44:50.699000,1.25824,1.25813,1000000,1350000
2021-04-01 12:44:51.565000,1.25823,1.25812,1000000,1100000
2021-04-01 12:44:51.667000,1.2582,1.25812,1000000,1000000
2021-04-01 12:44:51.718000,1.2582,1.25809,1000000,2350000
2021-04-01 12:44:51.819000,1.2582,1.25809,1000000,1570000
2021-04-01 12:44:52.324000,1.25817,1.25809,1000000,1000000
2021-04-01 12:44:52.475000,1.25818,1.25807,1000000,1010000
2021-04-01 12:44:53.647000,1.25817,1.25808,1500000,1100000
2021-04-01 12:44:53.748000,1.25817,1.25806,1500000,1570000
2021-04-01 12:44:54.009000,1.25815,1.25805,1500000,1000000
2021-04-01 12:44:54.110000,1.25814,1.25805,1000000,1000000
2021-04-01 12:44:54.212000,1.25815,1.25804,1500000,1100000
2021-04-01 12:44:55.164000,1.25816,1.25805,1500000,1100000
2021-04-01 12:44:56.126000,1.25816,1.25805,1500000,1100000
2021-04-01 12:44:56.554000,1.25816,1.25805,1500000,1100000
2021-04-01 12:44:57.927000,1.25814,1.25803,1500000,1000000
2021-04-01 12:44:59.277000,1.25812,1.25801,1000000,1100000
2021-04-01 12:44:59.379000,1.25812,1.25801,1500000,1100000
2021-04-01 12:45:01.311000,1.2581,1.25801,1000000,1100000
