time,ask,bid,ask_volume,bid_volume
2018-01-25 13:25:00.346000,1.23167,1.2316,1600000,2850000
2018-01-25 13:25:00.450000,1.23168,1.23159,1720000,3370000
2018-01-25 13:25:00.502000,1.23167,1.23156,1600000,1870000
2018-01-25 13:25:01.684000,1.23167,1.23157,1600000,1870000
2018-01-25 13:25:03.555000,1.23167,1.23158,2100000,1000000
2018-01-25 13:25:04.069000,1.23167,1.23157,1600000,1120000
2018-01-25 13:25:04.225000,1.23168,1.23159,2470000,1000000
2018-01-25 13:25:04.329000,1.23168,1.23157,2850000,1370000
2018-01-25 13:25:06.410000,1.23168,1.23156,2100000,3370000
2018-01-25 13:25:07.247000,1.23167,1.23156,1600000,1500000
2018-01-25 13:25:07.959000,1.23167,1.23157,2100000,1000000
2018-01-25 13:25:08.556000,1.23167,1.23156,1600000,2250000
2018-01-25 13:25:09.065000,1.23167,1.23156,1600000,2250000
2018-01-25 13:25:10.630000,1.23163,1.23155,1000000,2250000
2018-01-25 13:25:11.143000,1.23164,1.23156,1000000,1500000
2018-01-25 13:25:11.691000,1.23165,1.23156,1000000,3000000
2018-01-25 13:25:12.240000,1.23165,1.23156,1000000,1500000
2018-01-25 13:25:13.168000,1.23165,1.23156,1000000,2250000
2018-01-25 13:25:13.587000,1.23165,1.23159,1000000,1000000
2018-01-25 13:25:14.122000,1.23164,1.2316,1000000,1000000
2018-01-25 13:25:14.333000,1.23166,1.2316,1000000,1000000
2018-01-25 13:25:15.671000,1.23166,1.23161,1000000,1000000
2018-01-25 13:25:16.070000,1.23169,1.23164,1000000,3000000
2018-01-25 13:25:16.123000,1.2317,1.23166,1000000,2620000
2018-01-25 13:25:16.661000,1.23171,1.23166,1000000,2620000
2018-01-25 13:25:17.184000,1.23171,1.23167,1000000,1000000
2018-01-25 13:25:19.651000,1.23169,1.23165,1000000,1500000
2018-01-25 13:25:19.756000,1.23168,1.23164,1000000,1500000
2018-01-25 13:25:20.122000,1.2317,1.23165,1000000,1000000
2018-01-25 13:25:20.538000,1.2317,1.23163,1000000,1000000
2018-01-25 13:25:20.591000,1.23168,1.23163,1000000,1000000
2018-01-25 13:25:20.990000,1.23169,1.23165,1000000,1000000
2018-01-25 13:25:21.043000,1.23169,1.23164,1000000,1000000
2018-01-25 13:25:21.303000,1.23171,1.23165,1000000,1000000
2018-01-25 13:25:22.070000,1.23171,1.23167,1000000,1000000
2018-01-25 13:25:22.182000,1.23174,1.23168,1000000,1000000
2018-01-25 13:25:22.588000,1.23172,1.23167,1000000,1000000
2018-01-25 13:25:23.097000,1.23171,1.23166,1000000,1500000
2018-01-25 13:25:25.071000,1.23172,1.23166,1000000,1500000
2018-01-25 13:25:26.677000,1.23172,1.23167,1000000,1000000
2018-01-25 13:25:27.219000,1.23169,1.23163,1000000,1500000
2018-01-25 13:25:27.271000,1.23167,1.2316,1000000,1500000
2018-01-25 13:25:27.322000,1.23165,1.2316,1000000,1000000
2018-01-25 13:25:27.374000,1.23164,1.23158,2250000,1000000
2018-01-25 13:25:27.425000,1.23162,1.23158,1000000,1870000
2018-01-25 13:25:27.476000,1.23165,1.2316,1000000,1000000
2018-01-25 13:25:28.247000,1.23169,1.23164,1000000,1500000
2018-01-25 13:25:28.352000,1.23171,1.23165,1000000,1500000
2018-01-25 13:25:29.606000,1.23171,1.23164,1500000,1000000
2018-01-25 13:25:29.659000,1.23169,1.23163,1000000,1000000
2018-01-25 13:25:30.168000,1.23171,1.23163,1000000,1500000
2018-01-25 13:25:30.557000,1.23169,1.23164,1000000,1000000
2018-01-25 13:25:31.062000,1.2317,1.23163,1000000,1000000
2018-01-25 13:25:31.827000,1.23167,1.23162,1000000,1000000
2018-01-25 13:25:31.879000,1.23165,1.23159,1000000,1000000
2018-01-25 13:25:32.129000,1.23163,1.23155,3000000,1120000
2018-01-25 13:25:32.181000,1.23161,1.23153,1500000,1870000
2018-01-25 13:25:32.491000,1.23158,1.23152,1000000,1120000
2018-01-25 13:25:33.023000,1.23159,1.23152,1000000,1120000
2018-01-25 13:25:33.781000,1.23159,1.23151,1000000,1870000
2018-01-25 13:25:34.357000,1.2316,1.23151,1670000,1500000
2018-01-25 13:25:35.367000,1.23159,1.23151,1670000,2250000
2018-01-25 13:25:36.281000,1.2316,1.23151,1670000,1500000
2018-01-25 13:25:36.957000,1.23159,1.23151,1670000,1500000
2018-01-25 13:25:37.717000,1.23158,1.2315,1420000,4120000
2018-01-25 13:25:38.221000,1.23159,1.2315,1670000,1870000
2018-01-25 13:25:38.730000,1.23159,1.23151,1420000,1120000
2018-01-25 13:25:39.248000,1.23159,1.2315,1670000,1120000
2018-01-25 13:25:39.556000,1.23158,1.2315,1670000,3370000
2018-01-25 13:25:40.649000,1.23159,1.2315,1670000,1870000
2018-01-25 13:25:41.160000,1.23159,1.23151,1420000,1500000
2018-01-25 13:25:42.122000,1.23159,1.23152,1420000,1000000
2018-01-25 13:25:42.612000,1.2316,1.2315,2920000,2620000
2018-01-25 13:25:43.116000,1.23158,1.23149,1420000,3600000
2018-01-25 13:25:43.845000,1.23158,1.2315,1420000,1000000
2018-01-25 13:25:44.486000,1.23158,1.23149,1420000,2250000
2018-01-25 13:25:45.425000,1.23157,1.23149,1000000,1000000
2018-01-25 13:25:46.202000,1.23158,1.2315,1670000,1000000
2018-01-25 13:25:46.798000,1.23158,1.23149,2170000,2250000
2018-01-25 13:25:47.643000,1.23159,1.23147,2920000,1120000
2018-01-25 13:25:48.170000,1.23158,1.23148,1670000,1000000
2018-01-25 13:25:49.535000,1.23158,1.23148,2550000,1000000
2018-01-25 13:25:50.865000,1.23157,1.23148,1500000,1120000
2018-01-25 13:25:56.209000,1.23156,1.23148,1500000,1000000
2018-01-25 13:25:56.825000,1.23155,1.23148,1000000,1000000
2018-01-25 13:25:57.373000,1.23155,1.23147,1000000,1120000
2018-01-25 13:25:58.435000,1.23154,1.23144,1000000,1870000
2018-01-25 13:25:58.538000,1.23152,1.23143,1000000,1870000
2018-01-25 13:25:59.575000,1.23152,1.23143,1000000,2620000
2018-01-25 13:26:00.076000,1.23152,1.23144,1000000,1000000
2018-01-25 13:26:00.414000,1.23152,1.23145,1000000,1870000
2018-01-25 13:26:00.517000,1.23154,1.23146,1120000,1120000
2018-01-25 13:26:02.407000,1.23149,1.23144,1000000,1000000
2018-01-25 13:26:02.646000,1.23155,1.23149,1000000,1870000
2018-01-25 13:26:02.698000,1.23158,1.23149,1420000,1870000
2018-01-25 13:26:05.285000,1.23157,1.23149,1000000,1500000
2018-01-25 13:26:05.389000,1.23157,1.23147,2170000,1000000
2018-01-25 13:26:06.183000,1.23158,1.23147,1800000,1000000
2018-01-25 13:26:06.491000,1.23158,1.23147,1800000,1120000
2018-01-25 13:26:07.436000,1.23158,1.23147,1800000,1120000
2018-01-25 13:26:07.981000,1.23158,1.23147,1800000,1120000
2018-01-25 13:26:08.638000,1.23158,1.23147,1800000,1120000
2018-01-25 13:26:09.986000,1.23158,1.23147,1800000,1370000
2018-01-25 13:26:10.574000,1.23157,1.23148,1420000,3000000
2018-01-25 13:26:12.074000,1.23157,1.23148,1670000,1120000
2018-01-25 13:26:12.531000,1.23157,1.2315,1670000,1000000
2018-01-25 13:26:13.078000,1.23155,1.2315,1000000,1000000
2018-01-25 13:26:13.130000,1.23155,1.23148,1000000,1120000
2018-01-25 13:26:14.818000,1.23156,1.23148,1000000,1000000
2018-01-25 13:26:16.163000,1.23155,1.23148,1000000,1000000
2018-01-25 13:26:25.584000,1.23157,1.23153,1500000,1000000
2018-01-25 13:26:25.636000,1.23162,1.23155,1000000,3370000
2018-01-25 13:26:25.740000,1.23161,1.23152,1000000,1500000
2018-01-25 13:26:25.947000,1.23159,1.23151,1000000,1500000
2018-01-25 13:26:26.307000,1.23157,1.23151,1000000,1000000
2018-01-25 13:26:27.371000,1.23157,1.2315,1000000,1000000
2018-01-25 13:26:27.423000,1.23157,1.23147,1000000,1500000
2018-01-25 13:26:27.475000,1.23155,1.23147,1000000,1000000
2018-01-25 13:26:27.783000,1.23153,1.23146,1000000,1000000
2018-01-25 13:26:28.306000,1.23152,1.23145,1000000,2250000
2018-01-25 13:26:29.001000,1.23152,1.23144,1000000,1120000
2018-01-25 13:26:29.312000,1.23149,1.23142,1000000,1120000
2018-01-25 13:26:29.658000,1.23155,1.23148,1000000,1000000
2018-01-25 13:26:30.064000,1.23155,1.23146,1000000,2850000
2018-01-25 13:26:30.116000,1.23155,1.23148,1000000,1000000
2018-01-25 13:26:30.426000,1.23155,1.23145,1000000,3000000
2018-01-25 13:26:30.811000,1.23153,1.23144,1000000,2250000
2018-01-25 13:26:31.407000,1.23151,1.23143,1000000,2250000
2018-01-25 13:26:31.728000,1.23146,1.23138,1000000,1000000
2018-01-25 13:26:31.882000,1.23145,1.23136,1000000,3750000
2018-01-25 13:26:32.318000,1.23149,1.23138,3300000,1000000
2018-01-25 13:26:34.722000,1.23149,1.23138,1670000,3370000
2018-01-25 13:26:35.224000,1.2315,1.23139,1800000,1120000
2018-01-25 13:26:35.746000,1.23149,1.23139,1670000,1500000
2018-01-25 13:26:36.332000,1.23149,1.23138,2620000,1120000
2018-01-25 13:26:37.494000,1.23149,1.23136,1050000,3750000
2018-01-25 13:26:38.022000,1.23149,1.23136,3370000,1870000
2018-01-25 13:26:38.542000,1.23149,1.23137,4870000,1000000
2018-01-25 13:26:38.713000,1.23145,1.23135,1800000,1500000
2018-01-25 13:26:39.028000,1.23145,1.23134,1120000,1000000
2018-01-25 13:26:39.365000,1.23138,1.23128,2550000,1000000
2018-01-25 13:26:39.675000,1.23145,1.23133,3750000,2620000
2018-01-25 13:26:39.727000,1.23145,1.23134,1000000,1120000
2018-01-25 13:26:40.236000,1.23145,1.23134,1050000,2250000
2018-01-25 13:26:40.287000,1.23143,1.23132,1800000,1000000
2018-01-25 13:26:41.785000,1.23144,1.23131,1800000,1370000
2018-01-25 13:26:42.286000,1.23143,1.23132,1120000,1120000
2018-01-25 13:26:42.636000,1.23143,1.23132,1120000,1000000
2018-01-25 13:26:43.685000,1.23143,1.23131,1770000,1000000
2018-01-25 13:26:44.214000,1.2314,1.23129,2400000,1000000
2018-01-25 13:26:45.118000,1.2314,1.2313,1670000,1000000
2018-01-25 13:26:45.623000,1.23141,1.23129,1050000,3000000
2018-01-25 13:26:46.454000,1.23141,1.2313,1050000,1000000
2018-01-25 13:26:46.972000,1.2314,1.23129,1670000,1120000
2018-01-25 13:26:47.486000,1.23136,1.23128,1420000,1120000
2018-01-25 13:26:47.794000,1.23145,1.23141,2170000,1120000
2018-01-25 13:26:47.925000,1.23148,1.23142,1000000,1000000
2018-01-25 13:26:48.184000,1.23147,1.2314,1420000,3000000
2018-01-25 13:26:51.245000,1.23148,1.23144,1500000,1000000
2018-01-25 13:26:51.503000,1.2315,1.23144,1000000,1500000
2018-01-25 13:26:51.607000,1.2315,1.23146,1000000,1000000
2018-01-25 13:26:51.660000,1.23153,1.23145,1500000,2850000
2018-01-25 13:26:52.197000,1.2315,1.23145,1000000,1500000
2018-01-25 13:26:52.251000,1.2315,1.23143,1000000,1000000
2018-01-25 13:26:52.651000,1.23148,1.23142,1000000,1000000
2018-01-25 13:26:53.170000,1.23147,1.23142,1000000,1000000
2018-01-25 13:26:53.976000,1.23148,1.23142,1000000,1000000
2018-01-25 13:26:54.538000,1.23149,1.23142,1000000,1000000
2018-01-25 13:26:55.059000,1.2315,1.23142,1000000,2620000
2018-01-25 13:26:55.513000,1.23148,1.23142,1000000,1500000
2018-01-25 13:26:57.635000,1.23147,1.23142,1000000,1000000
2018-01-25 13:26:58.344000,1.23146,1.23142,1000000,1000000
2018-01-25 13:26:59.039000,1.23147,1.23142,1000000,1000000
2018-01-25 13:26:59.197000,1.23138,1.23131,1500000,1500000
2018-01-25 13:26:59.354000,1.23138,1.23129,1000000,1000000
2018-01-25 13:26:59.458000,1.23136,1.23131,1000000,1000000
2018-01-25 13:26:59.756000,1.23138,1.23131,1500000,1000000
2018-01-25 13:27:00.436000,1.23138,1.23133,1000000,1000000
2018-01-25 13:27:00.615000,1.2314,1.23133,1000000,1000000
2018-01-25 13:27:01.164000,1.23139,1.23133,1000000,1000000
2018-01-25 13:27:02.940000,1.23141,1.2313,1500000,1000000
2018-01-25 13:27:02.991000,1.23139,1.2313,1000000,1000000
2018-01-25 13:27:03.645000,1.23139,1.23131,1500000,1000000
2018-01-25 13:27:04.431000,1.23138,1.23131,1000000,1000000
2018-01-25 13:27:05.028000,1.23137,1.23131,1000000,1000000
2018-01-25 13:27:05.080000,1.23137,1.23129,1000000,1000000
2018-01-25 13:27:05.421000,1.23135,1.23129,1000000,1000000
2018-01-25 13:27:05.768000,1.23134,1.23126,1000000,1870000
2018-01-25 13:27:07.223000,1.23133,1.23126,1000000,1120000
2018-01-25 13:27:07.874000,1.23135,1.23127,1000000,1000000
2018-01-25 13:27:08.587000,1.23136,1.23127,1500000,1000000
2018-01-25 13:27:09.592000,1.23135,1.23127,1000000,1000000
2018-01-25 13:27:11.160000,1.23134,1.23127,1000000,1500000
2018-01-25 13:27:11.712000,1.23135,1.23127,1000000,1000000
2018-01-25 13:27:11.815000,1.23132,1.23124,1500000,1000000
2018-01-25 13:27:11.919000,1.2313,1.2312,1000000,1870000
2018-01-25 13:27:12.022000,1.23128,1.23119,1000000,1000000
2018-01-25 13:27:12.934000,1.23127,1.23117,1000000,1370000
2018-01-25 13:27:13.475000,1.23127,1.23116,1420000,1120000
2018-01-25 13:27:13.935000,1.23126,1.23116,1670000,4120000
2018-01-25 13:27:14.206000,1.23126,1.23115,1670000,1870000
2018-01-25 13:27:14.712000,1.23127,1.23114,2170000,1500000
2018-01-25 13:27:14.973000,1.23123,1.23113,1000000,1500000
2018-01-25 13:27:15.130000,1.23122,1.2311,2170000,3000000
2018-01-25 13:27:15.182000,1.23122,1.23112,1270000,1870000
2018-01-25 13:27:15.490000,1.23122,1.23113,1420000,1570000
2018-01-25 13:27:15.592000,1.23126,1.23115,2250000,1370000
2018-01-25 13:27:15.745000,1.23125,1.23114,1000000,1120000
2018-01-25 13:27:17.552000,1.23125,1.23114,2170000,1120000
2018-01-25 13:27:19.091000,1.23125,1.23112,1500000,6750000
2018-01-25 13:27:19.559000,1.23121,1.23112,1000000,1120000
2018-01-25 13:27:19.930000,1.23121,1.2311,1000000,1500000
2018-01-25 13:27:20.467000,1.2312,1.23109,1120000,1870000
2018-01-25 13:27:20.779000,1.2312,1.23114,1000000,1000000
2018-01-25 13:27:20.866000,1.2312,1.23112,1000000,1000000
2018-01-25 13:27:20.924000,1.23118,1.23109,1000000,2250000
2018-01-25 13:27:21.026000,1.23112,1.23107,1000000,3000000
2018-01-25 13:27:21.078000,1.23112,1.23103,1500000,2250000
2018-01-25 13:27:21.626000,1.23112,1.23101,2250000,2620000
2018-01-25 13:27:22.167000,1.2311,1.23101,1000000,1500000
2018-01-25 13:27:23.902000,1.2311,1.231,1000000,1870000
2018-01-25 13:27:23.956000,1.23109,1.23098,1500000,1500000
2018-01-25 13:27:24.273000,1.2311,1.231,1000000,1000000
2018-01-25 13:27:24.980000,1.2311,1.23099,1120000,2250000
2018-01-25 13:27:25.440000,1.23108,1.23099,1000000,1500000
2018-01-25 13:27:25.492000,1.23108,1.23097,1500000,4120000
2018-01-25 13:27:25.963000,1.23105,1.23095,1500000,1000000
2018-01-25 13:27:26.116000,1.23105,1.23093,1000000,3370000
2018-01-25 13:27:26.630000,1.23104,1.23092,1000000,1870000
2018-01-25 13:27:29.018000,1.23104,1.23093,1000000,2250000
2018-01-25 13:27:29.072000,1.23108,1.23096,2320000,2470000
2018-01-25 13:27:29.125000,1.23109,1.23098,2700000,2250000
2018-01-25 13:27:29.285000,1.23099,1.23088,1120000,1120000
2018-01-25 13:27:29.339000,1.231,1.23093,2320000,1000000
2018-01-25 13:27:29.443000,1.23105,1.23095,1070000,2620000
2018-01-25 13:27:29.499000,1.23108,1.23096,1500000,2250000
2018-01-25 13:27:30.037000,1.23108,1.23097,1100000,1000000
2018-01-25 13:27:30.197000,1.23108,1.23099,1000000,1500000
2018-01-25 13:27:30.561000,1.23098,1.23093,1000000,1000000
2018-01-25 13:27:30.613000,1.23103,1.23092,1500000,1500000
2018-01-25 13:27:31.131000,1.23104,1.23093,3070000,1000000
2018-01-25 13:27:31.650000,1.23104,1.23092,3820000,1500000
2018-01-25 13:27:32.574000,1.23105,1.23095,1100000,1120000
2018-01-25 13:27:32.884000,1.23102,1.23095,1000000,1000000
2018-01-25 13:27:32.937000,1.23106,1.23093,2700000,4120000
2018-01-25 13:27:33.806000,1.23105,1.23095,1000000,1000000
2018-01-25 13:27:34.306000,1.23105,1.23097,1000000,1500000
2018-01-25 13:27:34.358000,1.23108,1.23098,2700000,1500000
2018-01-25 13:27:34.409000,1.23108,1.231,1500000,1000000
2018-01-25 13:27:34.512000,1.23107,1.23097,1000000,1500000
2018-01-25 13:27:34.564000,1.23102,1.23093,1120000,1000000
2018-01-25 13:27:34.762000,1.23104,1.23093,1500000,1870000
2018-01-25 13:27:34.869000,1.23105,1.23094,1000000,1370000
2018-01-25 13:27:35.281000,1.23105,1.23093,1000000,3600000
2018-01-25 13:27:35.683000,1.23106,1.23096,1000000,1200000
2018-01-25 13:27:35.990000,1.23105,1.23094,1570000,1000000
2018-01-25 13:27:37.500000,1.23105,1.23096,1000000,1000000
2018-01-25 13:27:37.816000,1.23103,1.23096,1500000,1000000
2018-01-25 13:27:38.066000,1.23105,1.23094,1000000,3750000
2018-01-25 13:27:38.477000,1.23099,1.2309,1500000,1870000
2018-01-25 13:27:38.530000,1.23097,1.23089,1000000,1120000
2018-01-25 13:27:39.059000,1.23098,1.23088,1800000,1870000
2018-01-25 13:27:39.570000,1.23098,1.23088,1800000,1870000
2018-01-25 13:27:40.121000,1.23098,1.23088,1800000,1120000
2018-01-25 13:27:40.429000,1.23098,1.23093,1670000,1000000
2018-01-25 13:27:40.486000,1.23103,1.23096,1420000,1000000
2018-01-25 13:27:40.541000,1.23107,1.23098,2320000,1000000
2018-01-25 13:27:40.599000,1.23109,1.23097,2620000,2620000
2018-01-25 13:27:40.653000,1.23106,1.23098,1000000,1500000
2018-01-25 13:27:41.203000,1.23106,1.23097,1000000,1000000
2018-01-25 13:27:41.899000,1.23106,1.23098,1000000,1000000
2018-01-25 13:27:42.438000,1.23108,1.23095,1770000,1370000
2018-01-25 13:27:42.821000,1.23104,1.23094,1000000,1870000
2018-01-25 13:27:43.337000,1.23104,1.23092,1670000,4120000
2018-01-25 13:27:44.069000,1.23104,1.23093,1670000,1000000
2018-01-25 13:27:44.426000,1.23101,1.23092,1000000,1870000
2018-01-25 13:27:44.967000,1.231,1.23093,1000000,1120000
2018-01-25 13:27:45.479000,1.23104,1.23092,5100000,1120000
2018-01-25 13:27:47.733000,1.23102,1.23091,1000000,2620000
2018-01-25 13:27:48.268000,1.23104,1.23092,1670000,1000000
2018-01-25 13:27:48.778000,1.23104,1.23092,1670000,1870000
2018-01-25 13:27:49.325000,1.23104,1.23092,1420000,1870000
2018-01-25 13:27:49.925000,1.23104,1.23093,1000000,1500000
2018-01-25 13:27:50.487000,1.23104,1.23093,1000000,2620000
2018-01-25 13:27:50.998000,1.23104,1.23093,1000000,1500000
2018-01-25 13:27:51.525000,1.23104,1.23095,1000000,1000000
2018-01-25 13:27:52.115000,1.23104,1.23094,1000000,1500000
2018-01-25 13:27:52.622000,1.23104,1.23095,1000000,1000000
2018-01-25 13:27:52.949000,1.23096,1.23088,2850000,1000000
2018-01-25 13:27:53.475000,1.23095,1.23087,1000000,1500000
2018-01-25 13:27:54.258000,1.23095,1.23086,1000000,2250000
2018-01-25 13:27:54.804000,1.23095,1.23085,1000000,4500000
2018-01-25 13:27:55.366000,1.23095,1.23086,1000000,1500000
2018-01-25 13:27:56.029000,1.23095,1.23087,1000000,1000000
2018-01-25 13:27:56.906000,1.23095,1.23086,1000000,2250000
2018-01-25 13:27:59.373000,1.23095,1.23087,1000000,1000000
2018-01-25 13:27:59.585000,1.23097,1.23087,1000000,1870000
2018-01-25 13:28:00.046000,1.23097,1.23088,1000000,1100000
2018-01-25 13:28:00.391000,1.231,1.23096,1120000,1000000
2018-01-25 13:28:00.443000,1.23101,1.23094,1000000,3370000
2018-01-25 13:28:00.494000,1.23104,1.23099,1000000,1500000
2018-01-25 13:28:00.546000,1.2311,1.23101,1000000,1870000
2018-01-25 13:28:00.597000,1.23114,1.23102,1950000,1870000
2018-01-25 13:28:00.648000,1.23114,1.23103,1000000,1500000
2018-01-25 13:28:00.801000,1.23116,1.23104,3370000,1120000
2018-01-25 13:28:01.315000,1.23115,1.23103,1120000,1370000
2018-01-25 13:28:01.853000,1.23114,1.23103,1000000,1870000
2018-01-25 13:28:02.301000,1.23118,1.23109,1500000,3000000
2018-01-25 13:28:02.406000,1.23124,1.2311,3070000,2620000
2018-01-25 13:28:03.259000,1.23123,1.23112,1500000,1120000
2018-01-25 13:28:04.527000,1.23121,1.23112,1000000,1120000
2018-01-25 13:28:04.629000,1.23122,1.2311,2100000,3370000
2018-01-25 13:28:06.871000,1.2312,1.2311,1000000,2250000
2018-01-25 13:28:07.394000,1.23121,1.2311,1350000,2250000
2018-01-25 13:28:08.603000,1.23121,1.2311,1350000,3370000
2018-01-25 13:28:09.811000,1.23122,1.2311,1420000,3370000
2018-01-25 13:28:11.684000,1.23124,1.23112,2550000,1870000
2018-01-25 13:28:11.735000,1.23124,1.23112,1100000,2620000
2018-01-25 13:28:11.786000,1.23125,1.23113,1000000,1500000
2018-01-25 13:28:12.826000,1.23126,1.23113,3300000,1120000
2018-01-25 13:28:14.528000,1.23126,1.23113,1570000,1120000
2018-01-25 13:28:16.005000,1.23127,1.23119,1100000,1120000
2018-01-25 13:28:16.109000,1.23131,1.23118,2320000,1000000
2018-01-25 13:28:16.607000,1.23132,1.23121,1950000,1000000
2018-01-25 13:28:16.768000,1.23139,1.23126,1950000,1870000
2018-01-25 13:28:17.284000,1.23139,1.23126,1100000,1500000
2018-01-25 13:28:17.806000,1.23143,1.23131,4050000,4120000
2018-01-25 13:28:18.373000,1.23143,1.23132,1450000,3750000
2018-01-25 13:28:19.110000,1.23143,1.23136,1450000,2620000
2018-01-25 13:28:19.214000,1.23149,1.23137,1500000,3370000
2018-01-25 13:28:19.726000,1.2315,1.23137,3600000,3370000
2018-01-25 13:28:19.778000,1.2315,1.23137,1300000,3370000
2018-01-25 13:28:20.430000,1.2315,1.23137,1300000,3370000
2018-01-25 13:28:21.018000,1.23147,1.23136,1000000,2250000
2018-01-25 13:28:21.171000,1.23147,1.23134,1350000,3750000
2018-01-25 13:28:21.428000,1.23145,1.23134,1000000,1500000
2018-01-25 13:28:21.941000,1.23146,1.23133,3600000,1000000
2018-01-25 13:28:22.476000,1.23144,1.23132,1350000,5250000
2018-01-25 13:28:22.982000,1.23144,1.23133,1350000,1000000
2018-01-25 13:28:26.347000,1.23145,1.23132,2850000,3370000
2018-01-25 13:28:26.965000,1.23144,1.23132,1350000,3000000
2018-01-25 13:28:27.476000,1.23145,1.23133,4720000,2250000
2018-01-25 13:28:28.001000,1.23144,1.23133,1500000,1000000
2018-01-25 13:28:29.115000,1.23143,1.23132,1000000,3750000
2018-01-25 13:28:30.170000,1.23144,1.23132,1500000,2250000
2018-01-25 13:28:35.609000,1.23145,1.23133,2250000,1500000
2018-01-25 13:28:37.748000,1.23143,1.23133,1000000,1220000
2018-01-25 13:28:42.109000,1.23144,1.23133,1000000,1500000
2018-01-25 13:28:45.705000,1.23137,1.2313,2250000,2620000
2018-01-25 13:28:45.758000,1.2313,1.23126,1000000,2620000
2018-01-25 13:28:45.810000,1.23134,1.23125,1120000,1500000
2018-01-25 13:28:46.068000,1.23134,1.23127,1120000,1000000
2018-01-25 13:28:46.120000,1.23137,1.23127,1120000,1000000
2018-01-25 13:28:46.172000,1.23139,1.2313,1000000,1500000
2018-01-25 13:28:46.224000,1.23139,1.23127,2250000,1000000
2018-01-25 13:28:46.614000,1.23138,1.2313,1000000,1500000
2018-01-25 13:28:46.922000,1.23143,1.23135,1000000,1000000
2018-01-25 13:28:47.454000,1.23144,1.23135,1500000,1000000
2018-01-25 13:28:48.130000,1.23143,1.23135,1000000,1000000
2018-01-25 13:28:49.276000,1.23144,1.23135,1500000,1000000
2018-01-25 13:28:51.573000,1.23146,1.23139,1000000,1000000
2018-01-25 13:28:51.677000,1.23152,1.23142,1500000,1000000
2018-01-25 13:28:52.014000,1.23152,1.2314,1000000,2250000
2018-01-25 13:28:52.550000,1.23153,1.2314,1000000,2620000
2018-01-25 13:28:53.040000,1.23151,1.2314,1000000,1000000
2018-01-25 13:28:55.671000,1.23151,1.23139,1000000,3370000
2018-01-25 13:29:00.067000,1.23151,1.23137,1000000,2620000
2018-01-25 13:29:00.446000,1.23151,1.23138,1500000,1000000
2018-01-25 13:29:00.549000,1.23151,1.23137,2250000,1120000
2018-01-25 13:29:01.072000,1.2315,1.23136,1000000,1500000
2018-01-25 13:29:01.601000,1.23151,1.23136,2250000,2470000
2018-01-25 13:29:02.106000,1.2315,1.23136,1000000,2470000
2018-01-25 13:29:04.299000,1.2315,1.23136,1370000,3220000
2018-01-25 13:29:04.824000,1.23151,1.23136,3000000,3220000
2018-01-25 13:29:05.551000,1.23151,1.23137,3750000,1000000
2018-01-25 13:29:06.076000,1.23149,1.23136,1000000,1870000
2018-01-25 13:29:06.564000,1.2315,1.23136,1000000,1870000
2018-01-25 13:29:06.668000,1.2315,1.23136,2100000,1120000
2018-01-25 13:29:06.859000,1.23148,1.23136,1000000,1120000
2018-01-25 13:29:07.092000,1.23148,1.23134,2250000,1950000
2018-01-25 13:29:07.406000,1.23147,1.23138,1000000,1000000
2018-01-25 13:29:07.462000,1.23149,1.23136,1000000,1000000
2018-01-25 13:29:08.013000,1.23148,1.23136,1000000,1500000
2018-01-25 13:29:08.615000,1.23147,1.23135,1000000,1500000
2018-01-25 13:29:09.192000,1.2315,1.23135,1500000,2850000
2018-01-25 13:29:09.699000,1.2315,1.23136,3000000,1000000
2018-01-25 13:29:10.398000,1.2315,1.23135,1500000,2100000
2018-01-25 13:29:10.944000,1.2315,1.23136,3750000,1000000
2018-01-25 13:29:11.595000,1.2315,1.23135,2250000,1500000
2018-01-25 13:29:12.130000,1.2315,1.23136,3370000,1000000
2018-01-25 13:29:13.487000,1.2315,1.23135,1120000,1500000
2018-01-25 13:29:13.641000,1.2315,1.23136,1120000,2620000
2018-01-25 13:29:14.283000,1.23149,1.23136,1000000,1370000
2018-01-25 13:29:15.895000,1.23151,1.23136,1500000,1000000
2018-01-25 13:29:16.222000,1.23151,1.23137,1500000,1000000
2018-01-25 13:29:16.631000,1.23148,1.23135,3370000,1000000
2018-01-25 13:29:16.763000,1.23148,1.23133,4120000,3000000
2018-01-25 13:29:17.420000,1.23147,1.23133,1500000,2250000
2018-01-25 13:29:18.633000,1.23147,1.23134,1000000,1000000
2018-01-25 13:29:20.021000,1.23147,1.23133,1000000,1870000
2018-01-25 13:29:20.385000,1.23147,1.23133,1500000,2470000
2018-01-25 13:29:20.538000,1.23147,1.23133,1500000,1120000
2018-01-25 13:29:21.636000,1.23148,1.23133,3750000,2250000
2018-01-25 13:29:22.153000,1.23147,1.23133,2250000,1120000
2018-01-25 13:29:22.204000,1.23147,1.23133,1500000,1750000
2018-01-25 13:29:22.706000,1.23147,1.23133,3750000,1500000
2018-01-25 13:29:23.792000,1.23147,1.23133,4500000,2100000
2018-01-25 13:29:24.152000,1.23147,1.23133,5620000,3370000
2018-01-25 13:29:25.083000,1.2315,1.23139,1870000,1000000
2018-01-25 13:29:25.135000,1.23152,1.23139,1000000,1000000
2018-01-25 13:29:25.908000,1.23152,1.23138,1000000,1000000
2018-01-25 13:29:26.457000,1.23148,1.23138,1000000,2250000
2018-01-25 13:29:26.510000,1.23151,1.23137,1000000,1870000
2018-01-25 13:29:26.856000,1.23153,1.23138,4350000,1000000
2018-01-25 13:29:27.068000,1.23151,1.23136,1720000,1750000
2018-01-25 13:29:27.173000,1.23151,1.23136,1870000,1500000
2018-01-25 13:29:27.688000,1.2315,1.23136,1720000,1500000
2018-01-25 13:29:27.901000,1.23152,1.23139,1000000,1000000
2018-01-25 13:29:27.954000,1.23152,1.23136,1500000,3600000
2018-01-25 13:29:28.586000,1.23152,1.23136,1000000,3600000
2018-01-25 13:29:28.896000,1.23151,1.23137,1500000,1120000
2018-01-25 13:29:29.123000,1.23153,1.23137,2100000,2470000
2018-01-25 13:29:29.573000,1.23153,1.23137,1870000,3000000
2018-01-25 13:29:29.677000,1.23153,1.23137,1870000,2620000
2018-01-25 13:29:29.781000,1.23154,1.23138,1500000,1720000
2018-01-25 13:29:30.105000,1.23147,1.23133,1000000,1500000
2018-01-25 13:29:30.627000,1.23146,1.23132,1000000,1870000
2018-01-25 13:29:31.149000,1.23146,1.23132,1000000,3220000
2018-01-25 13:29:31.662000,1.23146,1.23133,1000000,1120000
2018-01-25 13:29:32.139000,1.23137,1.2313,1000000,1100000
2018-01-25 13:29:32.190000,1.23137,1.23126,1000000,1000000
2018-01-25 13:29:32.598000,1.23138,1.23127,1000000,1500000
2018-01-25 13:29:33.046000,1.2314,1.23127,1000000,1000000
2018-01-25 13:29:33.357000,1.23142,1.23128,1000000,1000000
2018-01-25 13:29:33.802000,1.2314,1.2313,1000000,1000000
2018-01-25 13:29:33.854000,1.23139,1.23127,1000000,1000000
2018-01-25 13:29:34.183000,1.2314,1.23129,1500000,1750000
2018-01-25 13:29:34.240000,1.23139,1.23127,1000000,1000000
2018-01-25 13:29:34.860000,1.23139,1.23127,1000000,1500000
2018-01-25 13:29:34.992000,1.23132,1.23123,1000000,1000000
2018-01-25 13:29:35.046000,1.23133,1.23121,1000000,1870000
2018-01-25 13:29:35.153000,1.23134,1.23121,1000000,1750000
2018-01-25 13:29:35.326000,1.23134,1.23121,1000000,1120000
2018-01-25 13:29:35.432000,1.23134,1.2312,1000000,1850000
2018-01-25 13:29:35.487000,1.23134,1.23121,1000000,1120000
2018-01-25 13:29:36.771000,1.23134,1.2312,1000000,1850000
2018-01-25 13:29:37.302000,1.23134,1.2312,1000000,1750000
2018-01-25 13:29:37.911000,1.23138,1.23122,1000000,2400000
2018-01-25 13:29:37.963000,1.23135,1.23121,1000000,1350000
2018-01-25 13:29:38.015000,1.23135,1.23122,1000000,1000000
2018-01-25 13:29:38.981000,1.23135,1.23121,1000000,1100000
2018-01-25 13:29:39.322000,1.23139,1.23126,1100000,1000000
2018-01-25 13:29:39.431000,1.23136,1.23122,1000000,1000000
2018-01-25 13:29:39.536000,1.23136,1.23124,1000000,1000000
2018-01-25 13:29:40.053000,1.23136,1.23123,1000000,1000000
2018-01-25 13:29:40.368000,1.23131,1.23121,1000000,1750000
2018-01-25 13:29:40.625000,1.23131,1.23121,1000000,1120000
2018-01-25 13:29:41.177000,1.23131,1.23122,1000000,1000000
2018-01-25 13:29:41.229000,1.23137,1.23123,1000000,1000000
2018-01-25 13:29:41.477000,1.23137,1.23119,1000000,1000000
2018-01-25 13:29:41.587000,1.23138,1.23122,1000000,1000000
2018-01-25 13:29:43.730000,1.23138,1.23121,1000000,1000000
2018-01-25 13:29:44.699000,1.23138,1.2312,1000000,1500000
2018-01-25 13:29:45.179000,1.23124,1.2312,1120000,1500000
2018-01-25 13:29:45.286000,1.23118,1.23104,1000000,1500000
2018-01-25 13:29:45.339000,1.2312,1.23102,1000000,1000000
2018-01-25 13:29:45.778000,1.23127,1.23109,3750000,1250000
2018-01-25 13:29:46.279000,1.23126,1.23108,1000000,1000000
2018-01-25 13:29:46.990000,1.23123,1.23105,1000000,1000000
2018-01-25 13:29:47.303000,1.23101,1.23088,1000000,1500000
2018-01-25 13:29:47.355000,1.23103,1.23089,1000000,1000000
2018-01-25 13:29:47.407000,1.23094,1.23088,1500000,1000000
2018-01-25 13:29:47.668000,1.23079,1.23061,1500000,1000000
2018-01-25 13:29:47.720000,1.23068,1.23057,1000000,1870000
2018-01-25 13:29:47.823000,1.23068,1.23051,1000000,1000000
2018-01-25 13:29:47.874000,1.23068,1.23055,1000000,1500000
2018-01-25 13:29:47.976000,1.23079,1.2306,1000000,1000000
2018-01-25 13:29:48.027000,1.23079,1.23063,1000000,1000000
2018-01-25 13:29:48.078000,1.23081,1.23062,1000000,1000000
2018-01-25 13:29:48.220000,1.23076,1.23061,1000000,1000000
2018-01-25 13:29:48.286000,1.2307,1.23052,1000000,1000000
2018-01-25 13:29:48.340000,1.23071,1.23054,1000000,1000000
2018-01-25 13:29:49.016000,1.23065,1.23048,1000000,1000000
2018-01-25 13:29:49.333000,1.2307,1.23054,1000000,1000000
2018-01-25 13:29:50.198000,1.23072,1.23053,1000000,1000000
2018-01-25 13:29:50.528000,1.2308,1.23061,1520000,1000000
2018-01-25 13:29:50.580000,1.2308,1.23061,1000000,1000000
2018-01-25 13:29:50.632000,1.23078,1.23061,1000000,1000000
2018-01-25 13:29:50.684000,1.2308,1.23062,1000000,1000000
2018-01-25 13:29:50.942000,1.23089,1.23077,3000000,1000000
2018-01-25 13:29:51.073000,1.23092,1.23074,1000000,1000000
2018-01-25 13:29:51.136000,1.2308,1.23059,1000000,1450000
2018-01-25 13:29:51.193000,1.2308,1.23059,1000000,1000000
2018-01-25 13:29:51.517000,1.23077,1.23057,1000000,1000000
2018-01-25 13:29:51.826000,1.23072,1.23052,1000000,1000000
2018-01-25 13:29:52.093000,1.23079,1.23047,1000000,1250000
2018-01-25 13:29:52.145000,1.23081,1.23046,1000000,1250000
2018-01-25 13:29:52.636000,1.23076,1.23046,1000000,1250000
2018-01-25 13:29:52.739000,1.23087,1.23047,1070000,1250000
2018-01-25 13:29:52.790000,1.23088,1.23047,1070000,1840000
2018-01-25 13:29:53.342000,1.23089,1.23048,1200000,1400000
2018-01-25 13:29:53.446000,1.23084,1.23047,1000000,1150000
2018-01-25 13:29:54.848000,1.23083,1.23046,1000000,3040000
2018-01-25 13:29:55.159000,1.23093,1.23055,1000000,1000000
2018-01-25 13:29:55.211000,1.23091,1.23056,1070000,1000000
2018-01-25 13:29:55.315000,1.23095,1.23055,1000000,1000000
2018-01-25 13:29:55.418000,1.23095,1.23057,1000000,1000000
2018-01-25 13:29:55.921000,1.23094,1.23057,1000000,1500000
2018-01-25 13:29:56.231000,1.23079,1.23053,1000000,1000000
2018-01-25 13:29:56.336000,1.23081,1.23053,1000000,1000000
2018-01-25 13:29:56.493000,1.23081,1.23049,1000000,1000000
2018-01-25 13:29:56.596000,1.23087,1.23049,1500000,1000000
2018-01-25 13:29:56.647000,1.23094,1.2305,1000000,1000000
2018-01-25 13:29:56.748000,1.23094,1.23048,1000000,1000000
2018-01-25 13:29:57.361000,1.23094,1.23049,1000000,1040000
2018-01-25 13:29:57.414000,1.23097,1.23056,1000000,1000000
2018-01-25 13:29:57.822000,1.23099,1.23061,1000000,1000000
2018-01-25 13:29:58.190000,1.23099,1.23059,1500000,1000000
2018-01-25 13:29:58.394000,1.23094,1.23059,1000000,1000000
2018-01-25 13:29:58.851000,1.23094,1.23061,1000000,1000000
2018-01-25 13:29:59.073000,1.231,1.23066,1000000,1500000
2018-01-25 13:29:59.125000,1.23105,1.23063,1000000,1500000
2018-01-25 13:29:59.278000,1.23111,1.23061,2250000,1000000
2018-01-25 13:29:59.328000,1.23109,1.23063,1500000,1000000
2018-01-25 13:29:59.633000,1.23108,1.23061,1370000,1690000
2018-01-25 13:30:00.144000,1.23108,1.23062,1000000,1250000
2018-01-25 13:30:00.449000,1.23092,1.23062,1500000,1250000
2018-01-25 13:30:00.719000,1.23156,1.23114,1000000,1000000
2018-01-25 13:30:00.771000,1.23152,1.23148,1000000,1000000
2018-01-25 13:30:00.881000,1.23174,1.23149,2250000,1000000
2018-01-25 13:30:00.960000,1.23179,1.23161,1000000,1750000
2018-01-25 13:30:01.016000,1.23181,1.23145,1000000,1750000
2018-01-25 13:30:01.181000,1.23195,1.23155,1000000,1750000
2018-01-25 13:30:01.244000,1.23207,1.23185,1500000,1000000
2018-01-25 13:30:01.350000,1.23162,1.23135,1500000,1750000
2018-01-25 13:30:01.402000,1.23147,1.23129,1000000,1000000
2018-01-25 13:30:01.453000,1.23153,1.23119,1000000,1000000
2018-01-25 13:30:01.504000,1.23143,1.23119,1000000,750000
2018-01-25 13:30:01.556000,1.23167,1.2313,1000000,1750000
2018-01-25 13:30:01.607000,1.2317,1.23126,1500000,1000000
2018-01-25 13:30:01.799000,1.23154,1.23119,1000000,1000000
2018-01-25 13:30:02.109000,1.23134,1.23105,1000000,1190000
2018-01-25 13:30:02.264000,1.23192,1.2315,1000000,1500000
2018-01-25 13:30:02.316000,1.23172,1.23145,1000000,1370000
2018-01-25 13:30:02.483000,1.23144,1.23115,1000000,1000000
2018-01-25 13:30:02.534000,1.23144,1.23131,1000000,1000000
2018-01-25 13:30:02.586000,1.23163,1.23146,1000000,1500000
2018-01-25 13:30:02.640000,1.23168,1.23147,750000,1000000
2018-01-25 13:30:02.692000,1.23172,1.23168,1000000,1000000
2018-01-25 13:30:02.745000,1.23152,1.23146,1000000,1000000
2018-01-25 13:30:02.797000,1.2315,1.23136,1000000,1000000
2018-01-25 13:30:02.849000,1.2315,1.23128,1000000,1000000
2018-01-25 13:30:02.900000,1.23159,1.23134,1000000,1000000
2018-01-25 13:30:02.953000,1.23144,1.23117,750000,1000000
2018-01-25 13:30:03.083000,1.23152,1.23117,1000000,1000000
2018-01-25 13:30:03.134000,1.23153,1.23149,1000000,1000000
2018-01-25 13:30:03.185000,1.23183,1.23161,1000000,1000000
2018-01-25 13:30:03.287000,1.23191,1.23161,1000000,1190000
2018-01-25 13:30:03.389000,1.23186,1.23154,1000000,1690000
2018-01-25 13:30:03.852000,1.23191,1.23173,1000000,1500000
2018-01-25 13:30:03.953000,1.2319,1.23166,1000000,1690000
2018-01-25 13:30:04.056000,1.2319,1.23162,1000000,1440000
2018-01-25 13:30:04.159000,1.23192,1.23161,1000000,1190000
2018-01-25 13:30:04.417000,1.23194,1.23179,2290000,1000000
2018-01-25 13:30:04.536000,1.23197,1.23181,1500000,1000000
2018-01-25 13:30:04.589000,1.2322,1.23191,1870000,2250000
2018-01-25 13:30:04.641000,1.2322,1.23208,1120000,1000000
2018-01-25 13:30:04.745000,1.23241,1.23227,1500000,1000000
2018-01-25 13:30:04.796000,1.23244,1.23231,1000000,1000000
2018-01-25 13:30:04.849000,1.23248,1.23232,1500000,1000000
2018-01-25 13:30:04.901000,1.23253,1.23231,1000000,1000000
2018-01-25 13:30:05.005000,1.23256,1.23231,1000000,1000000
2018-01-25 13:30:05.058000,1.23253,1.23239,1000000,1000000
2018-01-25 13:30:05.370000,1.23247,1.23223,3000000,1000000
2018-01-25 13:30:05.422000,1.23247,1.23227,1000000,1000000
2018-01-25 13:30:05.474000,1.23243,1.2322,1000000,1000000
2018-01-25 13:30:05.526000,1.23227,1.23215,1000000,1000000
2018-01-25 13:30:05.578000,1.23228,1.2321,1000000,1000000
2018-01-25 13:30:05.682000,1.23211,1.23205,1500000,1000000
2018-01-25 13:30:05.799000,1.23209,1.23195,1500000,1250000
2018-01-25 13:30:05.854000,1.23205,1.23187,1000000,1000000
2018-01-25 13:30:06.064000,1.23202,1.23187,1000000,1000000
2018-01-25 13:30:06.116000,1.23204,1.23185,1000000,1000000
2018-01-25 13:30:06.168000,1.23204,1.23188,1000000,1000000
2018-01-25 13:30:06.220000,1.23205,1.23184,1000000,1000000
2018-01-25 13:30:06.271000,1.23206,1.23187,1000000,1000000
2018-01-25 13:30:06.325000,1.23206,1.23184,1000000,1000000
2018-01-25 13:30:06.379000,1.23205,1.23187,1000000,1000000
2018-01-25 13:30:06.720000,1.23206,1.23201,1500000,1000000
2018-01-25 13:30:06.773000,1.2322,1.23206,1000000,1000000
2018-01-25 13:30:06.826000,1.2322,1.23204,1000000,1000000
2018-01-25 13:30:06.983000,1.23219,1.23206,1000000,1000000
2018-01-25 13:30:07.323000,1.2322,1.23204,1000000,1000000
2018-01-25 13:30:07.375000,1.23214,1.23196,1000000,1000000
2018-01-25 13:30:07.427000,1.23203,1.23189,1000000,1000000
2018-01-25 13:30:07.735000,1.23213,1.23198,1000000,1500000
2018-01-25 13:30:07.899000,1.23211,1.23199,1000000,1000000
2018-01-25 13:30:08.154000,1.23214,1.23199,2250000,1500000
2018-01-25 13:30:08.307000,1.23211,1.23198,1000000,1000000
2018-01-25 13:30:08.460000,1.23218,1.23202,1500000,1000000
2018-01-25 13:30:08.561000,1.23227,1.23208,1500000,1000000
2018-01-25 13:30:08.614000,1.23245,1.23224,1000000,1000000
2018-01-25 13:30:08.716000,1.2325,1.23223,1000000,1000000
2018-01-25 13:30:08.869000,1.23243,1.23224,1000000,1000000
2018-01-25 13:30:09.023000,1.23235,1.23214,1500000,1000000
2018-01-25 13:30:09.309000,1.23234,1.23215,1190000,1500000
2018-01-25 13:30:09.565000,1.23235,1.23209,2810000,1690000
2018-01-25 13:30:09.720000,1.23233,1.23206,2060000,1000000
2018-01-25 13:30:10.098000,1.23248,1.23234,1370000,1000000
2018-01-25 13:30:10.150000,1.23255,1.23232,1000000,1000000
2018-01-25 13:30:10.201000,1.23236,1.2323,1000000,1500000
2018-01-25 13:30:10.252000,1.2325,1.23226,1500000,1250000
2018-01-25 13:30:10.303000,1.23236,1.23215,1000000,1000000
2018-01-25 13:30:10.663000,1.23231,1.23209,1000000,1000000
2018-01-25 13:30:10.765000,1.23231,1.23209,1000000,1500000
2018-01-25 13:30:11.073000,1.2323,1.23218,1000000,1000000
2018-01-25 13:30:11.124000,1.23236,1.23215,1000000,3000000
2018-01-25 13:30:11.175000,1.23236,1.23214,1500000,1690000
2018-01-25 13:30:11.372000,1.23223,1.23201,1000000,1500000
2018-01-25 13:30:11.424000,1.23226,1.23204,1500000,1000000
2018-01-25 13:30:11.476000,1.23209,1.23197,1000000,1190000
2018-01-25 13:30:11.630000,1.23212,1.23198,1000000,1190000
2018-01-25 13:30:11.732000,1.23216,1.23198,1000000,1940000
2018-01-25 13:30:11.783000,1.23221,1.23199,1000000,2000000
2018-01-25 13:30:11.885000,1.23218,1.23199,1000000,1310000
2018-01-25 13:30:11.937000,1.23218,1.23194,1000000,1540000
2018-01-25 13:30:12.073000,1.2321,1.23181,1000000,4120000
2018-01-25 13:30:12.126000,1.232,1.23177,1000000,1000000
2018-01-25 13:30:12.179000,1.23208,1.23177,1500000,1000000
2018-01-25 13:30:12.285000,1.23202,1.2318,1000000,1000000
2018-01-25 13:30:12.602000,1.23195,1.23169,1750000,2250000
2018-01-25 13:30:12.654000,1.23192,1.23168,1000000,1000000
2018-01-25 13:30:12.706000,1.2319,1.2317,1000000,1500000
2018-01-25 13:30:12.963000,1.23194,1.2317,1750000,1000000
2018-01-25 13:30:13.016000,1.23194,1.23167,1750000,1500000
2018-01-25 13:30:13.070000,1.23188,1.23167,1000000,1000000
2018-01-25 13:30:13.395000,1.23167,1.23153,1000000,1190000
2018-01-25 13:30:13.448000,1.23167,1.23148,1000000,1750000
2018-01-25 13:30:13.793000,1.2316,1.23142,1000000,1190000
2018-01-25 13:30:13.845000,1.23154,1.23138,1000000,1000000
2018-01-25 13:30:13.897000,1.2316,1.23139,1000000,1000000
2018-01-25 13:30:14.054000,1.23154,1.23139,1000000,1500000
2018-01-25 13:30:14.107000,1.23163,1.23147,1000000,1000000
2018-01-25 13:30:14.210000,1.23155,1.2314,1000000,1000000
2018-01-25 13:30:14.261000,1.23159,1.23139,1000000,1000000
2018-01-25 13:30:14.544000,1.23145,1.23134,1000000,1000000
2018-01-25 13:30:14.598000,1.23146,1.23134,1000000,1000000
2018-01-25 13:30:14.650000,1.23146,1.23132,1000000,1000000
2018-01-25 13:30:14.702000,1.23147,1.2313,1000000,1000000
2018-01-25 13:30:14.755000,1.23144,1.23129,1000000,1000000
2018-01-25 13:30:15.067000,1.23098,1.23083,1500000,1500000
2018-01-25 13:30:15.417000,1.23077,1.23059,1750000,1120000
2018-01-25 13:30:15.521000,1.23061,1.23038,1000000,1500000
2018-01-25 13:30:15.575000,1.23067,1.2304,1870000,1000000
2018-01-25 13:30:15.692000,1.23065,1.23044,1500000,1000000
2018-01-25 13:30:15.891000,1.23076,1.23055,1000000,1000000
2018-01-25 13:30:15.944000,1.23073,1.23055,1750000,1000000
2018-01-25 13:30:16.255000,1.23074,1.23056,1000000,1000000
2018-01-25 13:30:16.463000,1.2306,1.23053,1000000,1000000
2018-01-25 13:30:16.638000,1.23054,1.23042,1000000,1450000
2018-01-25 13:30:16.694000,1.23059,1.23041,1000000,1000000
2018-01-25 13:30:17.055000,1.23064,1.23041,1120000,1000000
2018-01-25 13:30:17.106000,1.23061,1.23039,1570000,1250000
2018-01-25 13:30:17.495000,1.23056,1.23038,1000000,1690000
2018-01-25 13:30:17.649000,1.23057,1.23034,1000000,1000000
2018-01-25 13:30:17.700000,1.23051,1.23034,1000000,1000000
2018-01-25 13:30:17.803000,1.23056,1.23035,3750000,1000000
2018-01-25 13:30:17.854000,1.23058,1.23036,1500000,1000000
2018-01-25 13:30:17.958000,1.23055,1.23048,1000000,1000000
2018-01-25 13:30:18.060000,1.2306,1.23039,2060000,3000000
2018-01-25 13:30:18.239000,1.23063,1.23048,1850000,1000000
2018-01-25 13:30:18.291000,1.23063,1.23048,1000000,1000000
2018-01-25 13:30:18.343000,1.23067,1.23048,1500000,1000000
2018-01-25 13:30:18.446000,1.23072,1.23048,1120000,1000000
2018-01-25 13:30:18.498000,1.23071,1.23048,1000000,1000000
2018-01-25 13:30:18.549000,1.23069,1.23048,1250000,1750000
2018-01-25 13:30:18.971000,1.23072,1.2305,1870000,1000000
2018-01-25 13:30:19.280000,1.23085,1.23058,1500000,1750000
2018-01-25 13:30:19.332000,1.23088,1.23078,1500000,1000000
2018-01-25 13:30:19.384000,1.23099,1.23077,1500000,1000000
2018-01-25 13:30:19.437000,1.23105,1.23085,1120000,1690000
2018-01-25 13:30:19.489000,1.23109,1.23089,1500000,1000000
2018-01-25 13:30:19.541000,1.23108,1.23089,1500000,1000000
2018-01-25 13:30:19.646000,1.23106,1.2308,1750000,1000000
2018-01-25 13:30:19.817000,1.23106,1.2308,1500000,1000000
2018-01-25 13:30:19.868000,1.23106,1.23087,1500000,1000000
2018-01-25 13:30:19.919000,1.23106,1.23079,1500000,1500000
2018-01-25 13:30:19.970000,1.23103,1.2308,1120000,1000000
2018-01-25 13:30:20.276000,1.2311,1.23087,1750000,1000000
2018-01-25 13:30:20.405000,1.23111,1.23087,1000000,1000000
2018-01-25 13:30:20.457000,1.23112,1.23095,1000000,1000000
2018-01-25 13:30:20.664000,1.23102,1.23082,1720000,1000000
2018-01-25 13:30:20.715000,1.23106,1.23088,2170000,1000000
2018-01-25 13:30:20.767000,1.23107,1.23087,3370000,1000000
2018-01-25 13:30:20.818000,1.23106,1.23086,1200000,1000000
2018-01-25 13:30:21.271000,1.23103,1.23087,1120000,1000000
2018-01-25 13:30:21.475000,1.23113,1.23094,1000000,1000000
2018-01-25 13:30:21.628000,1.23111,1.23092,1000000,1000000
2018-01-25 13:30:21.936000,1.23107,1.23088,1000000,1120000
2018-01-25 13:30:22.278000,1.2311,1.23094,1100000,1000000
2018-01-25 13:30:22.330000,1.23106,1.23087,1000000,1500000
2018-01-25 13:30:22.748000,1.23101,1.23087,1000000,1000000
2018-01-25 13:30:23.078000,1.23096,1.23089,1750000,1000000
2018-01-25 13:30:23.130000,1.23098,1.23086,1750000,1000000
2018-01-25 13:30:23.183000,1.23098,1.23086,1750000,1000000
2018-01-25 13:30:23.235000,1.23096,1.2308,1870000,1200000
2018-01-25 13:30:23.649000,1.23096,1.23079,1850000,1500000
2018-01-25 13:30:23.701000,1.23096,1.23079,2250000,1000000
2018-01-25 13:30:23.753000,1.23096,1.23079,1000000,1000000
2018-01-25 13:30:23.961000,1.23094,1.23078,1000000,1000000
2018-01-25 13:30:24.013000,1.23096,1.23078,1000000,1000000
2018-01-25 13:30:24.549000,1.23092,1.23079,1000000,1000000
2018-01-25 13:30:24.889000,1.2309,1.23079,1000000,1000000
2018-01-25 13:30:25.046000,1.2309,1.23072,1000000,1500000
2018-01-25 13:30:25.099000,1.23083,1.23072,1450000,1000000
2018-01-25 13:30:25.153000,1.23088,1.23065,1450000,2620000
2018-01-25 13:30:25.207000,1.23087,1.23065,1000000,1200000
2018-01-25 13:30:25.260000,1.23079,1.23064,1120000,1000000
2018-01-25 13:30:25.571000,1.23079,1.23059,1000000,1950000
2018-01-25 13:30:25.753000,1.23077,1.23059,1500000,1950000
2018-01-25 13:30:25.910000,1.23078,1.23057,1000000,1470000
2018-01-25 13:30:25.966000,1.23078,1.23057,1000000,1100000
2018-01-25 13:30:26.070000,1.23078,1.23056,1120000,2700000
2018-01-25 13:30:26.380000,1.23067,1.23054,1150000,1450000
2018-01-25 13:30:26.432000,1.23069,1.23053,1500000,1950000
2018-01-25 13:30:26.484000,1.23069,1.23053,1500000,1450000
2018-01-25 13:30:26.869000,1.23072,1.23064,1000000,1870000
2018-01-25 13:30:26.937000,1.23083,1.23066,1000000,1120000
2018-01-25 13:30:26.990000,1.23089,1.23069,1000000,1500000
2018-01-25 13:30:27.044000,1.23087,1.2307,1000000,2320000
2018-01-25 13:30:27.097000,1.23092,1.23071,1750000,1570000
2018-01-25 13:30:27.233000,1.23093,1.23072,1750000,1450000
2018-01-25 13:30:27.546000,1.23105,1.23089,1000000,1500000
2018-01-25 13:30:27.650000,1.23104,1.23088,1000000,1950000
2018-01-25 13:30:27.968000,1.23099,1.23084,1450000,2250000
2018-01-25 13:30:28.020000,1.23087,1.2308,1950000,1120000
2018-01-25 13:30:28.072000,1.23067,1.23063,1950000,1000000
2018-01-25 13:30:28.123000,1.23061,1.23048,1500000,1000000
2018-01-25 13:30:28.175000,1.2305,1.23045,1200000,1000000
2018-01-25 13:30:28.226000,1.23049,1.23039,1000000,1000000
2018-01-25 13:30:28.277000,1.23045,1.23035,1000000,1500000
2018-01-25 13:30:28.606000,1.23039,1.23033,1450000,1000000
2018-01-25 13:30:28.708000,1.23043,1.23034,1200000,1000000
2018-01-25 13:30:28.810000,1.23046,1.23032,1870000,1500000
2018-01-25 13:30:28.963000,1.2304,1.23031,1450000,1000000
2018-01-25 13:30:29.015000,1.2304,1.23029,1450000,1500000
2018-01-25 13:30:29.066000,1.23039,1.23031,1450000,1500000
2018-01-25 13:30:29.217000,1.23041,1.23031,1450000,1500000
2018-01-25 13:30:29.675000,1.23046,1.23032,2620000,1500000
2018-01-25 13:30:29.988000,1.23047,1.23032,1000000,1500000
2018-01-25 13:30:30.092000,1.23053,1.23032,1500000,1690000
2018-01-25 13:30:30.195000,1.23053,1.23034,1000000,1500000
2018-01-25 13:30:30.298000,1.23057,1.23035,1200000,1500000
2018-01-25 13:30:30.452000,1.2306,1.23054,1120000,1000000
2018-01-25 13:30:30.503000,1.23055,1.23039,1000000,1000000
2018-01-25 13:30:30.614000,1.2306,1.23045,1500000,1000000
2018-01-25 13:30:30.668000,1.23062,1.23042,3070000,1120000
2018-01-25 13:30:31.084000,1.2306,1.23043,1000000,1120000
2018-01-25 13:30:31.409000,1.23066,1.23052,1000000,1120000
2018-01-25 13:30:31.462000,1.23071,1.23053,2620000,1500000
2018-01-25 13:30:31.515000,1.23074,1.23053,1750000,3060000
2018-01-25 13:30:31.568000,1.23074,1.23053,1500000,2810000
2018-01-25 13:30:31.878000,1.23074,1.23053,1750000,4680000
2018-01-25 13:30:32.211000,1.23084,1.2306,2700000,2620000
2018-01-25 13:30:32.522000,1.23076,1.2306,1750000,1000000
2018-01-25 13:30:32.575000,1.23078,1.23057,1750000,1370000
2018-01-25 13:30:32.826000,1.23074,1.23054,1750000,1120000
2018-01-25 13:30:32.931000,1.23074,1.23054,2250000,1370000
2018-01-25 13:30:33.145000,1.23074,1.23054,1500000,1120000
2018-01-25 13:30:33.571000,1.23075,1.23056,1120000,1120000
2018-01-25 13:30:33.881000,1.23074,1.23056,1750000,1120000
2018-01-25 13:30:34.139000,1.23074,1.23056,1120000,1370000
2018-01-25 13:30:34.192000,1.23077,1.23059,1750000,1870000
2018-01-25 13:30:34.295000,1.23079,1.23059,3030000,1620000
2018-01-25 13:30:34.444000,1.23081,1.23059,1750000,1120000
2018-01-25 13:30:34.699000,1.23079,1.23059,1750000,1000000
2018-01-25 13:30:35.207000,1.23082,1.23059,2250000,2440000
2018-01-25 13:30:35.700000,1.23074,1.23059,1000000,1500000
2018-01-25 13:30:35.752000,1.23072,1.23056,1000000,1370000
2018-01-25 13:30:35.804000,1.23074,1.23056,1000000,1370000
2018-01-25 13:30:35.857000,1.23077,1.23061,2250000,1500000
2018-01-25 13:30:35.909000,1.23077,1.23062,1000000,1120000
2018-01-25 13:30:35.961000,1.23079,1.23064,1000000,1000000
2018-01-25 13:30:36.403000,1.23079,1.23061,2250000,1500000
2018-01-25 13:30:36.454000,1.23078,1.23061,1750000,1120000
2018-01-25 13:30:36.760000,1.23079,1.23064,1750000,1500000
2018-01-25 13:30:37.280000,1.23081,1.23064,1750000,1000000
2018-01-25 13:30:37.626000,1.23076,1.23062,1000000,1870000
2018-01-25 13:30:37.935000,1.23074,1.23063,1000000,1500000
2018-01-25 13:30:38.094000,1.23076,1.23063,1120000,1000000
2018-01-25 13:30:38.636000,1.23079,1.23064,3000000,1000000
2018-01-25 13:30:39.989000,1.23075,1.23065,1000000,1000000
2018-01-25 13:30:40.554000,1.23078,1.23065,1750000,1000000
2018-01-25 13:30:40.709000,1.23078,1.23065,2250000,1000000
2018-01-25 13:30:41.144000,1.23076,1.23065,1120000,1000000
2018-01-25 13:30:41.888000,1.23077,1.23065,1750000,1000000
2018-01-25 13:30:41.940000,1.23077,1.23065,1500000,1000000
2018-01-25 13:30:42.572000,1.23076,1.23063,1120000,1870000
2018-01-25 13:30:43.074000,1.23075,1.23068,1000000,1000000
2018-01-25 13:30:43.126000,1.23075,1.23065,1000000,1000000
2018-01-25 13:30:43.918000,1.23075,1.23064,1000000,1120000
2018-01-25 13:30:45.465000,1.23078,1.23064,1120000,1000000
2018-01-25 13:30:45.518000,1.23075,1.23064,1000000,1000000
2018-01-25 13:30:46.321000,1.23075,1.23064,1000000,1000000
2018-01-25 13:30:46.850000,1.23076,1.23064,1000000,1000000
2018-01-25 13:30:47.332000,1.23075,1.23065,1000000,1500000
2018-01-25 13:30:47.435000,1.23075,1.23063,1000000,1500000
2018-01-25 13:30:48.218000,1.23075,1.23062,1000000,2620000
2018-01-25 13:30:48.742000,1.23074,1.23064,1000000,1000000
2018-01-25 13:30:48.942000,1.23073,1.23062,1500000,1000000
2018-01-25 13:30:49.454000,1.23071,1.2306,1000000,1200000
2018-01-25 13:30:49.506000,1.23069,1.23061,1870000,1000000
2018-01-25 13:30:49.557000,1.23066,1.23056,1000000,1000000
2018-01-25 13:30:49.679000,1.23066,1.23056,1870000,1000000
2018-01-25 13:30:49.741000,1.23064,1.23052,1120000,1000000
2018-01-25 13:30:51.958000,1.23064,1.2305,1120000,1000000
2018-01-25 13:30:52.061000,1.23062,1.23047,1120000,1120000
2018-01-25 13:30:52.112000,1.23059,1.23047,1000000,1500000
2018-01-25 13:30:52.389000,1.23055,1.23041,1120000,1500000
2018-01-25 13:30:52.654000,1.23053,1.2304,1000000,3370000
2018-01-25 13:30:52.708000,1.23055,1.23041,1120000,1120000
2018-01-25 13:30:52.864000,1.23056,1.2304,1750000,1620000
2018-01-25 13:30:53.143000,1.23049,1.23036,2060000,1000000
2018-01-25 13:30:53.196000,1.23051,1.23034,1470000,2440000
2018-01-25 13:30:53.301000,1.23053,1.23035,1870000,1120000
2018-01-25 13:30:53.722000,1.23053,1.23034,2250000,2770000
2018-01-25 13:30:54.026000,1.23044,1.2303,1870000,1650000
2018-01-25 13:30:54.078000,1.23045,1.23031,1690000,1500000
2018-01-25 13:30:54.232000,1.23046,1.23032,1000000,1870000
2018-01-25 13:30:54.437000,1.23049,1.23035,1000000,1120000
2018-01-25 13:30:54.775000,1.23046,1.23032,1000000,2400000
2018-01-25 13:30:55.082000,1.23036,1.23021,1750000,1350000
2018-01-25 13:30:55.134000,1.23037,1.23021,1370000,1350000
2018-01-25 13:30:55.186000,1.23036,1.23026,1500000,1000000
2018-01-25 13:30:55.290000,1.23035,1.23016,1500000,2070000
2018-01-25 13:30:55.484000,1.23034,1.23018,1120000,1000000
2018-01-25 13:30:55.791000,1.23028,1.23015,1000000,1570000
2018-01-25 13:30:56.332000,1.2303,1.23014,1870000,1570000
2018-01-25 13:30:56.666000,1.23033,1.23019,2620000,1000000
2018-01-25 13:30:56.719000,1.23034,1.23019,1370000,1000000
2018-01-25 13:30:57.371000,1.23035,1.23021,2620000,1000000
2018-01-25 13:30:57.738000,1.23035,1.2302,1500000,1570000
2018-01-25 13:30:57.895000,1.23034,1.2302,1120000,1000000
2018-01-25 13:30:58.417000,1.23034,1.23021,1120000,1000000
2018-01-25 13:30:58.470000,1.23033,1.2302,4310000,1000000
2018-01-25 13:30:58.524000,1.23034,1.2302,2250000,1500000
2018-01-25 13:30:59.108000,1.23034,1.23023,1500000,1000000
2018-01-25 13:30:59.161000,1.23034,1.23021,1500000,1000000
2018-01-25 13:30:59.550000,1.23033,1.23023,1000000,1000000
2018-01-25 13:31:00.058000,1.23034,1.23022,1120000,1500000
2018-01-25 13:31:00.374000,1.23034,1.2302,3000000,1000000
2018-01-25 13:31:00.959000,1.23034,1.23021,1870000,1000000
2018-01-25 13:31:01.287000,1.23036,1.23027,3370000,1000000
2018-01-25 13:31:01.837000,1.23035,1.23026,1000000,1000000
2018-01-25 13:31:02.358000,1.23035,1.23025,1000000,1500000
2018-01-25 13:31:02.758000,1.23037,1.23025,1000000,2250000
2018-01-25 13:31:03.292000,1.23038,1.23026,2620000,1000000
2018-01-25 13:31:03.887000,1.23038,1.23025,2620000,2620000
2018-01-25 13:31:03.939000,1.23039,1.23027,4870000,1000000
2018-01-25 13:31:03.991000,1.23039,1.23025,4120000,1120000
2018-01-25 13:31:04.502000,1.23039,1.23026,4120000,1000000
2018-01-25 13:31:04.994000,1.23038,1.23028,2250000,1500000
2018-01-25 13:31:05.306000,1.23046,1.23037,1000000,1000000
2018-01-25 13:31:05.357000,1.23049,1.23038,1000000,1000000
2018-01-25 13:31:05.664000,1.23053,1.23045,1000000,1000000
2018-01-25 13:31:05.819000,1.23058,1.23045,3070000,1000000
2018-01-25 13:31:06.283000,1.23055,1.23046,1000000,1000000
2018-01-25 13:31:06.793000,1.23055,1.23048,1000000,1000000
2018-01-25 13:31:07.309000,1.23056,1.23048,1000000,1000000
2018-01-25 13:31:07.813000,1.23055,1.23048,1000000,1000000
2018-01-25 13:31:08.498000,1.23055,1.23047,1000000,2250000
2018-01-25 13:31:09.061000,1.23056,1.23047,1000000,2250000
2018-01-25 13:31:09.376000,1.23057,1.23051,1000000,1000000
2018-01-25 13:31:09.926000,1.23057,1.2305,1000000,1200000
2018-01-25 13:31:10.234000,1.23057,1.23047,1000000,1500000
2018-01-25 13:31:10.286000,1.23057,1.23049,1000000,1000000
2018-01-25 13:31:10.870000,1.23057,1.2305,1000000,1000000
2018-01-25 13:31:10.921000,1.23057,1.23047,1000000,2250000
2018-01-25 13:31:11.023000,1.23054,1.23048,1000000,1000000
2018-01-25 13:31:11.074000,1.23054,1.23042,1000000,1000000
2018-01-25 13:31:11.126000,1.23052,1.23042,1000000,1500000
2018-01-25 13:31:11.177000,1.23055,1.23042,1000000,1870000
2018-01-25 13:31:11.228000,1.23052,1.23043,1000000,1000000
2018-01-25 13:31:11.542000,1.23051,1.23046,1000000,1000000
2018-01-25 13:31:11.945000,1.23054,1.23048,1000000,1500000
2018-01-25 13:31:11.997000,1.23059,1.23047,1500000,1000000
2018-01-25 13:31:12.049000,1.23055,1.2305,1000000,1000000
2018-01-25 13:31:12.103000,1.23055,1.23048,1000000,1000000
2018-01-25 13:31:13.100000,1.23055,1.23047,1000000,2250000
2018-01-25 13:31:13.396000,1.23055,1.23049,1000000,1000000
2018-01-25 13:31:13.640000,1.23055,1.23047,1000000,2250000
2018-01-25 13:31:13.746000,1.23053,1.23045,1000000,1500000
2018-01-25 13:31:13.798000,1.23053,1.23041,1000000,1500000
2018-01-25 13:31:13.850000,1.23049,1.2304,1120000,1000000
2018-01-25 13:31:13.902000,1.23047,1.23036,1000000,1000000
2018-01-25 13:31:14.005000,1.23048,1.23034,1000000,1870000
2018-01-25 13:31:14.056000,1.23046,1.23035,1000000,1000000
2018-01-25 13:31:14.589000,1.23046,1.23034,1000000,1120000
2018-01-25 13:31:15.202000,1.23047,1.23034,1000000,1120000
2018-01-25 13:31:16.136000,1.23047,1.23035,1000000,1120000
2018-01-25 13:31:16.189000,1.23049,1.23036,1500000,1500000
2018-01-25 13:31:16.292000,1.23051,1.23042,1000000,1000000
2018-01-25 13:31:16.932000,1.23051,1.23041,1000000,1000000
2018-01-25 13:31:17.245000,1.23055,1.23049,1000000,1000000
2018-01-25 13:31:17.551000,1.23056,1.23047,1000000,1500000
2018-01-25 13:31:17.655000,1.23054,1.23046,1000000,1000000
2018-01-25 13:31:17.967000,1.23055,1.23044,1000000,1000000
2018-01-25 13:31:18.020000,1.23053,1.23044,1000000,1000000
2018-01-25 13:31:18.125000,1.23055,1.23044,2100000,1000000
2018-01-25 13:31:18.178000,1.23051,1.23045,1000000,1000000
2018-01-25 13:31:18.748000,1.23051,1.23044,1000000,1000000
2018-01-25 13:31:19.283000,1.23052,1.23043,1000000,1950000
2018-01-25 13:31:19.619000,1.23055,1.23045,1370000,1500000
2018-01-25 13:31:20.150000,1.23055,1.23047,1000000,1500000
2018-01-25 13:31:20.455000,1.23062,1.23049,2620000,2250000
2018-01-25 13:31:20.506000,1.2306,1.23053,1000000,1870000
2018-01-25 13:31:20.558000,1.23062,1.23054,1000000,1500000
2018-01-25 13:31:21.056000,1.23065,1.23055,1000000,2250000
2018-01-25 13:31:21.137000,1.23065,1.23056,1000000,1500000
2018-01-25 13:31:21.208000,1.23067,1.23057,1000000,1200000
2018-01-25 13:31:21.572000,1.23073,1.23062,1950000,1500000
2018-01-25 13:31:21.675000,1.23082,1.23069,6750000,1500000
2018-01-25 13:31:21.727000,1.23082,1.23069,1750000,2500000
2018-01-25 13:31:21.831000,1.23083,1.2307,1000000,1500000
2018-01-25 13:31:22.379000,1.23083,1.2307,1000000,1000000
2018-01-25 13:31:22.533000,1.23083,1.2307,1000000,1500000
2018-01-25 13:31:22.739000,1.23081,1.23074,1000000,1000000
2018-01-25 13:31:22.895000,1.23083,1.23074,1000000,1000000
2018-01-25 13:31:23.401000,1.23083,1.23073,1000000,1500000
2018-01-25 13:31:23.935000,1.23082,1.23073,1000000,1500000
2018-01-25 13:31:24.525000,1.23082,1.23072,1000000,1000000
2018-01-25 13:31:24.578000,1.23083,1.23074,1000000,1000000
2018-01-25 13:31:24.965000,1.23083,1.23072,1000000,1500000
2018-01-25 13:31:26.584000,1.23081,1.23071,1000000,1000000
2018-01-25 13:31:26.931000,1.23077,1.23067,1000000,1500000
2018-01-25 13:31:27.664000,1.2308,1.23071,1000000,1000000
2018-01-25 13:31:28.167000,1.2308,1.23072,1000000,1000000
2018-01-25 13:31:28.272000,1.23079,1.23069,1000000,1500000
2018-01-25 13:31:28.584000,1.23079,1.23071,1000000,1000000
2018-01-25 13:31:28.703000,1.23081,1.23071,1000000,1000000
2018-01-25 13:31:28.756000,1.23079,1.23066,1000000,1000000
2018-01-25 13:31:28.808000,1.23077,1.23067,1000000,1500000
2018-01-25 13:31:28.860000,1.2308,1.23067,1100000,1500000
2018-01-25 13:31:28.912000,1.23078,1.23067,1000000,1000000
2018-01-25 13:31:29.225000,1.2308,1.23072,1000000,1000000
2018-01-25 13:31:29.579000,1.23083,1.23073,1000000,1000000
2018-01-25 13:31:30.129000,1.23082,1.23072,1000000,1000000
2018-01-25 13:31:30.486000,1.23085,1.23074,1120000,1000000
2018-01-25 13:31:30.640000,1.23083,1.23073,1000000,1500000
2018-01-25 13:31:30.996000,1.23084,1.23071,1000000,1620000
2018-01-25 13:31:31.047000,1.23084,1.23073,1000000,1000000
2018-01-25 13:31:31.098000,1.23086,1.23073,1000000,1000000
2018-01-25 13:31:31.150000,1.23084,1.23073,1000000,1000000
2018-01-25 13:31:31.656000,1.23084,1.23074,1000000,1000000
2018-01-25 13:31:32.182000,1.23083,1.23072,1000000,1120000
2018-01-25 13:31:32.383000,1.23083,1.23072,1000000,1620000
2018-01-25 13:31:32.494000,1.23085,1.23073,1000000,3450000
2018-01-25 13:31:32.548000,1.23085,1.23076,1000000,1000000
2018-01-25 13:31:32.858000,1.23082,1.23072,1000000,1320000
2018-01-25 13:31:33.013000,1.2308,1.23071,1000000,1120000
2018-01-25 13:31:33.457000,1.23082,1.23076,1000000,1000000
2018-01-25 13:31:33.509000,1.23084,1.23075,1000000,1000000
2018-01-25 13:31:34.018000,1.23085,1.23074,1000000,1000000
2018-01-25 13:31:35.455000,1.23084,1.23074,1000000,1500000
2018-01-25 13:31:35.961000,1.23082,1.23074,1000000,1500000
2018-01-25 13:31:36.335000,1.23084,1.23074,1000000,1000000
2018-01-25 13:31:36.490000,1.23082,1.23074,1000000,1500000
2018-01-25 13:31:36.993000,1.23083,1.23074,1000000,1500000
2018-01-25 13:31:37.213000,1.23081,1.23071,1000000,1620000
2018-01-25 13:31:37.266000,1.2308,1.23069,1000000,2740000
2018-01-25 13:31:37.370000,1.23077,1.23068,1000000,1120000
2018-01-25 13:31:37.922000,1.23078,1.2307,1000000,1000000
2018-01-25 13:31:38.078000,1.23076,1.23067,1500000,1000000
2018-01-25 13:31:38.235000,1.23078,1.23066,1120000,1000000
2018-01-25 13:31:38.289000,1.23073,1.23066,1000000,1000000
2018-01-25 13:31:38.342000,1.23072,1.23062,1000000,1500000
2018-01-25 13:31:38.868000,1.23072,1.23063,1000000,1000000
2018-01-25 13:31:39.537000,1.23072,1.23062,1500000,1500000
2018-01-25 13:31:39.727000,1.2307,1.23063,1000000,1000000
2018-01-25 13:31:39.833000,1.23068,1.2306,1500000,1000000
2018-01-25 13:31:39.885000,1.23065,1.23057,1000000,1120000
2018-01-25 13:31:39.940000,1.23064,1.23052,1000000,2250000
2018-01-25 13:31:40.043000,1.23064,1.23053,2890000,1500000
2018-01-25 13:31:40.146000,1.23064,1.23047,2320000,1500000
2018-01-25 13:31:40.537000,1.23062,1.23047,1750000,1000000
2018-01-25 13:31:40.850000,1.23061,1.23051,1500000,1000000
2018-01-25 13:31:41.160000,1.23062,1.23052,1000000,1000000
2018-01-25 13:31:41.666000,1.23061,1.23052,1000000,1000000
2018-01-25 13:31:42.175000,1.23061,1.23051,1000000,1500000
2018-01-25 13:31:42.380000,1.2306,1.23049,1000000,1100000
2018-01-25 13:31:42.432000,1.23058,1.23047,1000000,1500000
2018-01-25 13:31:42.484000,1.23059,1.23045,1120000,1500000
2018-01-25 13:31:43.123000,1.23059,1.23045,1120000,1370000
2018-01-25 13:31:43.409000,1.23059,1.23048,1000000,1000000
2018-01-25 13:31:43.985000,1.23059,1.23049,1000000,1870000
2018-01-25 13:31:45.525000,1.23059,1.23049,1000000,1500000
2018-01-25 13:31:46.567000,1.23061,1.23051,1120000,1000000
2018-01-25 13:31:47.105000,1.2306,1.2305,1000000,1350000
2018-01-25 13:31:47.629000,1.23063,1.23051,1000000,1000000
2018-01-25 13:31:49.032000,1.2306,1.23051,1000000,1000000
2018-01-25 13:31:49.188000,1.2306,1.23049,1000000,1500000
2018-01-25 13:31:49.244000,1.23058,1.23047,1000000,3000000
2018-01-25 13:31:49.401000,1.23062,1.23045,2470000,2250000
2018-01-25 13:31:49.452000,1.23058,1.23045,1000000,3750000
2018-01-25 13:31:49.979000,1.23057,1.23045,1000000,3000000
2018-01-25 13:31:51.398000,1.23055,1.23044,1000000,1000000
2018-01-25 13:31:51.503000,1.23053,1.23041,1000000,1120000
2018-01-25 13:31:51.818000,1.23052,1.23043,1120000,1000000
2018-01-25 13:31:52.337000,1.23053,1.23042,1000000,1350000
2018-01-25 13:31:53.159000,1.2305,1.23041,1000000,1000000
2018-01-25 13:31:53.314000,1.23049,1.23039,1120000,1000000
2018-01-25 13:31:53.824000,1.23049,1.2304,1120000,1000000
2018-01-25 13:31:54.602000,1.23049,1.23039,1000000,1500000
2018-01-25 13:31:54.852000,1.23042,1.23035,1750000,1000000
2018-01-25 13:31:54.905000,1.23038,1.23029,1750000,1000000
2018-01-25 13:31:55.014000,1.23036,1.23026,3450000,1000000
2018-01-25 13:31:55.118000,1.23039,1.23024,1950000,1000000
2018-01-25 13:31:55.474000,1.23039,1.23027,1570000,1000000
2018-01-25 13:31:55.738000,1.23026,1.23014,1100000,1000000
2018-01-25 13:31:55.791000,1.2303,1.23014,1570000,1000000
2018-01-25 13:31:55.897000,1.23031,1.23014,1100000,1500000
2018-01-25 13:31:56.789000,1.23031,1.23014,5810000,2250000
2018-01-25 13:31:57.313000,1.23029,1.23016,1000000,1450000
2018-01-25 13:31:57.469000,1.23032,1.23018,2620000,1200000
2018-01-25 13:31:57.799000,1.23034,1.2302,2250000,1470000
2018-01-25 13:31:57.851000,1.23034,1.23019,1000000,3820000
2018-01-25 13:31:57.904000,1.23041,1.23037,1500000,1000000
2018-01-25 13:31:58.008000,1.23053,1.2304,1870000,1000000
2018-01-25 13:31:58.163000,1.23056,1.23041,1120000,1600000
2018-01-25 13:31:58.214000,1.2306,1.23045,2850000,1950000
2018-01-25 13:31:58.318000,1.23066,1.2305,2250000,1950000
2018-01-25 13:31:58.370000,1.23066,1.23054,1000000,1000000
2018-01-25 13:31:58.472000,1.23071,1.23056,1870000,1000000
2018-01-25 13:31:58.944000,1.23058,1.23053,1000000,2320000
2018-01-25 13:31:59.047000,1.23055,1.23048,1000000,2320000
2018-01-25 13:31:59.563000,1.23056,1.23049,1000000,1200000
2018-01-25 13:31:59.961000,1.23054,1.23049,1000000,1200000
2018-01-25 13:32:00.427000,1.23051,1.23045,1000000,1000000
2018-01-25 13:32:00.479000,1.23051,1.23042,1000000,2320000
2018-01-25 13:32:00.532000,1.23051,1.23044,1000000,1200000
2018-01-25 13:32:00.841000,1.23044,1.23039,1000000,1200000
2018-01-25 13:32:00.899000,1.23044,1.23036,1000000,1100000
2018-01-25 13:32:01.452000,1.23045,1.23033,1000000,2320000
2018-01-25 13:32:01.609000,1.23044,1.23033,1000000,1450000
2018-01-25 13:32:02.041000,1.23048,1.23034,1000000,1450000
2018-01-25 13:32:02.093000,1.23045,1.23033,1000000,1450000
2018-01-25 13:32:02.400000,1.23034,1.23026,1000000,1570000
2018-01-25 13:32:02.735000,1.23039,1.23024,1120000,1820000
2018-01-25 13:32:02.787000,1.23037,1.23024,1500000,1570000
2018-01-25 13:32:02.995000,1.23034,1.2302,1000000,2700000
2018-01-25 13:32:03.097000,1.23037,1.23026,1000000,1450000
2018-01-25 13:32:03.250000,1.23044,1.23033,1000000,1450000
2018-01-25 13:32:03.755000,1.23044,1.23033,1500000,1200000
2018-01-25 13:32:04.234000,1.23042,1.23031,1000000,1450000
2018-01-25 13:32:04.754000,1.23042,1.2303,1000000,1450000
2018-01-25 13:32:05.302000,1.2304,1.23028,1000000,1570000
2018-01-25 13:32:05.861000,1.2304,1.23028,1000000,1450000
2018-01-25 13:32:06.509000,1.2304,1.23027,1000000,1450000
2018-01-25 13:32:07.020000,1.2304,1.23025,1000000,2320000
2018-01-25 13:32:07.370000,1.23037,1.23025,1000000,3820000
2018-01-25 13:32:07.860000,1.23039,1.23026,1000000,1820000
2018-01-25 13:32:07.911000,1.23041,1.23026,1000000,1820000
2018-01-25 13:32:08.438000,1.2304,1.23026,1000000,1570000
2018-01-25 13:32:08.972000,1.2304,1.23026,1000000,1820000
2018-01-25 13:32:09.163000,1.23042,1.23037,1120000,1200000
2018-01-25 13:32:09.216000,1.23052,1.23043,1120000,1000000
2018-01-25 13:32:09.268000,1.23054,1.23043,1000000,1500000
2018-01-25 13:32:09.478000,1.23048,1.23043,1000000,1000000
2018-01-25 13:32:09.721000,1.23051,1.23042,1000000,1200000
2018-01-25 13:32:09.773000,1.23049,1.23042,1000000,1570000
2018-01-25 13:32:09.826000,1.23052,1.23041,1120000,1570000
2018-01-25 13:32:10.138000,1.2305,1.23041,1000000,1450000
2018-01-25 13:32:10.472000,1.23048,1.23042,1000000,1000000
2018-01-25 13:32:11.032000,1.23048,1.23041,1000000,1200000
2018-01-25 13:32:11.602000,1.23048,1.23042,1000000,1000000
2018-01-25 13:32:12.139000,1.23048,1.23041,1000000,1200000
2018-01-25 13:32:13.855000,1.23048,1.2304,1000000,1950000
2018-01-25 13:32:14.325000,1.23048,1.2304,1000000,3450000
2018-01-25 13:32:15.312000,1.23048,1.2304,1000000,1950000
2018-01-25 13:32:15.836000,1.23049,1.23042,1000000,1000000
2018-01-25 13:32:16.144000,1.2305,1.23043,1000000,2400000
2018-01-25 13:32:16.403000,1.23048,1.2304,1000000,1570000
2018-01-25 13:32:16.920000,1.23048,1.2304,1000000,1570000
2018-01-25 13:32:17.434000,1.23048,1.2304,1000000,1570000
2018-01-25 13:32:17.964000,1.23047,1.2304,1000000,1450000
2018-01-25 13:32:18.212000,1.23049,1.2304,1000000,1450000
2018-01-25 13:32:19.163000,1.23048,1.23039,1000000,1950000
2018-01-25 13:32:19.673000,1.23048,1.2304,1000000,1450000
2018-01-25 13:32:19.870000,1.23048,1.23043,1000000,1000000
2018-01-25 13:32:20.023000,1.23053,1.23047,1000000,1000000
2018-01-25 13:32:20.531000,1.23053,1.23048,1000000,1000000
2018-01-25 13:32:21.066000,1.23054,1.23047,1120000,1500000
2018-01-25 13:32:21.747000,1.23054,1.23047,1120000,1000000
2018-01-25 13:32:22.240000,1.23057,1.23044,1500000,1450000
2018-01-25 13:32:22.292000,1.23053,1.23044,1000000,1450000
2018-01-25 13:32:22.398000,1.23056,1.23043,1500000,2320000
2018-01-25 13:32:22.554000,1.23052,1.23042,1000000,1450000
2018-01-25 13:32:22.739000,1.23052,1.23041,1750000,1450000
2018-01-25 13:32:23.290000,1.23051,1.2304,1120000,2700000
2018-01-25 13:32:23.994000,1.23051,1.2304,1120000,1450000
2018-01-25 13:32:24.507000,1.23051,1.23041,1120000,1450000
2018-01-25 13:32:25.019000,1.23051,1.23041,1000000,1200000
2018-01-25 13:32:25.176000,1.23052,1.23048,1000000,1000000
2018-01-25 13:32:25.229000,1.23055,1.23048,1000000,1000000
2018-01-25 13:32:25.763000,1.23057,1.23045,2000000,1450000
2018-01-25 13:32:25.866000,1.23053,1.23044,1120000,1450000
2018-01-25 13:32:26.123000,1.23055,1.23043,3040000,1950000
2018-01-25 13:32:26.436000,1.2305,1.23042,1000000,1200000
2018-01-25 13:32:26.488000,1.23049,1.2304,1000000,1200000
2018-01-25 13:32:26.645000,1.23046,1.23037,1000000,1000000
2018-01-25 13:32:27.009000,1.23041,1.23031,1120000,1450000
2018-01-25 13:32:27.323000,1.23039,1.23031,1000000,1200000
2018-01-25 13:32:27.682000,1.23038,1.23026,1000000,1950000
2018-01-25 13:32:27.892000,1.23042,1.23033,2620000,1000000
2018-01-25 13:32:28.045000,1.23043,1.23032,1120000,1950000
2018-01-25 13:32:28.589000,1.23043,1.23033,1000000,1450000
2018-01-25 13:32:28.693000,1.23046,1.23039,1000000,1000000
2018-01-25 13:32:28.746000,1.23048,1.23039,1120000,1100000
2018-01-25 13:32:28.922000,1.23048,1.23043,1000000,1100000
2018-01-25 13:32:29.025000,1.2305,1.23043,1000000,1000000
2018-01-25 13:32:29.385000,1.23053,1.23042,1000000,1650000
2018-01-25 13:32:29.436000,1.23051,1.23042,1000000,1450000
2018-01-25 13:32:29.782000,1.23054,1.23047,1000000,1500000
2018-01-25 13:32:29.835000,1.23056,1.23048,1120000,1000000
2018-01-25 13:32:30.864000,1.23054,1.23042,1870000,2020000
2018-01-25 13:32:30.918000,1.23052,1.23041,1000000,1570000
2018-01-25 13:32:31.022000,1.23051,1.2304,1000000,1950000
2018-01-25 13:32:31.178000,1.23055,1.23045,1000000,1000000
2018-01-25 13:32:31.436000,1.23056,1.23048,1000000,1000000
2018-01-25 13:32:31.741000,1.23056,1.23047,1750000,1950000
2018-01-25 13:32:31.952000,1.23056,1.23048,1120000,1000000
2018-01-25 13:32:32.504000,1.23057,1.23047,1120000,1450000
2018-01-25 13:32:33.067000,1.23057,1.23047,1000000,1450000
2018-01-25 13:32:36.589000,1.23057,1.23047,1500000,1450000
2018-01-25 13:32:36.846000,1.23058,1.23048,1000000,1950000
2018-01-25 13:32:37.054000,1.23059,1.23049,1000000,1450000
2018-01-25 13:32:37.603000,1.23059,1.2305,1000000,1450000
2018-01-25 13:32:37.916000,1.23061,1.23051,1120000,1820000
2018-01-25 13:32:38.427000,1.23061,1.23052,1120000,1100000
2018-01-25 13:32:38.532000,1.23062,1.23056,1000000,1000000
2018-01-25 13:32:38.636000,1.23066,1.23058,1870000,1200000
2018-01-25 13:32:38.688000,1.23068,1.23059,1000000,1000000
2018-01-25 13:32:38.740000,1.23071,1.2306,1370000,1200000
2018-01-25 13:32:38.793000,1.23072,1.2306,1500000,1950000
2018-01-25 13:32:38.845000,1.23073,1.2306,1120000,2510000
2018-01-25 13:32:39.347000,1.23075,1.23063,2250000,1500000
2018-01-25 13:32:39.656000,1.23076,1.2307,1000000,1500000
2018-01-25 13:32:39.908000,1.23072,1.23061,3000000,4420000
2018-01-25 13:32:39.960000,1.23068,1.23062,1000000,1450000
2018-01-25 13:32:40.012000,1.2307,1.23061,1500000,1200000
2018-01-25 13:32:40.064000,1.23074,1.23062,1000000,1500000
2018-01-25 13:32:40.169000,1.23076,1.23062,1870000,1950000
2018-01-25 13:32:40.868000,1.23076,1.23067,1500000,1000000
2018-01-25 13:32:40.921000,1.23076,1.23062,1000000,1820000
2018-01-25 13:32:41.555000,1.23078,1.23063,2620000,1450000
2018-01-25 13:32:41.606000,1.23074,1.23065,1370000,1100000
2018-01-25 13:32:42.116000,1.23076,1.23066,1500000,1000000
2018-01-25 13:32:42.666000,1.23076,1.23066,1870000,1200000
2018-01-25 13:32:44.163000,1.23077,1.23066,1370000,1000000
2018-01-25 13:32:44.813000,1.23078,1.23065,1870000,1200000
2018-01-25 13:32:45.170000,1.23076,1.23065,1000000,1450000
2018-01-25 13:32:45.704000,1.23077,1.23064,1500000,1800000
2018-01-25 13:32:45.960000,1.23078,1.23065,1370000,1450000
2018-01-25 13:32:46.623000,1.23079,1.23066,5440000,1450000
2018-01-25 13:32:47.455000,1.23078,1.23066,2620000,1450000
2018-01-25 13:32:47.661000,1.23079,1.23065,1370000,2700000
2018-01-25 13:32:48.103000,1.23081,1.23073,1000000,1950000
2018-01-25 13:32:48.157000,1.23087,1.23074,2060000,2250000
2018-01-25 13:32:48.210000,1.23087,1.23075,2620000,1450000
2018-01-25 13:32:48.761000,1.23087,1.23075,1120000,1200000
2018-01-25 13:32:49.345000,1.23087,1.23075,2250000,1200000
2018-01-25 13:32:49.397000,1.23087,1.23075,1120000,1450000
2018-01-25 13:32:49.705000,1.2308,1.23075,1500000,1000000
2018-01-25 13:32:50.066000,1.23082,1.23072,2250000,1570000
2018-01-25 13:32:50.119000,1.2308,1.23072,2440000,1200000
2018-01-25 13:32:50.431000,1.2307,1.23063,1000000,1950000
2018-01-25 13:32:50.722000,1.23065,1.23056,1750000,1200000
2018-01-25 13:32:50.875000,1.23067,1.23056,1500000,1450000
2018-01-25 13:32:50.927000,1.23071,1.23058,5470000,1200000
2018-01-25 13:32:51.480000,1.23071,1.23056,1870000,3300000
2018-01-25 13:32:52.228000,1.23071,1.23057,1370000,1700000
2018-01-25 13:32:52.766000,1.23071,1.23057,1000000,1990000
2018-01-25 13:32:53.118000,1.23077,1.23064,1870000,1700000
2018-01-25 13:32:53.195000,1.2308,1.23064,1120000,1760000
2018-01-25 13:32:53.302000,1.23081,1.23066,1720000,2890000
2018-01-25 13:32:53.491000,1.23083,1.23066,4350000,1640000
2018-01-25 13:32:53.543000,1.23082,1.23066,1370000,2510000
2018-01-25 13:32:54.047000,1.23084,1.23068,1750000,1950000
2018-01-25 13:32:54.201000,1.23085,1.2307,1000000,1950000
2018-01-25 13:32:54.347000,1.23088,1.23074,3370000,1450000
2018-01-25 13:32:54.399000,1.23089,1.23075,1500000,1450000
2018-01-25 13:32:54.450000,1.23094,1.23079,1870000,1050000
2018-01-25 13:32:54.552000,1.23098,1.23082,3000000,1000000
2018-01-25 13:32:54.706000,1.23101,1.23088,2250000,1000000
2018-01-25 13:32:54.757000,1.23101,1.2309,1870000,1000000
2018-01-25 13:32:55.160000,1.231,1.23086,1000000,1950000
2018-01-25 13:32:55.263000,1.231,1.23086,1500000,1450000
2018-01-25 13:32:55.741000,1.23099,1.23084,1500000,2320000
2018-01-25 13:32:55.945000,1.23095,1.23082,1870000,1820000
2018-01-25 13:32:55.997000,1.23094,1.2308,1500000,2320000
2018-01-25 13:32:56.344000,1.23088,1.23078,1000000,1450000
2018-01-25 13:32:56.753000,1.23088,1.23077,4870000,1450000
2018-01-25 13:32:56.958000,1.23087,1.23076,1120000,1450000
2018-01-25 13:32:57.303000,1.23086,1.23076,1120000,1450000
2018-01-25 13:32:57.355000,1.23086,1.23077,1000000,1200000
2018-01-25 13:32:57.515000,1.23091,1.2308,2620000,1120000
2018-01-25 13:32:57.699000,1.23091,1.23078,1000000,3450000
2018-01-25 13:32:58.013000,1.23091,1.23078,1870000,1950000
2018-01-25 13:32:58.539000,1.23091,1.23085,1120000,1120000
2018-01-25 13:32:58.592000,1.23101,1.23089,1000000,1950000
2018-01-25 13:32:58.661000,1.23103,1.2309,1120000,1200000
2018-01-25 13:32:58.713000,1.23102,1.2309,1000000,3070000
2018-01-25 13:32:59.040000,1.23106,1.23094,3750000,1000000
2018-01-25 13:32:59.093000,1.23104,1.23092,1120000,1450000
2018-01-25 13:32:59.196000,1.23101,1.23089,1000000,1450000
2018-01-25 13:32:59.248000,1.231,1.23087,1120000,1570000
2018-01-25 13:32:59.544000,1.23096,1.23082,1370000,2320000
2018-01-25 13:32:59.600000,1.23095,1.23081,2440000,3450000
2018-01-25 13:32:59.656000,1.23096,1.23083,1500000,1450000
2018-01-25 13:32:59.762000,1.23094,1.2308,1870000,1450000
2018-01-25 13:32:59.867000,1.23097,1.23089,2100000,1000000
2018-01-25 13:32:59.922000,1.231,1.23086,1500000,1570000
2018-01-25 13:33:00.027000,1.23099,1.23086,2620000,1200000
2018-01-25 13:33:00.339000,1.23107,1.23093,1120000,1370000
2018-01-25 13:33:00.390000,1.23103,1.2309,3000000,1100000
2018-01-25 13:33:00.736000,1.23098,1.23088,1500000,1000000
2018-01-25 13:33:00.788000,1.23102,1.23089,1000000,1000000
2018-01-25 13:33:00.946000,1.231,1.23087,1000000,1450000
2018-01-25 13:33:01.543000,1.23098,1.23085,1000000,1450000
2018-01-25 13:33:01.752000,1.23095,1.23081,1500000,1820000
2018-01-25 13:33:01.804000,1.23094,1.23078,1870000,1950000
2018-01-25 13:33:01.856000,1.23084,1.23077,1000000,1100000
2018-01-25 13:33:02.205000,1.23091,1.23083,1000000,1200000
2018-01-25 13:33:02.257000,1.23094,1.23079,1000000,2320000
2018-01-25 13:33:02.309000,1.23096,1.23082,1000000,2440000
2018-01-25 13:33:02.413000,1.231,1.23082,1000000,4200000
2018-01-25 13:33:02.464000,1.23097,1.23082,1120000,2320000
2018-01-25 13:33:02.776000,1.23103,1.2309,1120000,1450000
2018-01-25 13:33:02.827000,1.23107,1.23091,3750000,1450000
2018-01-25 13:33:02.878000,1.23107,1.23094,1500000,1470000
2018-01-25 13:33:03.035000,1.23119,1.23104,1500000,3070000
2018-01-25 13:33:03.500000,1.23121,1.23106,1120000,1200000
2018-01-25 13:33:03.553000,1.23122,1.23106,1940000,1200000
2018-01-25 13:33:04.099000,1.23121,1.23104,2250000,1950000
2018-01-25 13:33:04.262000,1.2312,1.23104,1750000,1450000
2018-01-25 13:33:04.364000,1.23118,1.23102,3750000,2320000
2018-01-25 13:33:04.538000,1.23114,1.23101,1870000,1100000
2018-01-25 13:33:04.590000,1.23111,1.23099,1000000,1570000
2018-01-25 13:33:04.900000,1.23108,1.23096,1000000,1820000
2018-01-25 13:33:05.085000,1.23106,1.23093,1750000,1200000
2018-01-25 13:33:05.362000,1.23106,1.23089,1870000,3370000
2018-01-25 13:33:05.566000,1.23106,1.23091,1750000,1000000
2018-01-25 13:33:05.618000,1.23105,1.23094,1120000,1070000
2018-01-25 13:33:05.851000,1.2311,1.23097,1000000,1100000
2018-01-25 13:33:06.261000,1.23113,1.23098,1750000,1500000
2018-01-25 13:33:06.587000,1.23117,1.23103,1750000,1000000
2018-01-25 13:33:06.639000,1.23118,1.23105,4570000,1370000
2018-01-25 13:33:06.898000,1.23121,1.23105,3370000,1950000
2018-01-25 13:33:07.002000,1.2312,1.23105,1370000,4390000
2018-01-25 13:33:07.509000,1.23119,1.23107,1500000,1000000
2018-01-25 13:33:08.076000,1.23118,1.23106,1000000,1120000
2018-01-25 13:33:08.385000,1.23119,1.23109,1120000,1120000
2018-01-25 13:33:08.437000,1.23126,1.23115,1000000,1000000
2018-01-25 13:33:08.542000,1.2313,1.23118,1120000,1000000
2018-01-25 13:33:08.597000,1.23131,1.23119,1500000,2250000
2018-01-25 13:33:08.937000,1.23136,1.23121,1250000,1370000
2018-01-25 13:33:09.397000,1.23138,1.23122,1870000,3070000
2018-01-25 13:33:09.890000,1.23136,1.23122,1000000,1120000
2018-01-25 13:33:10.198000,1.23138,1.23122,1870000,1950000
2018-01-25 13:33:10.742000,1.23138,1.23121,4310000,3820000
2018-01-25 13:33:11.051000,1.23137,1.23122,2060000,1000000
2018-01-25 13:33:11.596000,1.23138,1.23123,2440000,1000000
2018-01-25 13:33:12.307000,1.23133,1.23121,1000000,1070000
2018-01-25 13:33:12.417000,1.23131,1.23118,3000000,1500000
2018-01-25 13:33:12.521000,1.23133,1.23121,1000000,1000000
2018-01-25 13:33:12.677000,1.23138,1.23123,4120000,1000000
2018-01-25 13:33:12.886000,1.23139,1.23128,1000000,3370000
2018-01-25 13:33:13.511000,1.23138,1.23128,1000000,4870000
2018-01-25 13:33:14.071000,1.23139,1.2313,1000000,1000000
2018-01-25 13:33:14.225000,1.23135,1.23125,2060000,1000000
2018-01-25 13:33:14.277000,1.23135,1.23121,2060000,4500000
2018-01-25 13:33:14.702000,1.23134,1.23121,1000000,1120000
2018-01-25 13:33:14.807000,1.23132,1.23121,1000000,1120000
2018-01-25 13:33:15.014000,1.23134,1.23121,1200000,1500000
2018-01-25 13:33:15.068000,1.23139,1.23127,1950000,2250000
2018-01-25 13:33:15.172000,1.2314,1.23128,1000000,5440000
2018-01-25 13:33:15.338000,1.23143,1.23128,1310000,2870000
2018-01-25 13:33:15.393000,1.23145,1.23129,2250000,1870000
2018-01-25 13:33:15.698000,1.23143,1.2313,1120000,3370000
2018-01-25 13:33:16.294000,1.23143,1.2313,1000000,4310000
2018-01-25 13:33:16.451000,1.23144,1.2313,1120000,1500000
2018-01-25 13:33:16.503000,1.23144,1.23131,1500000,2620000
2018-01-25 13:33:16.555000,1.23145,1.23132,2250000,2250000
2018-01-25 13:33:16.927000,1.23143,1.23131,1500000,1000000
2018-01-25 13:33:16.982000,1.23143,1.2313,1120000,2250000
2018-01-25 13:33:17.242000,1.23143,1.2313,1120000,2250000
2018-01-25 13:33:17.294000,1.23138,1.23127,1500000,1950000
2018-01-25 13:33:17.438000,1.23137,1.23126,1500000,1100000
2018-01-25 13:33:17.490000,1.23135,1.23123,1120000,1000000
2018-01-25 13:33:17.800000,1.23133,1.23121,1000000,1000000
2018-01-25 13:33:18.313000,1.23132,1.2312,1120000,1870000
2018-01-25 13:33:18.733000,1.23126,1.23115,1120000,1370000
2018-01-25 13:33:18.786000,1.23134,1.23123,1500000,1370000
2018-01-25 13:33:18.838000,1.23135,1.23122,1000000,1120000
2018-01-25 13:33:18.942000,1.23136,1.23122,3560000,1370000
2018-01-25 13:33:19.478000,1.23136,1.23121,2810000,1870000
2018-01-25 13:33:19.990000,1.23135,1.23121,1370000,1870000
2018-01-25 13:33:20.345000,1.23135,1.23123,1500000,1500000
2018-01-25 13:33:20.902000,1.23136,1.23123,1750000,1500000
2018-01-25 13:33:21.433000,1.23136,1.23122,3560000,1120000
2018-01-25 13:33:21.738000,1.2313,1.23121,1500000,1120000
2018-01-25 13:33:22.229000,1.23126,1.23117,1000000,1000000
2018-01-25 13:33:22.286000,1.23124,1.23113,1690000,1100000
2018-01-25 13:33:22.754000,1.23123,1.2311,1190000,1370000
2018-01-25 13:33:23.393000,1.23122,1.2311,1690000,3000000
2018-01-25 13:33:23.949000,1.23122,1.23109,1690000,3070000
2018-01-25 13:33:24.468000,1.23121,1.23109,1190000,5060000
2018-01-25 13:33:24.622000,1.23122,1.2311,1000000,1500000
2018-01-25 13:33:25.006000,1.23126,1.23111,1120000,1100000
2018-01-25 13:33:25.110000,1.23123,1.23111,1250000,2620000
2018-01-25 13:33:25.426000,1.23131,1.23116,1750000,4870000
2018-01-25 13:33:25.962000,1.23129,1.23119,1000000,1000000
2018-01-25 13:33:26.481000,1.2313,1.23119,1250000,1000000
2018-01-25 13:33:27.502000,1.2313,1.23118,1000000,1120000
2018-01-25 13:33:27.659000,1.23132,1.2312,1000000,1500000
2018-01-25 13:33:27.816000,1.23134,1.23121,1000000,1000000
2018-01-25 13:33:28.371000,1.23135,1.23121,1310000,1000000
2018-01-25 13:33:28.502000,1.23134,1.2312,2620000,1200000
2018-01-25 13:33:29.046000,1.23136,1.2312,4870000,2700000
2018-01-25 13:33:29.580000,1.23136,1.2312,1750000,1870000
2018-01-25 13:33:29.889000,1.23137,1.23123,1750000,1750000
2018-01-25 13:33:29.992000,1.23139,1.23128,1370000,1000000
2018-01-25 13:33:30.576000,1.23142,1.23128,3560000,1000000
2018-01-25 13:33:30.776000,1.23142,1.23129,1120000,1600000
2018-01-25 13:33:31.299000,1.23145,1.2313,1310000,3220000
2018-01-25 13:33:32.022000,1.23147,1.23133,2890000,1000000
2018-01-25 13:33:32.075000,1.23147,1.23136,1500000,1000000
2018-01-25 13:33:32.185000,1.23149,1.23138,2250000,3000000
2018-01-25 13:33:32.302000,1.23155,1.23142,3000000,1500000
2018-01-25 13:33:32.359000,1.23153,1.2314,1120000,1200000
2018-01-25 13:33:32.574000,1.23152,1.2314,1500000,1500000
2018-01-25 13:33:32.845000,1.23153,1.23139,1870000,1000000
2018-01-25 13:33:33.257000,1.23151,1.23137,3000000,2890000
2018-01-25 13:33:33.579000,1.23153,1.2314,2250000,4120000
2018-01-25 13:33:34.097000,1.23151,1.2314,1000000,1000000
2018-01-25 13:33:34.263000,1.23152,1.23138,1500000,1000000
2018-01-25 13:33:35.326000,1.23152,1.23137,3190000,3750000
2018-01-25 13:33:35.397000,1.23149,1.23136,1120000,1100000
2018-01-25 13:33:35.655000,1.23149,1.23139,1000000,1000000
2018-01-25 13:33:35.925000,1.23151,1.23138,1120000,1500000
2018-01-25 13:33:35.979000,1.23152,1.2314,3000000,1000000
2018-01-25 13:33:36.560000,1.23152,1.2314,2440000,1000000
2018-01-25 13:33:37.078000,1.23151,1.2314,1870000,1000000
2018-01-25 13:33:37.590000,1.23153,1.23141,3750000,1000000
2018-01-25 13:33:37.642000,1.23152,1.23141,1870000,1000000
2018-01-25 13:33:37.985000,1.23159,1.23149,3000000,1000000
2018-01-25 13:33:38.090000,1.23158,1.23144,1120000,1500000
2018-01-25 13:33:39.405000,1.23157,1.23143,1690000,1500000
2018-01-25 13:33:39.464000,1.23153,1.23141,1500000,1950000
2018-01-25 13:33:39.695000,1.23153,1.2314,1750000,1000000
2018-01-25 13:33:40.216000,1.23151,1.23138,1370000,3370000
2018-01-25 13:33:40.699000,1.23148,1.23136,1120000,3000000
2018-01-25 13:33:40.751000,1.23145,1.23135,2620000,3000000
2018-01-25 13:33:40.914000,1.23142,1.2313,1000000,1120000
2018-01-25 13:33:40.968000,1.23142,1.23126,1870000,3000000
2018-01-25 13:33:41.123000,1.23142,1.23125,2250000,3820000
2018-01-25 13:33:41.329000,1.23135,1.23122,1000000,2700000
2018-01-25 13:33:41.386000,1.23135,1.23122,1000000,1000000
2018-01-25 13:33:41.937000,1.23135,1.23121,1500000,1350000
2018-01-25 13:33:42.448000,1.23135,1.2312,1500000,4350000
2018-01-25 13:33:42.500000,1.23134,1.2312,1000000,2100000
2018-01-25 13:33:42.707000,1.23132,1.2312,1120000,1000000
2018-01-25 13:33:42.962000,1.23129,1.23116,1120000,1500000
2018-01-25 13:33:43.431000,1.23128,1.23116,3000000,1000000
2018-01-25 13:33:43.483000,1.23127,1.23113,1500000,1050000
2018-01-25 13:33:44.005000,1.23127,1.23114,1500000,1000000
2018-01-25 13:33:44.393000,1.23129,1.23117,1500000,1000000
2018-01-25 13:33:44.698000,1.2313,1.2312,2250000,1000000
2018-01-25 13:33:44.993000,1.2312,1.23107,1120000,3000000
2018-01-25 13:33:45.045000,1.23118,1.23103,4120000,2550000
2018-01-25 13:33:45.099000,1.23115,1.23102,1750000,1500000
2018-01-25 13:33:45.151000,1.23112,1.23099,1870000,1500000
2018-01-25 13:33:45.203000,1.23111,1.23099,1500000,1500000
2018-01-25 13:33:45.254000,1.23111,1.23096,4870000,1100000
2018-01-25 13:33:45.835000,1.23109,1.23095,1370000,2850000
2018-01-25 13:33:45.887000,1.23112,1.231,1100000,3600000
2018-01-25 13:33:46.220000,1.23116,1.23103,1000000,1000000
2018-01-25 13:33:46.793000,1.23116,1.23103,1120000,1600000
2018-01-25 13:33:47.316000,1.23117,1.23104,1870000,2250000
2018-01-25 13:33:47.757000,1.23116,1.23106,1120000,1000000
2018-01-25 13:33:48.064000,1.23124,1.23114,1000000,1500000
2018-01-25 13:33:48.518000,1.23125,1.23111,1000000,1120000
2018-01-25 13:33:48.626000,1.23121,1.2311,1000000,3370000
2018-01-25 13:33:48.831000,1.23123,1.2311,1000000,1500000
2018-01-25 13:33:49.376000,1.23124,1.23109,2620000,4120000
2018-01-25 13:33:49.925000,1.23124,1.23111,1000000,1370000
2018-01-25 13:33:50.437000,1.23124,1.23112,1000000,2100000
2018-01-25 13:33:50.921000,1.23126,1.23114,1000000,3220000
2018-01-25 13:33:51.328000,1.23125,1.23114,1000000,1720000
2018-01-25 13:33:51.895000,1.23124,1.23113,1500000,1350000
2018-01-25 13:33:52.202000,1.23124,1.23114,1000000,2850000
2018-01-25 13:33:52.764000,1.23124,1.23114,1000000,2100000
2018-01-25 13:33:54.573000,1.23124,1.23115,1000000,2100000
2018-01-25 13:33:54.682000,1.23126,1.23115,1000000,1350000
2018-01-25 13:33:54.787000,1.23131,1.23121,1070000,3190000
2018-01-25 13:33:54.944000,1.23135,1.23127,1000000,1500000
2018-01-25 13:33:55.151000,1.23144,1.2313,1650000,2250000
2018-01-25 13:33:55.693000,1.23145,1.2313,1120000,3750000
2018-01-25 13:33:55.745000,1.23146,1.23133,2620000,4120000
2018-01-25 13:33:55.847000,1.23151,1.23135,2100000,2250000
2018-01-25 13:33:55.950000,1.23152,1.23141,1500000,1370000
2018-01-25 13:33:56.001000,1.23155,1.23143,1120000,1000000
2018-01-25 13:33:56.103000,1.23158,1.23143,1500000,1500000
2018-01-25 13:33:56.155000,1.23158,1.23145,2250000,2250000
2018-01-25 13:33:56.357000,1.23161,1.23145,3000000,1950000
2018-01-25 13:33:56.408000,1.2316,1.23145,1870000,3070000
2018-01-25 13:33:56.817000,1.23161,1.23147,1650000,2250000
2018-01-25 13:33:57.001000,1.23167,1.23152,1000000,1000000
2018-01-25 13:33:57.057000,1.23169,1.23157,1000000,1120000
2018-01-25 13:33:57.109000,1.23171,1.23157,1750000,1000000
2018-01-25 13:33:57.263000,1.23172,1.23157,4500000,1870000
2018-01-25 13:33:57.503000,1.23165,1.2315,1370000,4870000
2018-01-25 13:33:57.605000,1.23166,1.23151,1500000,1820000
2018-01-25 13:33:57.758000,1.23159,1.23146,1870000,1950000
2018-01-25 13:33:57.810000,1.23152,1.23143,1000000,1120000
2018-01-25 13:33:57.863000,1.23152,1.23142,1000000,1570000
2018-01-25 13:33:58.012000,1.23155,1.23143,1000000,1120000
2018-01-25 13:33:58.281000,1.23158,1.23142,1500000,4120000
2018-01-25 13:33:58.828000,1.23158,1.23143,1120000,1120000
2018-01-25 13:33:59.097000,1.23158,1.23144,1120000,1370000
2018-01-25 13:33:59.440000,1.23158,1.23144,1120000,1120000
2018-01-25 13:33:59.898000,1.23158,1.23144,1120000,1120000
2018-01-25 13:34:00.287000,1.23158,1.23143,1120000,6070000
2018-01-25 13:34:01.178000,1.23158,1.23145,1120000,2620000
2018-01-25 13:34:01.484000,1.23165,1.23149,2060000,2660000
2018-01-25 13:34:01.997000,1.23165,1.23149,3000000,2250000
2018-01-25 13:34:02.048000,1.23164,1.23149,1120000,1000000
2018-01-25 13:34:02.564000,1.23163,1.23147,1500000,4950000
2018-01-25 13:34:02.667000,1.23159,1.23146,1120000,1570000
2018-01-25 13:34:02.721000,1.23159,1.23145,1120000,1100000
2018-01-25 13:34:03.238000,1.23159,1.23143,2250000,1870000
2018-01-25 13:34:03.495000,1.23162,1.23148,3750000,1370000
2018-01-25 13:34:03.737000,1.23164,1.23148,3000000,6750000
2018-01-25 13:34:04.068000,1.23164,1.23148,2060000,1350000
2018-01-25 13:34:04.564000,1.23163,1.23148,1370000,1350000
2018-01-25 13:34:04.790000,1.2316,1.23144,1500000,1350000
2018-01-25 13:34:05.235000,1.23157,1.23143,2250000,1950000
2018-01-25 13:34:05.287000,1.23157,1.23142,2250000,1000000
2018-01-25 13:34:05.610000,1.23156,1.2314,2250000,1500000
2018-01-25 13:34:05.662000,1.23155,1.23141,2620000,1000000
2018-01-25 13:34:05.830000,1.23157,1.23144,1100000,1000000
2018-01-25 13:34:06.240000,1.2316,1.23146,1370000,1000000
2018-01-25 13:34:06.747000,1.2316,1.23147,1500000,1000000
2018-01-25 13:34:07.478000,1.23161,1.23146,1500000,1500000
2018-01-25 13:34:07.812000,1.23157,1.23144,3370000,1000000
2018-01-25 13:34:07.918000,1.23156,1.23141,2620000,1000000
2018-01-25 13:34:08.530000,1.23155,1.2314,1000000,1120000
2018-01-25 13:34:08.900000,1.23154,1.2314,1500000,1500000
2018-01-25 13:34:09.432000,1.23153,1.23139,1000000,3370000
2018-01-25 13:34:09.774000,1.23155,1.2314,1870000,1000000
2018-01-25 13:34:09.892000,1.23154,1.2314,2620000,1000000
2018-01-25 13:34:10.046000,1.23154,1.23141,1120000,2250000
2018-01-25 13:34:10.098000,1.23157,1.23141,2700000,2620000
2018-01-25 13:34:10.150000,1.23159,1.23146,1870000,2250000
2018-01-25 13:34:10.455000,1.23161,1.23147,1120000,1120000
2018-01-25 13:34:10.919000,1.23162,1.23148,1000000,2100000
2018-01-25 13:34:11.249000,1.2317,1.23155,1950000,1500000
2018-01-25 13:34:11.301000,1.2317,1.23156,1000000,1000000
2018-01-25 13:34:11.460000,1.2317,1.23154,7500000,2250000
2018-01-25 13:34:11.796000,1.23166,1.23152,1000000,1500000
2018-01-25 13:34:12.104000,1.23174,1.2316,1070000,1000000
2018-01-25 13:34:12.449000,1.23171,1.23156,1500000,1000000
2018-01-25 13:34:12.985000,1.23167,1.23153,1500000,1200000
2018-01-25 13:34:13.192000,1.23169,1.23155,1000000,1500000
2018-01-25 13:34:13.296000,1.23169,1.23157,1500000,1000000
2018-01-25 13:34:13.444000,1.2317,1.23155,1870000,1000000
2018-01-25 13:34:13.538000,1.23166,1.23155,2620000,1000000
2018-01-25 13:34:13.595000,1.23165,1.23151,1000000,1000000
2018-01-25 13:34:13.753000,1.23164,1.23149,1370000,1500000
2018-01-25 13:34:14.102000,1.23158,1.23142,1120000,1100000
2018-01-25 13:34:14.153000,1.23158,1.23142,1750000,1000000
2018-01-25 13:34:14.505000,1.23148,1.23138,1120000,1950000
2018-01-25 13:34:14.717000,1.23142,1.23129,3000000,1000000
2018-01-25 13:34:14.769000,1.23136,1.23129,3370000,1000000
2018-01-25 13:34:14.820000,1.23137,1.23126,3000000,1500000
2018-01-25 13:34:14.872000,1.23138,1.23126,3000000,1000000
2018-01-25 13:34:15.026000,1.23138,1.23125,1870000,1000000
2018-01-25 13:34:15.077000,1.2314,1.23125,1870000,1500000
2018-01-25 13:34:15.179000,1.23139,1.23125,1750000,1500000
2018-01-25 13:34:15.534000,1.23142,1.23126,1370000,1500000
2018-01-25 13:34:15.586000,1.23143,1.23131,1750000,1500000
2018-01-25 13:34:15.637000,1.23144,1.23131,1370000,1000000
2018-01-25 13:34:15.688000,1.23144,1.23131,1500000,3250000
2018-01-25 13:34:16.045000,1.23145,1.23131,1000000,4370000
2018-01-25 13:34:16.097000,1.23145,1.23131,1000000,5250000
2018-01-25 13:34:16.200000,1.23142,1.2313,1120000,1000000
2018-01-25 13:34:16.252000,1.23141,1.23126,2620000,1870000
2018-01-25 13:34:16.304000,1.23138,1.23125,1000000,1500000
2018-01-25 13:34:16.657000,1.23138,1.23125,2250000,1870000
2018-01-25 13:34:16.994000,1.23129,1.23113,1750000,1000000
2018-01-25 13:34:17.299000,1.23127,1.23112,1950000,1000000
2018-01-25 13:34:17.412000,1.23131,1.23115,1750000,2620000
2018-01-25 13:34:17.518000,1.23127,1.23115,1470000,2620000
2018-01-25 13:34:17.788000,1.23128,1.23114,1870000,1000000
2018-01-25 13:34:18.100000,1.23127,1.23111,2620000,1120000
2018-01-25 13:34:18.205000,1.23128,1.23111,7120000,1500000
2018-01-25 13:34:18.510000,1.23121,1.2311,1750000,1000000
2018-01-25 13:34:18.619000,1.2312,1.23107,1750000,2250000
2018-01-25 13:34:18.673000,1.2312,1.23109,1750000,1000000
2018-01-25 13:34:18.844000,1.23121,1.23109,1000000,1500000
2018-01-25 13:34:18.903000,1.23119,1.23109,1000000,1500000
2018-01-25 13:34:18.955000,1.23119,1.23106,1000000,3000000
2018-01-25 13:34:19.059000,1.23116,1.23105,1000000,5620000
2018-01-25 13:34:19.396000,1.2312,1.2311,1500000,1000000
2018-01-25 13:34:19.504000,1.23124,1.2311,1000000,2250000
2018-01-25 13:34:19.608000,1.23121,1.23107,1000000,1120000
2018-01-25 13:34:19.915000,1.23114,1.231,1000000,1000000
2018-01-25 13:34:20.259000,1.23111,1.23101,1000000,1000000
2018-01-25 13:34:20.378000,1.2311,1.23099,1000000,1000000
2018-01-25 13:34:20.621000,1.23108,1.23096,1000000,1870000
2018-01-25 13:34:20.673000,1.23111,1.231,1000000,1500000
2018-01-25 13:34:21.009000,1.2312,1.2311,1000000,1000000
2018-01-25 13:34:21.062000,1.23123,1.2311,1100000,1000000
2018-01-25 13:34:21.116000,1.23125,1.23108,2700000,1500000
2018-01-25 13:34:21.178000,1.23122,1.23108,1450000,1000000
2018-01-25 13:34:21.243000,1.23119,1.23104,1500000,1000000
2018-01-25 13:34:21.500000,1.23117,1.23102,1000000,1000000
2018-01-25 13:34:21.755000,1.23111,1.23095,1000000,1120000
2018-01-25 13:34:21.997000,1.23111,1.23107,1000000,1000000
2018-01-25 13:34:22.049000,1.23117,1.23108,1000000,1000000
2018-01-25 13:34:22.155000,1.23118,1.23105,1120000,1000000
2018-01-25 13:34:22.206000,1.23117,1.23104,1870000,1000000
2018-01-25 13:34:22.308000,1.23112,1.23098,1000000,1000000
2018-01-25 13:34:22.516000,1.23111,1.23095,1000000,1100000
2018-01-25 13:34:22.886000,1.23112,1.23097,1100000,1000000
2018-01-25 13:34:23.236000,1.23117,1.23105,1500000,1000000
2018-01-25 13:34:23.391000,1.23121,1.23106,1950000,1050000
2018-01-25 13:34:23.569000,1.23122,1.23109,1950000,1000000
2018-01-25 13:34:23.930000,1.23121,1.23105,1870000,1720000
2018-01-25 13:34:24.117000,1.23117,1.23103,1500000,1100000
2018-01-25 13:34:24.272000,1.23116,1.231,1000000,2250000
2018-01-25 13:34:24.324000,1.23107,1.23098,1500000,1570000
2018-01-25 13:34:24.376000,1.23111,1.23097,3000000,1000000
2018-01-25 13:34:24.480000,1.23114,1.23099,2250000,1370000
2018-01-25 13:34:24.675000,1.23116,1.23102,1120000,1000000
2018-01-25 13:34:24.932000,1.2312,1.23102,3450000,1870000
2018-01-25 13:34:25.058000,1.2312,1.23107,1570000,1000000
2018-01-25 13:34:25.111000,1.23124,1.23108,2620000,1370000
2018-01-25 13:34:25.162000,1.23124,1.2311,1000000,1000000
2018-01-25 13:34:25.424000,1.23127,1.23109,1200000,3000000
2018-01-25 13:34:25.566000,1.23124,1.23111,1000000,1870000
2018-01-25 13:34:25.618000,1.23126,1.2311,4010000,1500000
2018-01-25 13:34:25.670000,1.23119,1.23109,1000000,1000000
2018-01-25 13:34:25.722000,1.23118,1.23104,1000000,1250000
2018-01-25 13:34:25.774000,1.23117,1.23102,1000000,1690000
2018-01-25 13:34:25.878000,1.23117,1.23105,1000000,1000000
2018-01-25 13:34:25.930000,1.23119,1.23105,1000000,1870000
2018-01-25 13:34:26.065000,1.23123,1.23111,1870000,1000000
2018-01-25 13:34:26.134000,1.23127,1.23112,1070000,1120000
2018-01-25 13:34:26.238000,1.23125,1.23114,1000000,1000000
2018-01-25 13:34:26.290000,1.23126,1.23112,1000000,1000000
2018-01-25 13:34:26.342000,1.23125,1.2311,2250000,1500000
2018-01-25 13:34:26.533000,1.23121,1.23108,1000000,1000000
2018-01-25 13:34:26.584000,1.23121,1.23102,2620000,2320000
2018-01-25 13:34:26.791000,1.23119,1.23105,1000000,1000000
2018-01-25 13:34:26.842000,1.2312,1.23103,1120000,1100000
2018-01-25 13:34:27.156000,1.2312,1.23105,1000000,1000000
2018-01-25 13:34:27.465000,1.23123,1.23107,1000000,1350000
2018-01-25 13:34:27.619000,1.2312,1.23103,1120000,2890000
2018-01-25 13:34:28.160000,1.23119,1.23104,1000000,1000000
2018-01-25 13:34:28.212000,1.23121,1.23104,2250000,1370000
2018-01-25 13:34:28.369000,1.23122,1.23109,1570000,2250000
2018-01-25 13:34:28.770000,1.23125,1.2311,1950000,1250000
2018-01-25 13:34:29.358000,1.23125,1.23111,1950000,1250000
2018-01-25 13:34:29.410000,1.23119,1.23104,1000000,1250000
2018-01-25 13:34:29.616000,1.2312,1.23101,1120000,6070000
2018-01-25 13:34:29.934000,1.23118,1.23107,1000000,1000000
2018-01-25 13:34:30.189000,1.2312,1.23106,1500000,1000000
2018-01-25 13:34:30.342000,1.23118,1.23105,1000000,1000000
2018-01-25 13:34:30.859000,1.23117,1.23105,1500000,1250000
2018-01-25 13:34:30.963000,1.23116,1.23103,2250000,1250000
2018-01-25 13:34:31.157000,1.23116,1.23106,1000000,2250000
2018-01-25 13:34:31.223000,1.23118,1.23106,1500000,1500000
2018-01-25 13:34:31.380000,1.23116,1.23104,1000000,2250000
2018-01-25 13:34:31.484000,1.23115,1.23101,1000000,2250000
2018-01-25 13:34:31.735000,1.23111,1.23098,1870000,1000000
2018-01-25 13:34:31.890000,1.23112,1.23096,2620000,1200000
2018-01-25 13:34:32.365000,1.23104,1.23092,1000000,3000000
2018-01-25 13:34:32.418000,1.23107,1.23093,1000000,3750000
2018-01-25 13:34:32.470000,1.23107,1.23096,1000000,1500000
2018-01-25 13:34:32.522000,1.23109,1.23096,1000000,1500000
2018-01-25 13:34:33.032000,1.2311,1.23095,1870000,1500000
2018-01-25 13:34:33.364000,1.23106,1.23093,1000000,2700000
2018-01-25 13:34:33.676000,1.2311,1.23096,1000000,1500000
2018-01-25 13:34:33.781000,1.23111,1.23099,1120000,1000000
2018-01-25 13:34:34.148000,1.23109,1.23098,1000000,1500000
2018-01-25 13:34:34.403000,1.23109,1.23095,1000000,1000000
2018-01-25 13:34:34.756000,1.23108,1.23096,1000000,2100000
2018-01-25 13:34:34.807000,1.2311,1.23095,1120000,2250000
2018-01-25 13:34:34.910000,1.23112,1.23099,2320000,1000000
2018-01-25 13:34:35.192000,1.23116,1.23102,2250000,1500000
2018-01-25 13:34:35.298000,1.23114,1.23099,1000000,4500000
2018-01-25 13:34:35.657000,1.23117,1.23102,2250000,1120000
2018-01-25 13:34:35.759000,1.23113,1.231,1000000,1100000
2018-01-25 13:34:35.810000,1.23113,1.23098,1370000,3370000
2018-01-25 13:34:35.861000,1.23107,1.23097,1000000,1950000
2018-01-25 13:34:35.964000,1.23107,1.23094,1120000,2440000
2018-01-25 13:34:36.015000,1.23107,1.23093,1000000,4690000
2018-01-25 13:34:36.122000,1.2311,1.23094,1100000,1190000
2018-01-25 13:34:36.226000,1.2311,1.23099,1000000,1000000
2018-01-25 13:34:36.332000,1.23111,1.23097,1120000,1000000
2018-01-25 13:34:36.385000,1.23109,1.23094,1000000,1000000
2018-01-25 13:34:36.747000,1.23106,1.23093,1120000,1870000
2018-01-25 13:34:36.851000,1.23108,1.23093,1870000,1000000
2018-01-25 13:34:37.437000,1.23107,1.23092,1000000,1870000
2018-01-25 13:34:37.623000,1.23105,1.23094,1000000,1000000
2018-01-25 13:34:37.935000,1.231,1.23089,1000000,1000000
2018-01-25 13:34:38.251000,1.23109,1.23095,1120000,2250000
2018-01-25 13:34:38.302000,1.23106,1.23095,1000000,2250000
2018-01-25 13:34:38.405000,1.23109,1.23095,1000000,1000000
2018-01-25 13:34:38.571000,1.2311,1.23097,1470000,1000000
2018-01-25 13:34:38.624000,1.2311,1.23095,1120000,4870000
2018-01-25 13:34:38.678000,1.23111,1.23098,2620000,1000000
2018-01-25 13:34:38.846000,1.23111,1.23095,4120000,1120000
2018-01-25 13:34:39.024000,1.2311,1.23097,1370000,1000000
2018-01-25 13:34:39.181000,1.23109,1.23095,1500000,1000000
2018-01-25 13:34:39.598000,1.2311,1.23097,1000000,1000000
2018-01-25 13:34:39.925000,1.23113,1.23102,2250000,1000000
2018-01-25 13:34:40.131000,1.23113,1.231,2250000,1000000
2018-01-25 13:34:40.182000,1.23111,1.23097,2250000,1000000
2018-01-25 13:34:40.234000,1.2311,1.23096,3000000,1120000
2018-01-25 13:34:40.546000,1.23115,1.231,2620000,1500000
2018-01-25 13:34:40.650000,1.23112,1.231,1750000,1500000
2018-01-25 13:34:40.752000,1.23111,1.23098,1750000,1500000
2018-01-25 13:34:40.803000,1.23111,1.23095,1370000,1000000
2018-01-25 13:34:40.906000,1.23113,1.231,2250000,1500000
2018-01-25 13:34:41.245000,1.23115,1.23103,1000000,1000000
2018-01-25 13:34:41.403000,1.23114,1.23101,1000000,1000000
2018-01-25 13:34:41.935000,1.23116,1.23108,1120000,1000000
2018-01-25 13:34:42.043000,1.23116,1.23105,1120000,1500000
2018-01-25 13:34:42.095000,1.23115,1.23102,1000000,1500000
2018-01-25 13:34:42.146000,1.23117,1.23102,1200000,1000000
2018-01-25 13:34:42.673000,1.23118,1.23103,1870000,2250000
2018-01-25 13:34:42.724000,1.23116,1.23103,1000000,2250000
2018-01-25 13:34:42.931000,1.23126,1.23112,2250000,1000000
2018-01-25 13:34:42.985000,1.23126,1.23115,1000000,1500000
2018-01-25 13:34:43.037000,1.23129,1.23116,2250000,1000000
2018-01-25 13:34:43.217000,1.23125,1.23117,1000000,1000000
2018-01-25 13:34:43.268000,1.23128,1.23116,1000000,2620000
2018-01-25 13:34:43.321000,1.23132,1.23121,2320000,1000000
2018-01-25 13:34:43.372000,1.23133,1.2312,1000000,2250000
2018-01-25 13:34:43.481000,1.23133,1.23118,1000000,1000000
2018-01-25 13:34:43.532000,1.23129,1.23116,1000000,3750000
2018-01-25 13:34:43.679000,1.23132,1.23116,1000000,3750000
2018-01-25 13:34:43.731000,1.23129,1.23117,1000000,1000000
2018-01-25 13:34:44.039000,1.23133,1.23117,1000000,1500000
2018-01-25 13:34:44.091000,1.23133,1.23119,1000000,1000000
2018-01-25 13:34:44.440000,1.23131,1.23118,1000000,1000000
2018-01-25 13:34:44.837000,1.23133,1.23124,1000000,1000000
2018-01-25 13:34:44.889000,1.2314,1.23126,1100000,1000000
2018-01-25 13:34:44.941000,1.23143,1.23131,3000000,1000000
2018-01-25 13:34:44.994000,1.23146,1.23131,1200000,1500000
2018-01-25 13:34:45.150000,1.2314,1.23129,1370000,1120000
2018-01-25 13:34:45.202000,1.23135,1.23124,1000000,1000000
2018-01-25 13:34:45.254000,1.23135,1.23122,1000000,1000000
2018-01-25 13:34:45.351000,1.23134,1.23119,1000000,2620000
2018-01-25 13:34:45.659000,1.23137,1.23123,1870000,3000000
2018-01-25 13:34:45.997000,1.23142,1.23128,1870000,1500000
2018-01-25 13:34:46.050000,1.23145,1.23126,5510000,1200000
2018-01-25 13:34:46.156000,1.23146,1.23132,1820000,1000000
2018-01-25 13:34:46.259000,1.23146,1.23132,1120000,3000000
2018-01-25 13:34:46.553000,1.23148,1.23132,1000000,1000000
2018-01-25 13:34:46.706000,1.2315,1.23132,1000000,1000000
2018-01-25 13:34:46.757000,1.23147,1.23132,1000000,1500000
2018-01-25 13:34:47.166000,1.23149,1.23132,1000000,2250000
2018-01-25 13:34:47.365000,1.2315,1.23134,1000000,1000000
2018-01-25 13:34:47.627000,1.23149,1.23132,1120000,1870000
2018-01-25 13:34:47.954000,1.23146,1.23133,2250000,1000000
2018-01-25 13:34:48.062000,1.23145,1.23132,1000000,1000000
2018-01-25 13:34:48.114000,1.23144,1.2313,1000000,1000000
2018-01-25 13:34:48.166000,1.23147,1.2313,1370000,3000000
2018-01-25 13:34:48.218000,1.23147,1.23132,1000000,1000000
2018-01-25 13:34:48.524000,1.23149,1.23134,1000000,1000000
2018-01-25 13:34:48.992000,1.23142,1.23125,1000000,1500000
2018-01-25 13:34:49.145000,1.23144,1.23129,2620000,1000000
2018-01-25 13:34:49.356000,1.23143,1.23125,1000000,1000000
2018-01-25 13:34:49.457000,1.23143,1.23127,1500000,1000000
2018-01-25 13:34:49.764000,1.23147,1.2313,1870000,1870000
2018-01-25 13:34:49.815000,1.23147,1.23132,1000000,1000000
2018-01-25 13:34:50.066000,1.23144,1.23128,1000000,2320000
2018-01-25 13:34:50.374000,1.23147,1.23132,1000000,1000000
2018-01-25 13:34:50.578000,1.23144,1.23128,1500000,1200000
2018-01-25 13:34:50.629000,1.23142,1.23125,1120000,2320000
2018-01-25 13:34:50.834000,1.23142,1.23129,1000000,1000000
2018-01-25 13:34:50.885000,1.23144,1.2313,1000000,2620000
2018-01-25 13:34:51.014000,1.23147,1.23133,1500000,1000000
2018-01-25 13:34:51.329000,1.23144,1.23133,1000000,1500000
2018-01-25 13:34:51.588000,1.23145,1.23131,1370000,2250000
2018-01-25 13:34:51.744000,1.23143,1.23129,1000000,1000000
2018-01-25 13:34:51.795000,1.23143,1.23131,1120000,1500000
