time,ask,bid,ask_volume,bid_volume
2022-07-08 12:25:00.287000,1.29916,1.29901,1600000,1850000
2022-07-08 12:25:00.692000,1.29916,1.29901,1350000,2400000
2022-07-08 12:25:02.778000,1.29917,1.29902,1200000,1850000
2022-07-08 12:25:02.879000,1.29917,1.29904,1350000,1600000
2022-07-08 12:25:02.981000,1.29919,1.29905,1600000,1350000
2022-07-08 12:25:03.183000,1.29919,1.29905,1200000,1850000
2022-07-08 12:25:03.284000,1.2992,1.29905,1350000,1850000
2022-07-08 12:25:03.386000,1.2992,1.29905,1350000,1850000
2022-07-08 12:25:03.487000,1.29919,1.29904,1200000,1850000
2022-07-08 12:25:03.589000,1.29918,1.29905,1350000,1850000
2022-07-08 12:25:03.983000,1.29916,1.29902,1350000,1800000
2022-07-08 12:25:04.085000,1.29916,1.29901,1350000,1850000
2022-07-08 12:25:04.187000,1.29916,1.29901,1600000,1850000
2022-07-08 12:25:04.288000,1.29917,1.29903,1600000,1200000
2022-07-08 12:25:04.541000,1.29915,1.29903,1100000,1570000
2022-07-08 12:25:05.478000,1.29915,1.29901,1720000,1600000
2022-07-08 12:25:05.999000,1.29915,1.29901,1200000,1850000
2022-07-08 12:25:07.262000,1.2991,1.29896,1200000,2350000
2022-07-08 12:25:07.464000,1.29909,1.29896,2100000,1570000
2022-07-08 12:25:07.667000,1.29908,1.29895,1600000,1570000
2022-07-08 12:25:12.032000,1.29904,1.29891,1600000,1850000
2022-07-08 12:25:12.134000,1.29906,1.29893,1100000,1420000
2022-07-08 12:25:12.185000,1.29907,1.29894,1600000,1420000
2022-07-08 12:25:12.286000,1.29908,1.29893,1600000,1900000
2022-07-08 12:25:12.952000,1.29909,1.29895,1100000,1120000
2022-07-08 12:25:13.012000,1.29909,1.29895,1200000,1850000
2022-07-08 12:25:13.265000,1.2991,1.29897,1200000,2290000
2022-07-08 12:25:17.881000,1.29914,1.29899,2470000,1350000
2022-07-08 12:25:17.983000,1.29914,1.29899,1600000,1420000
2022-07-08 12:25:18.085000,1.29913,1.299,1350000,1850000
2022-07-08 12:25:21.328000,1.29915,1.299,1600000,1570000
2022-07-08 12:25:21.502000,1.29913,1.299,1720000,1850000
2022-07-08 12:25:21.949000,1.29914,1.29899,1800000,1850000
2022-07-08 12:25:22.101000,1.29913,1.29899,1200000,1850000
2022-07-08 12:25:22.151000,1.29914,1.29899,1720000,1850000
2022-07-08 12:25:22.820000,1.29913,1.29899,1600000,1570000
2022-07-08 12:25:23.145000,1.29913,1.29899,1350000,1850000
2022-07-08 12:25:23.353000,1.29913,1.29899,1600000,1570000
2022-07-08 12:25:23.588000,1.29914,1.29899,1720000,1850000
2022-07-08 12:25:23.791000,1.29912,1.299,1600000,1570000
2022-07-08 12:25:24.167000,1.29914,1.29899,1720000,1850000
2022-07-08 12:25:25.249000,1.29914,1.29899,1350000,1850000
2022-07-08 12:25:26.273000,1.29913,1.29898,1200000,2350000
2022-07-08 12:25:26.618000,1.29914,1.29899,1200000,1850000
2022-07-08 12:25:28.715000,1.29913,1.29898,1200000,2350000
2022-07-08 12:25:29.080000,1.29913,1.299,1200000,1850000
2022-07-08 12:25:29.683000,1.29913,1.299,1200000,1850000
2022-07-08 12:25:30.565000,1.29914,1.29899,1200000,1850000
2022-07-08 12:25:30.791000,1.29913,1.299,1200000,1850000
2022-07-08 12:25:31.555000,1.29914,1.29899,1200000,1850000
2022-07-08 12:25:31.753000,1.29914,1.29899,1200000,1850000
2022-07-08 12:25:31.976000,1.29914,1.29899,1200000,1850000
2022-07-08 12:25:34.184000,1.29915,1.299,1350000,1850000
2022-07-08 12:25:34.235000,1.29912,1.29897,1600000,1900000
2022-07-08 12:25:34.336000,1.2991,1.29895,1200000,1850000
2022-07-08 12:25:34.448000,1.2991,1.29895,1200000,1850000
2022-07-08 12:25:34.843000,1.2991,1.29895,1200000,1850000
2022-07-08 12:25:35.121000,1.29908,1.29895,1800000,1850000
2022-07-08 12:25:35.515000,1.29908,1.29893,1200000,1850000
2022-07-08 12:25:36.372000,1.29907,1.29892,1200000,1850000
2022-07-08 12:25:36.491000,1.29906,1.29893,1800000,1850000
2022-07-08 12:25:36.542000,1.29904,1.29891,1200000,1850000
2022-07-08 12:25:36.698000,1.29905,1.2989,1200000,1850000
2022-07-08 12:25:36.850000,1.29905,1.29892,1350000,1900000
2022-07-08 12:25:36.951000,1.29907,1.29892,1350000,1850000
2022-07-08 12:25:39.922000,1.29908,1.29893,1600000,1420000
2022-07-08 12:25:40.023000,1.29908,1.29893,1200000,1850000
2022-07-08 12:25:42.627000,1.29908,1.29893,1200000,1900000
2022-07-08 12:25:42.767000,1.29907,1.29893,1200000,1900000
2022-07-08 12:25:43.046000,1.29909,1.29896,1200000,1600000
2022-07-08 12:25:51.342000,1.29903,1.29894,1200000,1200000
2022-07-08 12:25:51.393000,1.29895,1.29884,1200000,1200000
2022-07-08 12:25:51.444000,1.29896,1.29881,1800000,1200000
2022-07-08 12:25:51.495000,1.29892,1.29877,1350000,1800000
2022-07-08 12:25:51.597000,1.2989,1.29875,1200000,1850000
2022-07-08 12:25:51.698000,1.2989,1.29875,1600000,1350000
2022-07-08 12:25:52.065000,1.2989,1.29875,1350000,1600000
2022-07-08 12:25:52.268000,1.29891,1.29876,1350000,1900000
2022-07-08 12:25:53.198000,1.29893,1.29878,1600000,1200000
2022-07-08 12:25:53.300000,1.29892,1.29877,1350000,1850000
2022-07-08 12:25:53.433000,1.29892,1.29877,1600000,1900000
2022-07-08 12:25:54.638000,1.29889,1.29874,1850000,2350000
2022-07-08 12:25:54.740000,1.29887,1.29872,1850000,2470000
2022-07-08 12:25:54.791000,1.29886,1.29872,1200000,2470000
2022-07-08 12:25:56.746000,1.29885,1.29871,1200000,1600000
2022-07-08 12:25:56.797000,1.29882,1.29867,1350000,1800000
2022-07-08 12:25:56.847000,1.29881,1.29868,1350000,1850000
2022-07-08 12:25:57.151000,1.29885,1.2987,1600000,1800000
2022-07-08 12:25:57.202000,1.29885,1.29871,1600000,1350000
2022-07-08 12:25:57.485000,1.29877,1.29863,1200000,1600000
2022-07-08 12:25:57.688000,1.29876,1.29863,1200000,1720000
2022-07-08 12:25:57.790000,1.29877,1.29865,1350000,1600000
2022-07-08 12:25:57.841000,1.29879,1.29867,1200000,1600000
2022-07-08 12:25:58.599000,1.29878,1.29865,1200000,1850000
2022-07-08 12:25:58.700000,1.29879,1.29864,1200000,1850000
2022-07-08 12:26:00.063000,1.29879,1.29866,1350000,1850000
2022-07-08 12:26:02.714000,1.29876,1.29863,1800000,1600000
2022-07-08 12:26:02.921000,1.29877,1.29862,1350000,1600000
2022-07-08 12:26:03.287000,1.29878,1.29864,1600000,1200000
2022-07-08 12:26:03.882000,1.29876,1.29862,1200000,1600000
2022-07-08 12:26:03.983000,1.29875,1.2986,1200000,1850000
2022-07-08 12:26:04.106000,1.29875,1.2986,1600000,1850000
2022-07-08 12:26:04.574000,1.29877,1.29862,1720000,1600000
2022-07-08 12:26:04.766000,1.29877,1.29862,1800000,1850000
2022-07-08 12:26:09.802000,1.29877,1.29862,1720000,1600000
2022-07-08 12:26:12.261000,1.29875,1.29862,1600000,1600000
2022-07-08 12:26:15.948000,1.29875,1.2986,1910000,1850000
2022-07-08 12:26:16.049000,1.29873,1.29858,1600000,1570000
2022-07-08 12:26:18.818000,1.2987,1.29857,1600000,1900000
2022-07-08 12:26:20.208000,1.29872,1.29857,1350000,1600000
2022-07-08 12:26:20.947000,1.29871,1.29856,1200000,1850000
2022-07-08 12:26:21.182000,1.2987,1.29855,1200000,2350000
2022-07-08 12:26:22.400000,1.2987,1.29858,1200000,1850000
2022-07-08 12:26:27.479000,1.29872,1.29857,1800000,1600000
2022-07-08 12:26:28.839000,1.29873,1.29859,1200000,1600000
2022-07-08 12:26:31.398000,1.29878,1.29864,1100000,1200000
2022-07-08 12:26:31.550000,1.29878,1.29864,1200000,1850000
2022-07-08 12:26:31.753000,1.29878,1.29865,1720000,1850000
2022-07-08 12:26:33.695000,1.29878,1.29864,1200000,1900000
2022-07-08 12:26:34.252000,1.29876,1.29862,1200000,1850000
2022-07-08 12:26:34.354000,1.29873,1.29858,1200000,1850000
2022-07-08 12:26:34.506000,1.29872,1.2986,1350000,1600000
2022-07-08 12:26:40.649000,1.29873,1.2986,1720000,1850000
2022-07-08 12:26:42.556000,1.29872,1.29857,1600000,2400000
2022-07-08 12:26:42.657000,1.2987,1.29855,1200000,1850000
2022-07-08 12:26:42.759000,1.29868,1.29853,1350000,1850000
2022-07-08 12:26:42.984000,1.29868,1.29853,1720000,1850000
2022-07-08 12:26:45.487000,1.29868,1.29855,1100000,1120000
2022-07-08 12:26:45.589000,1.29869,1.29855,1600000,1600000
2022-07-08 12:26:46.442000,1.29869,1.29855,1350000,1600000
2022-07-08 12:26:47.315000,1.29869,1.29858,1100000,1350000
2022-07-08 12:26:47.474000,1.2987,1.29857,1200000,1570000
2022-07-08 12:26:48.480000,1.29869,1.29856,1720000,1850000
2022-07-08 12:26:48.996000,1.29871,1.29857,1200000,1600000
2022-07-08 12:26:49.368000,1.2987,1.29855,1200000,1850000
2022-07-08 12:26:49.469000,1.29871,1.29857,1200000,1600000
2022-07-08 12:26:49.520000,1.2987,1.29855,1350000,1850000
2022-07-08 12:26:49.825000,1.29867,1.29855,1200000,1600000
2022-07-08 12:26:50.017000,1.29867,1.29855,1720000,1350000
2022-07-08 12:26:55.743000,1.2987,1.29857,1100000,1200000
2022-07-08 12:26:55.844000,1.29871,1.29857,1100000,1570000
2022-07-08 12:26:55.945000,1.29871,1.29859,1200000,1850000
2022-07-08 12:26:58.880000,1.29873,1.29859,1600000,1600000
2022-07-08 12:27:04.002000,1.29877,1.29865,1600000,1200000
2022-07-08 12:27:04.154000,1.29878,1.29866,1100000,1300000
2022-07-08 12:27:04.205000,1.2988,1.29865,2100000,1850000
2022-07-08 12:27:04.956000,1.29878,1.29865,1720000,1850000
2022-07-08 12:27:05.326000,1.29878,1.29864,1600000,1570000
2022-07-08 12:27:07.148000,1.29878,1.29865,2100000,1420000
2022-07-08 12:27:07.199000,1.29878,1.29865,2250000,1850000
2022-07-08 12:27:08.611000,1.29879,1.29867,1350000,1200000
2022-07-08 12:27:08.712000,1.29879,1.29865,1350000,1800000
2022-07-08 12:27:11.161000,1.29879,1.29869,1350000,1200000
2022-07-08 12:27:11.581000,1.29882,1.29869,2100000,1200000
2022-07-08 12:27:11.682000,1.29882,1.29868,1350000,1850000
2022-07-08 12:27:11.784000,1.29884,1.29869,1720000,5290000
2022-07-08 12:27:11.885000,1.29884,1.29869,1800000,3100000
2022-07-08 12:27:11.987000,1.29882,1.2987,1200000,1900000
2022-07-08 12:27:12.088000,1.29881,1.29869,1350000,1800000
2022-07-08 12:27:12.190000,1.29881,1.29869,1350000,1850000
2022-07-08 12:27:12.707000,1.2988,1.29868,1350000,1900000
2022-07-08 12:27:12.909000,1.2988,1.29866,1200000,1850000
2022-07-08 12:27:13.011000,1.2988,1.29867,1200000,1850000
2022-07-08 12:27:13.243000,1.2988,1.29867,1350000,1850000
2022-07-08 12:27:16.030000,1.29879,1.29867,1200000,1850000
2022-07-08 12:27:17.088000,1.29879,1.29864,1350000,2350000
2022-07-08 12:27:17.139000,1.29878,1.29865,2700000,2350000
2022-07-08 12:27:18.326000,1.29878,1.29863,1200000,2100000
2022-07-08 12:27:20.118000,1.29878,1.29863,1200000,2350000
2022-07-08 12:27:20.220000,1.29879,1.29865,1800000,1600000
2022-07-08 12:27:22.061000,1.29877,1.29864,1200000,2350000
2022-07-08 12:27:22.162000,1.29878,1.29863,1200000,2350000
2022-07-08 12:27:25.056000,1.29879,1.29864,2250000,1850000
2022-07-08 12:27:26.060000,1.2988,1.29866,2250000,1600000
2022-07-08 12:27:34.855000,1.2988,1.29864,2100000,1900000
2022-07-08 12:27:35.170000,1.2988,1.29864,1800000,1850000
2022-07-08 12:27:37.149000,1.29881,1.29865,1350000,1850000
2022-07-08 12:27:39.674000,1.29881,1.29865,2100000,1850000
2022-07-08 12:27:43.484000,1.2988,1.29866,2250000,1850000
2022-07-08 12:27:43.777000,1.2988,1.29866,1720000,1420000
2022-07-08 12:27:43.895000,1.29881,1.29865,1720000,1570000
2022-07-08 12:27:44.052000,1.29881,1.29865,1720000,1420000
2022-07-08 12:27:44.673000,1.29879,1.29866,1200000,1570000
2022-07-08 12:27:44.775000,1.2988,1.29865,1200000,1850000
2022-07-08 12:27:49.572000,1.29881,1.29865,1350000,1900000
2022-07-08 12:27:51.783000,1.29881,1.29865,1720000,1900000
2022-07-08 12:27:55.167000,1.29881,1.29866,1100000,1570000
2022-07-08 12:27:56.638000,1.29876,1.29862,1720000,1800000
2022-07-08 12:27:56.739000,1.29876,1.2986,1720000,1570000
2022-07-08 12:27:56.841000,1.29876,1.2986,1720000,1120000
2022-07-08 12:27:57.902000,1.29875,1.29862,1100000,2100000
2022-07-08 12:27:58.003000,1.29876,1.29862,1720000,2300000
2022-07-08 12:27:59.178000,1.29878,1.29863,1100000,1900000
2022-07-08 12:27:59.279000,1.29877,1.29864,1100000,1800000
2022-07-08 12:27:59.380000,1.29879,1.29863,1350000,1850000
2022-07-08 12:28:00.168000,1.29879,1.29867,1100000,1420000
2022-07-08 12:28:00.269000,1.2988,1.29866,1100000,1570000
2022-07-08 12:28:04.909000,1.29879,1.29867,1200000,1570000
2022-07-08 12:28:05.018000,1.2988,1.29867,1100000,1850000
2022-07-08 12:28:05.176000,1.29881,1.29867,1200000,1100000
2022-07-08 12:28:05.278000,1.2988,1.29864,1850000,1850000
2022-07-08 12:28:06.056000,1.29879,1.29864,1100000,1850000
2022-07-08 12:28:07.206000,1.2988,1.29868,1100000,1420000
2022-07-08 12:28:07.308000,1.29886,1.29876,1200000,1200000
2022-07-08 12:28:07.359000,1.29887,1.29874,2700000,1350000
2022-07-08 12:28:07.460000,1.29887,1.29872,1800000,1920000
2022-07-08 12:28:07.562000,1.29886,1.29873,1200000,1600000
2022-07-08 12:28:08.152000,1.29887,1.29873,2250000,1600000
2022-07-08 12:28:08.253000,1.29887,1.29874,1200000,1850000
2022-07-08 12:28:11.584000,1.29891,1.29877,1350000,2100000
2022-07-08 12:28:11.787000,1.29892,1.29876,1600000,1800000
2022-07-08 12:28:11.888000,1.2989,1.29877,1350000,1900000
2022-07-08 12:28:12.142000,1.29891,1.29875,1600000,1900000
2022-07-08 12:28:12.381000,1.29891,1.29877,1600000,1200000
2022-07-08 12:28:12.482000,1.29892,1.29878,1600000,1350000
2022-07-08 12:28:12.958000,1.29892,1.29878,1720000,1850000
2022-07-08 12:28:15.211000,1.29893,1.29878,1720000,1350000
2022-07-08 12:28:15.313000,1.29894,1.2988,1600000,1800000
2022-07-08 12:28:15.414000,1.29895,1.29879,1600000,2150000
2022-07-08 12:28:15.617000,1.29895,1.29881,1200000,1600000
2022-07-08 12:28:15.962000,1.29893,1.29881,1200000,1350000
2022-07-08 12:28:16.063000,1.29895,1.29881,1200000,1600000
2022-07-08 12:28:17.690000,1.29896,1.29884,1350000,1200000
2022-07-08 12:28:18.013000,1.29895,1.2988,1350000,2100000
2022-07-08 12:28:18.709000,1.29895,1.29881,1200000,1600000
2022-07-08 12:28:19.314000,1.29895,1.29879,1200000,2100000
2022-07-08 12:28:19.466000,1.29894,1.2988,1200000,1350000
2022-07-08 12:28:19.645000,1.29893,1.29881,1350000,1800000
2022-07-08 12:28:19.797000,1.29895,1.2988,1600000,1300000
2022-07-08 12:28:20.345000,1.29895,1.2988,1350000,1400000
2022-07-08 12:28:20.446000,1.29893,1.29881,1200000,1350000
2022-07-08 12:28:20.497000,1.29892,1.29877,1200000,1850000
2022-07-08 12:28:20.548000,1.29892,1.29876,1600000,1800000
2022-07-08 12:28:20.650000,1.29891,1.29877,1600000,1900000
2022-07-08 12:28:21.907000,1.29891,1.29877,1600000,1800000
2022-07-08 12:28:22.073000,1.29892,1.29877,1600000,1350000
2022-07-08 12:28:22.175000,1.29892,1.29876,1600000,1800000
2022-07-08 12:28:22.445000,1.29892,1.29876,1600000,1900000
2022-07-08 12:28:23.086000,1.29892,1.29877,1600000,1420000
2022-07-08 12:28:23.436000,1.29891,1.29878,1600000,1570000
2022-07-08 12:28:23.538000,1.29892,1.29876,1600000,1800000
2022-07-08 12:28:23.639000,1.29892,1.29876,1600000,1900000
2022-07-08 12:28:24.337000,1.29892,1.29876,1600000,1800000
2022-07-08 12:28:24.573000,1.29891,1.29877,1600000,1900000
2022-07-08 12:28:25.506000,1.29891,1.29877,1600000,1800000
2022-07-08 12:28:25.618000,1.29892,1.29876,1600000,1900000
2022-07-08 12:28:25.855000,1.29892,1.29876,1600000,1800000
2022-07-08 12:28:26.263000,1.29892,1.29876,1600000,1900000
2022-07-08 12:28:26.364000,1.29891,1.29877,1600000,1800000
2022-07-08 12:28:26.486000,1.29893,1.29879,1600000,1200000
2022-07-08 12:28:26.587000,1.29892,1.29878,1600000,1420000
2022-07-08 12:28:26.751000,1.29893,1.29877,1600000,1570000
2022-07-08 12:28:26.852000,1.29892,1.29878,1600000,1850000
2022-07-08 12:28:27.208000,1.2989,1.29876,1600000,1900000
2022-07-08 12:28:27.716000,1.2989,1.29874,1600000,1570000
2022-07-08 12:28:27.919000,1.29886,1.29872,1200000,1900000
2022-07-08 12:28:28.021000,1.29888,1.29873,1350000,1600000
2022-07-08 12:28:28.274000,1.29887,1.29872,1200000,1850000
2022-07-08 12:28:28.375000,1.29889,1.29874,1200000,1350000
2022-07-08 12:28:28.426000,1.29887,1.29871,1200000,1850000
2022-07-08 12:28:28.629000,1.29885,1.29871,1200000,1900000
2022-07-08 12:28:28.781000,1.29886,1.2987,1200000,1850000
2022-07-08 12:28:28.883000,1.29887,1.29873,1200000,1600000
2022-07-08 12:28:28.985000,1.29889,1.29873,3600000,1350000
2022-07-08 12:28:29.086000,1.29889,1.29873,2850000,1350000
2022-07-08 12:28:29.188000,1.29889,1.29873,1600000,1420000
2022-07-08 12:28:29.289000,1.29887,1.29873,1350000,1900000
2022-07-08 12:28:29.391000,1.29887,1.29871,1200000,1850000
2022-07-08 12:28:29.611000,1.29885,1.29871,1200000,1800000
2022-07-08 12:28:29.718000,1.29885,1.29871,1200000,1850000
2022-07-08 12:28:30.612000,1.29885,1.2987,1200000,1850000
2022-07-08 12:28:30.764000,1.29883,1.29869,1200000,1850000
2022-07-08 12:28:31.969000,1.29884,1.29868,1200000,2350000
2022-07-08 12:28:32.590000,1.29885,1.29869,1200000,1850000
2022-07-08 12:28:34.383000,1.29883,1.29867,1200000,2350000
2022-07-08 12:28:34.484000,1.29882,1.29868,1350000,2400000
2022-07-08 12:28:34.586000,1.29883,1.29867,1350000,2300000
2022-07-08 12:28:35.287000,1.29884,1.29869,1200000,1850000
2022-07-08 12:28:37.681000,1.29881,1.29868,1200000,1850000
2022-07-08 12:28:40.389000,1.29883,1.29867,1200000,1850000
2022-07-08 12:28:40.491000,1.29883,1.29869,1200000,1850000
2022-07-08 12:28:40.670000,1.29883,1.29868,1200000,1850000
2022-07-08 12:28:40.771000,1.29882,1.29869,1200000,1420000
2022-07-08 12:28:42.693000,1.29883,1.29869,1350000,1900000
2022-07-08 12:28:48.413000,1.29882,1.29868,1200000,1800000
2022-07-08 12:28:48.554000,1.29883,1.29867,1200000,1900000
2022-07-08 12:28:51.090000,1.29879,1.29865,1200000,2350000
2022-07-08 12:28:51.192000,1.29877,1.29861,1200000,1800000
2022-07-08 12:28:51.294000,1.29878,1.29862,1200000,1900000
2022-07-08 12:28:52.857000,1.29878,1.29862,1200000,1800000
2022-07-08 12:28:52.959000,1.29879,1.29863,1350000,1120000
2022-07-08 12:28:53.060000,1.29879,1.29863,1350000,1300000
2022-07-08 12:28:54.543000,1.29879,1.29863,1350000,1120000
2022-07-08 12:28:54.802000,1.29878,1.29862,1200000,1420000
2022-07-08 12:28:55.259000,1.29878,1.29862,1200000,1420000
2022-07-08 12:28:55.641000,1.29877,1.29862,1200000,1800000
2022-07-08 12:28:55.775000,1.29878,1.29861,1200000,1900000
2022-07-08 12:28:55.877000,1.29877,1.29862,1200000,1900000
2022-07-08 12:28:56.834000,1.29876,1.29862,1200000,1600000
2022-07-08 12:28:57.977000,1.29876,1.2986,1200000,1600000
2022-07-08 12:28:59.659000,1.29876,1.29863,1200000,1200000
2022-07-08 12:28:59.710000,1.2988,1.29863,1200000,1120000
2022-07-08 12:28:59.811000,1.2988,1.29864,1200000,1200000
2022-07-08 12:29:00.025000,1.2988,1.29864,1200000,1600000
2022-07-08 12:29:00.127000,1.29881,1.29864,1200000,1600000
2022-07-08 12:29:00.301000,1.29881,1.29864,1200000,1200000
2022-07-08 12:29:01.163000,1.2988,1.29864,1200000,1200000
2022-07-08 12:29:01.265000,1.2988,1.29863,1200000,1570000
2022-07-08 12:29:01.366000,1.29881,1.29864,1200000,1200000
2022-07-08 12:29:01.468000,1.29881,1.29866,1200000,1200000
2022-07-08 12:29:01.569000,1.29881,1.29864,1200000,1200000
2022-07-08 12:29:01.620000,1.29876,1.29861,1200000,1600000
2022-07-08 12:29:01.671000,1.29876,1.2986,1200000,1200000
2022-07-08 12:29:01.722000,1.29871,1.29856,1200000,1600000
2022-07-08 12:29:01.874000,1.2987,1.29858,1200000,1600000
2022-07-08 12:29:01.975000,1.29872,1.29859,1350000,1350000
2022-07-08 12:29:02.077000,1.29873,1.29859,1350000,1200000
2022-07-08 12:29:02.178000,1.29872,1.29859,1350000,1350000
2022-07-08 12:29:02.467000,1.29875,1.2986,1600000,1200000
2022-07-08 12:29:02.720000,1.29875,1.2986,1600000,1200000
2022-07-08 12:29:03.075000,1.29876,1.2986,1600000,1200000
2022-07-08 12:29:03.288000,1.29875,1.2986,1350000,1200000
2022-07-08 12:29:03.394000,1.29875,1.29861,1350000,1200000
2022-07-08 12:29:03.445000,1.29877,1.29858,2850000,1350000
2022-07-08 12:29:03.547000,1.29877,1.29858,2850000,1200000
2022-07-08 12:29:03.648000,1.29878,1.29861,2850000,1200000
2022-07-08 12:29:03.699000,1.29881,1.29861,2100000,1050000
2022-07-08 12:29:03.801000,1.29883,1.29864,1100000,1200000
2022-07-08 12:29:03.903000,1.29885,1.29865,2100000,1350000
2022-07-08 12:29:04.055000,1.29885,1.29867,1600000,1200000
2022-07-08 12:29:04.156000,1.29886,1.29865,1600000,1600000
2022-07-08 12:29:04.530000,1.29885,1.29866,1600000,1200000
2022-07-08 12:29:04.632000,1.29886,1.29864,1600000,2250000
2022-07-08 12:29:04.734000,1.29886,1.29865,1600000,1200000
2022-07-08 12:29:04.860000,1.29886,1.29864,1600000,2250000
2022-07-08 12:29:04.962000,1.29886,1.29865,1600000,1200000
2022-07-08 12:29:05.063000,1.29886,1.29864,1600000,2250000
2022-07-08 12:29:05.317000,1.29883,1.29863,1600000,2660000
2022-07-08 12:29:05.418000,1.29884,1.29864,1600000,1350000
2022-07-08 12:29:05.621000,1.29885,1.29863,1600000,1520000
2022-07-08 12:29:05.880000,1.29884,1.29866,1600000,1200000
2022-07-08 12:29:06.103000,1.29885,1.29864,1600000,1350000
2022-07-08 12:29:06.204000,1.29885,1.29865,1600000,1200000
2022-07-08 12:29:07.246000,1.29882,1.29863,1300000,1600000
2022-07-08 12:29:07.347000,1.29882,1.29861,1300000,1100000
2022-07-08 12:29:07.449000,1.29882,1.29859,1300000,1600000
2022-07-08 12:29:08.637000,1.29879,1.2986,1400000,1600000
2022-07-08 12:29:08.739000,1.29881,1.29859,1920000,1600000
2022-07-08 12:29:09.294000,1.29881,1.29859,1400000,1600000
2022-07-08 12:29:09.396000,1.29881,1.29858,1300000,2100000
2022-07-08 12:29:09.447000,1.29879,1.29857,1850000,1600000
2022-07-08 12:29:09.700000,1.29878,1.29859,1300000,1200000
2022-07-08 12:29:09.850000,1.29879,1.29859,1300000,1200000
2022-07-08 12:29:09.951000,1.29878,1.29859,1300000,1200000
2022-07-08 12:29:10.118000,1.29879,1.29857,1300000,1200000
2022-07-08 12:29:10.220000,1.29882,1.29858,2170000,1200000
2022-07-08 12:29:10.473000,1.29882,1.29857,2170000,1200000
2022-07-08 12:29:11.201000,1.29878,1.29858,1800000,1200000
2022-07-08 12:29:11.435000,1.29879,1.29859,1800000,1200000
2022-07-08 12:29:11.566000,1.29879,1.29859,1800000,1200000
2022-07-08 12:29:11.766000,1.29879,1.29859,1800000,1200000
2022-07-08 12:29:12.390000,1.29879,1.29859,1800000,1200000
2022-07-08 12:29:12.491000,1.29878,1.2986,1800000,1200000
2022-07-08 12:29:12.895000,1.29878,1.2986,1800000,1200000
2022-07-08 12:29:12.997000,1.29879,1.29859,1800000,1200000
2022-07-08 12:29:13.467000,1.29878,1.29856,1800000,2050000
2022-07-08 12:29:13.612000,1.29879,1.29855,1800000,2050000
2022-07-08 12:29:14.788000,1.29878,1.29859,1800000,1200000
2022-07-08 12:29:14.890000,1.29878,1.29857,1800000,1990000
2022-07-08 12:29:15.068000,1.29879,1.29856,1800000,1200000
2022-07-08 12:29:15.170000,1.29879,1.29852,1800000,1050000
2022-07-08 12:29:15.301000,1.29879,1.29855,1800000,1200000
2022-07-08 12:29:15.403000,1.29879,1.29856,1800000,1800000
2022-07-08 12:29:15.504000,1.29878,1.29856,1800000,1100000
2022-07-08 12:29:15.635000,1.29879,1.29855,1800000,1100000
2022-07-08 12:29:15.898000,1.29879,1.29858,1800000,1200000
2022-07-08 12:29:16.007000,1.29878,1.29856,1800000,1100000
2022-07-08 12:29:18.749000,1.29879,1.29854,1800000,1100000
2022-07-08 12:29:18.946000,1.29879,1.29856,1800000,1800000
2022-07-08 12:29:19.137000,1.29879,1.2986,1800000,1200000
2022-07-08 12:29:19.188000,1.29882,1.2986,1800000,1200000
2022-07-08 12:29:19.289000,1.29879,1.29857,1800000,1200000
2022-07-08 12:29:19.991000,1.29884,1.29861,1300000,1200000
2022-07-08 12:29:20.092000,1.29886,1.2986,1300000,1200000
2022-07-08 12:29:20.195000,1.29886,1.2986,1300000,1800000
2022-07-08 12:29:20.297000,1.29887,1.2986,1300000,1800000
2022-07-08 12:29:20.451000,1.29886,1.29862,1300000,1200000
2022-07-08 12:29:20.959000,1.29887,1.2986,1300000,1200000
2022-07-08 12:29:21.354000,1.29887,1.29861,2550000,1200000
2022-07-08 12:29:21.554000,1.29887,1.29862,2550000,1200000
2022-07-08 12:29:21.758000,1.29887,1.29861,2550000,1200000
2022-07-08 12:29:21.959000,1.29877,1.29857,2020000,1100000
2022-07-08 12:29:22.061000,1.29874,1.29855,2020000,1100000
2022-07-08 12:29:22.162000,1.29873,1.29855,2020000,1600000
2022-07-08 12:29:23.985000,1.29882,1.29857,1300000,1200000
2022-07-08 12:29:24.087000,1.29883,1.29859,3670000,1100000
2022-07-08 12:29:24.289000,1.29883,1.2986,1300000,1200000
2022-07-08 12:29:24.497000,1.29882,1.2986,1300000,1100000
2022-07-08 12:29:25.104000,1.29883,1.29859,1300000,1100000
2022-07-08 12:29:25.296000,1.29882,1.2986,1300000,1100000
2022-07-08 12:29:25.442000,1.29883,1.29856,1300000,1600000
2022-07-08 12:29:25.962000,1.29877,1.29856,1800000,1100000
2022-07-08 12:29:26.064000,1.29877,1.29854,1800000,2100000
2022-07-08 12:29:26.165000,1.29877,1.29854,1800000,1600000
2022-07-08 12:29:26.672000,1.29877,1.29856,1800000,1200000
2022-07-08 12:29:27.992000,1.29883,1.29858,3300000,1200000
2022-07-08 12:29:28.094000,1.29883,1.2986,1300000,1200000
2022-07-08 12:29:28.195000,1.29882,1.29861,1300000,1200000
2022-07-08 12:29:28.392000,1.29882,1.29861,1300000,1100000
2022-07-08 12:29:28.747000,1.29883,1.2986,1300000,1100000
2022-07-08 12:29:29.330000,1.29883,1.2986,1300000,1100000
2022-07-08 12:29:29.432000,1.29883,1.29858,1300000,1600000
2022-07-08 12:29:30.009000,1.29883,1.29858,1300000,1600000
2022-07-08 12:29:30.111000,1.29883,1.29859,2550000,2100000
2022-07-08 12:29:30.162000,1.29882,1.29859,1200000,2170000
2022-07-08 12:29:30.364000,1.29883,1.29858,1200000,1100000
2022-07-08 12:29:30.415000,1.29881,1.29858,1200000,1100000
2022-07-08 12:29:30.534000,1.2988,1.29859,1200000,1100000
2022-07-08 12:29:31.030000,1.29881,1.29858,1200000,1100000
2022-07-08 12:29:31.833000,1.29881,1.29857,1200000,1100000
2022-07-08 12:29:32.180000,1.29881,1.29857,1200000,1100000
2022-07-08 12:29:33.729000,1.29881,1.29856,1200000,1100000
2022-07-08 12:29:35.031000,1.29881,1.29855,1200000,1600000
2022-07-08 12:29:35.783000,1.29881,1.29855,1200000,1600000
2022-07-08 12:29:36.528000,1.29881,1.29855,1200000,1600000
2022-07-08 12:29:37.783000,1.29881,1.29855,1200000,1350000
2022-07-08 12:29:40.002000,1.29879,1.29855,1200000,1200000
2022-07-08 12:29:40.217000,1.29878,1.29855,1200000,1200000
2022-07-08 12:29:40.492000,1.29879,1.29855,1200000,1200000
2022-07-08 12:29:40.645000,1.2988,1.29855,1200000,1200000
2022-07-08 12:29:40.922000,1.29881,1.29855,1800000,1200000
2022-07-08 12:29:41.053000,1.29881,1.29857,1800000,1200000
2022-07-08 12:29:41.154000,1.29881,1.29856,1800000,1200000
2022-07-08 12:29:41.256000,1.2988,1.29855,1200000,1200000
2022-07-08 12:29:41.403000,1.29881,1.29855,1200000,1200000
2022-07-08 12:29:41.746000,1.29879,1.29856,1200000,1200000
2022-07-08 12:29:41.945000,1.29881,1.29855,1200000,1200000
2022-07-08 12:29:42.346000,1.29881,1.29856,1200000,1200000
2022-07-08 12:29:42.638000,1.2988,1.29855,1200000,1200000
2022-07-08 12:29:43.238000,1.29881,1.29855,1200000,1200000
2022-07-08 12:29:43.460000,1.2988,1.29855,1200000,1200000
2022-07-08 12:29:43.623000,1.29881,1.29855,1200000,1200000
2022-07-08 12:29:44.355000,1.29882,1.29855,1200000,1200000
2022-07-08 12:29:44.959000,1.29882,1.29856,1200000,1200000
2022-07-08 12:29:45.132000,1.29882,1.29855,1200000,1200000
2022-07-08 12:29:45.405000,1.29883,1.29855,1200000,1200000
2022-07-08 12:29:45.574000,1.29882,1.29855,1200000,1200000
2022-07-08 12:29:45.861000,1.29883,1.29857,1200000,1200000
2022-07-08 12:29:46.051000,1.29883,1.29856,1200000,1200000
2022-07-08 12:29:47.956000,1.29884,1.29856,1200000,1200000
2022-07-08 12:29:48.058000,1.29883,1.2986,1200000,1200000
2022-07-08 12:29:48.498000,1.29884,1.29857,1200000,1800000
2022-07-08 12:29:48.549000,1.29884,1.2986,1200000,1200000
2022-07-08 12:29:49.314000,1.29884,1.29857,1200000,1200000
2022-07-08 12:29:49.927000,1.29884,1.29855,1200000,2700000
2022-07-08 12:29:50.079000,1.29882,1.29856,1600000,1800000
2022-07-08 12:29:50.253000,1.29884,1.29855,2220000,1200000
2022-07-08 12:29:50.354000,1.29885,1.29855,2200000,1200000
2022-07-08 12:29:50.455000,1.29884,1.29855,1700000,1200000
2022-07-08 12:29:50.512000,1.2988,1.29856,1200000,1200000
2022-07-08 12:29:51.057000,1.29883,1.29856,1700000,1200000
2022-07-08 12:29:51.292000,1.2988,1.29856,1200000,1200000
2022-07-08 12:29:51.793000,1.2988,1.29855,1200000,1200000
2022-07-08 12:29:51.924000,1.29879,1.29855,1200000,1200000
2022-07-08 12:29:52.040000,1.2988,1.29853,1200000,1200000
2022-07-08 12:29:52.213000,1.2988,1.29855,1200000,1200000
2022-07-08 12:29:52.706000,1.29879,1.29854,1200000,1800000
2022-07-08 12:29:52.807000,1.2988,1.29852,1200000,1800000
2022-07-08 12:29:52.909000,1.2988,1.29857,1200000,1200000
2022-07-08 12:29:53.062000,1.2988,1.29855,1200000,1800000
2022-07-08 12:29:53.164000,1.29879,1.29855,1200000,1200000
2022-07-08 12:29:53.301000,1.2988,1.29855,1200000,1200000
2022-07-08 12:29:54.328000,1.2988,1.29858,1200000,1200000
2022-07-08 12:29:54.935000,1.2988,1.29857,1200000,1200000
2022-07-08 12:29:55.526000,1.2988,1.29855,1200000,1800000
2022-07-08 12:29:55.577000,1.29879,1.29858,1200000,1200000
2022-07-08 12:29:55.741000,1.2988,1.29855,1200000,1200000
2022-07-08 12:29:56.420000,1.29879,1.29859,1200000,1200000
2022-07-08 12:29:56.669000,1.2988,1.29856,1200000,1200000
2022-07-08 12:29:56.999000,1.2988,1.29859,1200000,1200000
2022-07-08 12:29:57.138000,1.2988,1.29857,1200000,1800000
2022-07-08 12:29:57.189000,1.2988,1.29854,1200000,1200000
2022-07-08 12:29:57.375000,1.2988,1.29855,1200000,1200000
2022-07-08 12:29:57.575000,1.2988,1.29856,1200000,1200000
2022-07-08 12:29:57.776000,1.2988,1.29854,1200000,1800000
2022-07-08 12:29:57.989000,1.2988,1.29853,1200000,1200000
2022-07-08 12:29:58.178000,1.29879,1.29853,1200000,1200000
2022-07-08 12:29:59.262000,1.2989,1.29852,1200000,1600000
2022-07-08 12:29:59.415000,1.2989,1.29853,1800000,1600000
2022-07-08 12:29:59.689000,1.29891,1.29855,1200000,1100000
2022-07-08 12:29:59.740000,1.29891,1.29852,1200000,1100000
2022-07-08 12:29:59.791000,1.2989,1.29859,1200000,1100000
2022-07-08 12:29:59.918000,1.29891,1.2986,1200000,1100000
2022-07-08 12:30:00.280000,1.29896,1.29876,1200000,1200000
2022-07-08 12:30:00.432000,1.29897,1.29874,1200000,1200000
2022-07-08 12:30:00.578000,1.29896,1.29873,1800000,1200000
2022-07-08 12:30:00.926000,1.2989,1.29874,1800000,1200000
2022-07-08 12:30:01.126000,1.29901,1.29886,1200000,1200000
2022-07-08 12:30:01.176000,1.29953,1.29917,450000,900000
2022-07-08 12:30:01.227000,1.2996,1.29933,900000,900000
2022-07-08 12:30:01.279000,1.29981,1.29949,1200000,1200000
2022-07-08 12:30:01.330000,1.29999,1.29963,1300000,1200000
2022-07-08 12:30:01.380000,1.29995,1.29963,1200000,1200000
2022-07-08 12:30:01.431000,1.30003,1.29983,1800000,900000
2022-07-08 12:30:01.482000,1.30013,1.29983,970000,1200000
2022-07-08 12:30:01.583000,1.30028,1.29991,1200000,1200000
2022-07-08 12:30:01.684000,1.30033,1.29987,900000,900000
2022-07-08 12:30:01.785000,1.3003,1.29989,1200000,1200000
2022-07-08 12:30:01.886000,1.3003,1.29991,1200000,1200000
2022-07-08 12:30:02.378000,1.30041,1.30001,1200000,1200000
2022-07-08 12:30:02.479000,1.30038,1.30003,1200000,1350000
2022-07-08 12:30:02.529000,1.30038,1.30004,1200000,1200000
2022-07-08 12:30:02.580000,1.30033,1.30003,1200000,1200000
2022-07-08 12:30:02.631000,1.30001,1.29978,900000,450000
2022-07-08 12:30:02.732000,1.30006,1.29968,1200000,1200000
2022-07-08 12:30:02.949000,1.30007,1.29968,1200000,1200000
2022-07-08 12:30:03.021000,1.3,1.29965,1200000,1200000
2022-07-08 12:30:03.128000,1.29995,1.29965,1200000,1200000
2022-07-08 12:30:03.229000,1.29994,1.2997,1200000,1200000
2022-07-08 12:30:03.362000,1.30007,1.29975,1200000,1200000
2022-07-08 12:30:03.463000,1.30007,1.29972,1200000,1200000
2022-07-08 12:30:03.614000,1.30006,1.29974,1200000,1200000
2022-07-08 12:30:03.862000,1.30009,1.29978,1800000,1200000
2022-07-08 12:30:03.963000,1.30009,1.2997,1800000,1200000
2022-07-08 12:30:04.145000,1.30008,1.29972,1200000,1200000
2022-07-08 12:30:04.345000,1.30009,1.2997,1200000,1200000
2022-07-08 12:30:04.521000,1.30008,1.2997,1200000,1200000
2022-07-08 12:30:04.572000,1.30007,1.29978,1200000,1200000
2022-07-08 12:30:04.622000,1.30015,1.29978,1100000,1200000
2022-07-08 12:30:04.747000,1.30014,1.29977,1100000,1200000
2022-07-08 12:30:04.798000,1.30015,1.29973,1100000,1200000
2022-07-08 12:30:04.899000,1.30015,1.29973,1100000,1200000
2022-07-08 12:30:05,1.3002,1.29991,1300000,1200000
2022-07-08 12:30:05.152000,1.30024,1.29995,1200000,1600000
2022-07-08 12:30:05.203000,1.30031,1.30007,1200000,1200000
2022-07-08 12:30:05.254000,1.30042,1.30007,1100000,1200000
2022-07-08 12:30:05.305000,1.30042,1.30007,1100000,1200000
2022-07-08 12:30:05.406000,1.30038,1.30004,1800000,1200000
2022-07-08 12:30:05.457000,1.30028,1.30001,1200000,1200000
2022-07-08 12:30:05.577000,1.3004,1.30005,1300000,1200000
2022-07-08 12:30:05.628000,1.30038,1.30004,1800000,1200000
2022-07-08 12:30:05.879000,1.3004,1.30007,1600000,1200000
2022-07-08 12:30:05.980000,1.30032,1.29998,1200000,1200000
2022-07-08 12:30:06.031000,1.3001,1.29975,1200000,1200000
2022-07-08 12:30:06.132000,1.30006,1.29974,1200000,1200000
2022-07-08 12:30:06.234000,1.30014,1.29977,1600000,1200000
2022-07-08 12:30:06.284000,1.30016,1.29978,1100000,1200000
2022-07-08 12:30:06.335000,1.30012,1.29983,1200000,1200000
2022-07-08 12:30:06.436000,1.30014,1.29999,1200000,1200000
2022-07-08 12:30:06.538000,1.30013,1.30006,1200000,1200000
2022-07-08 12:30:06.588000,1.3002,1.30007,900000,1200000
2022-07-08 12:30:06.639000,1.3002,1.29999,900000,1350000
2022-07-08 12:30:06.717000,1.3002,1.30001,900000,1200000
2022-07-08 12:30:06.768000,1.30023,1.29994,1200000,1200000
2022-07-08 12:30:06.819000,1.3003,1.29995,1200000,1200000
2022-07-08 12:30:06.869000,1.30034,1.29995,1600000,1200000
2022-07-08 12:30:06.920000,1.30031,1.29994,1200000,1200000
2022-07-08 12:30:06.971000,1.30032,1.29998,1200000,1200000
2022-07-08 12:30:07.072000,1.30033,1.30002,1200000,1200000
2022-07-08 12:30:07.123000,1.30038,1.30002,2100000,1200000
2022-07-08 12:30:07.174000,1.30041,1.30006,1200000,1200000
2022-07-08 12:30:07.225000,1.30046,1.30006,1620000,1200000
2022-07-08 12:30:07.335000,1.30046,1.30008,1620000,1200000
2022-07-08 12:30:07.538000,1.30044,1.30016,1120000,1200000
2022-07-08 12:30:07.725000,1.30047,1.30016,1620000,1200000
2022-07-08 12:30:07.826000,1.30048,1.30024,1120000,1200000
2022-07-08 12:30:07.928000,1.30055,1.30031,1200000,1120000
2022-07-08 12:30:07.979000,1.30072,1.30041,1240000,1200000
2022-07-08 12:30:08.080000,1.30075,1.30029,1600000,1600000
2022-07-08 12:30:08.131000,1.30075,1.3006,1200000,1350000
2022-07-08 12:30:08.182000,1.30092,1.30076,1200000,1620000
2022-07-08 12:30:08.232000,1.30092,1.30056,1350000,2120000
2022-07-08 12:30:08.283000,1.30086,1.30074,1200000,900000
2022-07-08 12:30:08.334000,1.30092,1.30063,1200000,1100000
2022-07-08 12:30:08.435000,1.30089,1.30064,1200000,1100000
2022-07-08 12:30:08.881000,1.30089,1.3006,1350000,1200000
2022-07-08 12:30:08.983000,1.3009,1.3006,1800000,1200000
2022-07-08 12:30:09.122000,1.3009,1.3006,1600000,1200000
2022-07-08 12:30:09.173000,1.3009,1.30061,1200000,1100000
2022-07-08 12:30:09.364000,1.30092,1.3006,1200000,1100000
2022-07-08 12:30:09.465000,1.30091,1.3006,1200000,1100000
2022-07-08 12:30:09.516000,1.30092,1.3006,2700000,1200000
2022-07-08 12:30:09.567000,1.30086,1.30072,1200000,1120000
2022-07-08 12:30:09.618000,1.30097,1.30072,1200000,1120000
2022-07-08 12:30:10.054000,1.30111,1.30096,1100000,1620000
2022-07-08 12:30:10.105000,1.30114,1.30088,1100000,1200000
2022-07-08 12:30:10.156000,1.30112,1.30077,1600000,2200000
2022-07-08 12:30:10.207000,1.30112,1.30092,1200000,1200000
2022-07-08 12:30:10.258000,1.3013,1.30106,1230000,1620000
2022-07-08 12:30:10.374000,1.3013,1.30117,130000,1600000
2022-07-08 12:30:10.475000,1.30155,1.30128,1200000,1200000
2022-07-08 12:30:10.526000,1.3013,1.30117,130000,1700000
2022-07-08 12:30:10.628000,1.3013,1.30118,130000,1700000
2022-07-08 12:30:10.858000,1.30154,1.30135,1200000,1200000
2022-07-08 12:30:10.909000,1.30155,1.30126,1200000,1600000
2022-07-08 12:30:11.102000,1.30163,1.30132,1600000,1200000
2022-07-08 12:30:11.204000,1.30164,1.30132,1620000,2120000
2022-07-08 12:30:11.305000,1.30155,1.30134,1200000,1120000
2022-07-08 12:30:11.356000,1.30155,1.30129,1200000,1120000
2022-07-08 12:30:11.407000,1.30162,1.30131,1120000,1120000
2022-07-08 12:30:11.458000,1.30155,1.30136,1200000,1200000
2022-07-08 12:30:11.509000,1.30155,1.30126,1200000,1620000
2022-07-08 12:30:11.559000,1.30164,1.30132,1240000,1320000
2022-07-08 12:30:11.711000,1.30162,1.30141,1200000,1120000
2022-07-08 12:30:11.762000,1.30162,1.30143,1200000,1320000
2022-07-08 12:30:11.813000,1.30164,1.30143,1350000,1320000
2022-07-08 12:30:12.016000,1.30164,1.30147,1200000,1620000
2022-07-08 12:30:12.067000,1.30174,1.30157,1200000,1200000
2022-07-08 12:30:12.118000,1.30175,1.30147,1200000,1700000
2022-07-08 12:30:12.220000,1.30175,1.30149,1320000,1200000
2022-07-08 12:30:12.378000,1.30175,1.30149,1120000,1200000
2022-07-08 12:30:12.480000,1.30208,1.30193,1200000,1200000
2022-07-08 12:30:12.531000,1.30216,1.30168,1600000,1700000
2022-07-08 12:30:12.582000,1.30222,1.30186,1100000,2220000
2022-07-08 12:30:12.683000,1.30223,1.30194,1200000,1200000
2022-07-08 12:30:12.734000,1.30223,1.30193,1120000,1200000
2022-07-08 12:30:12.835000,1.3023,1.30194,1100000,1120000
2022-07-08 12:30:12.886000,1.30232,1.30191,1100000,2200000
2022-07-08 12:30:12.987000,1.30215,1.30191,1200000,2200000
2022-07-08 12:30:13.149000,1.30215,1.30193,1200000,1120000
2022-07-08 12:30:13.330000,1.30214,1.30187,1200000,1200000
2022-07-08 12:30:13.381000,1.30206,1.30191,1200000,2370000
2022-07-08 12:30:13.432000,1.30214,1.30191,1200000,2370000
2022-07-08 12:30:13.483000,1.30214,1.30194,1200000,1200000
2022-07-08 12:30:13.534000,1.30215,1.30176,1200000,1600000
2022-07-08 12:30:13.585000,1.30218,1.30194,1200000,1120000
2022-07-08 12:30:13.686000,1.30214,1.30196,1200000,1120000
2022-07-08 12:30:13.787000,1.30219,1.30195,1200000,1120000
2022-07-08 12:30:13.838000,1.30223,1.30195,1200000,1120000
2022-07-08 12:30:13.889000,1.30223,1.30195,1200000,1200000
2022-07-08 12:30:13.940000,1.30236,1.30215,2250000,450000
2022-07-08 12:30:14.042000,1.30239,1.30196,1200000,2950000
2022-07-08 12:30:14.143000,1.3024,1.30205,1200000,1600000
2022-07-08 12:30:14.245000,1.30232,1.30205,1200000,1600000
2022-07-08 12:30:14.296000,1.3024,1.30208,1200000,1100000
2022-07-08 12:30:14.447000,1.30249,1.30213,1600000,1600000
2022-07-08 12:30:14.549000,1.30255,1.30219,1100000,1600000
2022-07-08 12:30:14.600000,1.30249,1.30219,1200000,1600000
2022-07-08 12:30:14.651000,1.30255,1.30219,1350000,1600000
2022-07-08 12:30:14.752000,1.30253,1.30227,1600000,1200000
2022-07-08 12:30:14.803000,1.30248,1.30214,1200000,1700000
2022-07-08 12:30:14.854000,1.30249,1.30213,1200000,1600000
2022-07-08 12:30:14.905000,1.30257,1.30219,1200000,1600000
2022-07-08 12:30:15.006000,1.30253,1.30219,1200000,1600000
2022-07-08 12:30:15.108000,1.30256,1.3022,1200000,1600000
2022-07-08 12:30:15.209000,1.30257,1.30222,1200000,1600000
2022-07-08 12:30:15.260000,1.30257,1.30219,1200000,1600000
2022-07-08 12:30:15.361000,1.30261,1.30219,1200000,1600000
2022-07-08 12:30:15.462000,1.3026,1.3022,1200000,1600000
2022-07-08 12:30:15.513000,1.30271,1.30237,1200000,1600000
2022-07-08 12:30:15.615000,1.3027,1.30236,1600000,1600000
2022-07-08 12:30:15.884000,1.3027,1.30236,1200000,1600000
2022-07-08 12:30:15.935000,1.30266,1.30236,1200000,1600000
2022-07-08 12:30:15.986000,1.30265,1.30228,1200000,1720000
2022-07-08 12:30:16.037000,1.30266,1.30227,1200000,1720000
2022-07-08 12:30:16.156000,1.30266,1.30227,1200000,1720000
2022-07-08 12:30:16.212000,1.30266,1.30227,1800000,1200000
2022-07-08 12:30:16.314000,1.30265,1.30225,1800000,1100000
2022-07-08 12:30:16.415000,1.30266,1.30224,1800000,1100000
2022-07-08 12:30:16.516000,1.30266,1.30224,1200000,1100000
2022-07-08 12:30:16.567000,1.30266,1.30224,1200000,1100000
2022-07-08 12:30:16.618000,1.30265,1.30228,1200000,1600000
2022-07-08 12:30:16.669000,1.30262,1.30227,1200000,1600000
2022-07-08 12:30:16.771000,1.30261,1.30227,1200000,1600000
2022-07-08 12:30:16.821000,1.30261,1.30227,1200000,1600000
2022-07-08 12:30:16.923000,1.30265,1.30227,1600000,1600000
2022-07-08 12:30:17.025000,1.30261,1.30228,1200000,1600000
2022-07-08 12:30:17.126000,1.30263,1.30227,1200000,1600000
2022-07-08 12:30:17.177000,1.30265,1.30249,1600000,970000
2022-07-08 12:30:17.279000,1.30274,1.30244,1200000,1200000
2022-07-08 12:30:17.330000,1.30277,1.30244,1200000,1200000
2022-07-08 12:30:17.563000,1.30277,1.30244,1200000,1120000
2022-07-08 12:30:17.614000,1.30291,1.30253,1720000,1200000
2022-07-08 12:30:17.665000,1.30328,1.30291,1100000,1600000
2022-07-08 12:30:17.716000,1.30335,1.30295,1100000,1120000
2022-07-08 12:30:17.767000,1.30337,1.30299,1200000,1200000
2022-07-08 12:30:17.818000,1.30333,1.30304,1200000,1200000
2022-07-08 12:30:17.919000,1.30324,1.30311,1200000,1200000
2022-07-08 12:30:17.970000,1.30332,1.30311,1600000,1200000
2022-07-08 12:30:18.021000,1.30335,1.30297,1100000,1350000
2022-07-08 12:30:18.072000,1.30324,1.30298,1200000,1350000
2022-07-08 12:30:18.174000,1.30333,1.3029,1200000,1300000
2022-07-08 12:30:18.326000,1.30325,1.30287,1200000,1800000
2022-07-08 12:30:18.428000,1.30316,1.30287,1200000,1200000
2022-07-08 12:30:18.530000,1.30323,1.30287,1320000,1200000
2022-07-08 12:30:18.581000,1.30316,1.30287,1200000,1200000
2022-07-08 12:30:18.682000,1.30312,1.3028,1200000,1100000
2022-07-08 12:30:18.783000,1.30315,1.30279,1200000,1400000
2022-07-08 12:30:18.885000,1.30312,1.30288,1200000,1200000
2022-07-08 12:30:18.986000,1.30314,1.30279,1200000,1700000
2022-07-08 12:30:19.088000,1.30314,1.30287,1200000,1200000
2022-07-08 12:30:19.139000,1.30312,1.30287,1200000,1200000
2022-07-08 12:30:19.240000,1.30308,1.30289,1200000,1200000
2022-07-08 12:30:19.342000,1.30312,1.30288,1200000,1200000
2022-07-08 12:30:19.393000,1.30316,1.30288,1200000,1200000
2022-07-08 12:30:19.507000,1.3031,1.30288,1200000,1200000
2022-07-08 12:30:19.615000,1.30308,1.30278,1200000,1820000
2022-07-08 12:30:19.717000,1.30305,1.30287,1600000,1200000
2022-07-08 12:30:19.769000,1.30312,1.30288,1720000,1200000
2022-07-08 12:30:19.820000,1.30312,1.30288,1200000,1200000
2022-07-08 12:30:19.921000,1.30325,1.30287,1720000,1300000
2022-07-08 12:30:19.972000,1.30325,1.30295,1100000,1200000
2022-07-08 12:30:20.025000,1.30331,1.30304,1100000,1200000
2022-07-08 12:30:20.077000,1.30331,1.30298,1100000,1200000
2022-07-08 12:30:20.128000,1.30331,1.3029,1100000,1520000
2022-07-08 12:30:20.230000,1.30329,1.30292,1200000,1350000
2022-07-08 12:30:20.337000,1.30329,1.30294,1200000,1200000
2022-07-08 12:30:20.489000,1.30328,1.30293,1200000,1800000
2022-07-08 12:30:20.540000,1.30316,1.30289,1200000,1600000
2022-07-08 12:30:20.641000,1.30323,1.30287,1200000,1600000
2022-07-08 12:30:20.692000,1.30316,1.30287,1200000,1200000
2022-07-08 12:30:20.844000,1.30322,1.30287,1200000,1200000
2022-07-08 12:30:20.895000,1.30308,1.30275,1200000,1600000
2022-07-08 12:30:20.946000,1.30316,1.30281,1600000,1600000
2022-07-08 12:30:21.047000,1.30316,1.30281,1200000,1600000
2022-07-08 12:30:21.393000,1.30319,1.30282,1800000,1600000
2022-07-08 12:30:21.495000,1.30316,1.30281,1200000,1200000
2022-07-08 12:30:21.596000,1.30316,1.30276,1200000,1600000
2022-07-08 12:30:21.748000,1.30316,1.30287,1200000,1200000
2022-07-08 12:30:21.850000,1.30332,1.30304,1850000,1200000
2022-07-08 12:30:21.951000,1.30314,1.30298,1200000,1100000
2022-07-08 12:30:22.002000,1.30311,1.30285,1200000,1100000
2022-07-08 12:30:22.104000,1.3031,1.30282,1200000,1100000
2022-07-08 12:30:22.155000,1.30307,1.30281,1200000,1100000
2022-07-08 12:30:22.206000,1.30307,1.30281,1200000,1200000
2022-07-08 12:30:23.656000,1.30307,1.30279,1200000,1100000
2022-07-08 12:30:23.936000,1.30307,1.30279,1200000,1100000
2022-07-08 12:30:24.348000,1.30306,1.30279,1200000,1720000
2022-07-08 12:30:24.449000,1.30298,1.30273,1200000,1100000
2022-07-08 12:30:24.695000,1.30299,1.30274,1200000,1100000
2022-07-08 12:30:25.225000,1.30298,1.30274,1200000,1200000
2022-07-08 12:30:25.326000,1.30299,1.3027,1200000,1600000
2022-07-08 12:30:25.478000,1.30299,1.3027,1200000,1120000
2022-07-08 12:30:25.681000,1.30303,1.3027,1600000,1300000
2022-07-08 12:30:25.732000,1.30305,1.30278,1100000,1200000
2022-07-08 12:30:25.783000,1.30308,1.30278,1200000,1200000
2022-07-08 12:30:25.885000,1.30307,1.30275,1200000,1350000
2022-07-08 12:30:25.987000,1.30311,1.30291,1600000,1200000
2022-07-08 12:30:26.089000,1.30307,1.30291,1200000,1200000
2022-07-08 12:30:26.190000,1.3031,1.30292,1200000,1200000
2022-07-08 12:30:26.425000,1.30323,1.30296,1100000,2470000
2022-07-08 12:30:26.527000,1.30322,1.30303,1200000,1200000
2022-07-08 12:30:26.578000,1.30328,1.30297,1720000,1300000
2022-07-08 12:30:26.629000,1.30329,1.30298,1720000,1200000
2022-07-08 12:30:26.680000,1.3033,1.30296,1720000,1050000
2022-07-08 12:30:26.782000,1.30323,1.30301,1200000,1200000
2022-07-08 12:30:26.833000,1.30322,1.30294,1200000,1850000
2022-07-08 12:30:27.146000,1.3032,1.30293,1200000,1300000
2022-07-08 12:30:27.197000,1.30322,1.30296,1200000,1200000
2022-07-08 12:30:27.399000,1.30323,1.30295,1600000,1200000
2022-07-08 12:30:27.501000,1.30322,1.30296,1350000,1200000
2022-07-08 12:30:27.552000,1.30322,1.30295,2250000,1050000
2022-07-08 12:30:27.602000,1.30323,1.30295,1350000,1300000
2022-07-08 12:30:27.653000,1.30333,1.30302,1300000,1300000
2022-07-08 12:30:27.755000,1.30323,1.30301,1350000,1200000
2022-07-08 12:30:27.806000,1.30322,1.30294,1350000,1300000
2022-07-08 12:30:27.857000,1.30315,1.30294,1200000,1200000
2022-07-08 12:30:27.908000,1.30315,1.3029,1200000,1200000
2022-07-08 12:30:27.959000,1.30315,1.30286,1200000,1050000
2022-07-08 12:30:28.010000,1.30315,1.3029,1200000,1200000
2022-07-08 12:30:28.061000,1.30315,1.30285,1200000,1300000
2022-07-08 12:30:28.668000,1.30315,1.30289,1200000,1200000
2022-07-08 12:30:28.789000,1.30315,1.30284,1200000,1050000
2022-07-08 12:30:28.840000,1.30312,1.30284,1200000,1050000
2022-07-08 12:30:28.891000,1.30312,1.30286,1200000,1200000
2022-07-08 12:30:29.157000,1.30314,1.30285,1350000,1300000
2022-07-08 12:30:29.317000,1.30314,1.30287,1350000,1100000
2022-07-08 12:30:29.531000,1.30315,1.30286,1350000,1100000
2022-07-08 12:30:29.685000,1.30315,1.30287,1350000,1100000
2022-07-08 12:30:29.807000,1.30315,1.30286,1350000,1100000
2022-07-08 12:30:29.908000,1.30315,1.30286,1350000,1100000
2022-07-08 12:30:30.010000,1.30315,1.30284,1350000,1420000
2022-07-08 12:30:30.162000,1.30318,1.30288,1100000,2100000
2022-07-08 12:30:30.263000,1.30315,1.30287,1200000,1720000
2022-07-08 12:30:30.365000,1.30315,1.30287,1200000,1100000
2022-07-08 12:30:30.467000,1.30315,1.30287,1200000,2100000
2022-07-08 12:30:30.742000,1.30323,1.30289,2400000,1100000
2022-07-08 12:30:30.793000,1.30315,1.30287,1200000,1610000
2022-07-08 12:30:30.894000,1.30321,1.30288,1900000,1610000
2022-07-08 12:30:30.996000,1.30315,1.30287,1200000,1610000
2022-07-08 12:30:31.097000,1.30305,1.30286,1200000,1200000
2022-07-08 12:30:31.199000,1.30306,1.30284,1200000,1200000
2022-07-08 12:30:31.418000,1.30306,1.30283,1200000,1200000
2022-07-08 12:30:31.519000,1.30303,1.30279,1200000,1800000
2022-07-08 12:30:31.621000,1.30305,1.30281,1300000,1100000
2022-07-08 12:30:31.723000,1.30319,1.30296,1300000,1350000
2022-07-08 12:30:31.774000,1.30324,1.30297,1420000,1200000
2022-07-08 12:30:31.977000,1.30322,1.30296,1300000,1850000
2022-07-08 12:30:32.084000,1.30317,1.30295,1200000,1850000
2022-07-08 12:30:32.135000,1.30323,1.30295,1800000,1200000
2022-07-08 12:30:32.186000,1.30314,1.30296,1200000,1200000
2022-07-08 12:30:32.237000,1.30323,1.30295,1800000,1200000
2022-07-08 12:30:32.339000,1.30323,1.30291,1800000,1850000
2022-07-08 12:30:32.390000,1.30314,1.30292,1200000,1850000
2022-07-08 12:30:32.492000,1.30322,1.30292,2300000,1850000
2022-07-08 12:30:32.593000,1.30315,1.30286,1600000,1050000
2022-07-08 12:30:32.897000,1.30321,1.30293,1800000,1200000
2022-07-08 12:30:32.999000,1.3032,1.30294,1800000,1100000
2022-07-08 12:30:33.151000,1.3032,1.30291,1850000,1100000
2022-07-08 12:30:33.303000,1.30321,1.30291,1900000,1100000
2022-07-08 12:30:33.354000,1.3032,1.30296,1800000,1600000
2022-07-08 12:30:33.405000,1.3032,1.30296,1420000,1600000
2022-07-08 12:30:33.507000,1.3032,1.30292,1420000,1400000
2022-07-08 12:30:33.609000,1.30314,1.30296,1900000,1200000
2022-07-08 12:30:33.710000,1.30306,1.30282,1800000,1200000
2022-07-08 12:30:33.761000,1.30305,1.30278,1800000,1100000
2022-07-08 12:30:33.813000,1.30308,1.30279,1800000,1100000
2022-07-08 12:30:33.915000,1.30308,1.30279,1850000,1600000
2022-07-08 12:30:34.016000,1.30308,1.3028,1850000,1100000
2022-07-08 12:30:34.067000,1.30313,1.30287,1850000,1100000
2022-07-08 12:30:34.118000,1.30318,1.30288,1800000,1600000
2022-07-08 12:30:34.220000,1.30312,1.30284,1600000,1100000
2022-07-08 12:30:34.322000,1.30314,1.30285,1800000,1100000
2022-07-08 12:30:34.423000,1.30314,1.30285,1900000,1100000
2022-07-08 12:30:34.474000,1.30314,1.30286,2020000,1350000
2022-07-08 12:30:34.525000,1.30314,1.30286,2020000,1100000
2022-07-08 12:30:34.627000,1.30303,1.3028,1200000,1100000
2022-07-08 12:30:34.678000,1.30306,1.30277,1900000,1200000
2022-07-08 12:30:34.780000,1.30309,1.30278,1850000,1120000
2022-07-08 12:30:34.881000,1.30309,1.30278,2400000,1850000
2022-07-08 12:30:34.983000,1.30305,1.30277,2300000,1350000
2022-07-08 12:30:35.085000,1.30309,1.30278,1800000,2100000
2022-07-08 12:30:35.351000,1.30309,1.30279,1800000,1050000
2022-07-08 12:30:35.404000,1.30313,1.30279,1800000,2100000
2022-07-08 12:30:35.506000,1.30313,1.30279,1800000,2100000
2022-07-08 12:30:35.658000,1.30314,1.30287,1800000,1200000
2022-07-08 12:30:35.759000,1.30313,1.30289,1900000,1600000
2022-07-08 12:30:35.861000,1.30315,1.3029,1900000,1100000
2022-07-08 12:30:35.963000,1.30318,1.30291,1900000,1200000
2022-07-08 12:30:36.195000,1.30317,1.30293,1900000,1200000
2022-07-08 12:30:36.297000,1.30315,1.30291,1800000,1200000
2022-07-08 12:30:36.518000,1.30314,1.30291,1900000,1200000
2022-07-08 12:30:37.023000,1.30317,1.3029,1900000,1100000
2022-07-08 12:30:37.176000,1.30314,1.30289,1400000,1600000
2022-07-08 12:30:37.277000,1.30306,1.30285,1570000,1350000
2022-07-08 12:30:37.439000,1.30305,1.30286,1350000,1600000
2022-07-08 12:30:37.541000,1.30306,1.30287,1900000,1200000
2022-07-08 12:30:37.780000,1.30312,1.30283,1900000,1600000
2022-07-08 12:30:37.881000,1.30306,1.30279,1900000,1600000
2022-07-08 12:30:37.932000,1.30303,1.30279,1850000,1850000
2022-07-08 12:30:38.394000,1.30303,1.30279,1850000,1850000
2022-07-08 12:30:38.546000,1.30306,1.3028,1850000,1200000
2022-07-08 12:30:38.666000,1.30303,1.30283,1100000,1200000
2022-07-08 12:30:38.768000,1.30308,1.30281,1850000,1350000
2022-07-08 12:30:38.869000,1.30308,1.30282,1850000,1200000
2022-07-08 12:30:38.973000,1.30307,1.30284,1850000,1200000
2022-07-08 12:30:39.075000,1.30306,1.30283,1850000,1200000
2022-07-08 12:30:39.176000,1.30306,1.30285,1850000,1200000
2022-07-08 12:30:39.281000,1.30307,1.30283,1850000,1200000
2022-07-08 12:30:39.333000,1.30306,1.30281,1850000,1200000
2022-07-08 12:30:39.384000,1.30303,1.30279,1850000,1600000
2022-07-08 12:30:39.485000,1.30304,1.30278,1800000,1600000
2022-07-08 12:30:39.587000,1.30304,1.30278,1850000,1600000
2022-07-08 12:30:39.688000,1.30297,1.30276,1600000,1600000
2022-07-08 12:30:39.790000,1.30297,1.30274,1850000,1350000
2022-07-08 12:30:39.993000,1.30294,1.3027,1100000,1850000
2022-07-08 12:30:40.044000,1.30289,1.3027,1200000,1600000
2022-07-08 12:30:40.095000,1.30296,1.30267,1900000,1350000
2022-07-08 12:30:40.305000,1.30294,1.30272,1850000,1100000
2022-07-08 12:30:40.407000,1.30294,1.30273,1800000,1600000
2022-07-08 12:30:40.508000,1.30295,1.30272,1800000,1600000
2022-07-08 12:30:40.609000,1.30293,1.30272,1200000,1600000
2022-07-08 12:30:40.761000,1.30295,1.30272,1850000,1100000
2022-07-08 12:30:40.863000,1.30287,1.3027,1200000,2250000
2022-07-08 12:30:40.964000,1.30297,1.30278,1970000,1200000
2022-07-08 12:30:41.066000,1.30304,1.30281,1850000,1200000
2022-07-08 12:30:41.218000,1.30305,1.30281,2300000,1300000
2022-07-08 12:30:41.269000,1.30305,1.30282,2470000,1200000
2022-07-08 12:30:41.371000,1.30306,1.3028,2420000,1100000
2022-07-08 12:30:41.422000,1.30298,1.30277,1350000,1600000
2022-07-08 12:30:41.473000,1.30297,1.30276,1350000,1650000
2022-07-08 12:30:41.575000,1.303,1.30271,1800000,1350000
2022-07-08 12:30:41.626000,1.30298,1.30272,1850000,1200000
2022-07-08 12:30:42,1.30297,1.30271,1900000,2050000
2022-07-08 12:30:42.101000,1.30297,1.30271,1900000,2100000
2022-07-08 12:30:42.152000,1.30298,1.3027,1900000,2100000
2022-07-08 12:30:42.304000,1.30298,1.30271,1850000,1100000
2022-07-08 12:30:42.481000,1.30289,1.30269,1200000,1200000
2022-07-08 12:30:42.585000,1.30289,1.30267,1200000,1720000
2022-07-08 12:30:43.344000,1.30289,1.30267,1300000,1720000
2022-07-08 12:30:43.445000,1.30281,1.30264,1200000,1600000
2022-07-08 12:30:43.496000,1.30281,1.30264,1350000,1200000
2022-07-08 12:30:43.547000,1.30281,1.30259,1570000,1400000
2022-07-08 12:30:43.648000,1.30281,1.30259,1420000,1400000
2022-07-08 12:30:43.984000,1.30281,1.30259,1570000,1400000
2022-07-08 12:30:44.035000,1.30268,1.30256,1200000,1600000
2022-07-08 12:30:44.086000,1.30272,1.30255,1800000,1200000
2022-07-08 12:30:44.137000,1.30272,1.30246,1800000,2850000
2022-07-08 12:30:44.238000,1.30264,1.30242,1200000,1600000
2022-07-08 12:30:44.340000,1.30262,1.30241,1300000,1100000
2022-07-08 12:30:44.391000,1.30255,1.30232,1200000,1600000
2022-07-08 12:30:44.543000,1.30247,1.30227,1200000,1100000
2022-07-08 12:30:44.594000,1.30246,1.30225,1200000,1100000
2022-07-08 12:30:44.746000,1.30247,1.30223,1200000,1100000
2022-07-08 12:30:44.848000,1.30247,1.30221,1600000,1050000
2022-07-08 12:30:44.949000,1.30247,1.30223,1600000,1200000
2022-07-08 12:30:45.494000,1.30238,1.3022,1200000,1100000
2022-07-08 12:30:45.545000,1.30238,1.30212,1600000,1100000
2022-07-08 12:30:45.667000,1.30238,1.3021,1600000,1720000
2022-07-08 12:30:45.721000,1.30229,1.30211,1200000,1100000
2022-07-08 12:30:45.772000,1.30229,1.30206,1200000,1600000
2022-07-08 12:30:45.873000,1.30237,1.30217,1900000,1200000
2022-07-08 12:30:45.975000,1.30238,1.30216,1200000,1200000
2022-07-08 12:30:46.076000,1.30238,1.30214,1200000,1420000
2022-07-08 12:30:46.127000,1.30237,1.3021,1600000,1900000
2022-07-08 12:30:46.228000,1.30238,1.3021,1600000,2050000
2022-07-08 12:30:46.431000,1.30238,1.30219,1600000,1200000
2022-07-08 12:30:46.533000,1.30237,1.30212,1600000,1350000
2022-07-08 12:30:46.634000,1.30244,1.30211,1900000,1150000
2022-07-08 12:30:46.736000,1.30244,1.30216,1850000,1350000
2022-07-08 12:30:47.110000,1.30241,1.30211,2300000,1100000
2022-07-08 12:30:47.161000,1.30241,1.30211,2350000,1720000
2022-07-08 12:30:48.140000,1.30241,1.30211,1850000,2050000
2022-07-08 12:30:48.292000,1.30244,1.30216,2400000,1600000
2022-07-08 12:30:48.394000,1.30247,1.30236,1200000,1200000
2022-07-08 12:30:48.445000,1.3025,1.30237,1200000,1300000
2022-07-08 12:30:48.496000,1.30254,1.30238,1200000,1200000
2022-07-08 12:30:48.547000,1.30268,1.30237,1350000,1200000
2022-07-08 12:30:48.598000,1.30267,1.30237,1400000,1850000
2022-07-08 12:30:48.750000,1.30268,1.30238,1500000,1600000
2022-07-08 12:30:49.114000,1.30268,1.3024,1400000,1200000
2022-07-08 12:30:49.283000,1.30267,1.30239,2020000,1100000
2022-07-08 12:30:49.437000,1.30267,1.30243,1900000,1200000
2022-07-08 12:30:49.538000,1.30272,1.30244,1800000,1420000
2022-07-08 12:30:49.640000,1.30276,1.30245,1920000,2350000
2022-07-08 12:30:49.691000,1.30277,1.30245,1920000,1600000
2022-07-08 12:30:49.792000,1.30277,1.30244,1920000,2350000
2022-07-08 12:30:49.894000,1.30277,1.30244,2770000,2350000
2022-07-08 12:30:50.046000,1.30272,1.30244,1850000,2100000
2022-07-08 12:30:50.198000,1.30271,1.30245,1800000,2100000
2022-07-08 12:30:50.400000,1.30272,1.30244,2400000,1600000
2022-07-08 12:30:50.502000,1.30268,1.30244,1300000,1600000
2022-07-08 12:30:50.796000,1.30267,1.30239,1300000,1100000
2022-07-08 12:30:50.898000,1.30267,1.30237,1800000,1600000
2022-07-08 12:30:50.999000,1.30267,1.30237,1800000,1600000
2022-07-08 12:30:51.101000,1.30258,1.30237,1200000,1350000
2022-07-08 12:30:51.152000,1.30254,1.30232,1200000,1100000
2022-07-08 12:30:51.203000,1.30257,1.30231,1800000,1100000
2022-07-08 12:30:51.304000,1.30257,1.3023,1800000,1100000
2022-07-08 12:30:51.625000,1.30255,1.30229,1800000,1600000
2022-07-08 12:30:51.828000,1.30261,1.30236,1800000,1200000
2022-07-08 12:30:51.879000,1.30261,1.30236,1850000,1200000
2022-07-08 12:30:51.930000,1.30261,1.30236,1800000,1200000
2022-07-08 12:30:52.095000,1.30264,1.30241,2300000,1200000
2022-07-08 12:30:52.196000,1.30264,1.30237,1800000,1200000
2022-07-08 12:30:52.247000,1.30263,1.30238,1850000,1200000
2022-07-08 12:30:52.399000,1.3027,1.30252,1800000,1200000
2022-07-08 12:30:52.450000,1.30279,1.30253,1350000,1600000
2022-07-08 12:30:52.501000,1.30272,1.30258,1200000,1200000
2022-07-08 12:30:52.603000,1.30279,1.30258,1100000,1800000
2022-07-08 12:30:52.654000,1.30288,1.30259,2300000,2250000
2022-07-08 12:30:52.892000,1.3028,1.30255,1100000,1800000
2022-07-08 12:30:52.993000,1.30281,1.30255,1800000,1200000
2022-07-08 12:30:53.123000,1.3028,1.30254,1900000,1600000
2022-07-08 12:30:53.224000,1.3028,1.3025,1300000,1850000
2022-07-08 12:30:53.326000,1.30284,1.30254,2000000,1600000
2022-07-08 12:30:53.428000,1.30285,1.30255,1800000,1100000
2022-07-08 12:30:53.581000,1.30285,1.30262,1800000,1800000
2022-07-08 12:30:53.682000,1.30288,1.30257,1350000,1600000
2022-07-08 12:30:53.733000,1.30288,1.3026,1300000,1100000
2022-07-08 12:30:54.224000,1.30281,1.30257,1900000,1420000
2022-07-08 12:30:54.426000,1.30279,1.30254,1100000,2290000
2022-07-08 12:30:54.477000,1.3028,1.30253,1100000,1850000
2022-07-08 12:30:54.814000,1.3028,1.30254,1800000,1350000
2022-07-08 12:30:54.915000,1.3028,1.30251,1900000,1600000
2022-07-08 12:30:55.118000,1.30283,1.30254,1800000,2100000
2022-07-08 12:30:55.219000,1.30281,1.30248,1850000,2350000
2022-07-08 12:30:55.321000,1.30271,1.30251,1850000,1200000
2022-07-08 12:30:55.422000,1.30278,1.30261,1800000,2100000
2022-07-08 12:30:55.524000,1.3029,1.3027,1200000,1200000
2022-07-08 12:30:55.575000,1.30292,1.3027,1100000,1300000
2022-07-08 12:30:55.626000,1.30302,1.3027,1350000,1300000
2022-07-08 12:30:55.677000,1.30298,1.30271,1100000,1850000
2022-07-08 12:30:55.728000,1.30297,1.30271,1600000,1850000
2022-07-08 12:30:55.779000,1.30295,1.3027,1200000,1600000
2022-07-08 12:30:55.830000,1.30294,1.30267,1600000,1600000
2022-07-08 12:30:55.881000,1.30297,1.30267,1300000,1600000
2022-07-08 12:30:55.982000,1.30288,1.30265,1600000,1600000
2022-07-08 12:30:56.033000,1.3029,1.30263,1850000,1200000
2022-07-08 12:30:56.236000,1.30294,1.30263,1350000,1100000
2022-07-08 12:30:56.490000,1.30293,1.30269,1400000,1200000
2022-07-08 12:30:56.678000,1.30294,1.30261,1350000,1850000
2022-07-08 12:30:56.729000,1.30288,1.30262,1800000,1800000
2022-07-08 12:30:56.840000,1.30294,1.30261,1900000,1850000
2022-07-08 12:30:56.992000,1.30288,1.30263,1800000,1100000
2022-07-08 12:30:57.145000,1.30281,1.30257,1200000,1100000
2022-07-08 12:30:57.246000,1.30281,1.30253,1800000,1720000
2022-07-08 12:30:57.297000,1.30272,1.30252,1300000,1100000
2022-07-08 12:30:57.398000,1.30271,1.30253,1300000,1100000
2022-07-08 12:30:57.449000,1.30272,1.30247,1800000,1100000
2022-07-08 12:30:57.551000,1.30271,1.30245,1900000,2370000
2022-07-08 12:30:57.753000,1.30272,1.30244,1900000,1850000
2022-07-08 12:30:57.854000,1.30263,1.30239,1600000,1350000
2022-07-08 12:30:57.956000,1.30263,1.30237,1800000,1850000
2022-07-08 12:30:58.108000,1.30264,1.30236,1800000,1850000
2022-07-08 12:30:58.244000,1.3027,1.3024,2300000,1200000
2022-07-08 12:30:58.295000,1.30264,1.30238,1900000,1200000
2022-07-08 12:30:58.396000,1.3027,1.3024,3050000,1200000
2022-07-08 12:30:58.599000,1.30264,1.30236,1800000,1850000
2022-07-08 12:30:58.700000,1.30264,1.30236,1800000,1850000
2022-07-08 12:30:58.822000,1.30263,1.30237,1800000,1850000
2022-07-08 12:30:58.924000,1.30263,1.30233,1800000,1100000
2022-07-08 12:30:59.280000,1.30264,1.30236,1800000,1600000
2022-07-08 12:30:59.382000,1.30263,1.30232,1800000,1850000
2022-07-08 12:30:59.433000,1.30254,1.3023,1600000,1850000
2022-07-08 12:30:59.585000,1.30254,1.30228,1800000,2100000
2022-07-08 12:30:59.787000,1.30255,1.30227,1850000,2100000
2022-07-08 12:31:00.097000,1.30254,1.3023,1300000,2100000
2022-07-08 12:31:00.199000,1.30253,1.3023,1300000,1100000
2022-07-08 12:31:00.252000,1.30253,1.30227,1800000,1600000
2022-07-08 12:31:00.356000,1.30253,1.30227,1800000,1600000
2022-07-08 12:31:00.919000,1.30238,1.30223,1200000,1600000
2022-07-08 12:31:01.020000,1.30246,1.30219,1800000,1800000
2022-07-08 12:31:01.071000,1.30242,1.30219,1350000,1720000
2022-07-08 12:31:01.173000,1.30246,1.30219,1800000,2100000
2022-07-08 12:31:01.274000,1.30245,1.3022,1850000,1800000
2022-07-08 12:31:01.325000,1.30246,1.30219,1850000,1610000
2022-07-08 12:31:01.427000,1.30247,1.30219,1800000,2150000
2022-07-08 12:31:01.600000,1.30245,1.30232,1200000,1200000
2022-07-08 12:31:01.651000,1.30247,1.30229,1200000,1200000
2022-07-08 12:31:01.702000,1.30247,1.30231,1200000,1700000
2022-07-08 12:31:01.753000,1.30246,1.30228,1200000,1600000
2022-07-08 12:31:01.804000,1.3025,1.30235,1800000,1120000
2022-07-08 12:31:01.906000,1.30268,1.30244,1200000,1400000
2022-07-08 12:31:01.957000,1.30277,1.30256,1350000,1300000
2022-07-08 12:31:02.008000,1.30276,1.30257,1600000,1200000
2022-07-08 12:31:02.110000,1.30278,1.30264,1200000,1200000
2022-07-08 12:31:02.161000,1.30288,1.30259,1100000,1810000
2022-07-08 12:31:02.212000,1.30287,1.30261,1300000,1100000
2022-07-08 12:31:02.263000,1.30289,1.30259,1800000,1720000
2022-07-08 12:31:02.415000,1.30285,1.3026,1420000,1420000
2022-07-08 12:31:02.517000,1.30287,1.30259,1800000,1420000
2022-07-08 12:31:02.619000,1.30289,1.30257,2300000,1050000
2022-07-08 12:31:02.669000,1.30281,1.30257,1200000,1050000
2022-07-08 12:31:02.821000,1.30281,1.30258,1200000,1350000
2022-07-08 12:31:02.872000,1.30293,1.30258,1920000,1050000
2022-07-08 12:31:02.974000,1.30293,1.30264,1800000,1200000
2022-07-08 12:31:03.025000,1.30292,1.30266,1900000,1200000
2022-07-08 12:31:03.126000,1.30296,1.30261,3120000,1150000
2022-07-08 12:31:03.329000,1.30289,1.30265,1300000,1200000
2022-07-08 12:31:03.734000,1.30288,1.30264,1300000,1050000
2022-07-08 12:31:03.886000,1.30294,1.30263,2300000,1100000
2022-07-08 12:31:04.038000,1.30289,1.30262,1800000,1100000
2022-07-08 12:31:04.199000,1.30289,1.3026,1900000,1600000
2022-07-08 12:31:04.367000,1.30294,1.30266,3050000,1200000
2022-07-08 12:31:04.468000,1.30295,1.30267,2370000,1200000
2022-07-08 12:31:04.570000,1.30311,1.30281,1200000,1400000
2022-07-08 12:31:04.620000,1.3032,1.30294,1100000,1200000
2022-07-08 12:31:04.671000,1.30314,1.30294,1600000,1200000
2022-07-08 12:31:04.722000,1.30312,1.30292,1200000,1200000
2022-07-08 12:31:04.824000,1.30315,1.30289,1300000,1720000
2022-07-08 12:31:04.925000,1.30318,1.3029,1800000,1100000
2022-07-08 12:31:05.027000,1.3032,1.30289,2300000,1100000
2022-07-08 12:31:05.078000,1.30309,1.30285,1100000,1600000
2022-07-08 12:31:05.179000,1.30308,1.3028,1100000,1600000
2022-07-08 12:31:05.230000,1.3031,1.3028,1300000,1100000
2022-07-08 12:31:05.436000,1.3031,1.3028,1300000,1100000
2022-07-08 12:31:05.537000,1.30317,1.30288,1350000,1100000
2022-07-08 12:31:05.639000,1.30318,1.30295,1300000,1600000
2022-07-08 12:31:05.740000,1.30322,1.30295,1920000,1600000
2022-07-08 12:31:05.842000,1.3032,1.30295,1300000,1200000
2022-07-08 12:31:06.044000,1.30323,1.30296,1800000,1100000
2022-07-08 12:31:06.146000,1.30328,1.30298,1800000,1050000
2022-07-08 12:31:06.197000,1.30327,1.30299,1800000,1200000
2022-07-08 12:31:06.248000,1.3032,1.30295,1200000,1720000
2022-07-08 12:31:06.349000,1.30327,1.30295,1800000,2100000
2022-07-08 12:31:06.428000,1.30328,1.30296,1800000,1100000
2022-07-08 12:31:06.479000,1.30327,1.30299,1800000,1350000
2022-07-08 12:31:06.582000,1.30328,1.30299,2300000,1200000
2022-07-08 12:31:06.683000,1.30328,1.30297,1800000,1200000
2022-07-08 12:31:06.785000,1.3032,1.30297,1200000,1200000
2022-07-08 12:31:06.937000,1.30324,1.30295,1800000,1720000
2022-07-08 12:31:07.039000,1.30318,1.30295,1200000,1350000
2022-07-08 12:31:07.241000,1.30319,1.30296,1420000,1350000
2022-07-08 12:31:07.495000,1.3032,1.30294,1800000,1200000
2022-07-08 12:31:07.596000,1.3032,1.30295,1800000,1200000
2022-07-08 12:31:07.748000,1.3032,1.30294,1800000,1200000
2022-07-08 12:31:07.850000,1.30319,1.30296,1800000,1200000
2022-07-08 12:31:07.901000,1.30319,1.30292,1420000,1350000
2022-07-08 12:31:08.002000,1.30323,1.30304,1800000,1200000
2022-07-08 12:31:08.053000,1.30326,1.30304,1100000,1200000
2022-07-08 12:31:08.105000,1.30335,1.30304,2000000,1600000
2022-07-08 12:31:08.156000,1.30331,1.30305,1100000,1600000
2022-07-08 12:31:08.257000,1.30331,1.30305,1100000,2100000
2022-07-08 12:31:08.308000,1.30331,1.30305,1100000,2100000
2022-07-08 12:31:08.409000,1.30332,1.30306,1100000,1200000
2022-07-08 12:31:08.460000,1.30325,1.30303,1200000,1600000
2022-07-08 12:31:08.511000,1.30326,1.30302,1200000,1350000
2022-07-08 12:31:08.613000,1.30327,1.30304,2250000,1200000
2022-07-08 12:31:08.715000,1.30325,1.3031,1200000,1200000
2022-07-08 12:31:08.766000,1.30315,1.30294,1100000,1200000
2022-07-08 12:31:08.817000,1.30317,1.30292,1600000,1200000
2022-07-08 12:31:08.919000,1.3032,1.30296,1800000,1200000
2022-07-08 12:31:08.970000,1.30319,1.30296,1120000,2050000
2022-07-08 12:31:09.021000,1.30327,1.30297,1800000,1050000
2022-07-08 12:31:09.072000,1.30326,1.30298,1600000,1100000
2022-07-08 12:31:09.173000,1.30326,1.30297,1100000,1150000
2022-07-08 12:31:09.275000,1.30329,1.30297,1800000,1150000
2022-07-08 12:31:09.376000,1.30329,1.30296,1800000,1600000
2022-07-08 12:31:09.613000,1.30328,1.30295,1800000,2350000
2022-07-08 12:31:09.714000,1.30332,1.30295,1800000,2610000
2022-07-08 12:31:09.765000,1.30328,1.30296,1100000,2540000
2022-07-08 12:31:09.816000,1.30329,1.30299,1100000,1250000
2022-07-08 12:31:09.918000,1.3033,1.30298,1100000,1050000
2022-07-08 12:31:09.969000,1.30332,1.303,1800000,2020000
2022-07-08 12:31:10.121000,1.30329,1.303,1200000,2150000
2022-07-08 12:31:10.172000,1.30331,1.303,1100000,2100000
2022-07-08 12:31:10.273000,1.30333,1.30305,1800000,2100000
2022-07-08 12:31:10.324000,1.30332,1.30304,1100000,2100000
2022-07-08 12:31:10.526000,1.3033,1.303,1100000,3360000
2022-07-08 12:31:10.577000,1.30325,1.30304,1200000,1350000
2022-07-08 12:31:10.679000,1.30329,1.30304,1300000,1350000
2022-07-08 12:31:10.781000,1.30328,1.30302,1100000,1550000
2022-07-08 12:31:10.832000,1.30326,1.30299,1100000,1850000
2022-07-08 12:31:10.933000,1.30335,1.30304,1300000,1350000
2022-07-08 12:31:10.984000,1.30327,1.30304,1200000,1350000
2022-07-08 12:31:11.136000,1.30328,1.30301,1100000,2610000
2022-07-08 12:31:11.238000,1.30334,1.30304,1800000,1850000
2022-07-08 12:31:11.340000,1.30328,1.30305,1100000,1850000
2022-07-08 12:31:11.542000,1.30329,1.30304,1350000,1850000
2022-07-08 12:31:11.593000,1.30329,1.30304,1100000,1850000
2022-07-08 12:31:11.695000,1.30329,1.30304,1420000,1850000
2022-07-08 12:31:11.796000,1.30322,1.303,1300000,1600000
2022-07-08 12:31:11.898000,1.30324,1.30297,1800000,2100000
2022-07-08 12:31:12,1.30324,1.30297,1900000,2100000
2022-07-08 12:31:12.202000,1.30325,1.30299,1420000,1850000
2022-07-08 12:31:12.304000,1.30324,1.30297,1300000,1850000
2022-07-08 12:31:12.406000,1.30324,1.30297,1800000,1900000
2022-07-08 12:31:12.608000,1.30322,1.30304,1420000,1200000
2022-07-08 12:31:12.659000,1.30325,1.30298,1800000,1900000
2022-07-08 12:31:12.710000,1.30324,1.30298,1800000,2100000
2022-07-08 12:31:12.838000,1.30324,1.30304,1800000,1200000
2022-07-08 12:31:12.889000,1.30325,1.30301,1800000,1050000
2022-07-08 12:31:12.940000,1.30326,1.30302,2300000,1850000
2022-07-08 12:31:13.041000,1.30326,1.30301,1900000,1900000
2022-07-08 12:31:13.446000,1.30321,1.30298,1200000,1600000
2022-07-08 12:31:13.548000,1.30324,1.303,1800000,1600000
2022-07-08 12:31:13.650000,1.30323,1.30299,1800000,2100000
2022-07-08 12:31:13.751000,1.30326,1.30304,1420000,1600000
2022-07-08 12:31:13.853000,1.30325,1.30304,1200000,1600000
2022-07-08 12:31:13.955000,1.30329,1.30303,2300000,1350000
2022-07-08 12:31:14.056000,1.30328,1.30304,2300000,1350000
2022-07-08 12:31:14.171000,1.30328,1.30305,1800000,1200000
2022-07-08 12:31:14.323000,1.30332,1.30306,2350000,1200000
2022-07-08 12:31:14.424000,1.30329,1.30306,1100000,1600000
2022-07-08 12:31:14.627000,1.30328,1.30306,1100000,1600000
2022-07-08 12:31:14.680000,1.30325,1.30305,1600000,1350000
2022-07-08 12:31:14.731000,1.30329,1.30303,2300000,1600000
2022-07-08 12:31:15.440000,1.30327,1.30302,1350000,1350000
2022-07-08 12:31:15.541000,1.30316,1.30297,1200000,1100000
2022-07-08 12:31:15.592000,1.30318,1.30298,1200000,1100000
2022-07-08 12:31:15.643000,1.3032,1.30296,1850000,1100000
2022-07-08 12:31:15.745000,1.3032,1.30294,2350000,2100000
2022-07-08 12:31:15.796000,1.30324,1.30301,1350000,1200000
2022-07-08 12:31:15.897000,1.30326,1.30302,1900000,1200000
2022-07-08 12:31:16.151000,1.30318,1.30301,1200000,1350000
2022-07-08 12:31:16.252000,1.3032,1.303,1300000,1350000
2022-07-08 12:31:16.354000,1.30327,1.30303,1800000,1200000
2022-07-08 12:31:16.456000,1.30327,1.30303,1900000,1350000
2022-07-08 12:31:17.038000,1.30318,1.30297,1200000,1600000
2022-07-08 12:31:17.089000,1.30318,1.30296,1350000,1100000
2022-07-08 12:31:17.191000,1.3032,1.30294,1850000,2100000
2022-07-08 12:31:18.219000,1.30319,1.30296,1800000,1050000
2022-07-08 12:31:18.321000,1.30323,1.30298,1800000,1200000
2022-07-08 12:31:18.371000,1.30323,1.30301,1850000,1200000
2022-07-08 12:31:18.473000,1.3033,1.30306,1300000,1600000
2022-07-08 12:31:18.574000,1.30332,1.30306,1800000,1350000
2022-07-08 12:31:18.676000,1.30332,1.30308,1720000,1600000
2022-07-08 12:31:18.980000,1.30331,1.30307,1100000,1350000
2022-07-08 12:31:19.202000,1.30329,1.30307,1100000,1600000
2022-07-08 12:31:20.068000,1.30324,1.30302,1200000,1720000
2022-07-08 12:31:20.170000,1.30323,1.30303,1300000,1100000
2022-07-08 12:31:20.221000,1.30323,1.30299,1420000,2100000
2022-07-08 12:31:20.322000,1.30323,1.30299,1420000,2100000
2022-07-08 12:31:20.424000,1.30323,1.30298,1300000,1600000
2022-07-08 12:31:20.535000,1.30323,1.30297,1800000,2100000
2022-07-08 12:31:20.636000,1.30323,1.30298,2370000,2100000
2022-07-08 12:31:20.738000,1.30322,1.30298,1850000,1600000
2022-07-08 12:31:20.839000,1.30317,1.30296,1420000,1600000
2022-07-08 12:31:20.940000,1.30318,1.30294,1850000,1600000
2022-07-08 12:31:21.209000,1.3032,1.30297,1300000,1600000
2022-07-08 12:31:21.411000,1.30323,1.30297,1800000,1600000
2022-07-08 12:31:21.513000,1.30321,1.30296,1900000,1600000
2022-07-08 12:31:21.614000,1.3032,1.30295,2350000,1850000
2022-07-08 12:31:21.817000,1.30317,1.30294,1600000,1600000
2022-07-08 12:31:22.121000,1.30317,1.30298,1800000,1600000
2022-07-08 12:31:22.223000,1.30322,1.30297,1300000,1850000
2022-07-08 12:31:22.274000,1.30322,1.30296,1300000,1600000
2022-07-08 12:31:22.375000,1.30325,1.30303,1800000,1200000
2022-07-08 12:31:22.477000,1.30328,1.30304,1800000,1600000
2022-07-08 12:31:22.579000,1.30327,1.30305,1800000,1600000
2022-07-08 12:31:23.011000,1.30328,1.30302,1800000,1600000
2022-07-08 12:31:23.922000,1.30325,1.303,1850000,1600000
2022-07-08 12:31:24.336000,1.30323,1.30299,1800000,1850000
2022-07-08 12:31:24.387000,1.3032,1.30297,1300000,1720000
2022-07-08 12:31:24.489000,1.30319,1.30297,1300000,2100000
2022-07-08 12:31:24.691000,1.3032,1.30295,2400000,2850000
2022-07-08 12:31:24.908000,1.30314,1.30293,1200000,1600000
2022-07-08 12:31:25.111000,1.30317,1.30295,1900000,1850000
2022-07-08 12:31:25.213000,1.30318,1.30294,1850000,1850000
2022-07-08 12:31:25.264000,1.30309,1.30294,1800000,1600000
2022-07-08 12:31:25.365000,1.30308,1.30293,1200000,1600000
2022-07-08 12:31:25.416000,1.30314,1.30294,1850000,1050000
2022-07-08 12:31:25.467000,1.30314,1.30296,1300000,1050000
2022-07-08 12:31:25.518000,1.30318,1.30296,1800000,1050000
2022-07-08 12:31:25.620000,1.30318,1.30295,1970000,1150000
2022-07-08 12:31:25.873000,1.30317,1.30296,1970000,1100000
2022-07-08 12:31:26.076000,1.30317,1.30296,1850000,1200000
2022-07-08 12:31:26.331000,1.30318,1.30295,1920000,1100000
2022-07-08 12:31:26.433000,1.30317,1.30293,1850000,1100000
2022-07-08 12:31:26.686000,1.30318,1.30294,1920000,1600000
2022-07-08 12:31:27.016000,1.30316,1.30294,1850000,1100000
2022-07-08 12:31:27.222000,1.30317,1.30292,1800000,2850000
2022-07-08 12:31:27.323000,1.30316,1.30295,1850000,1100000
2022-07-08 12:31:27.476000,1.30318,1.30295,1800000,1850000
2022-07-08 12:31:27.577000,1.30319,1.303,1850000,1600000
2022-07-08 12:31:27.628000,1.30322,1.30298,1850000,1900000
2022-07-08 12:31:27.730000,1.3032,1.30297,2470000,1100000
2022-07-08 12:31:27.832000,1.30319,1.30295,1900000,1100000
2022-07-08 12:31:27.933000,1.30319,1.30295,1800000,1600000
2022-07-08 12:31:28.416000,1.30326,1.30304,1850000,1200000
2022-07-08 12:31:28.467000,1.30326,1.30301,1850000,1200000
2022-07-08 12:31:28.518000,1.30326,1.303,1850000,1850000
2022-07-08 12:31:28.620000,1.30326,1.30304,1420000,1600000
2022-07-08 12:31:28.722000,1.30326,1.30304,1420000,1600000
2022-07-08 12:31:28.773000,1.30327,1.30304,1850000,1850000
2022-07-08 12:31:29.720000,1.3033,1.30312,1850000,1200000
2022-07-08 12:31:29.821000,1.30334,1.30328,1200000,1800000
2022-07-08 12:31:29.923000,1.30347,1.3033,1200000,1200000
2022-07-08 12:31:29.974000,1.3035,1.30328,2300000,1200000
2022-07-08 12:31:30.025000,1.30344,1.30325,1100000,2250000
2022-07-08 12:31:30.126000,1.30342,1.30322,1100000,1350000
2022-07-08 12:31:30.177000,1.3034,1.3032,1100000,1350000
2022-07-08 12:31:30.279000,1.30333,1.30316,1100000,1200000
2022-07-08 12:31:30.380000,1.30336,1.30315,1420000,1200000
2022-07-08 12:31:30.431000,1.30336,1.30311,1420000,1600000
2022-07-08 12:31:30.584000,1.30327,1.30309,1350000,1600000
2022-07-08 12:31:30.685000,1.30324,1.30308,1100000,1100000
2022-07-08 12:31:31.460000,1.30326,1.30304,1720000,1600000
2022-07-08 12:31:31.649000,1.3033,1.30312,1300000,1200000
2022-07-08 12:31:31.751000,1.30335,1.30312,1200000,2700000
2022-07-08 12:31:31.928000,1.30337,1.30312,1720000,2700000
2022-07-08 12:31:32.139000,1.30333,1.30311,1200000,1200000
2022-07-08 12:31:32.240000,1.30328,1.30311,1720000,1200000
2022-07-08 12:31:32.342000,1.30327,1.30309,1100000,3150000
2022-07-08 12:31:32.555000,1.30327,1.30307,1100000,1100000
2022-07-08 12:31:32.657000,1.30324,1.30305,1100000,1600000
2022-07-08 12:31:32.938000,1.30324,1.30302,1100000,2250000
2022-07-08 12:31:33.040000,1.30324,1.30303,1100000,2250000
2022-07-08 12:31:33.091000,1.30324,1.30305,1100000,1800000
2022-07-08 12:31:33.192000,1.30324,1.30305,1100000,1800000
2022-07-08 12:31:33.293000,1.30324,1.30305,1100000,1200000
2022-07-08 12:31:33.395000,1.30324,1.30304,1100000,1200000
2022-07-08 12:31:34.068000,1.30321,1.30303,1200000,1350000
2022-07-08 12:31:34.620000,1.30324,1.30306,1100000,1200000
2022-07-08 12:31:35.448000,1.30324,1.30302,1100000,1100000
2022-07-08 12:31:35.579000,1.30322,1.30302,1100000,1100000
2022-07-08 12:31:36.203000,1.30321,1.30301,1100000,1720000
2022-07-08 12:31:36.343000,1.3032,1.30302,1100000,1720000
2022-07-08 12:31:36.495000,1.30318,1.30296,1100000,1600000
2022-07-08 12:31:36.722000,1.30318,1.30298,1100000,1200000
2022-07-08 12:31:36.823000,1.30321,1.30299,1350000,1600000
2022-07-08 12:31:36.874000,1.30322,1.30298,1350000,1600000
2022-07-08 12:31:36.976000,1.30322,1.30298,1400000,1600000
2022-07-08 12:31:37.077000,1.3032,1.30298,1100000,1350000
2022-07-08 12:31:37.871000,1.30323,1.30299,1850000,1200000
2022-07-08 12:31:38.083000,1.30323,1.30299,1800000,1200000
2022-07-08 12:31:38.194000,1.30325,1.30301,2300000,1200000
2022-07-08 12:31:38.443000,1.30325,1.303,2300000,1200000
2022-07-08 12:31:38.544000,1.30325,1.30301,1920000,1200000
2022-07-08 12:31:38.648000,1.30328,1.30316,1200000,1200000
2022-07-08 12:31:38.699000,1.30339,1.30323,1200000,1200000
2022-07-08 12:31:38.750000,1.30335,1.30322,1200000,1200000
2022-07-08 12:31:38.851000,1.30339,1.30318,1200000,1200000
2022-07-08 12:31:38.953000,1.30341,1.30317,1800000,1200000
2022-07-08 12:31:39.055000,1.30338,1.30316,1600000,1200000
2022-07-08 12:31:39.156000,1.30336,1.30317,1600000,1200000
2022-07-08 12:31:39.207000,1.30337,1.30314,1850000,1200000
2022-07-08 12:31:39.410000,1.30337,1.30314,1850000,1200000
2022-07-08 12:31:39.664000,1.30331,1.30311,1600000,1800000
2022-07-08 12:31:39.715000,1.30331,1.30306,1850000,1200000
2022-07-08 12:31:40.069000,1.30323,1.30302,1600000,1200000
2022-07-08 12:31:40.171000,1.30323,1.303,1850000,1200000
2022-07-08 12:31:40.272000,1.30323,1.30299,2350000,1200000
2022-07-08 12:31:40.560000,1.30323,1.30301,1850000,1200000
2022-07-08 12:31:40.612000,1.30323,1.30308,1300000,1600000
2022-07-08 12:31:40.663000,1.30323,1.3031,1200000,1200000
2022-07-08 12:31:40.765000,1.30328,1.30312,1100000,1200000
2022-07-08 12:31:40.816000,1.30333,1.30312,1850000,1200000
2022-07-08 12:31:40.917000,1.30333,1.30312,1350000,1800000
2022-07-08 12:31:41.361000,1.30334,1.30313,1350000,1200000
2022-07-08 12:31:41.463000,1.30333,1.30312,1350000,1600000
2022-07-08 12:31:41.564000,1.3033,1.30312,1100000,1120000
2022-07-08 12:31:41.615000,1.30331,1.3031,1850000,1200000
2022-07-08 12:31:41.666000,1.30322,1.30303,1850000,1200000
2022-07-08 12:31:41.767000,1.30319,1.30298,1100000,1200000
2022-07-08 12:31:41.922000,1.30319,1.30299,1100000,1200000
2022-07-08 12:31:42.024000,1.30318,1.30299,1100000,1200000
2022-07-08 12:31:42.512000,1.30324,1.30304,1800000,1200000
2022-07-08 12:31:42.613000,1.30325,1.30302,1350000,1800000
2022-07-08 12:31:42.714000,1.30325,1.30306,1350000,1200000
2022-07-08 12:31:42.816000,1.30332,1.30312,1850000,1200000
2022-07-08 12:31:43.262000,1.30329,1.3031,1600000,1600000
2022-07-08 12:31:43.364000,1.30327,1.30311,1720000,1200000
2022-07-08 12:31:43.466000,1.30322,1.303,1600000,1800000
2022-07-08 12:31:44.207000,1.30329,1.30306,1800000,1200000
2022-07-08 12:31:44.258000,1.30329,1.30304,1800000,1350000
2022-07-08 12:31:44.359000,1.30329,1.30305,1850000,1200000
2022-07-08 12:31:44.410000,1.30333,1.30315,1300000,1200000
2022-07-08 12:31:44.461000,1.30332,1.30318,1100000,1200000
2022-07-08 12:31:44.512000,1.30336,1.30313,1900000,1800000
2022-07-08 12:31:44.731000,1.30338,1.30313,1850000,1200000
2022-07-08 12:31:44.833000,1.30332,1.30311,2100000,1600000
2022-07-08 12:31:44.935000,1.30329,1.30311,1850000,1200000
2022-07-08 12:31:45.125000,1.30329,1.3031,1850000,1200000
2022-07-08 12:31:45.176000,1.30322,1.30303,1850000,1200000
2022-07-08 12:31:45.227000,1.30321,1.303,1600000,1350000
2022-07-08 12:31:45.531000,1.3032,1.30296,1850000,2050000
2022-07-08 12:31:46.058000,1.30315,1.30293,1600000,1690000
2022-07-08 12:31:46.311000,1.30315,1.30293,2290000,1970000
2022-07-08 12:31:46.412000,1.30314,1.30294,2290000,1670000
2022-07-08 12:31:46.561000,1.30315,1.30293,2290000,1970000
2022-07-08 12:31:46.663000,1.30312,1.30291,1400000,1600000
2022-07-08 12:31:46.714000,1.30312,1.30292,1850000,1850000
2022-07-08 12:31:46.816000,1.30313,1.30291,1850000,1970000
2022-07-08 12:31:46.968000,1.30314,1.30292,1850000,1350000
2022-07-08 12:31:47.170000,1.30314,1.30294,1120000,1350000
2022-07-08 12:31:47.221000,1.30313,1.30294,1300000,1100000
2022-07-08 12:31:47.322000,1.30313,1.30294,1200000,1050000
2022-07-08 12:31:47.424000,1.30313,1.30292,1200000,1050000
2022-07-08 12:31:47.475000,1.30315,1.30292,2300000,1350000
2022-07-08 12:31:47.576000,1.30315,1.30292,1900000,1350000
2022-07-08 12:31:47.857000,1.30313,1.3029,1420000,1850000
2022-07-08 12:31:47.908000,1.30311,1.30289,1300000,2290000
2022-07-08 12:31:48.010000,1.30312,1.30287,1800000,3100000
2022-07-08 12:31:48.061000,1.30305,1.30288,1200000,1200000
2022-07-08 12:31:48.162000,1.30305,1.30286,1200000,1600000
2022-07-08 12:31:48.365000,1.3031,1.30285,1800000,2210000
2022-07-08 12:31:49.154000,1.30305,1.30286,1200000,1350000
2022-07-08 12:31:49.282000,1.30308,1.30285,1200000,1600000
2022-07-08 12:31:49.658000,1.30314,1.30295,1420000,1200000
2022-07-08 12:31:49.709000,1.30314,1.30294,1350000,1600000
2022-07-08 12:31:49.861000,1.30313,1.30294,1200000,1600000
2022-07-08 12:31:49.997000,1.30313,1.30294,1350000,1350000
2022-07-08 12:31:50.048000,1.30308,1.30291,1200000,1350000
2022-07-08 12:31:50.150000,1.30308,1.30288,1200000,1100000
2022-07-08 12:31:50.201000,1.30307,1.30285,1390000,1600000
2022-07-08 12:31:50.252000,1.30304,1.30285,1260000,1720000
2022-07-08 12:31:50.303000,1.30305,1.30286,1350000,1720000
2022-07-08 12:31:50.404000,1.30306,1.30285,1200000,1720000
2022-07-08 12:31:50.556000,1.30307,1.30285,1170000,1350000
2022-07-08 12:31:50.657000,1.30307,1.30285,1650000,1350000
2022-07-08 12:31:51.055000,1.30307,1.30285,1200000,1350000
2022-07-08 12:31:51.157000,1.30305,1.30285,1180000,1350000
2022-07-08 12:31:51.266000,1.30305,1.30285,1800000,1350000
2022-07-08 12:31:51.504000,1.30306,1.30287,1200000,1600000
2022-07-08 12:31:51.656000,1.30306,1.30285,1350000,1850000
2022-07-08 12:31:52.650000,1.30306,1.30287,1200000,1600000
2022-07-08 12:31:53.349000,1.30301,1.30284,1350000,3150000
2022-07-08 12:31:53.450000,1.30298,1.3028,1350000,1150000
2022-07-08 12:31:53.703000,1.30308,1.30294,1100000,1200000
2022-07-08 12:31:53.754000,1.3031,1.30295,1200000,1600000
2022-07-08 12:31:53.856000,1.30312,1.30293,1600000,1600000
2022-07-08 12:31:54.131000,1.3031,1.30289,1200000,1200000
2022-07-08 12:31:54.517000,1.30311,1.30291,1200000,1700000
2022-07-08 12:31:54.568000,1.30315,1.30297,1720000,1200000
2022-07-08 12:31:54.669000,1.30314,1.30297,1720000,1350000
2022-07-08 12:31:55.050000,1.3031,1.30295,1200000,1600000
2022-07-08 12:31:55.151000,1.3031,1.3029,1200000,1100000
2022-07-08 12:31:55.994000,1.30313,1.30294,1600000,1600000
2022-07-08 12:31:56.095000,1.30312,1.30295,1350000,1600000
2022-07-08 12:31:56.208000,1.3031,1.30288,1200000,2100000
2022-07-08 12:31:56.310000,1.3031,1.30288,1260000,2100000
2022-07-08 12:31:56.361000,1.30309,1.30289,1200000,1720000
2022-07-08 12:31:56.551000,1.30309,1.30288,1200000,2100000
2022-07-08 12:31:57.013000,1.30308,1.30289,1260000,1600000
2022-07-08 12:31:57.064000,1.30298,1.30288,1600000,1200000
2022-07-08 12:31:57.165000,1.30294,1.30282,1620000,1720000
2022-07-08 12:31:57.216000,1.30289,1.30273,1180000,1200000
2022-07-08 12:31:57.318000,1.30287,1.30268,1350000,1100000
2022-07-08 12:31:57.419000,1.30286,1.30266,1260000,1600000
2022-07-08 12:31:57.520000,1.30289,1.30268,1350000,1600000
2022-07-08 12:31:57.571000,1.30289,1.30268,1200000,1600000
2022-07-08 12:31:57.680000,1.3029,1.30268,1200000,1720000
2022-07-08 12:31:57.782000,1.30288,1.30269,1200000,1600000
2022-07-08 12:31:57.883000,1.30289,1.30269,1200000,1720000
2022-07-08 12:31:57.984000,1.3029,1.30268,1200000,1600000
2022-07-08 12:31:58.086000,1.30287,1.30268,1260000,1600000
2022-07-08 12:31:58.187000,1.30287,1.30268,1650000,1350000
2022-07-08 12:31:58.289000,1.30287,1.30268,1120000,1600000
2022-07-08 12:31:58.390000,1.3029,1.30271,1200000,1100000
2022-07-08 12:31:59.184000,1.30297,1.30275,1800000,1600000
2022-07-08 12:31:59.286000,1.30297,1.30277,1350000,1720000
2022-07-08 12:31:59.388000,1.30297,1.30278,1600000,1600000
2022-07-08 12:31:59.867000,1.30294,1.30274,1350000,2100000
2022-07-08 12:31:59.969000,1.30291,1.30273,1200000,1100000
2022-07-08 12:32:00.222000,1.30291,1.30271,1200000,1600000
2022-07-08 12:32:00.326000,1.30279,1.30271,1060000,1200000
2022-07-08 12:32:00.377000,1.30277,1.30266,1350000,1720000
2022-07-08 12:32:00.478000,1.30277,1.3026,1120000,1200000
2022-07-08 12:32:00.580000,1.30277,1.30261,1120000,1350000
2022-07-08 12:32:01.104000,1.3028,1.3026,1900000,1720000
2022-07-08 12:32:01.503000,1.30272,1.30257,1350000,1200000
2022-07-08 12:32:01.604000,1.30268,1.30248,1720000,1720000
2022-07-08 12:32:01.655000,1.30267,1.30244,1850000,1850000
2022-07-08 12:32:02.267000,1.30265,1.30245,1850000,1200000
2022-07-08 12:32:02.689000,1.30265,1.30244,1850000,1200000
2022-07-08 12:32:02.791000,1.30266,1.30244,1850000,1200000
2022-07-08 12:32:03.098000,1.30266,1.30245,1850000,1200000
2022-07-08 12:32:03.338000,1.30268,1.30251,1350000,1200000
2022-07-08 12:32:03.563000,1.30267,1.30246,1850000,1350000
2022-07-08 12:32:03.664000,1.30266,1.30245,1600000,1350000
2022-07-08 12:32:03.867000,1.30262,1.30245,1850000,1200000
2022-07-08 12:32:03.968000,1.30264,1.30244,2290000,1200000
2022-07-08 12:32:04.146000,1.30265,1.30245,1970000,1200000
2022-07-08 12:32:04.843000,1.30266,1.30244,1970000,1350000
2022-07-08 12:32:05.171000,1.30261,1.30241,1850000,1350000
2022-07-08 12:32:05.273000,1.30259,1.30236,1600000,2100000
2022-07-08 12:32:05.324000,1.30264,1.30244,1560000,1600000
2022-07-08 12:32:05.425000,1.30266,1.30246,1970000,1600000
2022-07-08 12:32:05.476000,1.30266,1.30245,1970000,1600000
2022-07-08 12:32:05.795000,1.30265,1.30244,1850000,1350000
2022-07-08 12:32:05.982000,1.30268,1.30251,1350000,1200000
2022-07-08 12:32:06.084000,1.30268,1.30251,1350000,1200000
2022-07-08 12:32:06.236000,1.30268,1.30254,1350000,1200000
2022-07-08 12:32:06.346000,1.3028,1.3026,2400000,1350000
2022-07-08 12:32:06.448000,1.30277,1.3026,2100000,1200000
2022-07-08 12:32:06.549000,1.30278,1.30259,1850000,1200000
2022-07-08 12:32:06.956000,1.30276,1.30256,1600000,1200000
2022-07-08 12:32:07.058000,1.30276,1.30254,1850000,1600000
2022-07-08 12:32:07.419000,1.30276,1.30253,1850000,1600000
2022-07-08 12:32:07.862000,1.30279,1.3026,1850000,1350000
2022-07-08 12:32:07.964000,1.30283,1.30264,1920000,1200000
2022-07-08 12:32:08.065000,1.30284,1.30269,1970000,1200000
2022-07-08 12:32:08.167000,1.30287,1.30268,1850000,1600000
2022-07-08 12:32:08.541000,1.30288,1.3027,1850000,1200000
2022-07-08 12:32:08.648000,1.30293,1.30279,2300000,1200000
2022-07-08 12:32:08.698000,1.30292,1.30278,1200000,1200000
2022-07-08 12:32:08.750000,1.30304,1.30288,2100000,1200000
2022-07-08 12:32:08.801000,1.30305,1.30287,1600000,1200000
2022-07-08 12:32:08.852000,1.30305,1.30294,1200000,1200000
2022-07-08 12:32:08.903000,1.30314,1.30294,1850000,1200000
2022-07-08 12:32:09.105000,1.30303,1.30293,1800000,1200000
2022-07-08 12:32:09.157000,1.30303,1.30287,1800000,1200000
2022-07-08 12:32:09.208000,1.30302,1.30282,1600000,1200000
2022-07-08 12:32:09.309000,1.30305,1.30285,1850000,1200000
2022-07-08 12:32:09.937000,1.30305,1.30285,1600000,1600000
2022-07-08 12:32:09.990000,1.30305,1.30288,1600000,1800000
2022-07-08 12:32:10.169000,1.30306,1.30288,1600000,1200000
2022-07-08 12:32:10.275000,1.30313,1.30294,1720000,1200000
2022-07-08 12:32:10.480000,1.30314,1.30295,1600000,1200000
2022-07-08 12:32:10.532000,1.30313,1.30296,1600000,1200000
2022-07-08 12:32:11.029000,1.30314,1.30297,1600000,1200000
2022-07-08 12:32:11.131000,1.30315,1.30296,1600000,1200000
2022-07-08 12:32:11.268000,1.30314,1.30298,1600000,1200000
2022-07-08 12:32:11.407000,1.30315,1.30296,1850000,1200000
2022-07-08 12:32:12.246000,1.30314,1.30298,1850000,1200000
2022-07-08 12:32:12.390000,1.30315,1.30296,1850000,1200000
2022-07-08 12:32:12.542000,1.30315,1.30297,1850000,1200000
2022-07-08 12:32:12.722000,1.30315,1.30298,1850000,1200000
2022-07-08 12:32:12.886000,1.30315,1.30297,1850000,1200000
2022-07-08 12:32:12.994000,1.30315,1.30298,1850000,1200000
2022-07-08 12:32:13.095000,1.30321,1.30304,1800000,1200000
2022-07-08 12:32:13.428000,1.30321,1.30305,1420000,1200000
2022-07-08 12:32:13.617000,1.30321,1.30304,1420000,1800000
2022-07-08 12:32:13.719000,1.30324,1.30305,2020000,1600000
2022-07-08 12:32:13.770000,1.30324,1.3031,2020000,1200000
2022-07-08 12:32:13.871000,1.30324,1.3031,1800000,1200000
2022-07-08 12:32:13.922000,1.30324,1.3031,1900000,1200000
2022-07-08 12:32:14.098000,1.30324,1.30311,1100000,1200000
2022-07-08 12:32:14.250000,1.30326,1.30312,1720000,1200000
2022-07-08 12:32:14.351000,1.30331,1.30312,1800000,1200000
2022-07-08 12:32:14.402000,1.30331,1.30321,1200000,1200000
2022-07-08 12:32:14.453000,1.30336,1.30319,1100000,1200000
2022-07-08 12:32:14.504000,1.30338,1.30315,1100000,1200000
2022-07-08 12:32:14.555000,1.30337,1.30318,1600000,1200000
2022-07-08 12:32:14.708000,1.30335,1.30314,1600000,1800000
2022-07-08 12:32:14.759000,1.30339,1.30322,1600000,1200000
2022-07-08 12:32:14.860000,1.3034,1.30319,2100000,1600000
2022-07-08 12:32:14.911000,1.30338,1.30319,1720000,1200000
2022-07-08 12:32:14.962000,1.30338,1.30319,1200000,1200000
2022-07-08 12:32:15.014000,1.30343,1.30325,1600000,1600000
2022-07-08 12:32:15.115000,1.30338,1.30325,1350000,1800000
2022-07-08 12:32:15.217000,1.30339,1.3032,1720000,1350000
2022-07-08 12:32:15.318000,1.30336,1.3032,1100000,1200000
2022-07-08 12:32:15.419000,1.30334,1.30321,1600000,1200000
2022-07-08 12:32:15.470000,1.30338,1.3032,1100000,1350000
2022-07-08 12:32:15.673000,1.30338,1.30318,1600000,1600000
2022-07-08 12:32:15.724000,1.30339,1.30321,1100000,1200000
2022-07-08 12:32:15.825000,1.30341,1.30321,1100000,1200000
2022-07-08 12:32:16.027000,1.30342,1.30321,1720000,1200000
2022-07-08 12:32:16.179000,1.30342,1.30321,1720000,1200000
2022-07-08 12:32:16.230000,1.30342,1.30321,1720000,2250000
2022-07-08 12:32:16.531000,1.30347,1.30329,1800000,1600000
2022-07-08 12:32:16.582000,1.30347,1.30332,1720000,1200000
2022-07-08 12:32:16.633000,1.3035,1.30333,1300000,1200000
2022-07-08 12:32:16.735000,1.30357,1.30339,1600000,1200000
2022-07-08 12:32:16.836000,1.30357,1.30338,1600000,1800000
2022-07-08 12:32:17.618000,1.30358,1.30338,1700000,1620000
2022-07-08 12:32:17.940000,1.30355,1.30334,1700000,1120000
2022-07-08 12:32:17.991000,1.30354,1.30334,1800000,1620000
2022-07-08 12:32:18.157000,1.30353,1.30333,1600000,1120000
2022-07-08 12:32:18.208000,1.30352,1.30333,1600000,1320000
2022-07-08 12:32:18.511000,1.30349,1.3033,2100000,1120000
2022-07-08 12:32:18.562000,1.30351,1.30331,1600000,1120000
2022-07-08 12:32:18.714000,1.30357,1.30336,1900000,1120000
2022-07-08 12:32:18.816000,1.30353,1.30333,1600000,1200000
2022-07-08 12:32:18.867000,1.30353,1.30333,1700000,1200000
2022-07-08 12:32:18.968000,1.30353,1.30333,1720000,1120000
2022-07-08 12:32:19.286000,1.30353,1.30331,1800000,1120000
2022-07-08 12:32:19.517000,1.30348,1.3033,1350000,1320000
2022-07-08 12:32:19.618000,1.30348,1.30329,1600000,1120000
2022-07-08 12:32:19.821000,1.30348,1.30329,1700000,1320000
2022-07-08 12:32:19.923000,1.30338,1.30318,1800000,1620000
2022-07-08 12:32:19.973000,1.30337,1.30317,1700000,2370000
2022-07-08 12:32:20.125000,1.30335,1.30315,1700000,1120000
2022-07-08 12:32:20.176000,1.30335,1.30316,1600000,1120000
2022-07-08 12:32:20.227000,1.30336,1.30316,1850000,1120000
2022-07-08 12:32:20.379000,1.30337,1.30313,1610000,1990000
2022-07-08 12:32:20.480000,1.30337,1.30313,1700000,1240000
2022-07-08 12:32:20.531000,1.30332,1.30313,1700000,1120000
2022-07-08 12:32:20.633000,1.30332,1.30313,1820000,1320000
2022-07-08 12:32:20.830000,1.30332,1.30314,1610000,1120000
2022-07-08 12:32:21.054000,1.30333,1.30314,1950000,1200000
2022-07-08 12:32:21.360000,1.30333,1.30314,1600000,1200000
2022-07-08 12:32:21.411000,1.30334,1.30315,1600000,1200000
2022-07-08 12:32:21.462000,1.30334,1.30316,1600000,1120000
2022-07-08 12:32:21.564000,1.30343,1.30329,1600000,1120000
2022-07-08 12:32:21.615000,1.30345,1.3033,1100000,1120000
2022-07-08 12:32:21.716000,1.30346,1.30329,1350000,1240000
2022-07-08 12:32:21.817000,1.30347,1.30328,1600000,1240000
2022-07-08 12:32:22.071000,1.3035,1.30332,1720000,1120000
2022-07-08 12:32:22.122000,1.30351,1.30333,1850000,1120000
2022-07-08 12:32:22.224000,1.3035,1.30334,1600000,1120000
2022-07-08 12:32:22.376000,1.30351,1.30333,1600000,1120000
2022-07-08 12:32:22.477000,1.30353,1.30334,1700000,1320000
2022-07-08 12:32:22.579000,1.30351,1.30333,1600000,1240000
2022-07-08 12:32:22.680000,1.3035,1.30332,1610000,1240000
2022-07-08 12:32:22.731000,1.30348,1.3033,1720000,1120000
2022-07-08 12:32:22.833000,1.3035,1.30332,1720000,1120000
2022-07-08 12:32:22.884000,1.30352,1.30334,1850000,1240000
2022-07-08 12:32:22.936000,1.30355,1.30339,1300000,1440000
2022-07-08 12:32:22.987000,1.30357,1.30339,1200000,1720000
2022-07-08 12:32:23.089000,1.30357,1.30339,1600000,1120000
2022-07-08 12:32:23.140000,1.30358,1.3034,1350000,1720000
2022-07-08 12:32:23.342000,1.30356,1.3034,2470000,1240000
2022-07-08 12:32:23.444000,1.30356,1.30338,1600000,1120000
2022-07-08 12:32:23.596000,1.30352,1.30336,1600000,2700000
2022-07-08 12:32:23.647000,1.30352,1.30332,1600000,1220000
2022-07-08 12:32:23.698000,1.3035,1.3033,1600000,1620000
2022-07-08 12:32:24.525000,1.3035,1.30335,1600000,1120000
2022-07-08 12:32:24.627000,1.30358,1.30339,1800000,1620000
2022-07-08 12:32:24.729000,1.30358,1.30339,1200000,1720000
2022-07-08 12:32:24.830000,1.30358,1.30339,1600000,1720000
2022-07-08 12:32:24.931000,1.30357,1.3034,1600000,1620000
2022-07-08 12:32:24.982000,1.30353,1.30339,1200000,1350000
2022-07-08 12:32:25.089000,1.30352,1.30335,1600000,1220000
2022-07-08 12:32:25.191000,1.30349,1.30331,1700000,1800000
2022-07-08 12:32:25.293000,1.30338,1.30331,1800000,1200000
2022-07-08 12:32:25.344000,1.30339,1.30321,1720000,1120000
2022-07-08 12:32:25.445000,1.3034,1.30321,1700000,1720000
2022-07-08 12:32:25.496000,1.30338,1.30321,1600000,1120000
2022-07-08 12:32:25.648000,1.30339,1.30321,1200000,2120000
2022-07-08 12:32:25.699000,1.30337,1.30318,1600000,1620000
2022-07-08 12:32:25.800000,1.30337,1.30318,1200000,4370000
2022-07-08 12:32:25.852000,1.30341,1.30321,1900000,2120000
2022-07-08 12:32:26.155000,1.30342,1.30322,1850000,1620000
2022-07-08 12:32:26.808000,1.3034,1.30321,1600000,2120000
2022-07-08 12:32:26.859000,1.30342,1.30321,1900000,2220000
2022-07-08 12:32:26.960000,1.30342,1.30322,1850000,2200000
2022-07-08 12:32:27.061000,1.30343,1.30321,1600000,2120000
2022-07-08 12:32:27.282000,1.30343,1.30322,1350000,1700000
2022-07-08 12:32:27.384000,1.30342,1.30323,1600000,1720000
2022-07-08 12:32:27.485000,1.30339,1.30322,1350000,2200000
2022-07-08 12:32:27.740000,1.30339,1.30322,1850000,2120000
2022-07-08 12:32:27.866000,1.30339,1.30321,1720000,2220000
2022-07-08 12:32:28.068000,1.30343,1.30323,1900000,1620000
2022-07-08 12:32:28.170000,1.30346,1.30328,1720000,1240000
2022-07-08 12:32:28.373000,1.30346,1.30327,1720000,1240000
2022-07-08 12:32:28.423000,1.30349,1.3033,1800000,1720000
2022-07-08 12:32:28.474000,1.3035,1.3033,1600000,1700000
2022-07-08 12:32:28.626000,1.30348,1.3033,1600000,1700000
2022-07-08 12:32:28.954000,1.30347,1.30329,1600000,1700000
2022-07-08 12:32:29.164000,1.30346,1.30328,1600000,1350000
2022-07-08 12:32:29.265000,1.30344,1.30328,1600000,1200000
2022-07-08 12:32:29.366000,1.30343,1.30328,1200000,1200000
2022-07-08 12:32:29.468000,1.30347,1.30327,1200000,1600000
2022-07-08 12:32:29.519000,1.30344,1.30328,1200000,1600000
2022-07-08 12:32:29.864000,1.30347,1.30329,1200000,1600000
2022-07-08 12:32:29.965000,1.30349,1.30328,1120000,1600000
2022-07-08 12:32:30.169000,1.30352,1.30333,1300000,1600000
2022-07-08 12:32:30.271000,1.30353,1.30343,1200000,1200000
2022-07-08 12:32:30.322000,1.30357,1.30344,2020000,1200000
2022-07-08 12:32:30.435000,1.30359,1.30344,1350000,1200000
2022-07-08 12:32:30.638000,1.30359,1.30343,1200000,1200000
2022-07-08 12:32:30.739000,1.3036,1.30343,1300000,1200000
2022-07-08 12:32:30.841000,1.30357,1.30343,1350000,1200000
2022-07-08 12:32:30.943000,1.30359,1.30343,1720000,1200000
2022-07-08 12:32:31.145000,1.30356,1.30344,1200000,1200000
2022-07-08 12:32:31.246000,1.30358,1.30344,1720000,1200000
2022-07-08 12:32:31.544000,1.30354,1.30343,1200000,1200000
2022-07-08 12:32:31.645000,1.30351,1.30332,1200000,1600000
2022-07-08 12:32:31.747000,1.30353,1.30331,1350000,1600000
2022-07-08 12:32:31.798000,1.3035,1.30329,1350000,1900000
2022-07-08 12:32:31.900000,1.30348,1.30328,1120000,1600000
2022-07-08 12:32:32.001000,1.30346,1.30328,1200000,1600000
2022-07-08 12:32:32.052000,1.3035,1.30329,1420000,1600000
2022-07-08 12:32:32.154000,1.3035,1.3033,1300000,2100000
2022-07-08 12:32:32.205000,1.30349,1.3033,1200000,1720000
2022-07-08 12:32:32.307000,1.30347,1.30328,1200000,1600000
2022-07-08 12:32:32.459000,1.30347,1.30327,1800000,1600000
2022-07-08 12:32:32.560000,1.30342,1.30319,1420000,1600000
2022-07-08 12:32:32.662000,1.30341,1.30322,1120000,1600000
2022-07-08 12:32:32.764000,1.30344,1.30322,1420000,2100000
2022-07-08 12:32:32.815000,1.30344,1.30322,1350000,2100000
2022-07-08 12:32:33.531000,1.30343,1.30322,1200000,2100000
2022-07-08 12:32:33.736000,1.30337,1.3032,1200000,1350000
2022-07-08 12:32:33.838000,1.30335,1.30314,1120000,1720000
2022-07-08 12:32:34.041000,1.30335,1.30313,1420000,1600000
2022-07-08 12:32:34.092000,1.3033,1.30314,1350000,1600000
2022-07-08 12:32:34.193000,1.30331,1.30313,1300000,1600000
2022-07-08 12:32:34.244000,1.3033,1.30313,1350000,1350000
2022-07-08 12:32:34.295000,1.30332,1.30314,1300000,2100000
2022-07-08 12:32:34.397000,1.30334,1.30313,1120000,2100000
2022-07-08 12:32:34.819000,1.30327,1.30309,1200000,1600000
2022-07-08 12:32:34.920000,1.30322,1.30305,1200000,1600000
2022-07-08 12:32:35.022000,1.30321,1.30305,1200000,1350000
2022-07-08 12:32:35.073000,1.30319,1.30298,1200000,1600000
2022-07-08 12:32:35.124000,1.30316,1.30298,1200000,1600000
2022-07-08 12:32:35.175000,1.30314,1.30297,1200000,1350000
2022-07-08 12:32:35.226000,1.30312,1.30297,1200000,1200000
2022-07-08 12:32:35.328000,1.30313,1.30296,1300000,1200000
2022-07-08 12:32:35.378000,1.3031,1.30294,1200000,1350000
2022-07-08 12:32:35.480000,1.30308,1.30289,1200000,1200000
2022-07-08 12:32:35.582000,1.30306,1.30288,1200000,1200000
2022-07-08 12:32:35.683000,1.30301,1.3028,1200000,1600000
2022-07-08 12:32:36.442000,1.30296,1.30278,1200000,1200000
2022-07-08 12:32:36.543000,1.30293,1.30274,1200000,1600000
2022-07-08 12:32:36.695000,1.30292,1.30272,1200000,1600000
2022-07-08 12:32:36.747000,1.30294,1.30277,1120000,1200000
2022-07-08 12:32:36.798000,1.30294,1.30274,1200000,1350000
2022-07-08 12:32:37,1.30286,1.30268,1200000,1600000
2022-07-08 12:32:37.102000,1.30286,1.30266,1120000,1200000
2022-07-08 12:32:37.265000,1.30286,1.30265,1200000,1200000
2022-07-08 12:32:37.366000,1.30285,1.30262,1200000,1600000
2022-07-08 12:32:37.862000,1.30285,1.30262,1300000,1350000
2022-07-08 12:32:38.065000,1.30278,1.30262,2250000,1200000
2022-07-08 12:32:38.116000,1.30278,1.30256,1300000,1350000
2022-07-08 12:32:38.773000,1.3028,1.30262,1300000,1200000
2022-07-08 12:32:38.875000,1.30287,1.3027,1300000,1200000
2022-07-08 12:32:38.977000,1.30286,1.30269,1200000,1200000
2022-07-08 12:32:39.078000,1.30291,1.3027,1900000,1200000
2022-07-08 12:32:39.180000,1.30293,1.30272,1120000,1200000
2022-07-08 12:32:39.534000,1.30293,1.30272,1200000,1600000
2022-07-08 12:32:40.107000,1.30289,1.30269,1200000,1350000
2022-07-08 12:32:40.963000,1.3029,1.30268,2470000,1600000
2022-07-08 12:32:41.125000,1.30289,1.30268,1600000,1200000
2022-07-08 12:32:41.947000,1.30289,1.30268,1200000,1600000
2022-07-08 12:32:42.049000,1.3029,1.3027,1420000,1200000
2022-07-08 12:32:42.150000,1.3028,1.3026,1200000,1640000
2022-07-08 12:32:42.252000,1.30272,1.30257,1200000,1100000
2022-07-08 12:32:42.303000,1.30276,1.30259,1300000,1200000
2022-07-08 12:32:42.354000,1.30278,1.30256,1420000,1350000
2022-07-08 12:32:42.405000,1.30278,1.30256,1420000,1350000
2022-07-08 12:32:42.456000,1.30278,1.30256,1300000,1600000
2022-07-08 12:32:42.557000,1.30278,1.30256,1120000,1600000
2022-07-08 12:32:42.692000,1.30278,1.30256,1300000,1600000
2022-07-08 12:32:42.793000,1.30278,1.30256,1420000,1600000
2022-07-08 12:32:43.056000,1.30284,1.30261,1800000,2250000
2022-07-08 12:32:43.107000,1.30286,1.30262,1800000,2100000
2022-07-08 12:32:43.208000,1.30286,1.30262,1800000,2100000
2022-07-08 12:32:43.360000,1.3029,1.30271,1300000,1800000
2022-07-08 12:32:43.411000,1.30288,1.30269,1300000,1200000
2022-07-08 12:32:43.462000,1.30289,1.30268,1300000,1200000
2022-07-08 12:32:43.614000,1.30287,1.30266,1350000,1350000
2022-07-08 12:32:43.716000,1.30286,1.30264,1420000,2100000
2022-07-08 12:32:43.817000,1.30286,1.30264,1420000,1600000
2022-07-08 12:32:43.868000,1.30287,1.30263,1900000,1600000
2022-07-08 12:32:43.970000,1.30287,1.30263,1800000,1600000
2022-07-08 12:32:44.659000,1.30287,1.30263,1900000,1600000
2022-07-08 12:32:44.832000,1.30286,1.30264,1800000,1600000
2022-07-08 12:32:45.991000,1.30281,1.30262,1800000,1350000
2022-07-08 12:32:46.042000,1.30281,1.3026,2100000,1350000
2022-07-08 12:32:46.262000,1.30281,1.30259,1800000,1600000
2022-07-08 12:32:46.478000,1.30286,1.30263,1800000,1200000
2022-07-08 12:32:46.579000,1.30286,1.30264,2300000,1600000
2022-07-08 12:32:46.681000,1.30287,1.30263,1800000,1600000
2022-07-08 12:32:46.783000,1.30287,1.30263,1900000,1600000
2022-07-08 12:32:47.334000,1.30286,1.30263,1800000,1600000
2022-07-08 12:32:47.435000,1.30286,1.30263,1900000,2100000
2022-07-08 12:32:47.717000,1.30288,1.30269,1800000,1200000
2022-07-08 12:32:47.768000,1.30289,1.30268,1800000,1350000
2022-07-08 12:32:47.819000,1.30286,1.30265,1200000,3600000
2022-07-08 12:32:47.920000,1.30287,1.30264,1800000,1600000
2022-07-08 12:32:48.022000,1.30286,1.30264,1900000,1600000
2022-07-08 12:32:48.123000,1.30287,1.30263,1920000,1600000
2022-07-08 12:32:48.225000,1.30281,1.30261,1800000,1600000
2022-07-08 12:32:48.276000,1.30281,1.30261,1800000,1200000
2022-07-08 12:32:48.377000,1.30282,1.3026,1800000,1800000
2022-07-08 12:32:48.541000,1.30281,1.30259,2300000,1600000
2022-07-08 12:32:48.660000,1.30278,1.30256,1800000,1600000
