time,ask,bid,ask_volume,bid_volume
2019-11-05 13:25:00.001000,1.31304,1.31293,1500000,2320000
2019-11-05 13:25:00.152000,1.31304,1.31295,1500000,1500000
2019-11-05 13:25:00.455000,1.31305,1.31295,1000000,1500000
2019-11-05 13:25:03.866000,1.31307,1.31303,1000000,1000000
2019-11-05 13:25:03.917000,1.31314,1.31302,3220000,3000000
2019-11-05 13:25:03.967000,1.31312,1.31302,1000000,2070000
2019-11-05 13:25:04.069000,1.31312,1.31303,1000000,1100000
2019-11-05 13:25:04.120000,1.31315,1.31303,1500000,1100000
2019-11-05 13:25:05.738000,1.31315,1.31303,1570000,2100000
2019-11-05 13:25:05.839000,1.31315,1.31303,1500000,1100000
2019-11-05 13:25:07.319000,1.31315,1.31302,1970000,2470000
2019-11-05 13:25:08.797000,1.31315,1.31303,1570000,1100000
2019-11-05 13:25:09.014000,1.31315,1.31302,1570000,1600000
2019-11-05 13:25:09.148000,1.31315,1.31304,1100000,1570000
2019-11-05 13:25:09.249000,1.31315,1.31305,1570000,1500000
2019-11-05 13:25:09.705000,1.3132,1.31309,2100000,3000000
2019-11-05 13:25:09.806000,1.31319,1.31308,1000000,2320000
2019-11-05 13:25:09.907000,1.31317,1.31308,1000000,3070000
2019-11-05 13:25:10.110000,1.31318,1.31306,2250000,4410000
2019-11-05 13:25:10.262000,1.31317,1.31309,1000000,1500000
2019-11-05 13:25:10.702000,1.31317,1.31308,1000000,2250000
2019-11-05 13:25:10.804000,1.31318,1.31309,1000000,1500000
2019-11-05 13:25:10.905000,1.31318,1.31308,1000000,2620000
2019-11-05 13:25:11.107000,1.31318,1.31309,1000000,1500000
2019-11-05 13:25:11.230000,1.31319,1.31309,1000000,1500000
2019-11-05 13:25:11.332000,1.31319,1.31308,1500000,1500000
2019-11-05 13:25:11.434000,1.31318,1.31308,1500000,1500000
2019-11-05 13:25:11.536000,1.31318,1.31308,1000000,1000000
2019-11-05 13:25:12.011000,1.31318,1.31309,1000000,2000000
2019-11-05 13:25:12.113000,1.31319,1.31309,1000000,1000000
2019-11-05 13:25:12.214000,1.3132,1.31309,1000000,2070000
2019-11-05 13:25:12.315000,1.3132,1.31309,1000000,2070000
2019-11-05 13:25:13.820000,1.3132,1.31312,1000000,1500000
2019-11-05 13:25:13.921000,1.31322,1.31311,1100000,2320000
2019-11-05 13:25:14.022000,1.31322,1.31312,1000000,1500000
2019-11-05 13:25:15.014000,1.31322,1.31311,1000000,3070000
2019-11-05 13:25:19.241000,1.31322,1.31312,2320000,1500000
2019-11-05 13:25:20.472000,1.31322,1.31311,1570000,1570000
2019-11-05 13:25:23.158000,1.31322,1.31311,2350000,1500000
2019-11-05 13:25:23.259000,1.31322,1.31311,1570000,1500000
2019-11-05 13:25:23.467000,1.31322,1.31311,1970000,1500000
2019-11-05 13:25:23.569000,1.31322,1.31311,1570000,1500000
2019-11-05 13:25:26.094000,1.31322,1.31311,1970000,1000000
2019-11-05 13:25:35.394000,1.31322,1.31312,1000000,1500000
2019-11-05 13:25:35.496000,1.31323,1.31315,1000000,1000000
2019-11-05 13:25:35.597000,1.31324,1.31318,1000000,1500000
2019-11-05 13:25:35.699000,1.31324,1.31316,1000000,2970000
2019-11-05 13:25:35.749000,1.31327,1.31318,1000000,1000000
2019-11-05 13:25:38.260000,1.31324,1.31315,1000000,3470000
2019-11-05 13:25:38.362000,1.31323,1.31312,1500000,1720000
2019-11-05 13:25:38.464000,1.31322,1.31311,1000000,1600000
2019-11-05 13:25:38.891000,1.31322,1.31311,1000000,1600000
2019-11-05 13:25:39.406000,1.31322,1.31311,1000000,1570000
2019-11-05 13:25:39.642000,1.31322,1.31311,1000000,3470000
2019-11-05 13:25:39.917000,1.31322,1.31311,1000000,3450000
2019-11-05 13:25:40.069000,1.31322,1.31311,1100000,4350000
2019-11-05 13:25:40.344000,1.31322,1.31311,1000000,1570000
2019-11-05 13:25:40.605000,1.31322,1.31311,1100000,2850000
2019-11-05 13:25:40.888000,1.31322,1.31311,1000000,1570000
2019-11-05 13:25:41.092000,1.31322,1.31312,1000000,1000000
2019-11-05 13:25:41.358000,1.31322,1.31311,1000000,1200000
2019-11-05 13:25:43.016000,1.31323,1.31312,1500000,1100000
2019-11-05 13:25:45.939000,1.31323,1.31312,1970000,1200000
2019-11-05 13:25:46.995000,1.31323,1.31312,1950000,1000000
2019-11-05 13:25:47.097000,1.31322,1.3131,1870000,1970000
2019-11-05 13:25:47.147000,1.31322,1.3131,2470000,1950000
2019-11-05 13:25:47.314000,1.3132,1.31311,1570000,1000000
2019-11-05 13:25:47.416000,1.31318,1.31307,1000000,2700000
2019-11-05 13:25:47.517000,1.31318,1.31307,1220000,3070000
2019-11-05 13:25:47.618000,1.31318,1.31307,1000000,2320000
2019-11-05 13:25:50.635000,1.31318,1.31307,1000000,1600000
2019-11-05 13:25:51.147000,1.31318,1.31308,1000000,1500000
2019-11-05 13:25:51.249000,1.31318,1.31308,1570000,1700000
2019-11-05 13:25:51.379000,1.31318,1.31308,1950000,1570000
2019-11-05 13:25:51.430000,1.31316,1.31307,2620000,1600000
2019-11-05 13:25:51.532000,1.31316,1.31307,2250000,1500000
2019-11-05 13:25:51.633000,1.31316,1.31306,1000000,1950000
2019-11-05 13:25:51.785000,1.31316,1.31307,1120000,2700000
2019-11-05 13:25:53.118000,1.31316,1.31308,1000000,1100000
2019-11-05 13:25:53.220000,1.31316,1.31308,1000000,1100000
2019-11-05 13:25:57.087000,1.31316,1.31306,1000000,1410000
2019-11-05 13:25:57.188000,1.31315,1.31304,1500000,1570000
2019-11-05 13:25:57.289000,1.31314,1.31304,1500000,1100000
2019-11-05 13:25:57.390000,1.31314,1.31303,3470000,1200000
2019-11-05 13:25:57.492000,1.31312,1.31303,1000000,1000000
2019-11-05 13:25:58.453000,1.31311,1.31302,1120000,1000000
2019-11-05 13:25:58.554000,1.31311,1.31299,1950000,3820000
2019-11-05 13:25:58.655000,1.31311,1.31299,1500000,3600000
2019-11-05 13:25:58.756000,1.31311,1.313,1500000,1100000
2019-11-05 13:25:58.926000,1.31311,1.31299,2620000,1970000
2019-11-05 13:25:58.977000,1.31309,1.313,1000000,1120000
2019-11-05 13:25:59.129000,1.3131,1.31299,1000000,1570000
2019-11-05 13:25:59.230000,1.31309,1.31298,1000000,2100000
2019-11-05 13:25:59.382000,1.3131,1.31299,3450000,1500000
2019-11-05 13:25:59.484000,1.3131,1.31299,3470000,1500000
2019-11-05 13:25:59.585000,1.31309,1.31298,3000000,1100000
2019-11-05 13:25:59.837000,1.31308,1.31299,1000000,1000000
2019-11-05 13:25:59.938000,1.31309,1.31298,1970000,1200000
2019-11-05 13:26:00.040000,1.31309,1.31298,3450000,1000000
2019-11-05 13:26:00.141000,1.31307,1.31297,1000000,2700000
2019-11-05 13:26:00.244000,1.3131,1.313,1500000,1000000
2019-11-05 13:26:00.345000,1.3131,1.313,1000000,1600000
2019-11-05 13:26:00.446000,1.31311,1.313,1500000,2450000
2019-11-05 13:26:00.820000,1.31311,1.313,1500000,2450000
2019-11-05 13:26:01.258000,1.31311,1.313,1500000,2820000
2019-11-05 13:26:02.152000,1.31311,1.313,1500000,2820000
2019-11-05 13:26:02.884000,1.31311,1.313,1000000,2470000
2019-11-05 13:26:03.003000,1.31311,1.313,1000000,2700000
2019-11-05 13:26:03.104000,1.31311,1.31301,1000000,1000000
2019-11-05 13:26:03.359000,1.31311,1.313,1000000,2320000
2019-11-05 13:26:04.980000,1.31311,1.31301,1000000,1000000
2019-11-05 13:26:05.999000,1.31309,1.313,1000000,1000000
2019-11-05 13:26:06.101000,1.31308,1.313,1000000,1000000
2019-11-05 13:26:06.303000,1.31308,1.31298,1000000,2100000
2019-11-05 13:26:06.404000,1.31308,1.31297,1500000,2700000
2019-11-05 13:26:06.522000,1.31308,1.31297,1950000,2720000
2019-11-05 13:26:06.623000,1.31308,1.31297,1500000,2700000
2019-11-05 13:26:06.724000,1.31307,1.31296,1000000,1100000
2019-11-05 13:26:07.077000,1.31307,1.31296,1000000,5100000
2019-11-05 13:26:07.229000,1.31307,1.31296,1000000,4200000
2019-11-05 13:26:07.453000,1.31307,1.31297,1000000,1500000
2019-11-05 13:26:07.735000,1.31307,1.31296,1000000,2700000
2019-11-05 13:26:08.038000,1.31307,1.31296,1000000,2720000
2019-11-05 13:26:08.139000,1.31307,1.31297,1000000,1600000
2019-11-05 13:26:08.259000,1.31307,1.31296,1000000,2720000
2019-11-05 13:26:09.121000,1.31307,1.31297,1000000,1970000
2019-11-05 13:26:09.273000,1.31307,1.31296,1000000,5850000
2019-11-05 13:26:11.224000,1.31308,1.31298,1500000,1000000
2019-11-05 13:26:11.275000,1.31311,1.313,2100000,2250000
2019-11-05 13:26:11.326000,1.31311,1.313,1500000,2320000
2019-11-05 13:26:11.528000,1.31311,1.313,1970000,2450000
2019-11-05 13:26:11.629000,1.31308,1.31299,1000000,1100000
2019-11-05 13:26:11.731000,1.31308,1.31298,1500000,1100000
2019-11-05 13:26:11.832000,1.3131,1.31301,1100000,2250000
2019-11-05 13:26:11.933000,1.31313,1.31302,1600000,1000000
2019-11-05 13:26:11.983000,1.31313,1.31302,1000000,1100000
2019-11-05 13:26:12.135000,1.31313,1.31301,1220000,5100000
2019-11-05 13:26:12.236000,1.31313,1.31302,1200000,1220000
2019-11-05 13:26:12.455000,1.31313,1.31303,1220000,1000000
2019-11-05 13:26:12.627000,1.31313,1.31302,1220000,1950000
2019-11-05 13:26:12.764000,1.31313,1.31302,1000000,1100000
2019-11-05 13:26:12.999000,1.31313,1.31303,1570000,1000000
2019-11-05 13:26:13.382000,1.31313,1.31302,1100000,1000000
2019-11-05 13:26:13.483000,1.31313,1.31302,1200000,1220000
2019-11-05 13:26:14.395000,1.31313,1.31304,1100000,1000000
2019-11-05 13:26:14.594000,1.31313,1.31302,1000000,1100000
2019-11-05 13:26:15.375000,1.31313,1.31303,1100000,1000000
2019-11-05 13:26:15.480000,1.31313,1.31302,1000000,1100000
2019-11-05 13:26:16.486000,1.31313,1.31303,1000000,1000000
2019-11-05 13:26:16.637000,1.31313,1.31302,1000000,1100000
2019-11-05 13:26:17.083000,1.31313,1.31303,1000000,1000000
2019-11-05 13:26:17.185000,1.31313,1.31302,1000000,1100000
2019-11-05 13:26:18.160000,1.31313,1.31303,1000000,1500000
2019-11-05 13:26:21.193000,1.31313,1.31304,1000000,1500000
2019-11-05 13:26:21.357000,1.31313,1.31303,1000000,3070000
2019-11-05 13:26:22.775000,1.31313,1.31304,1000000,1500000
2019-11-05 13:26:22.876000,1.31313,1.31303,1000000,2320000
2019-11-05 13:26:23.577000,1.31313,1.31304,1000000,1500000
2019-11-05 13:26:24.044000,1.31317,1.31309,2100000,1000000
2019-11-05 13:26:24.095000,1.3132,1.31309,1220000,3450000
2019-11-05 13:26:24.197000,1.31321,1.31312,1100000,1000000
2019-11-05 13:26:25.916000,1.31323,1.31312,1500000,1200000
2019-11-05 13:26:26.018000,1.31323,1.31313,1000000,2250000
2019-11-05 13:26:26.144000,1.31323,1.31313,1000000,2720000
2019-11-05 13:26:26.245000,1.31323,1.31313,1000000,2250000
2019-11-05 13:26:26.525000,1.31323,1.31312,1500000,1100000
2019-11-05 13:26:26.790000,1.31322,1.31311,1000000,1100000
2019-11-05 13:26:26.892000,1.31322,1.31311,1200000,1220000
2019-11-05 13:26:27.498000,1.31322,1.31313,1000000,1000000
2019-11-05 13:26:28.545000,1.31322,1.31311,1000000,1950000
2019-11-05 13:26:30.161000,1.31322,1.31312,1000000,1500000
2019-11-05 13:26:30.464000,1.31322,1.31311,1000000,4200000
2019-11-05 13:26:30.717000,1.31322,1.3131,2470000,2720000
2019-11-05 13:26:30.869000,1.31321,1.31312,1100000,1000000
2019-11-05 13:26:34.014000,1.31319,1.31312,1000000,1000000
2019-11-05 13:26:34.116000,1.31316,1.3131,1000000,1570000
2019-11-05 13:26:34.217000,1.3132,1.31309,2250000,2070000
2019-11-05 13:26:34.319000,1.31318,1.31309,1000000,1600000
2019-11-05 13:26:34.369000,1.3132,1.3131,3070000,1100000
2019-11-05 13:26:34.420000,1.31318,1.31309,1000000,1000000
2019-11-05 13:26:34.521000,1.31317,1.31307,1000000,1600000
2019-11-05 13:26:34.622000,1.31317,1.31306,1000000,4220000
2019-11-05 13:26:34.724000,1.31317,1.31306,1000000,3450000
2019-11-05 13:26:34.825000,1.31317,1.31306,1500000,3470000
2019-11-05 13:26:34.977000,1.31317,1.31306,1500000,4350000
2019-11-05 13:26:35.128000,1.31317,1.31306,1570000,4350000
2019-11-05 13:26:35.539000,1.31318,1.31308,1000000,1500000
2019-11-05 13:26:35.791000,1.31318,1.31307,1000000,1950000
2019-11-05 13:26:36.096000,1.31318,1.31307,1200000,1220000
2019-11-05 13:26:36.249000,1.31317,1.31307,1000000,1000000
2019-11-05 13:26:36.361000,1.31317,1.31306,1000000,1950000
2019-11-05 13:26:36.463000,1.31317,1.31306,1100000,4350000
2019-11-05 13:26:36.564000,1.31317,1.31306,1500000,4350000
2019-11-05 13:26:36.666000,1.31317,1.31306,1000000,3450000
2019-11-05 13:26:37.103000,1.31317,1.31307,1000000,1500000
2019-11-05 13:26:37.205000,1.31317,1.31306,1000000,3450000
2019-11-05 13:26:37.306000,1.31317,1.31307,1000000,1570000
2019-11-05 13:26:37.710000,1.31317,1.31308,1000000,2250000
2019-11-05 13:26:38.024000,1.31317,1.31309,1000000,1500000
2019-11-05 13:26:39.489000,1.31319,1.31309,1500000,1950000
2019-11-05 13:26:39.905000,1.31319,1.3131,1000000,1500000
2019-11-05 13:26:43.886000,1.31319,1.31309,1500000,1570000
2019-11-05 13:26:43.987000,1.31319,1.3131,1500000,1000000
2019-11-05 13:26:44.097000,1.3132,1.3131,1500000,2320000
2019-11-05 13:26:44.249000,1.31321,1.31311,1500000,1000000
2019-11-05 13:26:44.378000,1.31321,1.31311,1000000,1000000
2019-11-05 13:26:46.241000,1.31322,1.31313,1000000,2250000
2019-11-05 13:26:46.614000,1.31324,1.31313,1000000,2320000
2019-11-05 13:26:47.190000,1.31323,1.31313,1000000,2250000
2019-11-05 13:26:47.291000,1.31324,1.31313,1000000,3000000
2019-11-05 13:26:48.027000,1.31324,1.31312,1500000,2320000
2019-11-05 13:26:50.116000,1.31324,1.31313,1500000,1570000
2019-11-05 13:26:52.268000,1.31324,1.31312,1500000,3070000
2019-11-05 13:26:52.973000,1.31327,1.31317,1970000,1000000
2019-11-05 13:26:53.077000,1.31328,1.31319,1000000,1000000
2019-11-05 13:26:53.965000,1.31327,1.31316,2250000,1100000
2019-11-05 13:26:54.066000,1.31324,1.31314,1000000,1500000
2019-11-05 13:26:54.167000,1.31323,1.31312,1500000,1000000
2019-11-05 13:26:57.662000,1.31323,1.31313,1500000,1500000
2019-11-05 13:26:57.814000,1.31327,1.31318,1600000,1000000
2019-11-05 13:26:57.915000,1.31327,1.31318,1120000,1000000
2019-11-05 13:26:58.016000,1.31326,1.31315,1120000,2320000
2019-11-05 13:26:58.168000,1.31325,1.31314,1000000,1970000
2019-11-05 13:26:58.272000,1.31325,1.31314,1000000,1000000
2019-11-05 13:26:58.654000,1.31325,1.31313,1000000,3820000
2019-11-05 13:26:58.806000,1.31325,1.31313,1100000,4970000
2019-11-05 13:26:58.907000,1.31325,1.31313,1570000,3000000
2019-11-05 13:26:59.008000,1.31324,1.31313,1000000,2250000
2019-11-05 13:26:59.277000,1.31324,1.31314,1000000,1000000
2019-11-05 13:27:00.618000,1.31324,1.31313,1500000,1120000
2019-11-05 13:27:00.719000,1.31323,1.31313,1000000,1120000
2019-11-05 13:27:01.133000,1.31324,1.31313,1500000,1120000
2019-11-05 13:27:01.234000,1.31324,1.31314,1500000,1000000
2019-11-05 13:27:01.336000,1.31324,1.31315,1500000,1000000
2019-11-05 13:27:01.514000,1.31323,1.31315,1000000,1000000
2019-11-05 13:27:01.565000,1.31323,1.31312,1000000,2720000
2019-11-05 13:27:01.919000,1.31324,1.31313,1100000,1600000
2019-11-05 13:27:07.703000,1.31324,1.31315,1000000,1000000
2019-11-05 13:27:08.159000,1.31327,1.31316,1100000,1000000
2019-11-05 13:27:08.311000,1.31327,1.31318,1500000,1000000
2019-11-05 13:27:08.492000,1.31326,1.31315,1870000,1100000
2019-11-05 13:27:08.594000,1.31329,1.31318,2100000,1000000
2019-11-05 13:27:08.644000,1.31329,1.31318,1970000,1000000
2019-11-05 13:27:08.746000,1.31329,1.31319,1000000,1500000
2019-11-05 13:27:08.898000,1.31329,1.3132,1000000,1000000
2019-11-05 13:27:16.276000,1.3133,1.31318,2470000,1570000
2019-11-05 13:27:16.579000,1.3133,1.31319,1950000,1000000
2019-11-05 13:27:17.636000,1.3133,1.31319,2070000,1000000
2019-11-05 13:27:17.754000,1.3133,1.31319,2320000,1000000
2019-11-05 13:27:18.305000,1.31328,1.31319,1000000,1000000
2019-11-05 13:27:19.509000,1.31329,1.3132,1000000,1000000
2019-11-05 13:27:23.883000,1.31329,1.31322,1000000,1500000
2019-11-05 13:27:23.934000,1.31335,1.31326,1500000,1120000
2019-11-05 13:27:24.036000,1.31338,1.31328,1000000,1100000
2019-11-05 13:27:24.137000,1.31338,1.31327,1500000,2250000
2019-11-05 13:27:24.188000,1.31333,1.31325,1000000,1000000
2019-11-05 13:27:24.239000,1.31333,1.31322,1000000,2320000
2019-11-05 13:27:24.290000,1.31333,1.31324,1500000,1100000
2019-11-05 13:27:24.391000,1.31333,1.31323,1000000,2250000
2019-11-05 13:27:24.493000,1.31335,1.31324,1000000,1500000
2019-11-05 13:27:24.594000,1.31336,1.31324,1500000,2070000
2019-11-05 13:27:29.322000,1.31337,1.31325,2320000,1870000
2019-11-05 13:27:29.474000,1.31337,1.31325,2720000,2700000
2019-11-05 13:27:29.762000,1.31337,1.31325,2470000,2820000
2019-11-05 13:27:30.020000,1.31337,1.31325,2070000,2620000
2019-11-05 13:27:30.273000,1.31337,1.31325,2470000,3070000
2019-11-05 13:27:31.302000,1.31337,1.31326,1570000,1120000
2019-11-05 13:27:33.297000,1.31336,1.31326,1000000,1570000
2019-11-05 13:27:35.325000,1.31335,1.31326,1000000,1500000
2019-11-05 13:27:36.639000,1.31336,1.31326,1000000,1500000
2019-11-05 13:27:43.011000,1.31337,1.31328,2320000,1000000
2019-11-05 13:27:49.745000,1.31336,1.31327,1500000,1000000
2019-11-05 13:27:49.846000,1.31336,1.31326,1500000,1000000
2019-11-05 13:27:49.947000,1.31336,1.31326,1970000,1000000
2019-11-05 13:27:50.334000,1.31336,1.31326,1950000,1000000
2019-11-05 13:27:50.536000,1.31336,1.31327,1500000,1000000
2019-11-05 13:27:57.919000,1.31336,1.31326,1000000,1500000
2019-11-05 13:27:58.399000,1.31336,1.31326,1620000,1500000
2019-11-05 13:28:00.076000,1.31336,1.31326,1000000,1500000
2019-11-05 13:28:00.278000,1.31336,1.31325,1000000,4500000
2019-11-05 13:28:00.379000,1.31334,1.31326,1000000,1500000
2019-11-05 13:28:00.744000,1.31334,1.31324,1500000,1120000
2019-11-05 13:28:00.845000,1.31334,1.31323,1500000,3000000
2019-11-05 13:28:00.946000,1.31333,1.31323,1000000,1500000
2019-11-05 13:28:01.048000,1.31333,1.31322,1570000,2250000
2019-11-05 13:28:01.149000,1.31333,1.31323,2700000,1000000
2019-11-05 13:28:01.250000,1.31333,1.31323,2720000,1000000
2019-11-05 13:28:02.865000,1.31333,1.31323,2250000,1000000
2019-11-05 13:28:03.615000,1.31333,1.31322,2250000,1120000
2019-11-05 13:28:03.716000,1.31333,1.31323,1500000,1000000
2019-11-05 13:28:04.844000,1.31335,1.31325,1500000,1500000
2019-11-05 13:28:04.960000,1.31335,1.31327,1000000,1000000
2019-11-05 13:28:07.585000,1.31334,1.31327,1000000,1000000
2019-11-05 13:28:07.686000,1.31333,1.31326,1000000,1500000
2019-11-05 13:28:08.294000,1.31333,1.31325,1000000,2250000
2019-11-05 13:28:08.763000,1.31331,1.31323,1000000,1220000
2019-11-05 13:28:08.864000,1.31331,1.31321,1000000,2000000
2019-11-05 13:28:09.117000,1.31332,1.31322,1000000,1200000
2019-11-05 13:28:09.530000,1.31332,1.31323,1000000,1000000
2019-11-05 13:28:09.756000,1.31333,1.31322,1500000,2320000
2019-11-05 13:28:10.646000,1.31333,1.31322,1000000,2720000
2019-11-05 13:28:10.747000,1.31333,1.31322,1000000,1870000
2019-11-05 13:28:10.900000,1.31333,1.31323,1000000,1000000
2019-11-05 13:28:11.002000,1.31333,1.31322,1500000,2250000
2019-11-05 13:28:11.104000,1.3133,1.31321,1500000,1000000
2019-11-05 13:28:11.205000,1.31329,1.31321,1000000,1000000
2019-11-05 13:28:11.357000,1.31331,1.31321,1500000,2070000
2019-11-05 13:28:11.458000,1.31331,1.31321,1500000,2070000
2019-11-05 13:28:11.870000,1.31331,1.31322,1000000,1120000
2019-11-05 13:28:11.971000,1.31331,1.31323,1000000,1000000
2019-11-05 13:28:12.173000,1.31333,1.31323,1000000,1000000
2019-11-05 13:28:12.817000,1.31333,1.31324,1000000,1000000
2019-11-05 13:28:12.919000,1.31334,1.31324,1000000,1000000
2019-11-05 13:28:13.099000,1.31335,1.31324,2250000,1000000
2019-11-05 13:28:14.692000,1.31335,1.31323,2250000,3750000
2019-11-05 13:28:14.743000,1.31333,1.31323,1000000,1000000
2019-11-05 13:28:14.844000,1.31332,1.31322,1000000,1120000
2019-11-05 13:28:16.570000,1.31333,1.31323,1000000,1000000
2019-11-05 13:28:16.672000,1.31334,1.31323,1000000,2320000
2019-11-05 13:28:16.773000,1.31335,1.31324,2250000,1100000
2019-11-05 13:28:17.215000,1.31335,1.31323,2320000,1200000
2019-11-05 13:28:17.548000,1.31335,1.31324,3070000,1000000
2019-11-05 13:28:17.727000,1.31334,1.31323,1000000,1600000
2019-11-05 13:28:19.579000,1.31334,1.31323,1000000,1100000
2019-11-05 13:28:20.029000,1.31332,1.31323,1000000,1100000
2019-11-05 13:28:20.800000,1.31332,1.31321,1500000,1100000
2019-11-05 13:28:20.851000,1.31329,1.31321,1000000,1100000
2019-11-05 13:28:20.952000,1.31329,1.3132,1000000,1870000
2019-11-05 13:28:22.906000,1.3133,1.3132,1000000,1120000
2019-11-05 13:28:24.018000,1.3133,1.31321,1000000,1000000
2019-11-05 13:28:24.715000,1.3133,1.3132,1000000,1120000
2019-11-05 13:28:24.816000,1.3133,1.31321,1000000,1000000
2019-11-05 13:28:25.841000,1.3133,1.3132,1500000,1000000
2019-11-05 13:28:26.045000,1.3133,1.31318,2250000,2390000
2019-11-05 13:28:26.196000,1.3133,1.31318,1500000,2000000
2019-11-05 13:28:26.510000,1.3133,1.31319,1500000,1000000
2019-11-05 13:28:26.744000,1.31328,1.31318,1500000,1500000
2019-11-05 13:28:26.846000,1.31327,1.31316,2320000,1000000
2019-11-05 13:28:27.099000,1.31326,1.31316,1000000,1120000
2019-11-05 13:28:27.514000,1.31327,1.31316,1500000,1120000
2019-11-05 13:28:29.060000,1.31327,1.31317,1500000,1000000
2019-11-05 13:28:29.161000,1.31327,1.31316,3000000,1500000
2019-11-05 13:28:29.363000,1.31326,1.31315,1000000,1600000
2019-11-05 13:28:29.720000,1.31327,1.31315,2250000,1600000
2019-11-05 13:28:30.067000,1.31324,1.31316,1000000,1000000
2019-11-05 13:28:30.169000,1.31323,1.31313,1000000,2850000
2019-11-05 13:28:30.249000,1.31323,1.31313,1000000,1500000
2019-11-05 13:28:30.354000,1.31322,1.31314,1000000,1000000
2019-11-05 13:28:30.753000,1.31323,1.31313,1000000,1500000
2019-11-05 13:28:30.804000,1.31325,1.31314,1000000,1000000
2019-11-05 13:28:30.905000,1.31326,1.31316,1000000,1000000
2019-11-05 13:28:33.510000,1.31324,1.31316,1000000,1000000
2019-11-05 13:28:34.032000,1.31326,1.31316,1120000,1000000
2019-11-05 13:28:34.083000,1.31328,1.31317,1600000,2000000
2019-11-05 13:28:34.184000,1.31328,1.31317,1500000,2750000
2019-11-05 13:28:36.377000,1.31328,1.31319,1500000,1000000
2019-11-05 13:28:36.478000,1.31329,1.3132,1000000,1000000
2019-11-05 13:28:38.881000,1.31329,1.31319,1000000,1000000
2019-11-05 13:28:40.415000,1.31329,1.3132,1000000,1500000
2019-11-05 13:28:40.466000,1.31331,1.3132,1500000,2250000
2019-11-05 13:28:40.567000,1.31331,1.31321,1500000,1500000
2019-11-05 13:28:40.871000,1.31331,1.3132,1500000,1500000
2019-11-05 13:28:42.092000,1.31331,1.31321,1500000,1000000
2019-11-05 13:28:43.775000,1.31331,1.31321,2000000,1000000
2019-11-05 13:28:44.298000,1.31331,1.31321,1500000,1000000
2019-11-05 13:28:44.788000,1.31331,1.3132,1500000,1500000
2019-11-05 13:28:44.941000,1.31327,1.31318,1000000,4120000
2019-11-05 13:28:48.931000,1.31329,1.31318,1000000,1500000
2019-11-05 13:28:50.826000,1.3133,1.31318,1120000,2250000
2019-11-05 13:28:51.381000,1.3133,1.31319,1120000,1000000
2019-11-05 13:28:51.532000,1.3133,1.3132,1000000,1500000
2019-11-05 13:28:51.774000,1.3133,1.3132,1000000,1500000
2019-11-05 13:28:56.431000,1.3133,1.31319,1500000,1500000
2019-11-05 13:28:57.206000,1.3133,1.31318,1000000,5320000
2019-11-05 13:28:58.713000,1.3133,1.31319,1000000,1000000
2019-11-05 13:29:00.749000,1.3133,1.31318,1500000,3750000
2019-11-05 13:29:03.328000,1.3133,1.31318,1570000,2750000
2019-11-05 13:29:05.122000,1.3133,1.31318,1500000,3000000
2019-11-05 13:29:05.383000,1.3133,1.31318,1500000,2750000
2019-11-05 13:29:07.640000,1.3133,1.31318,1000000,3500000
2019-11-05 13:29:14.104000,1.31329,1.31318,1000000,4250000
2019-11-05 13:29:14.668000,1.31329,1.31318,1000000,3750000
2019-11-05 13:29:15.018000,1.31329,1.31318,1000000,3500000
2019-11-05 13:29:15.355000,1.31331,1.31318,2320000,3500000
2019-11-05 13:29:19.279000,1.31331,1.31319,1600000,1120000
2019-11-05 13:29:19.794000,1.31331,1.31319,1200000,1500000
2019-11-05 13:29:26.955000,1.31331,1.31319,1000000,1500000
2019-11-05 13:29:30.356000,1.31331,1.31319,1000000,1120000
2019-11-05 13:29:31.049000,1.31332,1.31321,1120000,1000000
2019-11-05 13:29:31.329000,1.3133,1.31321,1000000,1000000
2019-11-05 13:29:32.430000,1.3133,1.31319,1000000,2620000
2019-11-05 13:29:33.193000,1.3133,1.3132,1000000,1000000
2019-11-05 13:29:33.425000,1.3133,1.31319,1000000,2620000
2019-11-05 13:29:33.526000,1.31331,1.3132,1000000,2000000
2019-11-05 13:29:33.678000,1.31331,1.31319,1120000,2000000
2019-11-05 13:29:38.782000,1.31331,1.31321,1000000,1120000
2019-11-05 13:29:38.934000,1.31331,1.31319,1000000,2000000
2019-11-05 13:29:39.035000,1.31331,1.31319,1000000,1870000
2019-11-05 13:29:40.355000,1.31329,1.31318,1000000,2000000
2019-11-05 13:29:40.456000,1.3133,1.31318,1000000,2000000
2019-11-05 13:29:41.431000,1.31331,1.3132,1000000,2750000
2019-11-05 13:29:41.537000,1.3133,1.31319,1500000,2000000
2019-11-05 13:29:41.890000,1.3133,1.31318,1500000,3140000
2019-11-05 13:29:42.042000,1.3133,1.31318,1000000,2000000
2019-11-05 13:29:42.143000,1.3133,1.31318,1000000,1500000
2019-11-05 13:29:42.245000,1.3133,1.31318,1000000,3140000
2019-11-05 13:29:42.447000,1.3133,1.31318,1000000,1500000
2019-11-05 13:29:42.548000,1.3133,1.31318,1000000,3140000
2019-11-05 13:29:42.699000,1.3133,1.31318,1000000,3890000
2019-11-05 13:29:42.801000,1.3133,1.31318,1000000,3890000
2019-11-05 13:29:44.762000,1.31332,1.31321,1000000,1500000
2019-11-05 13:29:44.863000,1.3133,1.31321,1000000,1870000
2019-11-05 13:29:45.015000,1.3133,1.3132,1000000,1120000
2019-11-05 13:29:45.066000,1.31334,1.31323,1000000,1500000
2019-11-05 13:29:45.167000,1.31333,1.31322,1500000,2250000
2019-11-05 13:29:45.218000,1.31335,1.31322,1120000,3120000
2019-11-05 13:29:45.319000,1.31333,1.31324,1500000,1500000
2019-11-05 13:29:45.420000,1.3133,1.3132,1000000,1000000
2019-11-05 13:29:46.484000,1.3133,1.31318,1000000,1500000
2019-11-05 13:29:46.691000,1.3133,1.31319,1000000,2250000
2019-11-05 13:29:46.861000,1.3133,1.31318,1000000,1500000
2019-11-05 13:29:47.063000,1.3133,1.31319,1000000,1000000
2019-11-05 13:29:47.165000,1.3133,1.31318,1000000,1500000
2019-11-05 13:29:47.930000,1.3133,1.31317,1000000,2290000
2019-11-05 13:29:48.072000,1.3133,1.31318,1000000,1140000
2019-11-05 13:29:48.876000,1.3133,1.31317,1000000,2290000
2019-11-05 13:29:49.203000,1.3133,1.31318,1000000,1140000
2019-11-05 13:29:50.281000,1.3133,1.31317,1000000,2640000
2019-11-05 13:29:51.463000,1.3133,1.31318,1000000,1140000
2019-11-05 13:29:52.023000,1.3133,1.31317,1000000,2640000
2019-11-05 13:29:52.074000,1.31325,1.31315,1000000,1500000
2019-11-05 13:29:52.125000,1.31328,1.31315,1000000,1000000
2019-11-05 13:29:52.176000,1.31325,1.31314,1000000,1000000
2019-11-05 13:29:52.278000,1.31325,1.31312,1000000,1000000
2019-11-05 13:29:53.564000,1.31324,1.31312,1000000,1000000
2019-11-05 13:29:53.731000,1.31322,1.31311,1000000,1000000
2019-11-05 13:29:54.001000,1.31324,1.3131,1000000,1000000
2019-11-05 13:29:55.449000,1.31323,1.31312,1000000,1000000
2019-11-05 13:29:55.500000,1.31331,1.31311,2750000,1000000
2019-11-05 13:29:55.772000,1.31331,1.31313,1500000,1000000
2019-11-05 13:29:56.479000,1.31325,1.31313,1000000,1000000
2019-11-05 13:29:56.934000,1.31326,1.31312,1000000,1000000
2019-11-05 13:30:00.781000,1.31326,1.31313,1000000,1500000
2019-11-05 13:30:01.434000,1.31328,1.31314,1000000,1000000
2019-11-05 13:30:02.631000,1.31328,1.31314,2250000,1500000
2019-11-05 13:30:03.067000,1.31327,1.31313,1000000,1620000
2019-11-05 13:30:03.518000,1.31327,1.31313,1120000,1620000
2019-11-05 13:30:03.893000,1.31325,1.31311,1000000,1500000
2019-11-05 13:30:03.994000,1.31323,1.3131,1120000,1500000
2019-11-05 13:30:05.535000,1.31323,1.31311,1000000,1500000
2019-11-05 13:30:05.640000,1.31323,1.31311,1000000,1500000
2019-11-05 13:30:05.741000,1.31323,1.31311,1000000,1500000
2019-11-05 13:30:05.938000,1.31328,1.3132,1500000,1000000
2019-11-05 13:30:05.989000,1.31323,1.31314,1000000,1500000
2019-11-05 13:30:06.040000,1.31328,1.31317,1000000,1500000
2019-11-05 13:30:06.090000,1.31327,1.31317,1120000,1000000
2019-11-05 13:30:06.141000,1.31326,1.31313,1000000,1500000
2019-11-05 13:30:07.568000,1.31327,1.31313,1120000,1500000
2019-11-05 13:30:08.678000,1.31328,1.31316,1000000,1500000
2019-11-05 13:30:08.779000,1.31329,1.31316,1000000,1500000
2019-11-05 13:30:09.031000,1.31329,1.31316,1000000,1500000
2019-11-05 13:30:09.082000,1.31329,1.31316,1000000,1500000
2019-11-05 13:30:11.479000,1.3133,1.31318,1120000,1500000
2019-11-05 13:30:11.840000,1.3133,1.31319,1000000,1500000
2019-11-05 13:30:12.234000,1.3133,1.31319,1000000,1000000
2019-11-05 13:30:15.437000,1.3133,1.3132,1120000,1000000
2019-11-05 13:30:15.931000,1.3133,1.31318,1000000,3500000
2019-11-05 13:30:16.311000,1.3133,1.31318,1000000,3000000
2019-11-05 13:30:16.541000,1.3133,1.31318,1000000,3120000
2019-11-05 13:30:16.914000,1.3133,1.31319,1000000,1500000
2019-11-05 13:30:17.116000,1.3133,1.31319,1120000,1500000
2019-11-05 13:30:17.204000,1.3133,1.31319,1000000,1120000
2019-11-05 13:30:17.322000,1.3133,1.31319,1120000,1500000
2019-11-05 13:30:17.423000,1.3133,1.31319,1120000,1500000
2019-11-05 13:30:20.389000,1.3133,1.31325,1000000,1000000
2019-11-05 13:30:20.441000,1.31334,1.31325,2250000,1000000
2019-11-05 13:30:20.492000,1.31336,1.31328,1500000,1120000
2019-11-05 13:30:20.542000,1.31338,1.31328,1500000,1000000
2019-11-05 13:30:23.798000,1.3134,1.31329,2000000,1000000
2019-11-05 13:30:23.849000,1.3134,1.31329,1870000,1000000
2019-11-05 13:30:26.950000,1.31339,1.31329,1000000,1000000
2019-11-05 13:30:27.051000,1.31339,1.31329,1500000,1000000
2019-11-05 13:30:27.363000,1.31339,1.31329,1000000,1120000
2019-11-05 13:30:28.128000,1.31341,1.3133,2000000,1000000
2019-11-05 13:30:29.477000,1.31341,1.31328,2750000,2370000
2019-11-05 13:30:30.101000,1.31341,1.31329,1500000,1500000
2019-11-05 13:30:30.202000,1.31343,1.31329,2750000,3120000
2019-11-05 13:30:33.248000,1.31343,1.31329,1500000,2750000
2019-11-05 13:30:33.405000,1.31342,1.31329,1000000,2000000
2019-11-05 13:30:33.455000,1.31342,1.31329,1500000,2250000
2019-11-05 13:30:33.757000,1.31342,1.31328,2000000,2750000
2019-11-05 13:30:33.858000,1.31342,1.31329,1500000,1120000
2019-11-05 13:30:34.895000,1.31341,1.31329,1500000,1500000
2019-11-05 13:30:37.194000,1.31341,1.31329,1500000,1870000
2019-11-05 13:30:40.510000,1.31341,1.31329,1500000,1000000
2019-11-05 13:30:47.018000,1.31342,1.31328,3500000,1870000
2019-11-05 13:30:47.119000,1.31342,1.31329,3500000,1120000
2019-11-05 13:30:47.363000,1.31341,1.31328,1500000,2250000
2019-11-05 13:30:51.183000,1.3134,1.31329,1500000,1000000
2019-11-05 13:30:52.366000,1.3134,1.31329,1500000,1000000
2019-11-05 13:30:52.467000,1.3134,1.31329,1500000,1000000
2019-11-05 13:30:53.444000,1.3134,1.31329,1500000,1000000
2019-11-05 13:30:53.607000,1.3134,1.31328,1500000,1000000
2019-11-05 13:30:53.708000,1.3134,1.31328,1500000,1000000
2019-11-05 13:30:55.204000,1.31338,1.31328,1500000,1000000
2019-11-05 13:30:55.425000,1.31338,1.31327,1500000,1000000
2019-11-05 13:30:56.166000,1.31338,1.31326,1500000,3000000
2019-11-05 13:30:56.268000,1.31336,1.31325,1120000,2750000
2019-11-05 13:30:57.973000,1.31338,1.31327,1500000,1120000
2019-11-05 13:31:00.015000,1.31338,1.31327,1120000,1000000
2019-11-05 13:31:00.793000,1.31335,1.31326,1500000,1000000
2019-11-05 13:31:00.844000,1.31335,1.31324,1500000,1000000
2019-11-05 13:31:00.895000,1.31333,1.31322,1000000,3750000
2019-11-05 13:31:01.001000,1.31332,1.31322,1000000,1500000
2019-11-05 13:31:01.453000,1.31332,1.31322,1500000,1000000
2019-11-05 13:31:01.554000,1.31332,1.31323,1500000,1120000
2019-11-05 13:31:01.939000,1.31332,1.31323,1000000,1000000
2019-11-05 13:31:02.136000,1.31332,1.31321,1000000,3500000
2019-11-05 13:31:04.648000,1.31336,1.31325,1120000,1000000
2019-11-05 13:31:04.750000,1.31338,1.31326,1500000,1120000
2019-11-05 13:31:10.974000,1.31339,1.31326,2000000,1000000
2019-11-05 13:31:11.075000,1.31339,1.31326,2000000,1000000
2019-11-05 13:31:11.525000,1.31339,1.31326,2000000,1000000
2019-11-05 13:31:11.627000,1.31339,1.31326,2000000,1000000
2019-11-05 13:31:11.728000,1.31339,1.31326,1870000,1120000
2019-11-05 13:31:12.836000,1.31339,1.31326,2000000,1000000
2019-11-05 13:31:12.937000,1.31339,1.31327,1500000,1000000
2019-11-05 13:31:16.205000,1.31339,1.31327,1120000,1000000
2019-11-05 13:31:17.032000,1.31339,1.31328,1120000,1000000
2019-11-05 13:31:18.858000,1.31339,1.31328,1500000,1000000
2019-11-05 13:31:18.908000,1.3134,1.3133,1000000,1120000
2019-11-05 13:31:19.010000,1.31341,1.31329,1500000,1500000
2019-11-05 13:31:21.126000,1.31341,1.31331,1000000,1000000
2019-11-05 13:31:21.227000,1.31342,1.31331,1120000,1500000
2019-11-05 13:31:21.525000,1.31345,1.31332,1200000,2750000
2019-11-05 13:31:21.626000,1.31347,1.31333,3000000,2940000
2019-11-05 13:31:21.728000,1.31347,1.31335,1870000,1000000
2019-11-05 13:31:22.700000,1.31347,1.31336,1120000,1000000
2019-11-05 13:31:29.741000,1.31346,1.31336,1500000,1000000
2019-11-05 13:31:30.052000,1.31332,1.3133,1000000,1000000
2019-11-05 13:31:30.103000,1.31334,1.3133,1000000,1000000
2019-11-05 13:31:30.154000,1.31329,1.31323,1000000,1120000
2019-11-05 13:31:30.256000,1.31329,1.31321,1000000,1000000
2019-11-05 13:31:31.004000,1.3133,1.3132,1000000,2070000
2019-11-05 13:31:31.206000,1.3133,1.3132,1000000,2070000
2019-11-05 13:31:31.691000,1.31332,1.31323,1000000,1500000
2019-11-05 13:31:31.792000,1.31335,1.31324,1100000,2000000
2019-11-05 13:31:31.909000,1.31335,1.31326,1000000,1120000
2019-11-05 13:31:32.346000,1.31335,1.31327,1000000,1000000
2019-11-05 13:31:35.020000,1.31336,1.31327,1000000,1000000
2019-11-05 13:31:36.334000,1.31336,1.31326,1000000,1500000
2019-11-05 13:31:37.158000,1.31332,1.31326,1000000,1000000
2019-11-05 13:31:37.260000,1.31331,1.31321,2250000,1100000
2019-11-05 13:31:37.311000,1.31331,1.3132,2250000,1120000
2019-11-05 13:31:37.362000,1.31329,1.31319,1000000,1100000
2019-11-05 13:31:37.463000,1.31328,1.31318,1000000,1570000
2019-11-05 13:31:37.564000,1.31328,1.31317,1200000,2320000
2019-11-05 13:31:37.674000,1.31328,1.31318,1200000,1000000
2019-11-05 13:31:37.889000,1.31328,1.31317,1200000,2320000
2019-11-05 13:31:38.153000,1.31328,1.31317,1000000,1700000
2019-11-05 13:31:38.254000,1.31329,1.31318,1000000,1600000
2019-11-05 13:31:40.291000,1.31329,1.31318,1000000,1200000
2019-11-05 13:31:40.493000,1.31329,1.31318,1000000,3600000
2019-11-05 13:31:41.542000,1.31329,1.31318,1000000,3370000
2019-11-05 13:31:41.643000,1.31329,1.31318,1000000,2000000
2019-11-05 13:31:41.745000,1.31329,1.31318,1000000,2620000
2019-11-05 13:31:42.005000,1.31329,1.31319,1000000,1000000
2019-11-05 13:31:42.106000,1.31329,1.31318,1000000,2250000
2019-11-05 13:31:44.247000,1.31329,1.31319,1000000,1000000
2019-11-05 13:31:46.762000,1.31327,1.31317,1970000,1000000
2019-11-05 13:31:46.813000,1.31325,1.31315,1000000,1000000
2019-11-05 13:31:46.864000,1.31322,1.31314,1000000,1000000
2019-11-05 13:31:46.966000,1.31323,1.31312,1000000,1500000
2019-11-05 13:31:47.067000,1.31321,1.31312,1000000,1500000
2019-11-05 13:31:47.174000,1.31321,1.31311,1000000,1000000
2019-11-05 13:31:50.952000,1.31321,1.31312,1000000,1000000
2019-11-05 13:31:51.099000,1.31321,1.3131,1000000,1500000
2019-11-05 13:31:51.523000,1.31321,1.3131,1000000,3000000
2019-11-05 13:31:51.776000,1.31321,1.31312,1000000,1000000
2019-11-05 13:31:52.581000,1.31321,1.31311,1000000,1000000
2019-11-05 13:31:52.895000,1.31321,1.3131,1000000,2250000
2019-11-05 13:31:54.024000,1.31321,1.31315,1000000,2250000
2019-11-05 13:31:54.126000,1.31327,1.31315,1000000,2250000
2019-11-05 13:31:54.177000,1.31327,1.31317,1000000,1000000
2019-11-05 13:31:54.563000,1.31327,1.31318,1000000,1000000
2019-11-05 13:31:54.793000,1.31327,1.31317,1000000,1000000
2019-11-05 13:31:54.915000,1.31327,1.31318,1000000,1000000
2019-11-05 13:31:55.025000,1.31327,1.31317,1000000,1000000
2019-11-05 13:31:55.176000,1.31327,1.31317,1000000,2000000
2019-11-05 13:31:55.295000,1.31327,1.31317,1000000,1500000
2019-11-05 13:31:55.837000,1.31327,1.31317,1000000,2000000
2019-11-05 13:31:55.956000,1.31327,1.31317,2250000,1500000
2019-11-05 13:31:56.058000,1.31326,1.31317,1000000,1000000
2019-11-05 13:31:59.032000,1.31326,1.31316,2250000,2250000
2019-11-05 13:32:01.399000,1.31326,1.31317,1000000,1500000
2019-11-05 13:32:01.500000,1.31326,1.31318,1000000,1000000
2019-11-05 13:32:01.601000,1.31326,1.31316,1000000,1000000
2019-11-05 13:32:01.652000,1.31321,1.31315,1000000,1000000
2019-11-05 13:32:01.754000,1.31317,1.31306,1870000,3370000
2019-11-05 13:32:01.855000,1.31316,1.31306,1000000,2250000
2019-11-05 13:32:01.906000,1.31313,1.31305,1000000,3000000
2019-11-05 13:32:01.958000,1.31312,1.31302,1500000,2750000
2019-11-05 13:32:02.009000,1.31317,1.31306,2470000,1000000
2019-11-05 13:32:02.060000,1.31317,1.31306,1000000,1500000
2019-11-05 13:32:02.213000,1.31317,1.31307,1100000,1120000
2019-11-05 13:32:02.263000,1.31317,1.31309,1100000,1000000
2019-11-05 13:32:02.314000,1.3132,1.31309,1000000,2250000
2019-11-05 13:32:02.415000,1.3132,1.3131,1000000,1000000
2019-11-05 13:32:04.686000,1.31321,1.3131,1100000,1000000
2019-11-05 13:32:04.737000,1.31324,1.31313,1600000,3410000
2019-11-05 13:32:04.838000,1.31325,1.31316,1100000,1000000
2019-11-05 13:32:04.939000,1.31325,1.31315,1000000,3000000
2019-11-05 13:32:06.209000,1.31325,1.31316,1000000,1000000
2019-11-05 13:32:07.226000,1.31326,1.31322,1000000,1000000
2019-11-05 13:32:07.276000,1.3133,1.31322,1000000,1000000
2019-11-05 13:32:07.378000,1.31333,1.31322,1200000,2620000
2019-11-05 13:32:07.479000,1.31335,1.31323,1100000,3370000
2019-11-05 13:32:07.581000,1.31336,1.31326,1000000,1500000
2019-11-05 13:32:08.086000,1.31337,1.31326,1000000,2250000
2019-11-05 13:32:09.512000,1.31337,1.31326,1000000,2000000
2019-11-05 13:32:09.980000,1.31337,1.31326,1000000,2250000
2019-11-05 13:32:10.866000,1.31331,1.31321,1500000,2100000
2019-11-05 13:32:10.969000,1.31329,1.31318,1000000,2640000
2019-11-05 13:32:11.020000,1.31327,1.31317,1000000,1990000
2019-11-05 13:32:11.121000,1.3132,1.31311,1500000,1000000
2019-11-05 13:32:11.225000,1.31315,1.31306,1000000,1880000
2019-11-05 13:32:11.276000,1.31317,1.31307,1500000,1000000
2019-11-05 13:32:11.378000,1.31316,1.31308,1000000,1000000
2019-11-05 13:32:11.575000,1.31316,1.31307,1000000,1000000
2019-11-05 13:32:11.677000,1.31317,1.31307,1000000,2250000
2019-11-05 13:32:11.878000,1.31317,1.31308,1100000,1000000
2019-11-05 13:32:11.979000,1.31317,1.31307,1000000,2620000
2019-11-05 13:32:12.081000,1.31317,1.31308,1000000,1000000
2019-11-05 13:32:12.182000,1.31317,1.31307,1000000,2250000
2019-11-05 13:32:13.087000,1.31316,1.31307,1000000,1000000
2019-11-05 13:32:13.510000,1.31315,1.31307,1000000,1000000
2019-11-05 13:32:16.542000,1.31317,1.31307,1000000,1000000
2019-11-05 13:32:16.698000,1.31319,1.31307,1720000,2250000
2019-11-05 13:32:16.748000,1.31319,1.31307,1120000,2750000
2019-11-05 13:32:16.850000,1.31321,1.3131,1120000,1500000
2019-11-05 13:32:16.951000,1.3132,1.3131,1000000,1000000
2019-11-05 13:32:17.052000,1.3132,1.31311,1000000,1500000
2019-11-05 13:32:17.103000,1.31322,1.31312,1000000,1000000
2019-11-05 13:32:17.204000,1.31322,1.31311,1000000,2620000
2019-11-05 13:32:17.856000,1.31322,1.31312,1000000,1000000
2019-11-05 13:32:19.121000,1.31322,1.31311,1000000,1500000
2019-11-05 13:32:20.950000,1.31325,1.31314,2850000,1000000
2019-11-05 13:32:21.001000,1.31327,1.31317,1100000,3750000
2019-11-05 13:32:21.102000,1.31327,1.31318,1000000,1500000
2019-11-05 13:32:25.314000,1.31327,1.31319,1000000,1000000
2019-11-05 13:32:25.432000,1.31327,1.31318,1000000,2250000
2019-11-05 13:32:25.763000,1.31327,1.31319,1000000,1000000
2019-11-05 13:32:26.396000,1.31329,1.31319,1000000,1120000
2019-11-05 13:32:26.717000,1.31329,1.31319,1000000,1500000
2019-11-05 13:32:26.932000,1.3133,1.31319,1500000,2000000
2019-11-05 13:32:27.415000,1.3133,1.31319,1200000,3750000
2019-11-05 13:32:27.653000,1.3133,1.3132,1200000,1000000
2019-11-05 13:32:27.754000,1.3133,1.31319,1200000,3750000
2019-11-05 13:32:28.573000,1.3133,1.31319,1000000,5000000
2019-11-05 13:32:28.675000,1.31334,1.31324,1570000,1000000
2019-11-05 13:32:28.829000,1.31332,1.31323,1120000,1000000
2019-11-05 13:32:28.930000,1.3133,1.31321,1000000,1120000
2019-11-05 13:32:29.032000,1.3133,1.31319,1000000,2000000
2019-11-05 13:32:29.133000,1.3133,1.31319,1000000,1500000
2019-11-05 13:32:29.234000,1.31328,1.31319,1000000,1000000
2019-11-05 13:32:29.285000,1.31328,1.31317,1000000,3020000
2019-11-05 13:32:29.437000,1.31328,1.31317,1220000,1500000
2019-11-05 13:32:29.538000,1.31328,1.31317,1000000,1500000
2019-11-05 13:32:30.244000,1.31328,1.31318,1000000,1000000
2019-11-05 13:32:31.214000,1.31328,1.31319,1000000,1000000
2019-11-05 13:32:31.734000,1.31326,1.31317,1000000,1500000
2019-11-05 13:32:31.786000,1.31324,1.31314,1500000,1000000
2019-11-05 13:32:31.837000,1.31321,1.31311,3200000,1500000
2019-11-05 13:32:31.888000,1.3132,1.31309,1120000,2250000
2019-11-05 13:32:31.939000,1.31316,1.31308,1000000,1000000
2019-11-05 13:32:32.040000,1.31314,1.31306,1000000,1000000
2019-11-05 13:32:32.091000,1.31314,1.31304,1000000,1000000
2019-11-05 13:32:32.192000,1.31313,1.31302,1200000,1120000
2019-11-05 13:32:32.293000,1.31312,1.31301,1000000,1000000
2019-11-05 13:32:32.394000,1.31312,1.313,1000000,1120000
2019-11-05 13:32:32.496000,1.31312,1.313,1000000,3500000
2019-11-05 13:32:33.496000,1.31312,1.31302,1000000,1500000
2019-11-05 13:32:33.649000,1.31312,1.31302,1000000,1500000
2019-11-05 13:32:33.888000,1.31312,1.31304,1000000,1000000
2019-11-05 13:32:33.990000,1.31319,1.31308,3570000,2250000
2019-11-05 13:32:34.091000,1.31322,1.31309,2700000,2750000
2019-11-05 13:32:34.265000,1.31322,1.31311,2700000,1120000
2019-11-05 13:32:35.056000,1.31322,1.3131,2320000,1000000
2019-11-05 13:32:35.157000,1.31321,1.3131,1500000,1500000
2019-11-05 13:32:35.592000,1.31321,1.31311,1500000,1000000
2019-11-05 13:32:36.464000,1.31321,1.3131,1500000,1500000
2019-11-05 13:32:36.657000,1.31322,1.3131,3000000,1500000
2019-11-05 13:32:39.407000,1.31322,1.3131,1500000,2750000
2019-11-05 13:32:42.154000,1.31313,1.31309,1500000,1100000
2019-11-05 13:32:42.218000,1.31312,1.31305,1000000,1000000
2019-11-05 13:32:42.269000,1.31311,1.31301,3000000,2850000
2019-11-05 13:32:42.320000,1.31311,1.31301,3450000,1500000
2019-11-05 13:32:42.589000,1.31311,1.313,3450000,2250000
2019-11-05 13:32:42.640000,1.31309,1.313,1000000,1000000
2019-11-05 13:32:42.741000,1.31309,1.31299,1000000,2250000
2019-11-05 13:32:42.843000,1.31309,1.313,1000000,1500000
2019-11-05 13:32:42.995000,1.31311,1.313,1000000,4500000
2019-11-05 13:32:43.621000,1.31311,1.31301,1000000,1000000
2019-11-05 13:32:43.868000,1.31312,1.31301,1000000,1000000
2019-11-05 13:32:44.344000,1.31312,1.313,1000000,2700000
2019-11-05 13:32:44.749000,1.31311,1.313,1500000,3070000
2019-11-05 13:32:44.850000,1.31311,1.31301,1500000,1000000
2019-11-05 13:32:45.174000,1.31311,1.313,1500000,3000000
2019-11-05 13:32:45.380000,1.31312,1.313,1100000,3000000
2019-11-05 13:32:47.048000,1.31312,1.31301,1000000,1000000
2019-11-05 13:32:47.257000,1.31312,1.313,1000000,3070000
2019-11-05 13:32:47.358000,1.31313,1.31301,1200000,1000000
2019-11-05 13:32:47.459000,1.31313,1.313,1200000,6070000
2019-11-05 13:32:47.560000,1.31313,1.31301,1200000,1000000
2019-11-05 13:32:48.315000,1.31313,1.31302,1200000,1000000
2019-11-05 13:32:48.416000,1.31313,1.31302,3470000,1000000
2019-11-05 13:32:48.467000,1.31312,1.313,1100000,4500000
2019-11-05 13:32:48.568000,1.31311,1.31301,1950000,1000000
2019-11-05 13:32:49.034000,1.31311,1.313,1950000,2700000
2019-11-05 13:32:49.505000,1.31311,1.31301,1950000,1000000
2019-11-05 13:32:50.253000,1.31311,1.313,1950000,2700000
2019-11-05 13:32:51.674000,1.31312,1.31301,2320000,1000000
2019-11-05 13:32:51.775000,1.31312,1.313,2850000,2700000
2019-11-05 13:32:55.248000,1.3131,1.31301,1000000,1000000
2019-11-05 13:33:00.956000,1.31309,1.31301,1500000,1000000
2019-11-05 13:33:01.007000,1.31309,1.31299,1000000,1000000
2019-11-05 13:33:01.108000,1.31309,1.31298,1600000,1500000
2019-11-05 13:33:01.209000,1.3131,1.313,1220000,1000000
2019-11-05 13:33:01.260000,1.31311,1.313,1200000,1570000
2019-11-05 13:33:01.513000,1.31311,1.31301,1200000,1000000
2019-11-05 13:33:05.831000,1.31311,1.31301,1000000,1220000
2019-11-05 13:33:05.882000,1.31313,1.31306,1200000,1000000
2019-11-05 13:33:06.019000,1.31313,1.31307,1000000,1500000
2019-11-05 13:33:06.121000,1.31316,1.31307,1000000,1500000
2019-11-05 13:33:09.507000,1.31321,1.3131,3600000,1000000
2019-11-05 13:33:09.609000,1.31321,1.3131,2700000,1100000
2019-11-05 13:33:09.811000,1.31321,1.31311,1500000,1000000
2019-11-05 13:33:09.912000,1.31321,1.3131,1500000,1570000
2019-11-05 13:33:10.013000,1.31321,1.3131,1500000,2850000
2019-11-05 13:33:10.165000,1.31321,1.3131,1000000,2250000
2019-11-05 13:33:10.463000,1.31321,1.31311,1000000,1100000
2019-11-05 13:33:10.514000,1.31324,1.31311,1200000,1100000
2019-11-05 13:33:10.615000,1.31324,1.31311,1600000,1500000
2019-11-05 13:33:11.290000,1.31324,1.31312,1220000,1000000
2019-11-05 13:33:11.341000,1.31325,1.31318,1500000,1000000
2019-11-05 13:33:11.392000,1.31327,1.31318,1000000,1500000
2019-11-05 13:33:11.493000,1.31328,1.31318,1000000,1500000
2019-11-05 13:33:12.161000,1.31328,1.31319,1000000,1000000
2019-11-05 13:33:12.262000,1.31328,1.31318,1000000,2250000
2019-11-05 13:33:14.213000,1.31328,1.31318,2100000,1000000
2019-11-05 13:33:14.314000,1.31328,1.31318,1500000,1000000
2019-11-05 13:33:14.415000,1.31328,1.31317,1500000,3000000
2019-11-05 13:33:15.239000,1.31328,1.31318,1500000,1000000
2019-11-05 13:33:15.392000,1.31328,1.31317,1500000,3000000
2019-11-05 13:33:16.213000,1.31329,1.31317,3450000,3000000
2019-11-05 13:33:16.382000,1.31329,1.31318,3450000,1000000
2019-11-05 13:33:17.033000,1.31329,1.31317,3450000,3000000
2019-11-05 13:33:17.863000,1.31331,1.31319,2100000,2250000
2019-11-05 13:33:17.964000,1.31331,1.31319,1500000,3950000
2019-11-05 13:33:18.065000,1.31331,1.31319,1500000,2320000
2019-11-05 13:33:18.116000,1.31329,1.31319,1500000,1700000
2019-11-05 13:33:18.217000,1.3133,1.31318,3450000,2250000
2019-11-05 13:33:18.318000,1.31329,1.31318,2700000,3000000
2019-11-05 13:33:18.443000,1.31329,1.31318,2100000,2250000
2019-11-05 13:33:18.498000,1.31329,1.31318,1950000,1500000
2019-11-05 13:33:20.587000,1.3133,1.31318,3450000,2250000
2019-11-05 13:33:20.985000,1.3133,1.31319,3450000,1000000
2019-11-05 13:33:22.171000,1.3133,1.31318,3450000,2250000
2019-11-05 13:33:22.272000,1.31329,1.31318,1950000,1500000
2019-11-05 13:33:22.397000,1.31329,1.31318,2850000,2250000
2019-11-05 13:33:22.498000,1.31329,1.31318,1950000,1500000
2019-11-05 13:33:22.902000,1.3133,1.31318,3450000,2250000
2019-11-05 13:33:24.195000,1.3133,1.31319,3450000,1000000
2019-11-05 13:33:24.361000,1.3133,1.31318,3450000,2250000
2019-11-05 13:33:27.950000,1.31329,1.31318,1120000,1500000
2019-11-05 13:33:28.052000,1.31328,1.31318,1570000,1000000
2019-11-05 13:33:28.153000,1.31327,1.31318,1000000,1500000
2019-11-05 13:33:28.254000,1.31327,1.31318,1600000,1000000
2019-11-05 13:33:28.355000,1.31327,1.31318,1000000,1000000
2019-11-05 13:33:31.654000,1.31329,1.31317,2700000,3370000
2019-11-05 13:33:32.404000,1.31321,1.31313,2250000,1000000
2019-11-05 13:33:32.505000,1.31321,1.3131,3450000,1500000
2019-11-05 13:33:33.448000,1.31321,1.3131,1600000,2250000
2019-11-05 13:33:33.549000,1.31321,1.3131,1200000,2320000
2019-11-05 13:33:33.995000,1.31321,1.31311,1200000,1000000
2019-11-05 13:33:36.138000,1.31321,1.31314,1000000,1000000
2019-11-05 13:33:36.240000,1.31327,1.31318,1200000,1120000
2019-11-05 13:33:36.351000,1.31328,1.31318,1000000,1000000
2019-11-05 13:33:37.954000,1.31328,1.31319,1000000,1100000
2019-11-05 13:33:39.300000,1.31329,1.31319,1100000,1100000
2019-11-05 13:33:42.479000,1.31329,1.31318,1000000,1500000
2019-11-05 13:33:42.580000,1.3133,1.31318,1200000,2250000
2019-11-05 13:33:42.695000,1.3133,1.31319,1200000,1000000
2019-11-05 13:33:43.472000,1.31331,1.3132,2100000,1500000
2019-11-05 13:33:43.582000,1.31331,1.31321,2100000,1000000
2019-11-05 13:33:43.683000,1.31331,1.31321,1500000,1000000
2019-11-05 13:33:45.070000,1.31331,1.3132,1500000,1000000
2019-11-05 13:33:46.360000,1.31329,1.3132,1500000,1000000
2019-11-05 13:33:46.462000,1.3133,1.3132,1570000,1000000
2019-11-05 13:33:46.783000,1.31329,1.3132,1500000,1000000
2019-11-05 13:33:46.885000,1.31332,1.31323,1600000,1000000
2019-11-05 13:33:46.936000,1.31332,1.31323,1000000,1000000
2019-11-05 13:33:47.038000,1.31332,1.31322,1000000,1120000
2019-11-05 13:33:47.089000,1.3133,1.3132,1000000,2250000
2019-11-05 13:33:47.240000,1.31331,1.31321,1000000,1000000
2019-11-05 13:33:47.481000,1.31331,1.31322,1000000,1000000
2019-11-05 13:33:47.582000,1.31331,1.31321,1000000,1000000
2019-11-05 13:33:47.769000,1.31332,1.31323,1500000,1000000
2019-11-05 13:33:48.668000,1.31332,1.31323,1500000,1000000
2019-11-05 13:33:49.036000,1.31332,1.31323,1120000,1000000
2019-11-05 13:33:51.108000,1.31331,1.3132,3000000,2470000
2019-11-05 13:33:51.209000,1.31331,1.31319,4220000,1500000
2019-11-05 13:33:51.310000,1.31329,1.31318,1000000,3070000
2019-11-05 13:33:51.411000,1.31328,1.31318,1500000,4240000
2019-11-05 13:33:51.512000,1.31328,1.31318,1500000,3770000
2019-11-05 13:33:51.973000,1.3133,1.31319,1100000,3000000
2019-11-05 13:33:52.074000,1.3133,1.3132,1000000,2720000
2019-11-05 13:33:52.226000,1.3133,1.31321,1000000,1220000
2019-11-05 13:33:52.345000,1.3133,1.3132,1000000,2350000
2019-11-05 13:33:53.102000,1.3133,1.31322,1000000,1000000
2019-11-05 13:33:53.203000,1.31332,1.31322,1570000,1100000
2019-11-05 13:33:53.304000,1.31332,1.31323,1500000,1500000
2019-11-05 13:33:53.405000,1.31335,1.31326,3970000,1500000
2019-11-05 13:33:53.507000,1.31337,1.31327,1600000,1500000
2019-11-05 13:33:53.558000,1.31337,1.31327,1220000,1500000
2019-11-05 13:33:53.609000,1.31337,1.31329,1220000,1000000
2019-11-05 13:33:53.711000,1.31337,1.31329,1000000,1000000
2019-11-05 13:33:53.812000,1.31339,1.31329,1000000,1570000
2019-11-05 13:33:53.913000,1.31339,1.3133,1000000,1000000
2019-11-05 13:33:54.325000,1.31338,1.3133,1500000,1500000
2019-11-05 13:33:54.921000,1.31337,1.31329,1570000,1000000
2019-11-05 13:33:55.710000,1.31338,1.31329,3070000,1000000
2019-11-05 13:33:56.127000,1.31338,1.31328,1100000,1500000
2019-11-05 13:33:56.229000,1.31339,1.31328,1000000,1570000
2019-11-05 13:33:57.429000,1.3134,1.31328,1570000,1570000
2019-11-05 13:33:58.541000,1.31337,1.31328,1500000,1570000
2019-11-05 13:33:58.693000,1.31336,1.31327,1500000,1100000
2019-11-05 13:33:59.017000,1.31336,1.31327,1970000,1000000
2019-11-05 13:33:59.189000,1.31337,1.31327,1100000,1120000
2019-11-05 13:33:59.240000,1.31339,1.31329,1000000,1000000
2019-11-05 13:33:59.341000,1.31339,1.31329,2720000,1000000
2019-11-05 13:34:00.090000,1.31339,1.31328,3470000,1570000
2019-11-05 13:34:00.192000,1.31339,1.3133,1000000,1000000
2019-11-05 13:34:01.071000,1.31339,1.3133,1000000,1500000
2019-11-05 13:34:01.122000,1.31341,1.31332,1000000,1500000
2019-11-05 13:34:01.173000,1.31343,1.31332,2700000,2250000
2019-11-05 13:34:01.325000,1.31341,1.31332,1000000,1570000
2019-11-05 13:34:03.452000,1.3134,1.31331,1500000,1000000
2019-11-05 13:34:03.564000,1.3134,1.3133,1500000,1200000
2019-11-05 13:34:03.716000,1.31341,1.3133,1000000,4600000
2019-11-05 13:34:04.142000,1.31343,1.31331,3820000,1100000
2019-11-05 13:34:04.344000,1.31343,1.31331,1970000,1970000
2019-11-05 13:34:04.632000,1.31343,1.31333,1100000,1000000
2019-11-05 13:34:04.771000,1.31346,1.31334,1220000,3000000
2019-11-05 13:34:04.872000,1.31347,1.31336,5350000,1500000
2019-11-05 13:34:04.973000,1.31347,1.31336,4950000,1500000
2019-11-05 13:34:08.053000,1.31347,1.31337,1100000,2250000
2019-11-05 13:34:08.158000,1.31352,1.31343,1100000,2000000
2019-11-05 13:34:08.259000,1.31352,1.31343,1000000,1870000
2019-11-05 13:34:08.360000,1.31352,1.31343,1000000,2000000
2019-11-05 13:34:10.829000,1.3135,1.31341,1000000,3220000
2019-11-05 13:34:10.880000,1.3135,1.31339,2700000,2250000
2019-11-05 13:34:10.981000,1.31349,1.31339,1500000,2250000
2019-11-05 13:34:11.334000,1.3135,1.31341,1200000,1500000
2019-11-05 13:34:11.435000,1.31355,1.31344,2850000,1000000
2019-11-05 13:34:11.486000,1.31355,1.31344,2700000,1000000
2019-11-05 13:34:11.587000,1.31355,1.31344,2850000,1000000
2019-11-05 13:34:11.740000,1.31355,1.31344,2700000,1000000
2019-11-05 13:34:11.853000,1.31355,1.31344,2850000,1000000
2019-11-05 13:34:12.308000,1.31354,1.31343,4200000,1500000
2019-11-05 13:34:12.409000,1.31354,1.31343,3600000,1500000
2019-11-05 13:34:12.510000,1.31354,1.31343,3600000,1500000
2019-11-05 13:34:12.612000,1.31354,1.31343,3600000,1500000
2019-11-05 13:34:12.713000,1.31354,1.31343,3600000,1500000
2019-11-05 13:34:12.814000,1.31354,1.31344,1600000,1000000
2019-11-05 13:34:13.471000,1.31349,1.3134,1500000,2100000
2019-11-05 13:34:13.521000,1.31349,1.31339,3600000,1000000
2019-11-05 13:34:13.632000,1.31347,1.31338,1000000,1000000
2019-11-05 13:34:13.834000,1.31348,1.31338,2250000,1000000
2019-11-05 13:34:13.935000,1.31347,1.31337,1000000,1000000
2019-11-05 13:34:14.087000,1.31348,1.31337,1950000,1000000
2019-11-05 13:34:14.238000,1.31347,1.31337,1000000,1000000
2019-11-05 13:34:16.155000,1.31346,1.31337,1000000,1000000
2019-11-05 13:34:17.173000,1.31345,1.31336,1000000,1500000
2019-11-05 13:34:17.309000,1.31346,1.31335,1500000,1000000
2019-11-05 13:34:17.410000,1.31342,1.31331,2250000,1600000
2019-11-05 13:34:17.512000,1.3134,1.31331,1000000,1000000
2019-11-05 13:34:17.765000,1.3134,1.31329,1500000,1870000
2019-11-05 13:34:17.917000,1.3134,1.31331,1950000,1000000
2019-11-05 13:34:18.068000,1.31339,1.3133,1000000,1000000
2019-11-05 13:34:18.170000,1.31339,1.3133,1220000,1000000
2019-11-05 13:34:18.271000,1.31339,1.3133,1200000,1000000
2019-11-05 13:34:18.441000,1.31337,1.31329,1500000,1000000
2019-11-05 13:34:18.745000,1.31336,1.31327,1000000,1000000
2019-11-05 13:34:18.846000,1.31334,1.31325,1000000,1220000
2019-11-05 13:34:18.947000,1.31334,1.31325,1200000,1000000
2019-11-05 13:34:19.048000,1.31333,1.31324,1000000,1000000
2019-11-05 13:34:20.039000,1.31334,1.31323,1600000,1500000
2019-11-05 13:34:20.141000,1.3133,1.3132,1000000,1600000
2019-11-05 13:34:20.371000,1.31329,1.31319,1000000,1000000
2019-11-05 13:34:21.236000,1.31329,1.31319,1220000,1000000
2019-11-05 13:34:21.337000,1.31329,1.31319,1200000,1000000
2019-11-05 13:34:22.926000,1.31329,1.31318,3450000,1570000
2019-11-05 13:34:24.284000,1.31329,1.3132,1500000,1000000
2019-11-05 13:34:24.385000,1.31329,1.31319,1000000,1000000
2019-11-05 13:34:26.488000,1.31328,1.31319,1000000,1000000
2019-11-05 13:34:26.590000,1.31332,1.31322,1600000,3500000
2019-11-05 13:34:26.640000,1.31332,1.31323,1500000,1000000
2019-11-05 13:34:26.742000,1.31331,1.31323,1000000,1000000
2019-11-05 13:34:27.405000,1.3133,1.3132,1500000,1220000
2019-11-05 13:34:27.506000,1.3133,1.3132,1950000,1000000
2019-11-05 13:34:27.658000,1.3133,1.3132,3600000,1000000
2019-11-05 13:34:27.832000,1.3133,1.3132,3450000,1000000
2019-11-05 13:34:27.934000,1.3133,1.3132,3470000,1000000
2019-11-05 13:34:28.074000,1.3133,1.3132,3450000,1000000
2019-11-05 13:34:28.176000,1.3133,1.3132,4350000,1000000
2019-11-05 13:34:28.353000,1.3133,1.3132,3450000,1000000
2019-11-05 13:34:28.594000,1.3133,1.3132,3470000,1000000
2019-11-05 13:34:28.696000,1.3133,1.3132,3450000,1000000
2019-11-05 13:34:28.797000,1.3133,1.3132,3600000,1000000
2019-11-05 13:34:28.898000,1.3133,1.3132,3600000,1000000
2019-11-05 13:34:29.063000,1.3133,1.3132,3450000,1000000
2019-11-05 13:34:29.164000,1.3133,1.3132,3600000,1000000
2019-11-05 13:34:29.344000,1.3133,1.3132,3470000,1000000
2019-11-05 13:34:29.858000,1.3133,1.3132,3450000,1000000
2019-11-05 13:34:29.979000,1.3133,1.3132,3470000,1000000
2019-11-05 13:34:30.134000,1.3133,1.3132,3600000,1000000
2019-11-05 13:34:30.386000,1.3133,1.3132,3470000,1000000
2019-11-05 13:34:30.617000,1.3133,1.3132,4200000,1000000
2019-11-05 13:34:30.936000,1.3133,1.3132,3600000,1000000
2019-11-05 13:34:31.138000,1.3133,1.3132,4350000,1000000
2019-11-05 13:34:31.340000,1.3133,1.3132,1950000,1000000
2019-11-05 13:34:31.713000,1.3133,1.3132,1970000,1000000
2019-11-05 13:34:31.985000,1.3133,1.3132,1950000,1000000
2019-11-05 13:34:32.183000,1.3133,1.3132,1970000,1000000
2019-11-05 13:34:32.329000,1.3133,1.3132,1950000,1000000
2019-11-05 13:34:32.437000,1.3133,1.3132,2100000,1000000
2019-11-05 13:34:33.328000,1.3133,1.3132,2100000,1000000
2019-11-05 13:34:33.429000,1.3133,1.3132,2100000,1000000
2019-11-05 13:34:34.859000,1.3133,1.3132,1950000,1000000
2019-11-05 13:34:36.733000,1.3133,1.3132,2100000,1000000
2019-11-05 13:34:37.593000,1.3133,1.3132,1000000,1000000
2019-11-05 13:34:38.169000,1.3133,1.31322,1000000,1000000
2019-11-05 13:34:38.270000,1.3133,1.3132,1000000,1000000
2019-11-05 13:34:38.523000,1.31329,1.3132,1500000,1000000
2019-11-05 13:34:38.779000,1.31329,1.31319,1500000,1000000
2019-11-05 13:34:41.339000,1.31326,1.31317,1000000,1500000
2019-11-05 13:34:41.440000,1.31325,1.31315,1200000,1000000
2019-11-05 13:34:41.564000,1.31326,1.31316,1500000,1000000
2019-11-05 13:34:41.665000,1.31324,1.31315,1000000,1500000
2019-11-05 13:34:43.007000,1.31324,1.31314,1500000,1000000
2019-11-05 13:34:43.058000,1.31324,1.31312,2100000,2320000
2019-11-05 13:34:43.183000,1.31324,1.31312,2100000,1500000
2019-11-05 13:34:43.284000,1.31323,1.31312,1000000,1500000
2019-11-05 13:34:43.813000,1.31323,1.31312,1600000,1500000
2019-11-05 13:34:44.166000,1.31323,1.31312,1950000,1500000
2019-11-05 13:34:45.421000,1.31323,1.31314,1000000,1000000
2019-11-05 13:34:45.522000,1.31324,1.31315,1200000,1000000
2019-11-05 13:34:46.413000,1.31324,1.31317,1200000,1000000
2019-11-05 13:34:46.515000,1.31326,1.31317,1200000,1000000
2019-11-05 13:34:47.222000,1.31326,1.31316,1100000,1000000
2019-11-05 13:34:47.324000,1.31326,1.31315,1100000,3450000
2019-11-05 13:34:47.477000,1.31325,1.31314,1000000,1570000
2019-11-05 13:34:47.578000,1.31324,1.31313,1600000,3370000
2019-11-05 13:34:47.780000,1.31324,1.31316,1600000,1000000
2019-11-05 13:34:47.892000,1.31326,1.31317,1600000,1000000
2019-11-05 13:34:47.943000,1.31326,1.31317,1000000,1000000
2019-11-05 13:34:48.044000,1.31327,1.31316,1870000,2250000
2019-11-05 13:34:50.415000,1.31327,1.31318,1500000,1000000
2019-11-05 13:34:52.658000,1.31328,1.31317,1950000,1500000
2019-11-05 13:34:53.456000,1.31331,1.31322,1600000,1500000
2019-11-05 13:34:53.507000,1.31332,1.31322,1500000,1000000
2019-11-05 13:34:53.660000,1.31331,1.3132,1000000,1000000
2019-11-05 13:34:54.455000,1.31336,1.31326,1870000,1000000
2019-11-05 13:34:54.505000,1.31335,1.31324,1500000,2320000
2019-11-05 13:34:54.606000,1.31336,1.31325,1950000,1000000
2019-11-05 13:34:55.111000,1.31336,1.31327,1500000,1000000
2019-11-05 13:34:55.239000,1.3134,1.31331,1500000,1000000
2019-11-05 13:34:56.338000,1.3134,1.3133,1000000,1500000
2019-11-05 13:34:56.772000,1.31339,1.31328,1500000,1500000
2019-11-05 13:34:56.823000,1.31338,1.31328,1000000,1000000
2019-11-05 13:34:57.041000,1.31338,1.31327,1200000,1120000
2019-11-05 13:34:59.599000,1.3134,1.31328,1200000,2370000
2019-11-05 13:34:59.700000,1.3134,1.31329,2000000,1500000
2019-11-05 13:34:59.903000,1.31341,1.31331,2000000,1000000
2019-11-05 13:35:00.004000,1.31341,1.31329,2750000,2320000
2019-11-05 13:35:00.105000,1.3134,1.31329,1700000,1000000
2019-11-05 13:35:00.205000,1.3134,1.31329,1600000,1000000
2019-11-05 13:35:00.306000,1.3134,1.31329,1200000,1000000
2019-11-05 13:35:00.457000,1.3134,1.31331,1200000,1000000
2019-11-05 13:35:00.508000,1.31343,1.31332,1500000,1000000
2019-11-05 13:35:00.660000,1.31344,1.31333,1200000,1500000
2019-11-05 13:35:00.811000,1.31345,1.31334,1950000,1000000
2019-11-05 13:35:01.608000,1.31345,1.31335,1000000,1000000
2019-11-05 13:35:05.059000,1.31346,1.31335,1570000,1000000
2019-11-05 13:35:07.349000,1.31346,1.31336,1000000,1000000
2019-11-05 13:35:07.913000,1.31347,1.31336,3070000,2250000
2019-11-05 13:35:08.014000,1.31348,1.31338,1950000,1000000
2019-11-05 13:35:08.116000,1.31349,1.3134,1600000,1000000
2019-11-05 13:35:08.217000,1.3135,1.31341,3000000,1000000
2019-11-05 13:35:08.268000,1.31347,1.31342,1000000,1000000
2019-11-05 13:35:08.378000,1.31347,1.31341,1200000,1000000
2019-11-05 13:35:08.429000,1.31346,1.31334,1500000,3840000
2019-11-05 13:35:08.480000,1.31346,1.31336,1500000,1000000
2019-11-05 13:35:10.783000,1.31346,1.31336,2850000,1000000
2019-11-05 13:35:11.151000,1.31346,1.31336,2700000,1000000
2019-11-05 13:35:11.254000,1.31345,1.31336,1500000,1000000
2019-11-05 13:35:14.264000,1.31346,1.31336,1950000,1000000
2019-11-05 13:35:15.148000,1.31341,1.31333,1500000,2370000
2019-11-05 13:35:15.198000,1.31339,1.3133,1000000,1000000
2019-11-05 13:35:15.249000,1.31339,1.31328,1500000,1100000
2019-11-05 13:35:15.350000,1.31339,1.31327,2100000,2700000
2019-11-05 13:35:15.451000,1.31339,1.31327,1500000,3200000
2019-11-05 13:35:15.744000,1.3134,1.3133,1000000,1000000
2019-11-05 13:35:15.846000,1.31342,1.31333,1000000,1000000
2019-11-05 13:35:15.947000,1.31346,1.31335,1200000,1000000
2019-11-05 13:35:16.635000,1.31346,1.31335,2720000,1500000
2019-11-05 13:35:17.160000,1.31346,1.31335,1000000,2250000
2019-11-05 13:35:21.757000,1.31346,1.31339,1000000,1000000
2019-11-05 13:35:21.807000,1.31349,1.3134,1500000,1000000
2019-11-05 13:35:21.909000,1.31349,1.31339,1120000,1870000
2019-11-05 13:35:22.044000,1.31349,1.31338,2320000,1000000
2019-11-05 13:35:23.607000,1.31348,1.31337,1000000,1000000
2019-11-05 13:35:24.205000,1.31348,1.31337,3950000,1000000
2019-11-05 13:35:24.306000,1.31346,1.31336,1500000,1000000
2019-11-05 13:35:24.407000,1.31346,1.31336,2100000,1000000
2019-11-05 13:35:24.559000,1.31347,1.31336,4720000,1000000
2019-11-05 13:35:25.305000,1.31347,1.31336,4350000,1000000
2019-11-05 13:35:25.406000,1.31347,1.31336,4350000,1000000
2019-11-05 13:35:26.736000,1.31346,1.31336,1220000,1000000
2019-11-05 13:35:27.479000,1.31347,1.31336,4220000,1000000
2019-11-05 13:35:27.600000,1.31347,1.31336,2700000,1000000
2019-11-05 13:35:27.694000,1.31346,1.31336,1600000,1000000
2019-11-05 13:35:27.747000,1.31345,1.31334,5700000,1100000
2019-11-05 13:35:27.798000,1.31345,1.31333,5850000,1500000
2019-11-05 13:35:28.421000,1.31345,1.31334,1200000,1000000
2019-11-05 13:35:28.770000,1.31345,1.31333,1200000,2250000
2019-11-05 13:35:29.440000,1.31345,1.31335,1220000,1000000
2019-11-05 13:35:29.541000,1.31346,1.31335,2700000,1000000
2019-11-05 13:35:30.399000,1.31346,1.31334,2700000,1500000
2019-11-05 13:35:31.213000,1.31345,1.31334,2100000,3370000
2019-11-05 13:35:31.675000,1.31343,1.31334,2250000,1000000
2019-11-05 13:35:31.726000,1.31343,1.31332,1200000,1500000
2019-11-05 13:35:31.827000,1.31345,1.31335,2100000,1000000
2019-11-05 13:35:31.929000,1.31345,1.31335,1200000,1000000
2019-11-05 13:35:32.181000,1.31346,1.31335,1950000,1000000
2019-11-05 13:35:34.188000,1.31345,1.31335,1000000,1500000
2019-11-05 13:35:38.135000,1.31346,1.31335,1200000,1500000
2019-11-05 13:35:39.733000,1.31346,1.31335,2820000,2250000
2019-11-05 13:35:40.272000,1.31346,1.31335,1950000,2250000
2019-11-05 13:35:41.190000,1.31346,1.31335,2720000,2250000
2019-11-05 13:35:41.455000,1.31346,1.31335,2700000,1500000
2019-11-05 13:35:41.677000,1.31346,1.31335,2720000,1500000
2019-11-05 13:35:41.880000,1.31346,1.31335,2700000,1500000
2019-11-05 13:35:44.581000,1.31346,1.31335,2720000,1000000
2019-11-05 13:35:44.967000,1.31346,1.31335,2700000,1000000
2019-11-05 13:35:49.510000,1.31346,1.31335,1220000,1500000
2019-11-05 13:35:49.906000,1.31346,1.31335,1200000,1500000
2019-11-05 13:35:51.862000,1.31345,1.31334,1000000,2250000
2019-11-05 13:35:51.963000,1.31345,1.31334,3600000,2250000
2019-11-05 13:35:52.415000,1.31345,1.31334,2100000,3000000
2019-11-05 13:35:52.891000,1.31344,1.31334,1100000,2620000
2019-11-05 13:35:53.770000,1.31345,1.31334,1950000,2620000
2019-11-05 13:35:53.871000,1.31345,1.31334,1970000,2250000
2019-11-05 13:35:55.979000,1.31345,1.31334,1950000,2250000
2019-11-05 13:35:57.809000,1.31345,1.31334,3450000,1500000
2019-11-05 13:35:57.910000,1.31345,1.31334,1950000,1500000
2019-11-05 13:35:58.191000,1.31343,1.31334,1570000,1000000
2019-11-05 13:35:58.293000,1.31341,1.31332,1000000,1000000
2019-11-05 13:35:58.444000,1.31339,1.31329,1500000,1100000
2019-11-05 13:35:58.545000,1.31338,1.31328,1950000,1120000
2019-11-05 13:35:59.003000,1.3134,1.31331,2720000,1000000
2019-11-05 13:35:59.099000,1.31342,1.31333,1000000,1000000
2019-11-05 13:35:59.154000,1.31344,1.31335,1000000,1000000
2019-11-05 13:35:59.255000,1.31345,1.31336,1000000,1000000
2019-11-05 13:35:59.786000,1.31345,1.31336,2820000,1000000
2019-11-05 13:35:59.879000,1.31344,1.31334,1100000,1000000
2019-11-05 13:36:00.182000,1.31344,1.31334,2100000,1000000
2019-11-05 13:36:00.334000,1.31342,1.31333,1570000,1000000
2019-11-05 13:36:03.198000,1.3134,1.3133,1000000,2250000
2019-11-05 13:36:03.249000,1.31338,1.3133,1000000,2250000
2019-11-05 13:36:03.369000,1.31335,1.31327,1000000,1500000
2019-11-05 13:36:03.471000,1.31338,1.31328,1600000,1000000
2019-11-05 13:36:03.572000,1.3134,1.31328,1600000,1200000
2019-11-05 13:36:03.623000,1.31341,1.31333,1100000,1000000
2019-11-05 13:36:03.725000,1.31343,1.31332,1950000,2250000
2019-11-05 13:36:03.826000,1.31344,1.31333,1220000,1500000
2019-11-05 13:36:03.994000,1.31345,1.31334,4350000,1500000
2019-11-05 13:36:04.096000,1.31345,1.31334,3070000,1500000
2019-11-05 13:36:04.197000,1.31347,1.31335,5100000,1000000
2019-11-05 13:36:05.679000,1.31347,1.31335,2700000,1000000
2019-11-05 13:36:06.072000,1.31347,1.31335,2720000,1000000
2019-11-05 13:36:08.168000,1.31339,1.31335,1000000,1000000
2019-11-05 13:36:08.219000,1.31339,1.31328,2250000,2700000
2019-11-05 13:36:08.320000,1.31338,1.31328,1100000,1120000
2019-11-05 13:36:08.472000,1.31339,1.31328,1950000,1120000
2019-11-05 13:36:09.012000,1.3134,1.31329,1950000,1500000
2019-11-05 13:36:09.114000,1.31341,1.31331,1600000,1120000
2019-11-05 13:36:09.216000,1.31341,1.31331,1000000,1120000
2019-11-05 13:36:10.945000,1.31342,1.31331,1200000,1600000
2019-11-05 13:36:11.055000,1.31345,1.31336,2700000,1000000
2019-11-05 13:36:27.714000,1.31345,1.31334,1000000,4120000
2019-11-05 13:36:28.577000,1.31346,1.31335,2720000,1000000
2019-11-05 13:36:29.072000,1.31344,1.31335,1500000,1000000
2019-11-05 13:36:29.173000,1.31342,1.31333,1000000,2250000
2019-11-05 13:36:29.274000,1.31341,1.31332,1000000,1000000
2019-11-05 13:36:29.707000,1.31341,1.31332,1000000,1500000
2019-11-05 13:36:30.475000,1.31341,1.31332,1000000,1120000
2019-11-05 13:36:31.367000,1.31341,1.3133,1000000,2000000
2019-11-05 13:36:31.469000,1.31338,1.31328,1000000,1000000
2019-11-05 13:36:31.883000,1.31339,1.31328,1200000,1000000
2019-11-05 13:36:32.136000,1.31337,1.31328,1000000,1000000
2019-11-05 13:36:32.527000,1.31338,1.31328,1200000,1000000
2019-11-05 13:36:33.236000,1.31339,1.31328,1950000,1000000
2019-11-05 13:36:34.118000,1.31339,1.31329,1000000,1500000
2019-11-05 13:36:34.220000,1.31344,1.31333,2470000,1500000
2019-11-05 13:36:34.271000,1.31344,1.31334,1570000,1120000
2019-11-05 13:36:34.372000,1.31343,1.31334,3450000,1500000
2019-11-05 13:36:34.524000,1.31342,1.31332,1500000,1120000
2019-11-05 13:36:34.626000,1.31341,1.31332,1570000,1000000
2019-11-05 13:36:36.942000,1.31342,1.31333,1000000,2620000
2019-11-05 13:36:37.043000,1.31344,1.31333,1200000,3370000
2019-11-05 13:36:37.456000,1.31344,1.31333,5100000,1000000
2019-11-05 13:36:37.614000,1.31342,1.31332,1000000,1000000
2019-11-05 13:36:38.272000,1.31342,1.31332,1220000,1000000
2019-11-05 13:36:38.506000,1.31342,1.31332,1200000,1000000
2019-11-05 13:36:38.657000,1.31344,1.31333,2100000,1000000
2019-11-05 13:36:38.708000,1.31344,1.31333,1950000,1000000
2019-11-05 13:36:38.895000,1.31342,1.31333,1100000,1000000
2019-11-05 13:36:38.996000,1.31345,1.31334,2450000,1000000
2019-11-05 13:36:39.047000,1.31345,1.31334,1700000,2750000
2019-11-05 13:36:39.148000,1.31345,1.31336,1500000,1000000
2019-11-05 13:36:39.249000,1.31345,1.31336,1500000,1000000
2019-11-05 13:36:39.372000,1.31345,1.31336,2250000,1000000
2019-11-05 13:36:46.309000,1.31345,1.31336,1000000,1500000
2019-11-05 13:36:47.308000,1.31345,1.31336,1000000,1120000
2019-11-05 13:36:56.312000,1.31346,1.31335,1200000,2820000
2019-11-05 13:36:56.545000,1.31346,1.31335,1200000,2700000
2019-11-05 13:36:56.646000,1.31346,1.31335,1700000,2820000
2019-11-05 13:36:57.140000,1.31346,1.31335,1720000,3500000
2019-11-05 13:36:57.242000,1.31346,1.31335,1200000,3500000
2019-11-05 13:36:58.995000,1.31346,1.31335,1200000,3750000
2019-11-05 13:37:00.050000,1.31343,1.31335,1000000,1000000
2019-11-05 13:37:00.102000,1.31345,1.31334,1500000,1000000
2019-11-05 13:37:00.203000,1.31344,1.31333,1000000,2070000
2019-11-05 13:37:00.305000,1.31344,1.31333,1000000,3600000
2019-11-05 13:37:00.489000,1.31346,1.31335,1000000,1950000
2019-11-05 13:37:00.990000,1.31346,1.31335,1100000,1970000
2019-11-05 13:37:01.091000,1.31346,1.31335,1100000,1500000
2019-11-05 13:37:01.931000,1.31346,1.31335,1220000,1570000
2019-11-05 13:37:02.070000,1.31346,1.31335,1000000,1570000
2019-11-05 13:37:03.555000,1.31346,1.31335,1600000,2320000
2019-11-05 13:37:04.923000,1.31346,1.31335,1000000,1100000
2019-11-05 13:37:05.276000,1.31346,1.31335,1570000,1970000
2019-11-05 13:37:07.751000,1.31346,1.31335,1570000,1500000
2019-11-05 13:37:08.942000,1.31346,1.31335,3950000,1500000
2019-11-05 13:37:09.044000,1.31344,1.31335,2320000,1000000
2019-11-05 13:37:13.786000,1.31339,1.31332,1000000,1220000
2019-11-05 13:37:13.887000,1.31337,1.31328,1000000,1100000
2019-11-05 13:37:14.344000,1.31338,1.31329,1100000,1000000
2019-11-05 13:37:15.666000,1.31342,1.31333,1000000,2070000
2019-11-05 13:37:15.768000,1.3135,1.3134,2100000,1000000
2019-11-05 13:37:15.819000,1.3135,1.31338,3370000,2250000
2019-11-05 13:37:15.891000,1.31349,1.31341,1000000,1000000
2019-11-05 13:37:15.993000,1.31349,1.31339,1000000,1100000
2019-11-05 13:37:16.094000,1.31349,1.31338,1100000,3220000
2019-11-05 13:37:16.195000,1.31349,1.3134,1000000,1200000
2019-11-05 13:37:16.246000,1.31351,1.31339,1500000,3220000
2019-11-05 13:37:16.398000,1.31351,1.31339,3070000,2700000
2019-11-05 13:37:16.854000,1.31351,1.3134,3070000,1000000
2019-11-05 13:37:18.172000,1.31351,1.3134,1000000,1600000
2019-11-05 13:37:18.324000,1.31349,1.31339,1000000,1950000
2019-11-05 13:37:18.425000,1.31349,1.31339,1000000,1600000
2019-11-05 13:37:18.526000,1.31349,1.31339,1100000,1200000
2019-11-05 13:37:18.715000,1.31349,1.31339,1000000,1720000
2019-11-05 13:37:18.827000,1.3135,1.3134,1000000,1200000
2019-11-05 13:37:19.008000,1.3135,1.3134,1000000,1600000
2019-11-05 13:37:19.109000,1.3135,1.3134,1000000,1570000
2019-11-05 13:37:19.210000,1.31351,1.3134,1500000,1600000
2019-11-05 13:37:22.097000,1.31353,1.31342,4220000,2070000
2019-11-05 13:37:22.199000,1.3135,1.31341,1000000,2720000
2019-11-05 13:37:22.657000,1.31352,1.31341,1950000,2350000
2019-11-05 13:37:26.032000,1.31351,1.31341,1000000,2350000
2019-11-05 13:37:30.463000,1.3135,1.31341,1000000,1970000
2019-11-05 13:37:30.564000,1.3135,1.3134,1000000,1100000
2019-11-05 13:37:30.665000,1.3135,1.3134,1000000,1600000
2019-11-05 13:37:30.766000,1.3135,1.31341,1000000,1100000
2019-11-05 13:37:31.625000,1.31351,1.3134,1500000,2470000
2019-11-05 13:37:31.676000,1.31351,1.3134,1500000,1200000
2019-11-05 13:37:31.777000,1.31347,1.31338,1500000,1600000
2019-11-05 13:37:31.920000,1.31346,1.31337,1500000,2250000
2019-11-05 13:37:33.570000,1.31342,1.31333,1000000,2100000
2019-11-05 13:37:33.621000,1.31341,1.31331,1000000,1950000
2019-11-05 13:37:33.722000,1.31341,1.31332,3000000,1000000
2019-11-05 13:37:33.824000,1.31341,1.31329,3750000,3220000
2019-11-05 13:37:34.661000,1.31341,1.31329,3000000,3220000
2019-11-05 13:37:35.458000,1.31339,1.31329,1000000,2470000
2019-11-05 13:37:35.559000,1.31339,1.31329,1500000,1950000
2019-11-05 13:37:35.661000,1.31339,1.31329,1000000,1600000
2019-11-05 13:37:37.723000,1.31338,1.31329,1000000,1100000
2019-11-05 13:37:37.824000,1.31338,1.31328,1000000,1200000
2019-11-05 13:37:38.878000,1.31338,1.31328,1000000,1600000
2019-11-05 13:37:40.467000,1.31337,1.31328,1000000,1600000
2019-11-05 13:37:40.774000,1.31337,1.31328,1000000,1200000
2019-11-05 13:37:51.465000,1.31337,1.31327,1000000,1200000
2019-11-05 13:37:51.566000,1.31336,1.31327,1000000,1200000
2019-11-05 13:37:52.012000,1.31336,1.31327,1000000,2850000
2019-11-05 13:37:52.113000,1.31336,1.31327,1000000,3100000
2019-11-05 13:37:52.215000,1.31336,1.31327,1000000,1570000
2019-11-05 13:37:52.316000,1.31336,1.31327,1000000,2720000
2019-11-05 13:37:54.270000,1.31337,1.31327,1000000,3470000
2019-11-05 13:37:54.625000,1.31337,1.31327,1000000,2320000
2019-11-05 13:37:56.553000,1.31337,1.31327,1000000,2470000
2019-11-05 13:37:57.877000,1.31336,1.31327,1000000,2470000
2019-11-05 13:37:58.438000,1.31336,1.31327,1000000,1970000
2019-11-05 13:38:01.953000,1.31337,1.31327,1000000,1970000
2019-11-05 13:38:02.054000,1.31337,1.31328,1000000,1600000
2019-11-05 13:38:02.523000,1.31337,1.31328,1000000,1100000
2019-11-05 13:38:06.220000,1.31336,1.31327,1000000,1720000
2019-11-05 13:38:06.422000,1.31336,1.31328,1000000,1600000
2019-11-05 13:38:06.625000,1.31336,1.31328,1000000,1200000
2019-11-05 13:38:09.132000,1.31337,1.31328,1000000,1000000
2019-11-05 13:38:10.421000,1.31337,1.31327,1000000,1950000
2019-11-05 13:38:11.986000,1.31338,1.31328,1000000,1500000
2019-11-05 13:38:12.315000,1.31338,1.31329,1000000,1100000
2019-11-05 13:38:12.366000,1.3134,1.3133,1570000,1200000
2019-11-05 13:38:12.467000,1.31344,1.31333,1500000,2470000
2019-11-05 13:38:12.569000,1.31343,1.31334,1500000,1000000
2019-11-05 13:38:12.670000,1.31341,1.31333,1000000,1500000
2019-11-05 13:38:12.772000,1.31342,1.31333,1000000,1500000
2019-11-05 13:38:12.874000,1.31343,1.31334,1000000,1000000
2019-11-05 13:38:13.026000,1.31343,1.31333,1000000,2250000
2019-11-05 13:38:13.228000,1.31343,1.31333,1000000,2000000
2019-11-05 13:38:13.335000,1.31343,1.31333,1000000,1500000
2019-11-05 13:38:13.445000,1.31343,1.31333,1000000,2000000
2019-11-05 13:38:13.787000,1.31343,1.31333,1000000,1200000
2019-11-05 13:38:14.632000,1.31343,1.31333,1000000,1970000
2019-11-05 13:38:16.483000,1.31343,1.31332,1000000,2070000
2019-11-05 13:38:20.478000,1.31338,1.31331,1000000,1600000
2019-11-05 13:38:20.529000,1.31337,1.31328,1000000,1000000
2019-11-05 13:38:22,1.31337,1.31328,1000000,2750000
2019-11-05 13:38:22.374000,1.31337,1.31329,1000000,1100000
2019-11-05 13:38:22.929000,1.31337,1.31328,1000000,1200000
2019-11-05 13:38:23.496000,1.31337,1.31328,1000000,2350000
2019-11-05 13:38:23.597000,1.31337,1.31328,1000000,1950000
2019-11-05 13:38:24.395000,1.31337,1.31328,1000000,1600000
2019-11-05 13:38:25.776000,1.31337,1.31329,1000000,1600000
2019-11-05 13:38:25.827000,1.31341,1.31332,1220000,2000000
2019-11-05 13:38:25.878000,1.31343,1.31334,1000000,1200000
2019-11-05 13:38:26.080000,1.31342,1.31332,1000000,3820000
2019-11-05 13:38:26.343000,1.31342,1.31332,1000000,4600000
2019-11-05 13:38:26.902000,1.31343,1.31333,1000000,1870000
2019-11-05 13:38:29.032000,1.31344,1.31333,1570000,1000000
2019-11-05 13:38:30.960000,1.31344,1.31333,1570000,1970000
2019-11-05 13:38:31.180000,1.31343,1.31333,1000000,1500000
2019-11-05 13:38:32.039000,1.31343,1.31334,1000000,1200000
2019-11-05 13:38:32.140000,1.31343,1.31334,1000000,2070000
2019-11-05 13:38:33.057000,1.31344,1.31334,1000000,2070000
2019-11-05 13:38:33.160000,1.31345,1.31334,1500000,2070000
2019-11-05 13:38:33.679000,1.31338,1.31333,1000000,1000000
2019-11-05 13:38:33.730000,1.31337,1.31329,1000000,1100000
2019-11-05 13:38:33.782000,1.31338,1.31326,1500000,4720000
2019-11-05 13:38:33.883000,1.31338,1.31328,1500000,1100000
2019-11-05 13:38:34.042000,1.31338,1.31326,1500000,4600000
2019-11-05 13:38:34.143000,1.31338,1.31326,1570000,2700000
2019-11-05 13:38:34.244000,1.31338,1.31326,1500000,3100000
2019-11-05 13:38:35.778000,1.31338,1.31326,1500000,2470000
2019-11-05 13:38:36.267000,1.31338,1.31326,1500000,2470000
2019-11-05 13:38:37.084000,1.31338,1.31327,1570000,1600000
2019-11-05 13:38:37.209000,1.31338,1.31326,1500000,2470000
2019-11-05 13:38:38.032000,1.31337,1.31327,1000000,1200000
2019-11-05 13:38:39.739000,1.31337,1.31328,1000000,1200000
2019-11-05 13:38:39.891000,1.31337,1.31327,1000000,3970000
2019-11-05 13:38:40.179000,1.31337,1.31327,1000000,4720000
2019-11-05 13:38:41.677000,1.31338,1.31327,1500000,4700000
2019-11-05 13:38:42.035000,1.31342,1.31332,1570000,1500000
2019-11-05 13:38:42.137000,1.31343,1.31333,1000000,2750000
2019-11-05 13:38:42.238000,1.31343,1.31334,1000000,1200000
2019-11-05 13:38:42.339000,1.31343,1.31335,1000000,1000000
2019-11-05 13:38:42.541000,1.31343,1.31334,1000000,1500000
2019-11-05 13:38:42.692000,1.31343,1.31333,1000000,2700000
2019-11-05 13:38:42.794000,1.31341,1.31333,1000000,1200000
2019-11-05 13:38:42.996000,1.31341,1.31331,1500000,1870000
2019-11-05 13:38:43.118000,1.31339,1.31331,1000000,1500000
2019-11-05 13:38:43.169000,1.31339,1.3133,1000000,1200000
2019-11-05 13:38:45.612000,1.3134,1.3133,1500000,1120000
2019-11-05 13:38:45.714000,1.3134,1.31329,1500000,1500000
2019-11-05 13:38:47.512000,1.31338,1.31329,1000000,1500000
2019-11-05 13:38:47.882000,1.31338,1.31328,1500000,1000000
2019-11-05 13:38:47.983000,1.31338,1.31327,1500000,2620000
2019-11-05 13:38:48.336000,1.31338,1.31328,1500000,1000000
2019-11-05 13:38:49.042000,1.31338,1.31327,1500000,1870000
2019-11-05 13:38:49.143000,1.31338,1.31327,1500000,2070000
2019-11-05 13:38:51.077000,1.31335,1.31327,1000000,1970000
2019-11-05 13:38:51.178000,1.31335,1.31327,1000000,1500000
2019-11-05 13:38:51.541000,1.31337,1.31327,1500000,2000000
2019-11-05 13:38:52.051000,1.31337,1.31328,1000000,2070000
2019-11-05 13:38:53.783000,1.31337,1.31328,1000000,1000000
2019-11-05 13:38:53.884000,1.31337,1.31327,1000000,1100000
2019-11-05 13:38:54.520000,1.31337,1.31327,1000000,1500000
2019-11-05 13:38:56.754000,1.31337,1.31327,1000000,2070000
2019-11-05 13:38:56.894000,1.31337,1.31327,1000000,1200000
2019-11-05 13:38:56.996000,1.31336,1.31327,1000000,1120000
2019-11-05 13:38:57.105000,1.31336,1.31327,1000000,2070000
2019-11-05 13:39:02.050000,1.31338,1.31329,1000000,1500000
2019-11-05 13:39:02.152000,1.31341,1.31331,1000000,1120000
2019-11-05 13:39:02.640000,1.31342,1.31332,1000000,2000000
2019-11-05 13:39:02.741000,1.31343,1.31333,1000000,2070000
2019-11-05 13:39:03.513000,1.31343,1.31335,1000000,1000000
2019-11-05 13:39:03.664000,1.31343,1.31334,1000000,2620000
2019-11-05 13:39:09.207000,1.31343,1.31335,1000000,1000000
2019-11-05 13:39:10.923000,1.31343,1.31334,1000000,1870000
2019-11-05 13:39:11.024000,1.31342,1.31333,1000000,2320000
2019-11-05 13:39:11.126000,1.31342,1.31333,1500000,1500000
2019-11-05 13:39:12.534000,1.31342,1.31333,1000000,2070000
2019-11-05 13:39:12.821000,1.31342,1.31334,1000000,2250000
2019-11-05 13:39:13.619000,1.31342,1.31334,1000000,2000000
2019-11-05 13:39:14.299000,1.31344,1.31334,1500000,1500000
2019-11-05 13:39:14.401000,1.31345,1.31334,1000000,2000000
2019-11-05 13:39:14.648000,1.31345,1.31334,1000000,2250000
2019-11-05 13:39:20.032000,1.31344,1.31334,1000000,3000000
2019-11-05 13:39:21.115000,1.31345,1.31334,1000000,1870000
2019-11-05 13:39:23.006000,1.31345,1.31335,1000000,1000000
2019-11-05 13:39:23.159000,1.31345,1.31334,1000000,1870000
2019-11-05 13:39:26.032000,1.31344,1.31334,1000000,1870000
2019-11-05 13:39:27.371000,1.31344,1.31334,1000000,1500000
2019-11-05 13:39:28.386000,1.31338,1.31329,1000000,4870000
2019-11-05 13:39:28.490000,1.31337,1.31329,1000000,1000000
2019-11-05 13:39:28.592000,1.31337,1.31327,1000000,4350000
2019-11-05 13:39:29.036000,1.31337,1.31327,1000000,3970000
2019-11-05 13:39:32.052000,1.31339,1.31329,1000000,2750000
2019-11-05 13:39:32.356000,1.31339,1.31331,1000000,1100000
2019-11-05 13:39:32.669000,1.31339,1.31329,1000000,3970000
2019-11-05 13:39:32.771000,1.31342,1.31332,1000000,1000000
2019-11-05 13:39:32.873000,1.31343,1.31332,1500000,2000000
2019-11-05 13:39:32.975000,1.31343,1.31333,1000000,1500000
2019-11-05 13:39:34.929000,1.31343,1.31333,1000000,2100000
2019-11-05 13:39:35.669000,1.31344,1.31334,1000000,5100000
2019-11-05 13:39:35.770000,1.31345,1.31335,1000000,1600000
2019-11-05 13:39:35.922000,1.31345,1.31336,1000000,1970000
2019-11-05 13:39:36.023000,1.31345,1.31336,1000000,1870000
2019-11-05 13:39:36.174000,1.31345,1.31337,1000000,1000000
2019-11-05 13:39:36.485000,1.31345,1.31337,1000000,1500000
2019-11-05 13:39:36.985000,1.31345,1.31337,1000000,1000000
2019-11-05 13:39:37.697000,1.31344,1.31337,1000000,1120000
2019-11-05 13:39:37.748000,1.31346,1.31337,1000000,1500000
2019-11-05 13:39:38.171000,1.31346,1.31339,1000000,1000000
2019-11-05 13:39:38.222000,1.3135,1.3134,1000000,2000000
2019-11-05 13:39:38.333000,1.31351,1.31341,1120000,2000000
2019-11-05 13:39:38.445000,1.31352,1.31341,1500000,2700000
2019-11-05 13:39:38.548000,1.3135,1.31341,1000000,2070000
2019-11-05 13:39:38.705000,1.31352,1.31341,1500000,1200000
2019-11-05 13:39:38.806000,1.31352,1.31342,1500000,1500000
2019-11-05 13:39:38.920000,1.31352,1.31342,1500000,1500000
2019-11-05 13:39:39.274000,1.31351,1.31342,1000000,1500000
2019-11-05 13:39:39.325000,1.31353,1.31342,1500000,2070000
2019-11-05 13:39:40.338000,1.31353,1.31342,1500000,3070000
2019-11-05 13:39:40.439000,1.31351,1.31341,1000000,2350000
2019-11-05 13:39:40.490000,1.3135,1.3134,1000000,3000000
2019-11-05 13:39:40.592000,1.3135,1.31341,1000000,1000000
2019-11-05 13:39:40.693000,1.3135,1.3134,1000000,2620000
2019-11-05 13:39:40.923000,1.31351,1.3134,1500000,1870000
2019-11-05 13:39:40.974000,1.31348,1.31338,1500000,2070000
2019-11-05 13:39:41.940000,1.31347,1.31338,1000000,2000000
2019-11-05 13:39:42.294000,1.31348,1.31339,1500000,1100000
2019-11-05 13:39:42.756000,1.31348,1.31338,1500000,1870000
2019-11-05 13:39:42.857000,1.31348,1.31339,1500000,1000000
2019-11-05 13:39:43.913000,1.31348,1.31338,1500000,1870000
2019-11-05 13:39:44.065000,1.31347,1.31337,1120000,1870000
2019-11-05 13:39:45.223000,1.31347,1.31338,1000000,1500000
2019-11-05 13:39:45.324000,1.31348,1.31339,1000000,1120000
2019-11-05 13:39:45.550000,1.31348,1.31338,1000000,1120000
2019-11-05 13:39:45.756000,1.31348,1.31338,1000000,1220000
2019-11-05 13:39:46.302000,1.3135,1.31341,1000000,1120000
2019-11-05 13:39:46.403000,1.3135,1.31341,1000000,1500000
2019-11-05 13:39:46.632000,1.3135,1.31341,1000000,1000000
2019-11-05 13:39:46.747000,1.31349,1.3134,1000000,1000000
2019-11-05 13:39:47.122000,1.31349,1.31339,1000000,1570000
2019-11-05 13:39:47.243000,1.31348,1.31338,1000000,1600000
2019-11-05 13:39:47.861000,1.31348,1.31338,1000000,2070000
2019-11-05 13:39:49.103000,1.31348,1.31339,1500000,1000000
2019-11-05 13:39:51.280000,1.3135,1.31341,1000000,1120000
2019-11-05 13:39:51.636000,1.3135,1.3134,1000000,2250000
2019-11-05 13:39:51.945000,1.3135,1.31341,1000000,1500000
2019-11-05 13:39:52.314000,1.31351,1.31342,1000000,1500000
2019-11-05 13:39:52.415000,1.31353,1.31343,1000000,1500000
2019-11-05 13:39:52.902000,1.31353,1.31343,1000000,1500000
2019-11-05 13:39:53.358000,1.31353,1.31343,1000000,1500000
2019-11-05 13:39:53.834000,1.31351,1.31343,1000000,1600000
2019-11-05 13:39:53.885000,1.31353,1.31343,1500000,1950000
2019-11-05 13:39:53.986000,1.31351,1.31343,1000000,1120000
2019-11-05 13:39:54.087000,1.31352,1.31343,1000000,1500000
2019-11-05 13:39:54.811000,1.3135,1.31343,1000000,1000000
2019-11-05 13:39:54.862000,1.31349,1.31341,1000000,2250000
2019-11-05 13:39:54.964000,1.31348,1.3134,1000000,1100000
2019-11-05 13:39:55.015000,1.31345,1.31336,1000000,1720000
2019-11-05 13:39:55.066000,1.31345,1.31335,1000000,2070000
2019-11-05 13:39:55.118000,1.31342,1.31336,1000000,1000000
2019-11-05 13:39:55.169000,1.31345,1.31336,2250000,1120000
2019-11-05 13:39:55.591000,1.31344,1.31336,1000000,1000000
2019-11-05 13:39:58.193000,1.31343,1.31336,1000000,1000000
2019-11-05 13:39:59.084000,1.31343,1.31335,1000000,1120000
2019-11-05 13:39:59.135000,1.31338,1.31332,1000000,1220000
2019-11-05 13:39:59.186000,1.31338,1.31328,1500000,1000000
2019-11-05 13:39:59.236000,1.31336,1.31328,1000000,1000000
2019-11-05 13:39:59.489000,1.31337,1.31328,1500000,1120000
2019-11-05 13:39:59.675000,1.31334,1.31326,1000000,1570000
2019-11-05 13:39:59.879000,1.31335,1.31326,1000000,1120000
2019-11-05 13:39:59.980000,1.31333,1.31326,1000000,1000000
2019-11-05 13:40:00.245000,1.31335,1.31326,1000000,1000000
2019-11-05 13:40:01.045000,1.31335,1.31326,1000000,2100000
2019-11-05 13:40:01.197000,1.31335,1.31326,1000000,2250000
2019-11-05 13:40:03.675000,1.31334,1.31326,1000000,1500000
2019-11-05 13:40:04.977000,1.31335,1.31326,1500000,1500000
2019-11-05 13:40:05.129000,1.31334,1.31326,1000000,1500000
2019-11-05 13:40:05.340000,1.31334,1.31324,1000000,1000000
2019-11-05 13:40:05.441000,1.31327,1.31323,1000000,1570000
2019-11-05 13:40:05.593000,1.31329,1.31323,1000000,1000000
2019-11-05 13:40:05.694000,1.31334,1.31324,1000000,1000000
2019-11-05 13:40:05.947000,1.31334,1.31326,1000000,1000000
2019-11-05 13:40:10.682000,1.31333,1.31326,1000000,1500000
2019-11-05 13:40:11.119000,1.31333,1.31325,1000000,1000000
2019-11-05 13:40:11.953000,1.31334,1.31325,1000000,1870000
2019-11-05 13:40:12.054000,1.31334,1.31326,1000000,1000000
2019-11-05 13:40:18.402000,1.31335,1.31326,1000000,2250000
2019-11-05 13:40:18.503000,1.31336,1.31326,1000000,1120000
2019-11-05 13:40:21.796000,1.31335,1.31326,1000000,1000000
2019-11-05 13:40:22.955000,1.31335,1.31326,1000000,1500000
2019-11-05 13:40:23.056000,1.31335,1.31326,1000000,1120000
2019-11-05 13:40:23.177000,1.31334,1.31326,1000000,1500000
2019-11-05 13:40:23.278000,1.31335,1.31326,1500000,1500000
2019-11-05 13:40:26.469000,1.31334,1.31326,1000000,1500000
2019-11-05 13:40:27.669000,1.31334,1.31325,1000000,3450000
2019-11-05 13:40:27.771000,1.31335,1.31325,1500000,1500000
2019-11-05 13:40:28.024000,1.31328,1.31322,1000000,1500000
2019-11-05 13:40:28.125000,1.31328,1.31323,1000000,1000000
2019-11-05 13:40:28.226000,1.3133,1.31323,1000000,1000000
2019-11-05 13:40:29.264000,1.3133,1.31324,1000000,1000000
2019-11-05 13:40:29.552000,1.31329,1.31324,1000000,1000000
2019-11-05 13:40:30.245000,1.3133,1.31324,1000000,1000000
2019-11-05 13:40:30.346000,1.3133,1.31323,1000000,1000000
2019-11-05 13:40:30.447000,1.31332,1.31323,1000000,1000000
2019-11-05 13:40:30.851000,1.3133,1.31323,1000000,1000000
2019-11-05 13:40:31.418000,1.31332,1.31323,1500000,1000000
2019-11-05 13:40:32.111000,1.31332,1.31324,1500000,1000000
2019-11-05 13:40:32.258000,1.31333,1.31324,4500000,1000000
2019-11-05 13:40:32.479000,1.31331,1.31324,1000000,1000000
2019-11-05 13:40:32.580000,1.3133,1.31324,1000000,1000000
2019-11-05 13:40:33.079000,1.31331,1.31324,1000000,1000000
2019-11-05 13:40:33.901000,1.31331,1.31323,1500000,1000000
2019-11-05 13:40:34.269000,1.31335,1.31326,1100000,1500000
2019-11-05 13:40:34.319000,1.31337,1.31328,1500000,1000000
2019-11-05 13:40:43.077000,1.31334,1.31328,1500000,1000000
2019-11-05 13:40:43.169000,1.31332,1.31324,1000000,1000000
2019-11-05 13:40:43.271000,1.31333,1.31323,1570000,1000000
2019-11-05 13:40:43.695000,1.31336,1.31326,1500000,1000000
2019-11-05 13:40:43.961000,1.31337,1.31326,1500000,1100000
2019-11-05 13:40:44.164000,1.31335,1.31325,1500000,2250000
2019-11-05 13:40:44.265000,1.31336,1.31325,1100000,2250000
2019-11-05 13:40:45.141000,1.31335,1.31325,1000000,1500000
2019-11-05 13:40:45.293000,1.31335,1.31326,1000000,1120000
2019-11-05 13:40:45.445000,1.31336,1.31327,1000000,1000000
2019-11-05 13:40:45.546000,1.31337,1.31327,1000000,1000000
2019-11-05 13:40:47.076000,1.31337,1.31327,1000000,1220000
2019-11-05 13:40:57.030000,1.31336,1.31327,1500000,1220000
2019-11-05 13:40:57.132000,1.31337,1.31327,1000000,1000000
2019-11-05 13:40:59.648000,1.31337,1.31326,1000000,1570000
2019-11-05 13:41:00.751000,1.31337,1.31326,1000000,1970000
2019-11-05 13:41:03.294000,1.31337,1.31326,2250000,2700000
2019-11-05 13:41:07.564000,1.31337,1.31327,1000000,1100000
2019-11-05 13:41:07.665000,1.31337,1.31326,1000000,2070000
2019-11-05 13:41:12.457000,1.31337,1.31326,1000000,2470000
2019-11-05 13:41:12.691000,1.31337,1.31326,1000000,3220000
2019-11-05 13:41:13,1.31337,1.31326,1000000,2470000
2019-11-05 13:41:13.203000,1.31337,1.31326,1000000,2470000
2019-11-05 13:41:14.268000,1.31337,1.31327,1000000,1100000
2019-11-05 13:41:14.369000,1.31337,1.31326,1000000,2700000
2019-11-05 13:41:14.520000,1.31337,1.31326,1000000,2350000
2019-11-05 13:41:14.621000,1.31337,1.31326,1000000,1950000
2019-11-05 13:41:15.181000,1.31337,1.31326,1000000,2350000
2019-11-05 13:41:15.606000,1.31337,1.31326,1500000,2470000
2019-11-05 13:41:16.097000,1.31337,1.31326,1000000,2350000
2019-11-05 13:41:19.597000,1.31336,1.31327,1000000,1570000
2019-11-05 13:41:23.223000,1.31336,1.31326,1000000,2700000
2019-11-05 13:41:23.368000,1.31336,1.31326,1000000,3850000
2019-11-05 13:41:23.615000,1.31336,1.31326,1000000,3220000
2019-11-05 13:41:25.902000,1.31337,1.31327,1000000,1600000
2019-11-05 13:41:27.489000,1.31337,1.31327,1100000,1100000
2019-11-05 13:41:27.591000,1.31336,1.31327,1000000,1100000
2019-11-05 13:41:28.213000,1.31338,1.31327,1000000,1570000
2019-11-05 13:41:32.032000,1.31338,1.31328,1500000,1000000
2019-11-05 13:41:33.980000,1.31338,1.3133,1000000,1000000
2019-11-05 13:41:34.081000,1.31341,1.3133,1220000,1870000
2019-11-05 13:41:34.215000,1.31341,1.3133,1100000,1500000
2019-11-05 13:41:34.367000,1.31341,1.3133,1500000,1600000
2019-11-05 13:41:34.519000,1.31341,1.3133,3000000,1950000
2019-11-05 13:41:35.764000,1.31341,1.3133,2720000,1950000
2019-11-05 13:41:36.620000,1.31341,1.31331,3470000,1000000
2019-11-05 13:41:36.829000,1.31341,1.3133,3470000,1100000
2019-11-05 13:41:40.581000,1.31341,1.3133,1570000,1500000
2019-11-05 13:41:41.472000,1.31341,1.31333,1000000,1000000
2019-11-05 13:41:41.573000,1.31342,1.31333,1000000,1500000
2019-11-05 13:41:42.102000,1.31341,1.31332,1000000,1100000
2019-11-05 13:41:46.023000,1.3134,1.31331,1000000,1000000
2019-11-05 13:41:46.124000,1.3134,1.31329,1000000,1570000
2019-11-05 13:41:46.786000,1.31338,1.31328,1500000,1120000
2019-11-05 13:41:47.241000,1.31339,1.31328,2250000,1500000
2019-11-05 13:41:47.723000,1.31338,1.31328,1500000,1500000
2019-11-05 13:41:47.898000,1.31339,1.31328,1000000,1500000
2019-11-05 13:41:48.259000,1.31339,1.31329,1500000,1000000
2019-11-05 13:41:49.307000,1.31339,1.31328,1000000,1000000
2019-11-05 13:41:49.459000,1.31338,1.31328,1000000,1500000
2019-11-05 13:41:49.745000,1.31339,1.31329,1500000,1000000
2019-11-05 13:41:49.846000,1.3134,1.31329,1000000,1500000
2019-11-05 13:41:50.262000,1.3134,1.3133,1000000,1500000
2019-11-05 13:41:50.364000,1.31341,1.3133,1000000,1870000
2019-11-05 13:41:51.393000,1.31341,1.31331,1000000,1000000
2019-11-05 13:41:53.686000,1.3134,1.31331,1000000,1000000
2019-11-05 13:41:53.787000,1.31338,1.31331,1000000,1000000
2019-11-05 13:41:55.978000,1.31338,1.31329,1000000,1500000
2019-11-05 13:41:58.545000,1.31338,1.31329,1000000,2000000
2019-11-05 13:41:58.646000,1.31338,1.31329,1000000,2000000
2019-11-05 13:41:58.798000,1.31338,1.31329,1000000,2000000
2019-11-05 13:41:59.059000,1.31338,1.31329,1000000,1500000
2019-11-05 13:42:00.778000,1.31341,1.3133,1600000,1500000
2019-11-05 13:42:00.879000,1.31341,1.3133,1000000,3000000
2019-11-05 13:42:00.981000,1.3134,1.3133,1100000,1500000
2019-11-05 13:42:02.325000,1.31342,1.31331,3450000,1000000
2019-11-05 13:42:02.427000,1.31342,1.31333,1870000,1000000
2019-11-05 13:42:02.528000,1.31343,1.31334,1000000,1000000
2019-11-05 13:42:03.374000,1.31344,1.31336,1100000,1000000
2019-11-05 13:42:07.331000,1.31348,1.3134,1000000,2250000
2019-11-05 13:42:07.433000,1.3135,1.31342,1000000,1000000
2019-11-05 13:42:07.484000,1.31352,1.31342,1570000,1000000
2019-11-05 13:42:07.585000,1.31349,1.31341,1000000,1000000
2019-11-05 13:42:07.687000,1.31348,1.31339,1000000,1100000
2019-11-05 13:42:07.788000,1.31348,1.31337,1500000,2250000
2019-11-05 13:42:11.241000,1.31348,1.31338,2250000,1000000
2019-11-05 13:42:12.970000,1.31348,1.31337,1000000,1000000
2019-11-05 13:42:13.071000,1.31347,1.3134,1000000,1500000
2019-11-05 13:42:13.122000,1.31351,1.31341,3070000,1120000
2019-11-05 13:42:13.317000,1.31349,1.31341,1000000,1000000
2019-11-05 13:42:13.367000,1.3135,1.31339,1120000,1000000
2019-11-05 13:42:13.469000,1.31348,1.31338,1000000,1000000
2019-11-05 13:42:13.881000,1.31348,1.31337,1000000,2320000
2019-11-05 13:42:13.983000,1.3135,1.31343,1100000,1000000
2019-11-05 13:42:14.034000,1.31351,1.31343,1000000,1000000
2019-11-05 13:42:14.135000,1.31352,1.31343,1500000,1000000
2019-11-05 13:42:14.237000,1.31352,1.31344,1500000,1000000
2019-11-05 13:42:17.017000,1.31353,1.31342,1100000,1500000
2019-11-05 13:42:17.709000,1.31353,1.31342,1600000,1500000
2019-11-05 13:42:17.811000,1.31353,1.31342,1600000,1500000
2019-11-05 13:42:19.813000,1.3135,1.31342,1000000,1000000
2019-11-05 13:42:19.914000,1.31351,1.31342,1870000,1000000
2019-11-05 13:42:20.065000,1.3135,1.31341,1000000,1500000
2019-11-05 13:42:21.844000,1.31349,1.31341,1000000,1000000
2019-11-05 13:42:22.191000,1.31349,1.3134,1000000,1000000
2019-11-05 13:42:22.343000,1.31349,1.3134,2000000,1000000
2019-11-05 13:42:22.393000,1.31349,1.31338,2820000,1500000
2019-11-05 13:42:32.375000,1.3135,1.3134,3100000,1120000
2019-11-05 13:42:32.516000,1.31352,1.31343,1100000,1000000
2019-11-05 13:42:32.617000,1.31353,1.31343,1000000,1000000
2019-11-05 13:42:32.718000,1.3135,1.31343,1000000,1000000
2019-11-05 13:42:32.820000,1.31352,1.31341,1100000,1500000
2019-11-05 13:42:34.040000,1.31352,1.31341,1000000,2000000
2019-11-05 13:42:34.161000,1.31353,1.31342,1870000,1870000
2019-11-05 13:42:35.753000,1.31352,1.31342,1000000,1870000
2019-11-05 13:42:35.854000,1.31351,1.3134,1120000,3450000
2019-11-05 13:42:36.235000,1.31349,1.3134,1000000,1500000
2019-11-05 13:42:36.864000,1.31347,1.31338,1500000,1000000
2019-11-05 13:42:37.026000,1.31347,1.31337,1870000,1000000
2019-11-05 13:42:40.205000,1.31347,1.31336,2320000,1000000
2019-11-05 13:42:40.306000,1.31345,1.31336,1000000,1000000
2019-11-05 13:42:41.606000,1.31344,1.31336,1000000,1000000
2019-11-05 13:42:43.118000,1.31343,1.31336,2250000,1500000
2019-11-05 13:42:43.809000,1.31344,1.31336,3750000,1000000
2019-11-05 13:42:44.018000,1.31344,1.31335,3750000,1500000
2019-11-05 13:42:44.119000,1.31339,1.31331,1000000,3600000
2019-11-05 13:42:44.220000,1.31339,1.31332,1000000,1000000
2019-11-05 13:42:44.779000,1.31339,1.3133,1000000,1000000
2019-11-05 13:42:45.433000,1.31338,1.3133,3120000,1000000
2019-11-05 13:42:45.535000,1.31338,1.31328,3120000,3070000
2019-11-05 13:42:45.788000,1.31336,1.31328,1000000,1000000
2019-11-05 13:42:47.358000,1.31334,1.31328,1000000,1000000
2019-11-05 13:42:49.512000,1.31334,1.31327,1000000,1000000
2019-11-05 13:42:50.040000,1.31333,1.31327,2250000,1000000
2019-11-05 13:42:51.993000,1.31334,1.31327,1000000,1000000
2019-11-05 13:42:56.082000,1.31335,1.31327,1000000,2250000
2019-11-05 13:42:57.015000,1.31331,1.31324,1000000,1000000
2019-11-05 13:42:57.116000,1.31331,1.31323,1000000,1000000
2019-11-05 13:42:57.217000,1.31332,1.31323,1000000,1000000
2019-11-05 13:42:57.318000,1.31334,1.31326,1000000,1000000
2019-11-05 13:42:57.520000,1.31334,1.31325,1500000,2250000
2019-11-05 13:42:57.919000,1.31334,1.31323,1000000,3070000
2019-11-05 13:42:58.020000,1.31335,1.31323,1570000,3070000
2019-11-05 13:42:58.172000,1.31335,1.31326,1000000,1500000
2019-11-05 13:42:58.324000,1.31336,1.31327,1000000,1500000
2019-11-05 13:42:58.473000,1.31337,1.31326,1000000,3820000
2019-11-05 13:42:59.321000,1.31337,1.31327,1000000,1500000
2019-11-05 13:42:59.585000,1.31337,1.31326,1000000,1570000
2019-11-05 13:43:02.713000,1.31335,1.31326,1000000,1500000
2019-11-05 13:43:02.969000,1.31335,1.31327,1000000,1000000
2019-11-05 13:43:03.445000,1.31336,1.31327,1000000,1570000
2019-11-05 13:43:05.528000,1.31337,1.31327,1000000,1570000
2019-11-05 13:43:06.306000,1.31336,1.31327,1000000,1500000
2019-11-05 13:43:12.895000,1.31337,1.31327,1000000,1500000
2019-11-05 13:43:29.688000,1.31335,1.31327,1000000,1000000
2019-11-05 13:43:29.789000,1.31335,1.31326,1500000,1000000
2019-11-05 13:43:29.957000,1.31335,1.31325,1000000,1500000
2019-11-05 13:43:30.294000,1.31336,1.31325,1000000,3000000
2019-11-05 13:43:30.395000,1.31337,1.31326,1500000,1100000
2019-11-05 13:43:31.890000,1.31337,1.31326,1500000,2070000
2019-11-05 13:43:31.992000,1.31337,1.31327,1000000,1120000
2019-11-05 13:43:32.475000,1.31339,1.31329,1500000,1500000
2019-11-05 13:43:32.576000,1.31335,1.31326,1000000,1000000
2019-11-05 13:43:32.678000,1.31337,1.31326,1500000,2250000
2019-11-05 13:43:32.779000,1.31337,1.31326,1000000,2320000
2019-11-05 13:43:33.214000,1.31338,1.31327,1870000,1500000
2019-11-05 13:43:33.799000,1.31336,1.31327,1000000,1500000
2019-11-05 13:43:37.746000,1.31336,1.31327,1500000,1870000
2019-11-05 13:43:38.190000,1.31336,1.31327,1000000,1870000
2019-11-05 13:43:42.568000,1.31336,1.31327,1000000,2000000
2019-11-05 13:43:47.824000,1.31336,1.31327,1000000,1500000
2019-11-05 13:43:49.609000,1.31333,1.31324,1000000,1220000
2019-11-05 13:43:49.710000,1.31331,1.31322,1500000,1100000
2019-11-05 13:43:49.761000,1.31329,1.3132,1000000,1570000
2019-11-05 13:43:50.531000,1.31329,1.31321,1000000,1500000
2019-11-05 13:43:50.937000,1.31329,1.31322,1000000,1500000
2019-11-05 13:43:51.438000,1.31329,1.31321,1000000,1570000
2019-11-05 13:43:52.482000,1.31329,1.31322,1000000,2250000
2019-11-05 13:43:52.584000,1.3133,1.31322,1000000,1100000
2019-11-05 13:43:53.827000,1.31331,1.31322,1000000,1000000
2019-11-05 13:43:54.617000,1.31331,1.31323,1000000,1500000
2019-11-05 13:43:54.765000,1.31331,1.31322,1000000,2320000
2019-11-05 13:43:56.053000,1.31333,1.31322,1000000,1570000
2019-11-05 13:43:56.154000,1.31331,1.31321,1000000,2350000
2019-11-05 13:43:56.255000,1.3133,1.31319,1000000,1570000
2019-11-05 13:43:56.356000,1.3133,1.31319,1000000,1970000
2019-11-05 13:44:01.704000,1.31329,1.31319,1500000,1600000
2019-11-05 13:44:01.805000,1.31329,1.31318,1500000,4350000
2019-11-05 13:44:01.957000,1.31329,1.31319,1500000,1600000
2019-11-05 13:44:02.854000,1.31329,1.31319,2000000,1600000
2019-11-05 13:44:03.075000,1.31329,1.31319,2000000,1600000
2019-11-05 13:44:03.348000,1.31329,1.3132,2000000,1970000
2019-11-05 13:44:03.399000,1.31329,1.3132,1500000,1970000
2019-11-05 13:44:03.552000,1.31329,1.31319,1500000,2720000
2019-11-05 13:44:12.507000,1.31329,1.31319,1000000,1100000
2019-11-05 13:44:12.609000,1.3133,1.3132,1500000,1600000
2019-11-05 13:44:12.754000,1.3133,1.3132,1500000,1600000
2019-11-05 13:44:15.679000,1.3133,1.31319,1500000,3220000
2019-11-05 13:44:17.951000,1.31331,1.3132,1570000,2250000
2019-11-05 13:44:21.052000,1.3133,1.3132,1000000,1100000
2019-11-05 13:44:27.804000,1.3133,1.31319,1500000,1100000
2019-11-05 13:44:27.905000,1.31329,1.31319,1000000,1100000
2019-11-05 13:44:29.089000,1.31329,1.31319,1500000,1000000
2019-11-05 13:44:29.190000,1.31327,1.31318,1000000,1000000
2019-11-05 13:44:29.411000,1.31328,1.31318,1000000,2250000
2019-11-05 13:44:33.344000,1.31329,1.31318,1500000,1600000
2019-11-05 13:44:42.562000,1.31329,1.31319,1000000,4220000
2019-11-05 13:44:42.959000,1.3133,1.3132,1570000,1100000
2019-11-05 13:44:47.695000,1.3133,1.31319,1000000,2320000
2019-11-05 13:44:48.091000,1.3133,1.31319,1100000,3470000
2019-11-05 13:44:49.813000,1.3133,1.31319,1000000,2320000
2019-11-05 13:44:53.182000,1.31329,1.31319,3750000,2320000
2019-11-05 13:44:56.462000,1.3133,1.31319,2250000,2320000
2019-11-05 13:44:58.211000,1.3133,1.31319,3870000,2320000
2019-11-05 13:45:01.420000,1.3133,1.31319,3750000,2320000
