time,ask,bid,ask_volume,bid_volume
2020-04-16 12:25:00.290000,1.40892,1.4088,1000000,1000000
2020-04-16 12:25:00.392000,1.40892,1.40879,1000000,1000000
2020-04-16 12:25:00.596000,1.40893,1.4088,1000000,1000000
2020-04-16 12:25:01.002000,1.40892,1.40879,1000000,1000000
2020-04-16 12:25:01.104000,1.4089,1.40878,1000000,1600000
2020-04-16 12:25:02.049000,1.40892,1.4088,1000000,1000000
2020-04-16 12:25:02.263000,1.40892,1.40879,1000000,1570000
2020-04-16 12:25:03.057000,1.40892,1.40882,1000000,1000000
2020-04-16 12:25:03.466000,1.40892,1.40879,1000000,1100000
2020-04-16 12:25:03.946000,1.40892,1.40881,1000000,1000000
2020-04-16 12:25:04.073000,1.40892,1.40879,1000000,1100000
2020-04-16 12:25:05.547000,1.40892,1.4088,1000000,1000000
2020-04-16 12:25:05.699000,1.40892,1.40879,1000000,1500000
2020-04-16 12:25:06.853000,1.40891,1.40879,1000000,1000000
2020-04-16 12:25:07.100000,1.40891,1.40879,1000000,1100000
2020-04-16 12:25:07.804000,1.4089,1.4088,1000000,1000000
2020-04-16 12:25:07.906000,1.40891,1.40881,1000000,1000000
2020-04-16 12:25:07.957000,1.40893,1.4088,1200000,1000000
2020-04-16 12:25:09.243000,1.40894,1.40884,1000000,1000000
2020-04-16 12:25:09.345000,1.40896,1.40889,1000000,2350000
2020-04-16 12:25:09.396000,1.409,1.40891,1000000,1500000
2020-04-16 12:25:09.497000,1.40901,1.40892,1000000,1000000
2020-04-16 12:25:09.599000,1.40902,1.40892,1000000,1570000
2020-04-16 12:25:09.650000,1.40902,1.40894,1000000,1000000
2020-04-16 12:25:09.751000,1.40905,1.40894,1000000,1000000
2020-04-16 12:25:09.853000,1.40906,1.40893,1000000,1000000
2020-04-16 12:25:10.105000,1.40906,1.40894,1000000,1000000
2020-04-16 12:25:10.206000,1.40907,1.40895,1000000,1500000
2020-04-16 12:25:11.459000,1.40906,1.40894,1000000,1000000
2020-04-16 12:25:11.560000,1.40905,1.40892,1000000,1100000
2020-04-16 12:25:12.014000,1.40904,1.40891,1000000,1600000
2020-04-16 12:25:13.036000,1.40904,1.40891,1000000,1100000
2020-04-16 12:25:13.188000,1.40904,1.4089,1000000,1600000
2020-04-16 12:25:13.442000,1.40904,1.4089,1000000,1600000
2020-04-16 12:25:13.621000,1.40905,1.40891,1000000,1100000
2020-04-16 12:25:14.147000,1.40902,1.40891,1000000,1100000
2020-04-16 12:25:14.248000,1.40902,1.40891,1000000,1100000
2020-04-16 12:25:14.549000,1.40904,1.40893,1000000,1100000
2020-04-16 12:25:14.911000,1.40905,1.40893,1000000,1100000
2020-04-16 12:25:15.467000,1.4091,1.40902,1000000,1000000
2020-04-16 12:25:15.568000,1.4091,1.40903,1000000,1500000
2020-04-16 12:25:16.124000,1.40913,1.40903,1000000,1500000
2020-04-16 12:25:16.528000,1.40915,1.40903,1000000,1000000
2020-04-16 12:25:16.629000,1.40917,1.40906,1120000,1600000
2020-04-16 12:25:16.882000,1.40918,1.40906,1000000,1100000
2020-04-16 12:25:16.983000,1.40919,1.40906,1000000,1100000
2020-04-16 12:25:17.085000,1.40921,1.4091,1000000,1000000
2020-04-16 12:25:17.591000,1.40921,1.40909,1000000,1100000
2020-04-16 12:25:18.117000,1.40918,1.40904,1000000,1570000
2020-04-16 12:25:18.168000,1.40915,1.40905,1000000,1000000
2020-04-16 12:25:18.270000,1.40915,1.40904,1000000,1000000
2020-04-16 12:25:18.573000,1.40914,1.40903,1000000,1000000
2020-04-16 12:25:19.081000,1.40914,1.40902,1000000,1000000
2020-04-16 12:25:19.503000,1.40912,1.40901,1000000,1000000
2020-04-16 12:25:19.604000,1.4091,1.40899,1000000,1100000
2020-04-16 12:25:19.907000,1.40906,1.40895,1000000,1100000
2020-04-16 12:25:19.958000,1.40908,1.40895,1000000,1000000
2020-04-16 12:25:20.060000,1.40908,1.40897,1000000,1000000
2020-04-16 12:25:20.262000,1.40908,1.40895,1000000,1950000
2020-04-16 12:25:24.626000,1.40907,1.40895,1000000,1100000
2020-04-16 12:25:26.965000,1.40908,1.40896,1000000,1000000
2020-04-16 12:25:27.066000,1.40911,1.40897,1000000,1100000
2020-04-16 12:25:27.168000,1.40908,1.40897,1000000,1000000
2020-04-16 12:25:27.471000,1.4091,1.40897,1000000,1000000
2020-04-16 12:25:29.209000,1.40909,1.40896,1000000,1000000
2020-04-16 12:25:29.513000,1.40905,1.40894,1000000,1500000
2020-04-16 12:25:30.059000,1.40905,1.40892,1000000,1000000
2020-04-16 12:25:30.161000,1.40904,1.40891,1000000,1000000
2020-04-16 12:25:30.365000,1.40896,1.40886,1000000,1500000
2020-04-16 12:25:30.467000,1.40899,1.40886,1000000,1000000
2020-04-16 12:25:30.619000,1.409,1.40887,1000000,1000000
2020-04-16 12:25:30.721000,1.40899,1.40886,1000000,1000000
2020-04-16 12:25:31.324000,1.40899,1.40888,1000000,1000000
2020-04-16 12:25:32.281000,1.40902,1.40891,1000000,1000000
2020-04-16 12:25:32.332000,1.40902,1.40889,1000000,1000000
2020-04-16 12:25:32.848000,1.40903,1.4089,1000000,1000000
2020-04-16 12:25:32.950000,1.40904,1.40891,1000000,1000000
2020-04-16 12:25:33.001000,1.40902,1.40891,1000000,1000000
2020-04-16 12:25:34.652000,1.409,1.40889,1000000,1000000
2020-04-16 12:25:34.955000,1.40903,1.4089,1000000,1000000
2020-04-16 12:25:35.711000,1.40901,1.40888,1000000,1100000
2020-04-16 12:25:36.368000,1.409,1.40887,1000000,1000000
2020-04-16 12:25:37.686000,1.40896,1.40887,1000000,1000000
2020-04-16 12:25:37.787000,1.40898,1.40886,1000000,1000000
2020-04-16 12:25:37.838000,1.409,1.40885,1000000,2350000
2020-04-16 12:25:37.889000,1.40898,1.40886,1000000,1600000
2020-04-16 12:25:37.990000,1.40898,1.40886,1000000,1100000
2020-04-16 12:25:38.395000,1.40898,1.40886,1500000,1100000
2020-04-16 12:25:38.828000,1.40898,1.40886,1500000,1570000
2020-04-16 12:25:39.243000,1.40898,1.40886,1000000,1600000
2020-04-16 12:25:41.017000,1.40898,1.40886,1500000,1000000
2020-04-16 12:25:41.849000,1.40898,1.40886,1500000,1100000
2020-04-16 12:25:42.203000,1.409,1.40887,1500000,1970000
2020-04-16 12:25:42.255000,1.409,1.40889,1000000,1220000
2020-04-16 12:25:42.356000,1.40901,1.40889,1500000,1000000
2020-04-16 12:25:42.493000,1.40898,1.40885,1000000,1000000
2020-04-16 12:25:42.544000,1.40896,1.40885,1500000,1000000
2020-04-16 12:25:42.646000,1.40896,1.40884,1500000,1100000
2020-04-16 12:25:43.104000,1.40896,1.40882,1500000,3070000
2020-04-16 12:25:43.155000,1.40896,1.40884,1500000,1000000
2020-04-16 12:25:43.282000,1.40896,1.40882,1500000,3070000
2020-04-16 12:25:43.591000,1.40896,1.40883,1500000,1000000
2020-04-16 12:25:43.794000,1.40894,1.40881,1000000,1600000
2020-04-16 12:25:43.895000,1.40894,1.40881,1000000,1600000
2020-04-16 12:25:43.997000,1.40893,1.4088,1500000,1100000
2020-04-16 12:25:44.201000,1.40893,1.4088,1500000,1100000
2020-04-16 12:25:45.347000,1.40891,1.4088,1000000,1100000
2020-04-16 12:25:45.946000,1.40891,1.40879,1000000,1100000
2020-04-16 12:25:46.198000,1.40891,1.40878,1000000,1100000
2020-04-16 12:25:46.249000,1.40883,1.40873,1000000,1010000
2020-04-16 12:25:46.300000,1.40882,1.4087,1000000,1570000
2020-04-16 12:25:46.402000,1.40883,1.4087,1000000,1600000
2020-04-16 12:25:47.267000,1.40882,1.40869,1000000,2350000
2020-04-16 12:25:48.227000,1.40882,1.40869,1000000,2100000
2020-04-16 12:25:48.278000,1.40884,1.40872,1000000,1600000
2020-04-16 12:25:48.381000,1.40889,1.40879,1000000,1100000
2020-04-16 12:25:48.482000,1.40892,1.40878,1000000,1600000
2020-04-16 12:25:48.533000,1.4089,1.40879,1000000,1200000
2020-04-16 12:25:48.685000,1.40888,1.40875,1000000,1220000
2020-04-16 12:25:48.787000,1.40889,1.40876,1000000,1600000
2020-04-16 12:25:48.888000,1.40887,1.40876,1000000,1100000
2020-04-16 12:25:48.939000,1.40887,1.40876,1000000,2050000
2020-04-16 12:25:49.242000,1.40889,1.40876,1000000,2100000
2020-04-16 12:25:50.441000,1.40887,1.40875,1000000,1970000
2020-04-16 12:25:50.543000,1.40887,1.40875,1000000,1970000
2020-04-16 12:25:51.463000,1.40888,1.40875,1000000,2350000
2020-04-16 12:25:51.566000,1.40889,1.40875,1000000,1600000
2020-04-16 12:25:51.843000,1.40886,1.40873,1000000,1600000
2020-04-16 12:25:51.894000,1.40883,1.40872,1000000,1100000
2020-04-16 12:25:51.995000,1.40882,1.40871,1000000,1100000
2020-04-16 12:25:52.096000,1.40882,1.40871,1000000,1000000
2020-04-16 12:25:52.708000,1.40882,1.40869,1000000,1000000
2020-04-16 12:25:53.863000,1.40882,1.40868,1000000,1120000
2020-04-16 12:25:55.079000,1.40882,1.40868,1000000,1500000
2020-04-16 12:25:55.181000,1.40882,1.40868,1000000,1000000
2020-04-16 12:25:55.947000,1.40883,1.40869,1000000,1500000
2020-04-16 12:25:56.152000,1.40883,1.40869,1000000,1200000
2020-04-16 12:25:56.418000,1.40884,1.40871,1500000,1000000
2020-04-16 12:25:57.771000,1.40882,1.40869,1000000,1570000
2020-04-16 12:25:57.872000,1.40876,1.40869,1000000,1000000
2020-04-16 12:25:57.923000,1.40877,1.40865,1000000,1000000
2020-04-16 12:25:58.024000,1.40876,1.40864,1000000,1000000
2020-04-16 12:25:58.277000,1.40878,1.40864,1000000,1000000
2020-04-16 12:25:58.378000,1.40877,1.40862,1000000,1100000
2020-04-16 12:25:58.480000,1.40878,1.40863,1000000,1100000
2020-04-16 12:25:58.777000,1.40883,1.40869,1500000,1100000
2020-04-16 12:25:58.879000,1.40891,1.4088,1500000,1000000
2020-04-16 12:25:58.980000,1.40892,1.40879,1000000,1100000
2020-04-16 12:25:59.081000,1.40892,1.40878,1500000,1570000
2020-04-16 12:25:59.234000,1.40891,1.40879,1000000,1000000
2020-04-16 12:25:59.501000,1.40887,1.40874,1000000,1100000
2020-04-16 12:25:59.603000,1.40885,1.40871,1500000,1100000
2020-04-16 12:25:59.754000,1.40882,1.40869,1000000,1600000
2020-04-16 12:25:59.856000,1.40884,1.40871,1500000,1000000
2020-04-16 12:26:01.090000,1.40883,1.4087,1000000,1000000
2020-04-16 12:26:01.343000,1.40882,1.40869,1500000,1000000
2020-04-16 12:26:01.444000,1.40881,1.40868,1000000,1100000
2020-04-16 12:26:02.749000,1.40881,1.40868,1500000,1100000
2020-04-16 12:26:02.850000,1.4088,1.40868,1000000,1000000
2020-04-16 12:26:02.952000,1.40878,1.40866,1000000,1100000
2020-04-16 12:26:03.002000,1.40882,1.40869,1000000,1100000
2020-04-16 12:26:03.053000,1.4088,1.40866,1000000,1600000
2020-04-16 12:26:03.104000,1.40882,1.40868,1500000,1100000
2020-04-16 12:26:03.256000,1.40882,1.40868,1000000,1600000
2020-04-16 12:26:03.742000,1.40882,1.40868,1000000,1100000
2020-04-16 12:26:04.279000,1.40883,1.4087,1000000,1500000
2020-04-16 12:26:04.380000,1.40888,1.40875,1000000,1100000
2020-04-16 12:26:04.482000,1.40889,1.40877,1000000,1000000
2020-04-16 12:26:04.836000,1.40889,1.4088,1000000,1000000
2020-04-16 12:26:04.937000,1.4089,1.40881,1000000,1000000
2020-04-16 12:26:05.240000,1.4089,1.40877,1000000,1000000
2020-04-16 12:26:05.342000,1.40889,1.40877,1000000,1000000
2020-04-16 12:26:05.443000,1.40889,1.40878,1000000,1000000
2020-04-16 12:26:05.494000,1.4089,1.4088,1000000,1000000
2020-04-16 12:26:05.595000,1.40891,1.4088,2250000,1000000
2020-04-16 12:26:06.515000,1.4089,1.40879,1000000,1000000
2020-04-16 12:26:06.617000,1.40891,1.40879,2250000,1000000
2020-04-16 12:26:07.450000,1.4089,1.4088,1000000,1000000
2020-04-16 12:26:07.653000,1.4089,1.40878,1500000,1000000
2020-04-16 12:26:07.754000,1.40891,1.40878,1500000,1000000
2020-04-16 12:26:08.381000,1.4089,1.40878,1000000,1000000
2020-04-16 12:26:08.482000,1.40891,1.4088,1000000,1000000
2020-04-16 12:26:08.584000,1.40894,1.40882,1500000,1000000
2020-04-16 12:26:08.839000,1.40892,1.40882,1000000,1000000
2020-04-16 12:26:12.573000,1.40892,1.4088,1000000,1000000
2020-04-16 12:26:12.675000,1.40891,1.40879,1000000,1000000
2020-04-16 12:26:13.007000,1.40894,1.40884,1000000,1000000
2020-04-16 12:26:13.569000,1.40895,1.40884,1000000,1000000
2020-04-16 12:26:13.727000,1.40894,1.40884,1000000,1000000
2020-04-16 12:26:14.279000,1.40895,1.40885,1000000,1000000
2020-04-16 12:26:15.578000,1.40894,1.40883,1000000,1000000
2020-04-16 12:26:15.679000,1.4089,1.40883,1000000,1000000
2020-04-16 12:26:15.730000,1.40888,1.40878,1000000,1000000
2020-04-16 12:26:15.831000,1.40888,1.40877,1000000,1000000
2020-04-16 12:26:15.882000,1.40886,1.40877,1000000,1000000
2020-04-16 12:26:16.093000,1.40886,1.40875,1000000,1000000
2020-04-16 12:26:16.143000,1.40882,1.40875,1000000,1000000
2020-04-16 12:26:16.447000,1.40882,1.40873,1000000,1000000
2020-04-16 12:26:16.548000,1.40881,1.40873,1000000,1000000
2020-04-16 12:26:16.921000,1.40881,1.40874,1000000,1000000
2020-04-16 12:26:17.744000,1.40881,1.40873,1000000,1000000
2020-04-16 12:26:19.513000,1.40881,1.40872,1000000,1000000
2020-04-16 12:26:20,1.40882,1.40874,1000000,1000000
2020-04-16 12:26:20.203000,1.40882,1.40875,1000000,1000000
2020-04-16 12:26:21.091000,1.40882,1.40873,1000000,1000000
2020-04-16 12:26:21.878000,1.40881,1.40873,1000000,1000000
2020-04-16 12:26:24.851000,1.40881,1.40872,1000000,1000000
2020-04-16 12:26:26.183000,1.40881,1.40872,1000000,1100000
2020-04-16 12:26:27.912000,1.40881,1.40872,1000000,1000000
2020-04-16 12:26:28.064000,1.40881,1.40873,1000000,1000000
2020-04-16 12:26:29.455000,1.40885,1.40877,1000000,1100000
2020-04-16 12:26:29.506000,1.4089,1.4088,1500000,1000000
2020-04-16 12:26:29.557000,1.4089,1.4088,1000000,1600000
2020-04-16 12:26:29.658000,1.40891,1.4088,1000000,1600000
2020-04-16 12:26:30.042000,1.40891,1.4088,1000000,1570000
2020-04-16 12:26:30.421000,1.40892,1.4088,1500000,1570000
2020-04-16 12:26:30.523000,1.40892,1.40881,1000000,1120000
2020-04-16 12:26:30.573000,1.40894,1.40883,1500000,1500000
2020-04-16 12:26:30.638000,1.40896,1.40883,1000000,1600000
2020-04-16 12:26:31.352000,1.40897,1.40888,1000000,1100000
2020-04-16 12:26:31.404000,1.40899,1.40888,1000000,1100000
2020-04-16 12:26:31.976000,1.40895,1.40887,1000000,1100000
2020-04-16 12:26:32.028000,1.40894,1.40885,1000000,1570000
2020-04-16 12:26:33.196000,1.40897,1.40888,1000000,1000000
2020-04-16 12:26:33.348000,1.40895,1.40887,1000000,1000000
2020-04-16 12:26:33.399000,1.40895,1.40885,1000000,3070000
2020-04-16 12:26:35.125000,1.40895,1.40886,1000000,1000000
2020-04-16 12:26:35.226000,1.40895,1.40885,1000000,1000000
2020-04-16 12:26:35.327000,1.40895,1.40886,1000000,1000000
2020-04-16 12:26:35.741000,1.40895,1.40885,1000000,1500000
2020-04-16 12:26:35.893000,1.40895,1.40886,1000000,1000000
2020-04-16 12:26:36.120000,1.40897,1.40886,1000000,1000000
2020-04-16 12:26:36.221000,1.40898,1.40885,1500000,1000000
2020-04-16 12:26:37.450000,1.40899,1.40888,1000000,1000000
2020-04-16 12:26:37.653000,1.40901,1.40888,1500000,1000000
2020-04-16 12:26:37.754000,1.40899,1.40888,1000000,1000000
2020-04-16 12:26:38.446000,1.40901,1.40888,1500000,1000000
2020-04-16 12:26:40.442000,1.40898,1.40886,1500000,1600000
2020-04-16 12:26:40.493000,1.40896,1.40883,1000000,1000000
2020-04-16 12:26:40.544000,1.40893,1.4088,1000000,1200000
2020-04-16 12:26:40.645000,1.40893,1.4088,1000000,1100000
2020-04-16 12:26:40.747000,1.40895,1.40882,1500000,1000000
2020-04-16 12:26:42.240000,1.40893,1.4088,1000000,1100000
2020-04-16 12:26:45.621000,1.40898,1.4089,1000000,1000000
2020-04-16 12:26:45.672000,1.40901,1.40889,1500000,1100000
2020-04-16 12:26:46.801000,1.40897,1.40886,1500000,1500000
2020-04-16 12:26:46.852000,1.40896,1.40884,1000000,1000000
2020-04-16 12:26:46.953000,1.40896,1.40885,1000000,1000000
2020-04-16 12:26:47.791000,1.40894,1.40884,1000000,1000000
2020-04-16 12:26:48.460000,1.40891,1.4088,1000000,1500000
2020-04-16 12:26:48.562000,1.40891,1.40879,1000000,1100000
2020-04-16 12:26:48.663000,1.4089,1.40879,1000000,1000000
2020-04-16 12:26:48.816000,1.40889,1.40877,1000000,1100000
2020-04-16 12:26:48.919000,1.40889,1.40877,1000000,1000000
2020-04-16 12:26:50.522000,1.40889,1.40876,1000000,1000000
2020-04-16 12:26:51.057000,1.40887,1.40874,1000000,1000000
2020-04-16 12:26:51.158000,1.40886,1.40873,1000000,1500000
2020-04-16 12:26:51.259000,1.40884,1.40873,1000000,1000000
2020-04-16 12:26:51.628000,1.40879,1.40868,1000000,1570000
2020-04-16 12:26:52.234000,1.40876,1.40865,1000000,1100000
2020-04-16 12:26:52.335000,1.40876,1.40862,1500000,1000000
2020-04-16 12:26:52.607000,1.40873,1.40859,1000000,1950000
2020-04-16 12:26:54.231000,1.40872,1.40859,1000000,1500000
2020-04-16 12:26:54.332000,1.40874,1.40861,1000000,1000000
2020-04-16 12:26:56.901000,1.40851,1.40845,2250000,2250000
2020-04-16 12:26:57.003000,1.40851,1.40844,1000000,1000000
2020-04-16 12:26:57.104000,1.40854,1.40844,1000000,1000000
2020-04-16 12:26:57.206000,1.40856,1.40845,1600000,1000000
2020-04-16 12:26:57.408000,1.40857,1.40845,2250000,1000000
2020-04-16 12:26:57.560000,1.40856,1.40845,1000000,1000000
2020-04-16 12:26:57.763000,1.40857,1.40845,1570000,1000000
2020-04-16 12:26:59.062000,1.40854,1.40842,1000000,1000000
2020-04-16 12:26:59.609000,1.40853,1.40842,1000000,1000000
2020-04-16 12:27:00.260000,1.40853,1.40841,1000000,1000000
2020-04-16 12:27:00.584000,1.40853,1.40843,1000000,1000000
2020-04-16 12:27:02.021000,1.40853,1.40841,1000000,1000000
2020-04-16 12:27:02.138000,1.40854,1.40841,1500000,1000000
2020-04-16 12:27:05.263000,1.40854,1.40841,1600000,1000000
2020-04-16 12:27:05.466000,1.40846,1.40835,1500000,1000000
2020-04-16 12:27:05.516000,1.40845,1.40833,1000000,1000000
2020-04-16 12:27:05.618000,1.40844,1.40832,1000000,1000000
2020-04-16 12:27:06.133000,1.40844,1.40833,1000000,1000000
2020-04-16 12:27:06.184000,1.40848,1.40841,1000000,1000000
2020-04-16 12:27:06.235000,1.40852,1.40842,1000000,1000000
2020-04-16 12:27:06.286000,1.40852,1.40847,1000000,1000000
2020-04-16 12:27:06.337000,1.40854,1.40846,1000000,1500000
2020-04-16 12:27:06.388000,1.40854,1.40844,1000000,1000000
2020-04-16 12:27:06.439000,1.40854,1.40842,1000000,1000000
2020-04-16 12:27:06.490000,1.40852,1.40841,1000000,1100000
2020-04-16 12:27:06.591000,1.40853,1.40843,1000000,1000000
2020-04-16 12:27:07.067000,1.40852,1.40843,1000000,1000000
2020-04-16 12:27:07.118000,1.40852,1.40841,1100000,1000000
2020-04-16 12:27:10.087000,1.40853,1.40842,1000000,1000000
2020-04-16 12:27:10.138000,1.4086,1.4085,1500000,1000000
2020-04-16 12:27:10.240000,1.40863,1.40851,1000000,1000000
2020-04-16 12:27:10.593000,1.40862,1.40851,1500000,1000000
2020-04-16 12:27:13.063000,1.40862,1.40852,1000000,1000000
2020-04-16 12:27:13.932000,1.40866,1.40857,1000000,1000000
2020-04-16 12:27:13.983000,1.40868,1.40858,1000000,1000000
2020-04-16 12:27:14.084000,1.40868,1.40857,1000000,1000000
2020-04-16 12:27:14.454000,1.40869,1.40858,1000000,1000000
2020-04-16 12:27:14.506000,1.40872,1.4086,1000000,1000000
2020-04-16 12:27:14.608000,1.40873,1.40861,1500000,1000000
2020-04-16 12:27:14.933000,1.40873,1.40862,1000000,1000000
2020-04-16 12:27:14.984000,1.40874,1.40864,1000000,1000000
2020-04-16 12:27:15.650000,1.40876,1.40865,1000000,1000000
2020-04-16 12:27:15.701000,1.40881,1.40872,1000000,1000000
2020-04-16 12:27:15.752000,1.40885,1.40873,1790000,1000000
2020-04-16 12:27:15.854000,1.40886,1.40873,1500000,1000000
2020-04-16 12:27:16.607000,1.40885,1.40873,1000000,1000000
2020-04-16 12:27:18.144000,1.40885,1.40873,2000000,1000000
2020-04-16 12:27:18.245000,1.40885,1.40873,2250000,1000000
2020-04-16 12:27:19.896000,1.40885,1.40874,1500000,1000000
2020-04-16 12:27:22.063000,1.40885,1.40873,1000000,1000000
2020-04-16 12:27:23.155000,1.40885,1.40873,1000000,1100000
2020-04-16 12:27:23.358000,1.40885,1.40873,1000000,1000000
2020-04-16 12:27:24.992000,1.40884,1.40872,1500000,1000000
2020-04-16 12:27:28.917000,1.40884,1.40872,1000000,1600000
2020-04-16 12:27:29.018000,1.40885,1.40874,1500000,1100000
2020-04-16 12:27:29.460000,1.40884,1.40873,1000000,1000000
2020-04-16 12:27:29.561000,1.40884,1.40875,1000000,1000000
2020-04-16 12:27:30.798000,1.40884,1.40876,1000000,1000000
2020-04-16 12:27:31.086000,1.40884,1.40874,1000000,1000000
2020-04-16 12:27:31.426000,1.40883,1.40874,1000000,1000000
2020-04-16 12:27:31.680000,1.40883,1.40873,1000000,1000000
2020-04-16 12:27:32.948000,1.40883,1.40872,1000000,1000000
2020-04-16 12:27:33.164000,1.40884,1.40872,1000000,1000000
2020-04-16 12:27:33.265000,1.40884,1.40873,1000000,1000000
2020-04-16 12:27:33.366000,1.40885,1.40873,1500000,1000000
2020-04-16 12:27:39.137000,1.40884,1.40875,1000000,1000000
2020-04-16 12:27:39.390000,1.40884,1.40873,1000000,1100000
2020-04-16 12:27:39.491000,1.40881,1.40872,1000000,1000000
2020-04-16 12:27:39.592000,1.40882,1.40873,1000000,1000000
2020-04-16 12:27:41.439000,1.40881,1.4087,1000000,1100000
2020-04-16 12:27:41.540000,1.40881,1.4087,1000000,1000000
2020-04-16 12:27:48.607000,1.40883,1.40872,1000000,1000000
2020-04-16 12:27:48.710000,1.40883,1.4087,1500000,1000000
2020-04-16 12:27:50.573000,1.40884,1.40875,1500000,1000000
2020-04-16 12:27:51.073000,1.40889,1.40881,1120000,1000000
2020-04-16 12:27:51.124000,1.40894,1.40882,1500000,1000000
2020-04-16 12:27:51.225000,1.40895,1.40884,1000000,1000000
2020-04-16 12:27:51.276000,1.40897,1.40881,1100000,1500000
2020-04-16 12:27:51.734000,1.40897,1.40884,1000000,1000000
2020-04-16 12:27:51.927000,1.40897,1.40885,1000000,1000000
2020-04-16 12:27:52.029000,1.40899,1.40888,1000000,1000000
2020-04-16 12:27:52.079000,1.40899,1.40883,1000000,2650000
2020-04-16 12:27:52.950000,1.409,1.40887,1000000,1000000
2020-04-16 12:27:53.052000,1.40901,1.40888,1120000,1000000
2020-04-16 12:27:53.153000,1.409,1.40888,1000000,1000000
2020-04-16 12:27:54.829000,1.40899,1.40888,1000000,1000000
2020-04-16 12:27:54.880000,1.40901,1.40888,1000000,1000000
2020-04-16 12:27:54.930000,1.40903,1.40892,1000000,1000000
2020-04-16 12:27:55.082000,1.40905,1.40894,1000000,1000000
2020-04-16 12:27:55.382000,1.40906,1.40894,4500000,1000000
2020-04-16 12:27:57.422000,1.40905,1.40894,1500000,1000000
2020-04-16 12:27:58.638000,1.40906,1.40894,5620000,1000000
2020-04-16 12:27:59.113000,1.40905,1.40894,1500000,1000000
2020-04-16 12:27:59.427000,1.40905,1.40893,2250000,1000000
2020-04-16 12:27:59.529000,1.409,1.40885,1500000,2420000
2020-04-16 12:27:59.630000,1.409,1.40883,2000000,1100000
2020-04-16 12:27:59.782000,1.40901,1.40883,1120000,1970000
2020-04-16 12:28:00.085000,1.40899,1.40887,1120000,1000000
2020-04-16 12:28:00.186000,1.40898,1.40887,1000000,1000000
2020-04-16 12:28:00.944000,1.40901,1.40887,1120000,1000000
2020-04-16 12:28:01.045000,1.40901,1.40883,1000000,2350000
2020-04-16 12:28:01.197000,1.40902,1.40883,1120000,3100000
2020-04-16 12:28:02.318000,1.40902,1.40883,1870000,2350000
2020-04-16 12:28:02.976000,1.40901,1.40883,1000000,2350000
2020-04-16 12:28:03.401000,1.40901,1.40889,1000000,1000000
2020-04-16 12:28:03.503000,1.40905,1.40891,1000000,1500000
2020-04-16 12:28:03.554000,1.40904,1.40891,1500000,1500000
2020-04-16 12:28:03.655000,1.40904,1.40893,1000000,1000000
2020-04-16 12:28:03.756000,1.40906,1.40895,1120000,1000000
2020-04-16 12:28:03.857000,1.40907,1.40895,1120000,1000000
2020-04-16 12:28:04.569000,1.40907,1.409,1000000,1500000
2020-04-16 12:28:04.620000,1.40912,1.40902,1420000,1000000
2020-04-16 12:28:04.721000,1.40916,1.40903,1000000,1000000
2020-04-16 12:28:04.822000,1.40915,1.40903,1000000,1000000
2020-04-16 12:28:09.314000,1.40916,1.40904,1000000,1000000
2020-04-16 12:28:09.365000,1.40917,1.40906,1500000,1000000
2020-04-16 12:28:09.467000,1.40915,1.40903,1000000,1500000
2020-04-16 12:28:10.412000,1.40916,1.40905,1000000,1500000
2020-04-16 12:28:10.514000,1.40921,1.4091,1000000,1000000
2020-04-16 12:28:10.615000,1.40924,1.40913,1000000,1000000
2020-04-16 12:28:10.716000,1.40923,1.40913,1000000,1000000
2020-04-16 12:28:12.441000,1.40923,1.4091,1000000,1500000
2020-04-16 12:28:12.543000,1.40923,1.40912,1000000,1000000
2020-04-16 12:28:12.695000,1.40924,1.40912,1000000,1000000
2020-04-16 12:28:13.055000,1.40923,1.40912,1000000,1500000
2020-04-16 12:28:13.267000,1.40924,1.40912,1000000,1500000
2020-04-16 12:28:13.419000,1.40924,1.40913,1000000,1000000
2020-04-16 12:28:13.520000,1.40925,1.40913,1000000,1000000
2020-04-16 12:28:14.582000,1.40923,1.40911,1000000,1000000
2020-04-16 12:28:15.490000,1.40922,1.40908,1120000,1000000
2020-04-16 12:28:15.591000,1.4092,1.40907,2000000,1000000
2020-04-16 12:28:16.095000,1.40921,1.40907,1120000,1000000
2020-04-16 12:28:16.785000,1.40921,1.40905,1600000,1000000
2020-04-16 12:28:16.886000,1.40916,1.40905,1000000,1000000
2020-04-16 12:28:17.298000,1.40919,1.40905,1600000,1000000
2020-04-16 12:28:17.399000,1.40919,1.40905,1200000,1000000
2020-04-16 12:28:20.143000,1.40917,1.40904,1000000,1000000
2020-04-16 12:28:22.400000,1.40916,1.40902,2100000,1000000
2020-04-16 12:28:22.451000,1.40916,1.40902,1000000,1000000
2020-04-16 12:28:23.208000,1.40916,1.40899,1000000,1200000
2020-04-16 12:28:23.452000,1.40916,1.40903,1500000,1000000
2020-04-16 12:28:23.503000,1.40916,1.40899,1000000,1500000
2020-04-16 12:28:24.519000,1.40916,1.40901,1500000,1000000
2020-04-16 12:28:24.633000,1.40916,1.409,1500000,1000000
2020-04-16 12:28:25.223000,1.40916,1.40903,1000000,1000000
2020-04-16 12:28:25.691000,1.40916,1.409,1000000,1100000
2020-04-16 12:28:30.589000,1.40917,1.409,1000000,1870000
2020-04-16 12:28:31.050000,1.40917,1.409,2070000,1000000
2020-04-16 12:28:31.101000,1.40917,1.40902,1570000,1000000
2020-04-16 12:28:32.091000,1.40916,1.40902,1000000,1000000
2020-04-16 12:28:32.259000,1.40917,1.40902,1200000,1000000
2020-04-16 12:28:32.361000,1.40921,1.40904,1720000,1000000
2020-04-16 12:28:32.563000,1.40922,1.40904,2000000,1000000
2020-04-16 12:28:33.209000,1.40922,1.40904,1000000,1500000
2020-04-16 12:28:33.583000,1.40918,1.40904,2000000,1000000
2020-04-16 12:28:33.836000,1.40917,1.40902,1500000,1500000
2020-04-16 12:28:34.877000,1.40917,1.40902,1000000,1000000
2020-04-16 12:28:36.681000,1.40918,1.409,1200000,1500000
2020-04-16 12:28:36.783000,1.40918,1.40901,1000000,1000000
2020-04-16 12:28:37.207000,1.40918,1.40901,1500000,1000000
2020-04-16 12:28:38.643000,1.40918,1.409,1120000,1870000
2020-04-16 12:28:40.123000,1.40921,1.40908,1000000,1500000
2020-04-16 12:28:40.224000,1.40928,1.40916,1120000,1000000
2020-04-16 12:28:40.426000,1.40928,1.40916,1500000,1000000
2020-04-16 12:28:40.578000,1.4093,1.40912,2100000,1000000
2020-04-16 12:28:44.473000,1.40927,1.40913,1120000,1000000
2020-04-16 12:28:44.574000,1.40927,1.40913,1500000,1000000
2020-04-16 12:28:49.875000,1.40915,1.40906,1000000,1000000
2020-04-16 12:28:49.926000,1.40921,1.4091,1000000,1000000
2020-04-16 12:28:50.028000,1.40923,1.4091,1100000,1000000
2020-04-16 12:28:50.079000,1.40916,1.40902,1120000,1500000
2020-04-16 12:28:50.129000,1.40914,1.409,1000000,1000000
2020-04-16 12:28:50.231000,1.40912,1.40898,1500000,1000000
2020-04-16 12:28:50.332000,1.40912,1.40898,2000000,1000000
2020-04-16 12:28:50.433000,1.40911,1.40894,2750000,1000000
2020-04-16 12:28:50.484000,1.40907,1.40893,1500000,1000000
2020-04-16 12:28:50.535000,1.4091,1.40891,1700000,1500000
2020-04-16 12:28:51.066000,1.40908,1.4089,1500000,1500000
2020-04-16 12:28:52.683000,1.40907,1.4089,1500000,1000000
2020-04-16 12:28:53.426000,1.40907,1.4089,1500000,1000000
2020-04-16 12:28:53.673000,1.40904,1.4089,1120000,1000000
2020-04-16 12:28:53.991000,1.40904,1.4089,2070000,1000000
2020-04-16 12:28:54.042000,1.40904,1.40886,1500000,1000000
2020-04-16 12:28:54.143000,1.40903,1.40885,1220000,1000000
2020-04-16 12:28:56.087000,1.40903,1.40885,1200000,1000000
2020-04-16 12:28:57.022000,1.40903,1.40886,1120000,1000000
2020-04-16 12:28:57.458000,1.40904,1.40886,1950000,1000000
2020-04-16 12:29:00.050000,1.40903,1.40886,1000000,1000000
2020-04-16 12:29:00.151000,1.40904,1.40886,1870000,1000000
2020-04-16 12:29:00.303000,1.40904,1.40885,2720000,1570000
2020-04-16 12:29:00.404000,1.40904,1.40885,2700000,1500000
2020-04-16 12:29:00.506000,1.40904,1.40884,2720000,1950000
2020-04-16 12:29:00.759000,1.40904,1.40886,1220000,1000000
2020-04-16 12:29:00.961000,1.40904,1.40886,1100000,1000000
2020-04-16 12:29:01.419000,1.40904,1.40886,1600000,1000000
2020-04-16 12:29:02.718000,1.40904,1.40884,1600000,2070000
2020-04-16 12:29:03.742000,1.40904,1.40884,2100000,1100000
2020-04-16 12:29:04.078000,1.40904,1.40884,2100000,1100000
2020-04-16 12:29:10.264000,1.40904,1.40883,2920000,1570000
2020-04-16 12:29:10.875000,1.40904,1.40884,1600000,1000000
2020-04-16 12:29:11.357000,1.40904,1.40887,1970000,1000000
2020-04-16 12:29:11.407000,1.40903,1.40884,1220000,1950000
2020-04-16 12:29:13.454000,1.40905,1.40884,3600000,1000000
2020-04-16 12:29:13.606000,1.40902,1.40881,1600000,1000000
2020-04-16 12:29:13.707000,1.40902,1.4088,2670000,1500000
2020-04-16 12:29:14.292000,1.40902,1.40883,4170000,1000000
2020-04-16 12:29:14.343000,1.40905,1.40884,3860000,1000000
2020-04-16 12:29:14.445000,1.40905,1.40884,2100000,1000000
2020-04-16 12:29:17.186000,1.40903,1.40883,2100000,1000000
2020-04-16 12:29:17.288000,1.40902,1.40882,2850000,1000000
2020-04-16 12:29:17.748000,1.40902,1.40881,3600000,1500000
2020-04-16 12:29:18.836000,1.40899,1.4088,1600000,1100000
2020-04-16 12:29:21.628000,1.40899,1.4088,1500000,1000000
2020-04-16 12:29:22.044000,1.40899,1.4088,1120000,1000000
2020-04-16 12:29:22.530000,1.409,1.4088,1000000,1000000
2020-04-16 12:29:24.802000,1.409,1.4088,1500000,1000000
2020-04-16 12:29:26.990000,1.40899,1.4088,1500000,1000000
2020-04-16 12:29:27.416000,1.40899,1.40879,1500000,1120000
2020-04-16 12:29:28.336000,1.40901,1.40882,2620000,1000000
2020-04-16 12:29:28.437000,1.409,1.40882,1000000,1000000
2020-04-16 12:29:28.538000,1.40901,1.40881,1500000,1000000
2020-04-16 12:29:29.539000,1.40904,1.40887,1900000,1500000
2020-04-16 12:29:29.590000,1.40909,1.4089,3120000,1000000
2020-04-16 12:29:29.641000,1.40906,1.40891,1500000,1000000
2020-04-16 12:29:29.694000,1.40905,1.40886,1120000,1000000
2020-04-16 12:29:29.745000,1.40905,1.40884,1120000,1120000
2020-04-16 12:29:31.490000,1.40905,1.40885,1120000,1000000
2020-04-16 12:29:31.839000,1.40905,1.40886,1000000,1000000
2020-04-16 12:29:32.882000,1.40905,1.40884,1000000,1700000
2020-04-16 12:29:32.983000,1.40905,1.40884,1120000,1570000
2020-04-16 12:29:33.770000,1.40905,1.40884,1500000,1570000
2020-04-16 12:29:34.381000,1.40902,1.40884,1000000,1100000
2020-04-16 12:29:34.621000,1.40908,1.40884,2000000,1100000
2020-04-16 12:29:36.218000,1.40909,1.40895,1000000,1000000
2020-04-16 12:29:36.320000,1.40914,1.40899,1000000,1100000
2020-04-16 12:29:36.371000,1.40918,1.40898,1500000,1120000
2020-04-16 12:29:36.422000,1.40919,1.40898,4250000,1200000
2020-04-16 12:29:36.523000,1.40919,1.40895,5000000,1100000
2020-04-16 12:29:39.418000,1.40919,1.40896,1500000,1100000
2020-04-16 12:29:39.621000,1.40919,1.40896,3500000,1100000
2020-04-16 12:29:40.094000,1.4092,1.40908,1000000,1500000
2020-04-16 12:29:40.195000,1.40933,1.40917,2250000,1700000
2020-04-16 12:29:40.348000,1.40936,1.40914,1500000,1200000
2020-04-16 12:29:40.450000,1.40937,1.40909,2000000,1720000
2020-04-16 12:29:40.821000,1.40936,1.40911,1500000,1100000
2020-04-16 12:29:41.240000,1.40933,1.40908,1120000,1500000
2020-04-16 12:29:41.341000,1.40933,1.40909,1500000,1500000
2020-04-16 12:29:41.493000,1.4093,1.40905,1000000,1500000
2020-04-16 12:29:41.747000,1.40935,1.40909,1250000,2750000
2020-04-16 12:29:41.848000,1.40928,1.40904,1120000,2070000
2020-04-16 12:29:42.542000,1.40927,1.40902,1500000,1500000
2020-04-16 12:29:42.644000,1.40927,1.40902,1500000,1500000
2020-04-16 12:29:42.695000,1.40924,1.40902,1500000,1000000
2020-04-16 12:29:42.797000,1.40921,1.40898,1500000,2060000
2020-04-16 12:29:42.848000,1.40919,1.40898,1500000,1000000
2020-04-16 12:29:42.951000,1.40913,1.40896,1500000,1000000
2020-04-16 12:29:43.002000,1.40913,1.40892,1500000,1250000
2020-04-16 12:29:43.054000,1.40913,1.40891,1120000,1310000
2020-04-16 12:29:43.105000,1.40909,1.40884,1500000,1810000
2020-04-16 12:29:43.257000,1.40908,1.40882,1500000,1500000
2020-04-16 12:29:43.359000,1.40908,1.40891,1000000,1750000
2020-04-16 12:29:43.410000,1.40915,1.40899,1000000,1120000
2020-04-16 12:29:43.511000,1.40919,1.40899,1250000,1120000
2020-04-16 12:29:43.612000,1.40918,1.40899,1000000,1120000
2020-04-16 12:29:43.713000,1.40917,1.40892,1120000,2260000
2020-04-16 12:29:43.956000,1.40917,1.40891,1000000,3070000
2020-04-16 12:29:44.058000,1.40916,1.40893,1000000,1750000
2020-04-16 12:29:44.767000,1.40917,1.40893,1000000,1500000
2020-04-16 12:29:44.969000,1.40917,1.40892,1000000,1370000
2020-04-16 12:29:45.070000,1.40917,1.40891,1000000,2250000
2020-04-16 12:29:45.121000,1.40919,1.40892,1000000,1310000
2020-04-16 12:29:45.222000,1.40918,1.40893,1000000,1570000
2020-04-16 12:29:45.273000,1.40921,1.40893,1000000,1570000
2020-04-16 12:29:45.704000,1.4092,1.40895,1000000,1570000
2020-04-16 12:29:45.806000,1.40929,1.40915,1500000,1500000
2020-04-16 12:29:45.857000,1.40936,1.40916,1000000,1500000
2020-04-16 12:29:45.958000,1.40932,1.40915,1000000,1000000
2020-04-16 12:29:46.059000,1.40932,1.40918,1000000,1000000
2020-04-16 12:29:46.111000,1.40937,1.40915,1500000,2000000
2020-04-16 12:29:46.162000,1.40939,1.40917,1000000,1000000
2020-04-16 12:29:46.316000,1.40935,1.40912,1000000,2000000
2020-04-16 12:29:46.367000,1.40935,1.4091,1000000,1250000
2020-04-16 12:29:46.498000,1.40935,1.40907,1000000,1250000
2020-04-16 12:29:46.599000,1.40935,1.40906,1000000,1250000
2020-04-16 12:29:46.914000,1.40935,1.40907,1000000,1250000
2020-04-16 12:29:47.170000,1.40935,1.40906,1000000,1250000
2020-04-16 12:29:48.020000,1.40938,1.40912,1250000,1000000
2020-04-16 12:29:48.121000,1.40945,1.40917,2850000,1000000
2020-04-16 12:29:48.223000,1.4095,1.40921,1350000,1000000
2020-04-16 12:29:48.273000,1.40951,1.40921,1800000,1620000
2020-04-16 12:29:48.325000,1.4095,1.40922,1000000,1000000
2020-04-16 12:29:48.376000,1.4095,1.40922,1000000,2000000
2020-04-16 12:29:48.892000,1.40949,1.40923,1000000,1000000
2020-04-16 12:29:48.993000,1.40949,1.40917,1000000,1400000
2020-04-16 12:29:50.371000,1.4095,1.40918,1000000,1400000
2020-04-16 12:29:51.367000,1.4095,1.40924,3750000,1000000
2020-04-16 12:29:51.418000,1.4095,1.40922,1000000,1000000
2020-04-16 12:29:51.469000,1.4095,1.4092,3750000,1050000
2020-04-16 12:29:51.728000,1.40943,1.40916,1000000,1400000
2020-04-16 12:29:51.829000,1.40943,1.40912,1200000,1500000
2020-04-16 12:29:51.880000,1.40943,1.40914,1950000,1000000
2020-04-16 12:29:52.090000,1.40943,1.40913,1200000,1000000
2020-04-16 12:29:55.115000,1.40949,1.40914,1600000,1000000
2020-04-16 12:29:55.167000,1.4095,1.40913,1000000,1000000
2020-04-16 12:29:55.218000,1.40955,1.40913,2000000,1000000
2020-04-16 12:29:55.319000,1.40955,1.40914,1900000,1000000
2020-04-16 12:29:55.370000,1.40956,1.40932,1000000,1000000
2020-04-16 12:29:55.421000,1.40961,1.40931,1000000,1500000
2020-04-16 12:29:55.522000,1.40963,1.40931,1900000,1000000
2020-04-16 12:29:56.283000,1.40963,1.40933,1900000,1000000
2020-04-16 12:29:56.445000,1.40963,1.40932,1900000,1000000
2020-04-16 12:29:57.444000,1.40963,1.40933,1900000,1000000
2020-04-16 12:29:57.561000,1.40963,1.40932,2400000,1000000
2020-04-16 12:29:58.104000,1.40963,1.4094,1500000,1000000
2020-04-16 12:29:58.154000,1.4097,1.40937,1000000,1000000
2020-04-16 12:29:58.256000,1.40971,1.40933,1000000,1000000
2020-04-16 12:29:59.113000,1.40973,1.40932,1000000,2250000
2020-04-16 12:29:59.214000,1.40973,1.40934,1000000,1000000
2020-04-16 12:29:59.469000,1.40973,1.40934,1600000,1000000
2020-04-16 12:29:59.671000,1.40973,1.40932,1210000,1000000
2020-04-16 12:29:59.965000,1.40968,1.40932,1000000,1000000
2020-04-16 12:30:00.120000,1.40972,1.40931,1000000,1000000
2020-04-16 12:30:00.170000,1.40972,1.4094,1000000,1000000
2020-04-16 12:30:00.272000,1.40972,1.40935,1000000,2250000
2020-04-16 12:30:00.373000,1.40972,1.4093,1000000,1500000
2020-04-16 12:30:00.819000,1.40971,1.40932,1000000,1500000
2020-04-16 12:30:01.030000,1.40972,1.40933,1000000,1500000
2020-04-16 12:30:01.131000,1.40971,1.40933,1000000,1000000
2020-04-16 12:30:01.234000,1.40972,1.40933,1000000,1500000
2020-04-16 12:30:01.442000,1.40971,1.40933,1000000,1500000
2020-04-16 12:30:02.090000,1.4097,1.40933,1000000,1000000
2020-04-16 12:30:02.344000,1.40972,1.40933,1200000,1000000
2020-04-16 12:30:02.898000,1.40968,1.40933,1000000,1000000
2020-04-16 12:30:03.016000,1.40968,1.40932,1000000,1500000
2020-04-16 12:30:03.117000,1.40968,1.40931,1000000,1500000
2020-04-16 12:30:03.218000,1.40968,1.40933,1000000,1000000
2020-04-16 12:30:03.479000,1.40968,1.40941,1000000,1000000
2020-04-16 12:30:04.286000,1.40968,1.40951,1000000,1000000
2020-04-16 12:30:04.336000,1.40968,1.40944,1000000,3000000
2020-04-16 12:30:04.387000,1.40968,1.40941,1000000,1500000
2020-04-16 12:30:04.539000,1.40968,1.40938,1000000,1000000
2020-04-16 12:30:04.640000,1.40968,1.40933,1000000,1500000
2020-04-16 12:30:05.059000,1.40968,1.40933,1000000,1500000
2020-04-16 12:30:05.110000,1.40972,1.40931,1000000,1500000
2020-04-16 12:30:05.160000,1.40971,1.40932,1000000,1000000
2020-04-16 12:30:05.269000,1.40972,1.40932,1000000,1000000
2020-04-16 12:30:05.371000,1.40974,1.40932,1120000,1000000
2020-04-16 12:30:05.421000,1.40974,1.40935,1870000,1000000
2020-04-16 12:30:05.628000,1.40941,1.40935,1000000,1000000
2020-04-16 12:30:05.679000,1.40942,1.4093,1500000,1000000
2020-04-16 12:30:05.780000,1.40938,1.40917,1000000,1000000
2020-04-16 12:30:05.831000,1.40938,1.40912,1500000,1000000
2020-04-16 12:30:05.932000,1.40938,1.40898,1500000,1000000
2020-04-16 12:30:05.982000,1.40938,1.409,1500000,1000000
2020-04-16 12:30:06.084000,1.40937,1.40901,1000000,1000000
2020-04-16 12:30:06.134000,1.40938,1.40898,1000000,1000000
2020-04-16 12:30:06.185000,1.40941,1.40898,1000000,1000000
2020-04-16 12:30:06.236000,1.40941,1.40904,1000000,1000000
2020-04-16 12:30:06.458000,1.40942,1.40904,1800000,1000000
2020-04-16 12:30:06.899000,1.40942,1.40902,1800000,1000000
2020-04-16 12:30:07.110000,1.40941,1.40898,1000000,1000000
2020-04-16 12:30:07.161000,1.40941,1.40902,1000000,1000000
2020-04-16 12:30:07.263000,1.4094,1.40902,1000000,1000000
2020-04-16 12:30:07.314000,1.4094,1.40899,1000000,1000000
2020-04-16 12:30:07.364000,1.40938,1.40899,1000000,1000000
2020-04-16 12:30:07.465000,1.40936,1.409,1000000,1000000
2020-04-16 12:30:07.578000,1.40936,1.40901,1000000,1000000
2020-04-16 12:30:07.885000,1.40938,1.40901,1000000,1000000
2020-04-16 12:30:08.422000,1.40935,1.40899,1500000,1000000
2020-04-16 12:30:08.523000,1.40934,1.40898,1000000,1000000
2020-04-16 12:30:08.760000,1.40934,1.40902,1000000,1000000
2020-04-16 12:30:09.465000,1.40934,1.40898,1000000,1000000
2020-04-16 12:30:10.071000,1.40933,1.40897,1000000,1000000
2020-04-16 12:30:11.308000,1.40934,1.40898,1000000,1000000
2020-04-16 12:30:11.667000,1.40936,1.40897,1000000,1000000
2020-04-16 12:30:12.221000,1.40934,1.40897,1120000,1000000
2020-04-16 12:30:12.874000,1.40933,1.40897,1000000,1000000
2020-04-16 12:30:12.977000,1.40933,1.40898,1000000,1500000
2020-04-16 12:30:13.078000,1.40931,1.40898,1500000,1500000
2020-04-16 12:30:13.179000,1.40929,1.40898,1000000,1500000
2020-04-16 12:30:13.281000,1.40929,1.40897,1000000,1000000
2020-04-16 12:30:13.331000,1.40931,1.40897,1000000,1000000
2020-04-16 12:30:13.382000,1.40929,1.40899,1500000,1000000
2020-04-16 12:30:13.433000,1.4093,1.40895,1870000,1000000
2020-04-16 12:30:13.585000,1.4093,1.40896,2190000,1500000
2020-04-16 12:30:13.686000,1.40928,1.40897,1000000,1000000
2020-04-16 12:30:14.934000,1.40916,1.40901,1000000,1000000
2020-04-16 12:30:15.036000,1.40913,1.4089,1500000,1000000
2020-04-16 12:30:15.137000,1.40911,1.40885,1500000,1700000
2020-04-16 12:30:15.442000,1.40911,1.40888,2000000,1000000
2020-04-16 12:30:15.544000,1.40911,1.40888,1500000,1500000
2020-04-16 12:30:15.915000,1.40907,1.40884,1500000,1200000
2020-04-16 12:30:15.966000,1.40907,1.40882,2000000,1120000
2020-04-16 12:30:17.414000,1.40906,1.40878,2000000,2000000
2020-04-16 12:30:18.968000,1.40905,1.40879,2000000,1500000
2020-04-16 12:30:19.924000,1.40903,1.4088,1000000,1500000
2020-04-16 12:30:20.026000,1.40903,1.4088,2000000,1500000
2020-04-16 12:30:22.151000,1.40893,1.40875,1120000,1000000
2020-04-16 12:30:22.202000,1.40892,1.4087,1500000,1000000
2020-04-16 12:30:22.354000,1.4089,1.40867,1500000,1500000
2020-04-16 12:30:22.404000,1.40884,1.40865,1500000,1000000
2020-04-16 12:30:22.506000,1.40883,1.40865,1500000,1000000
2020-04-16 12:30:22.607000,1.40883,1.40863,1500000,1000000
2020-04-16 12:30:22.658000,1.40876,1.4086,1500000,1500000
2020-04-16 12:30:22.760000,1.40877,1.40857,2750000,1000000
2020-04-16 12:30:22.811000,1.40877,1.40858,1120000,1000000
2020-04-16 12:30:22.912000,1.40879,1.4086,1870000,1000000
2020-04-16 12:30:23.013000,1.40889,1.40867,2750000,1000000
2020-04-16 12:30:23.064000,1.40889,1.40867,1500000,1120000
2020-04-16 12:30:23.216000,1.40889,1.40865,1500000,1870000
2020-04-16 12:30:23.946000,1.40878,1.40862,1120000,1000000
2020-04-16 12:30:24.047000,1.4088,1.40861,1500000,1000000
2020-04-16 12:30:24.098000,1.40879,1.40861,1500000,1000000
2020-04-16 12:30:24.199000,1.40877,1.4086,1000000,1000000
2020-04-16 12:30:24.250000,1.40879,1.4086,1870000,1000000
2020-04-16 12:30:24.503000,1.40879,1.40859,1500000,1120000
2020-04-16 12:30:24.553000,1.40877,1.40859,1000000,1120000
2020-04-16 12:30:24.655000,1.40877,1.40858,1500000,1000000
2020-04-16 12:30:24.756000,1.40873,1.4085,1500000,1120000
2020-04-16 12:30:24.857000,1.40873,1.40851,1500000,1000000
2020-04-16 12:30:25.060000,1.40858,1.40843,1000000,1000000
2020-04-16 12:30:25.161000,1.40856,1.4084,1500000,1000000
2020-04-16 12:30:25.263000,1.40856,1.40838,1500000,1000000
2020-04-16 12:30:25.314000,1.40855,1.40832,1500000,1000000
2020-04-16 12:30:25.415000,1.40855,1.40832,1500000,1000000
2020-04-16 12:30:25.516000,1.40855,1.40833,2000000,1000000
2020-04-16 12:30:25.567000,1.40855,1.4083,1500000,1120000
2020-04-16 12:30:25.837000,1.40853,1.40831,1120000,1120000
2020-04-16 12:30:26.371000,1.40853,1.4083,1500000,1500000
2020-04-16 12:30:26.523000,1.40852,1.40828,1500000,1120000
2020-04-16 12:30:27.060000,1.40847,1.40824,1500000,1000000
2020-04-16 12:30:27.111000,1.40843,1.40818,1500000,1120000
2020-04-16 12:30:27.162000,1.40838,1.40816,1120000,1100000
2020-04-16 12:30:27.213000,1.40834,1.40811,1500000,2620000
2020-04-16 12:30:27.314000,1.40829,1.40807,2750000,1000000
2020-04-16 12:30:27.365000,1.40833,1.40808,2000000,1000000
2020-04-16 12:30:27.416000,1.4083,1.40805,1500000,1000000
2020-04-16 12:30:27.517000,1.40827,1.40802,2000000,1000000
2020-04-16 12:30:27.568000,1.40823,1.40801,1120000,1000000
2020-04-16 12:30:27.721000,1.40808,1.40796,1000000,1000000
2020-04-16 12:30:27.822000,1.40809,1.40797,1500000,1000000
2020-04-16 12:30:27.923000,1.40809,1.40797,1500000,1000000
2020-04-16 12:30:27.974000,1.408,1.4079,1000000,1000000
2020-04-16 12:30:28.025000,1.40795,1.40787,1500000,1000000
2020-04-16 12:30:28.076000,1.40795,1.40776,1500000,1000000
2020-04-16 12:30:28.178000,1.40796,1.40787,2000000,1000000
2020-04-16 12:30:28.279000,1.40795,1.40777,1500000,1000000
2020-04-16 12:30:28.381000,1.40786,1.40777,1500000,1000000
2020-04-16 12:30:28.431000,1.40785,1.40769,1500000,1000000
2020-04-16 12:30:28.487000,1.40786,1.40767,1120000,1000000
2020-04-16 12:30:28.538000,1.40783,1.40758,1000000,2750000
2020-04-16 12:30:28.589000,1.40776,1.40757,1000000,1500000
2020-04-16 12:30:28.690000,1.40773,1.40753,1000000,1200000
2020-04-16 12:30:28.741000,1.40773,1.40753,1000000,1000000
2020-04-16 12:30:28.843000,1.40773,1.40749,2000000,1700000
2020-04-16 12:30:28.894000,1.40774,1.40754,1500000,1200000
2020-04-16 12:30:28.945000,1.40774,1.40754,1000000,1000000
2020-04-16 12:30:28.996000,1.40771,1.40754,1000000,1000000
2020-04-16 12:30:29.047000,1.40772,1.40751,1000000,1400000
2020-04-16 12:30:29.098000,1.40777,1.40754,2250000,1000000
2020-04-16 12:30:29.150000,1.40766,1.40752,1000000,1320000
2020-04-16 12:30:29.252000,1.40761,1.40747,1000000,1000000
2020-04-16 12:30:29.302000,1.40759,1.40745,1000000,1000000
2020-04-16 12:30:29.353000,1.40759,1.40739,1000000,1000000
2020-04-16 12:30:29.404000,1.40757,1.40739,1000000,1000000
2020-04-16 12:30:29.505000,1.40749,1.40733,1000000,1500000
2020-04-16 12:30:29.556000,1.40749,1.4073,1000000,1200000
2020-04-16 12:30:29.619000,1.40747,1.4073,1500000,1000000
2020-04-16 12:30:29.722000,1.40743,1.4073,1000000,1000000
2020-04-16 12:30:29.824000,1.40746,1.40725,1200000,1000000
2020-04-16 12:30:29.875000,1.40745,1.40725,1100000,1000000
2020-04-16 12:30:29.978000,1.40742,1.40719,1000000,1600000
2020-04-16 12:30:30.080000,1.40746,1.40719,1000000,2100000
2020-04-16 12:30:30.131000,1.40747,1.40725,1000000,1000000
2020-04-16 12:30:30.233000,1.4075,1.40729,1000000,1000000
2020-04-16 12:30:30.335000,1.40755,1.4073,1200000,1000000
2020-04-16 12:30:30.385000,1.40755,1.40739,1000000,1500000
2020-04-16 12:30:30.487000,1.40757,1.40746,1000000,1600000
2020-04-16 12:30:30.538000,1.40767,1.40746,1000000,2100000
2020-04-16 12:30:30.589000,1.4077,1.40746,1000000,3600000
2020-04-16 12:30:30.641000,1.4077,1.40748,1000000,2100000
2020-04-16 12:30:30.692000,1.40774,1.40752,1000000,1600000
2020-04-16 12:30:30.743000,1.40763,1.40751,1500000,1700000
2020-04-16 12:30:30.794000,1.40774,1.40761,1000000,1000000
2020-04-16 12:30:30.895000,1.4078,1.40757,1000000,1590000
2020-04-16 12:30:30.996000,1.4078,1.40764,1000000,1600000
2020-04-16 12:30:31.098000,1.4078,1.40767,1000000,1600000
2020-04-16 12:30:31.199000,1.40779,1.40767,1000000,2100000
2020-04-16 12:30:31.250000,1.40785,1.40768,1000000,1600000
2020-04-16 12:30:31.301000,1.40793,1.40768,1000000,1600000
2020-04-16 12:30:31.352000,1.40795,1.40769,1500000,1600000
2020-04-16 12:30:31.403000,1.40795,1.40774,1000000,2000000
2020-04-16 12:30:31.504000,1.40796,1.40776,1000000,1120000
2020-04-16 12:30:31.555000,1.40799,1.40776,1120000,1120000
2020-04-16 12:30:31.858000,1.408,1.40785,1000000,1100000
2020-04-16 12:30:31.960000,1.40802,1.40787,1000000,1000000
2020-04-16 12:30:32.011000,1.40802,1.40785,1000000,1300000
2020-04-16 12:30:32.112000,1.40798,1.40782,1500000,1200000
2020-04-16 12:30:32.213000,1.40791,1.40772,1000000,1820000
2020-04-16 12:30:32.315000,1.40791,1.4077,1000000,1820000
2020-04-16 12:30:32.417000,1.40795,1.40771,1000000,1600000
2020-04-16 12:30:32.468000,1.40798,1.40776,1500000,1100000
2020-04-16 12:30:32.519000,1.40795,1.40778,1000000,1100000
2020-04-16 12:30:32.569000,1.40801,1.40776,1120000,1600000
2020-04-16 12:30:32.721000,1.40802,1.40776,1120000,2850000
2020-04-16 12:30:32.772000,1.40801,1.40775,1500000,4350000
2020-04-16 12:30:33.024000,1.40801,1.40775,1600000,1600000
2020-04-16 12:30:33.328000,1.40797,1.40773,1600000,1100000
2020-04-16 12:30:33.429000,1.40797,1.40773,2100000,1100000
2020-04-16 12:30:33.757000,1.40787,1.40766,2000000,1000000
2020-04-16 12:30:33.808000,1.40787,1.40764,2000000,1000000
2020-04-16 12:30:33.909000,1.40786,1.4076,1500000,1850000
2020-04-16 12:30:34.169000,1.40786,1.4076,1500000,2850000
2020-04-16 12:30:34.220000,1.4078,1.4076,1000000,2850000
2020-04-16 12:30:34.271000,1.40785,1.40759,2100000,1600000
2020-04-16 12:30:34.372000,1.40784,1.40759,1500000,1600000
2020-04-16 12:30:34.474000,1.40784,1.40759,1500000,1600000
2020-04-16 12:30:35.504000,1.40787,1.40771,1000000,2250000
2020-04-16 12:30:35.607000,1.40788,1.40777,1000000,1100000
2020-04-16 12:30:35.709000,1.40801,1.40779,1000000,1600000
2020-04-16 12:30:35.761000,1.40803,1.40779,1120000,1600000
2020-04-16 12:30:35.812000,1.40805,1.40781,1000000,3790000
2020-04-16 12:30:35.914000,1.40805,1.40784,1000000,1800000
2020-04-16 12:30:35.965000,1.40808,1.40784,1500000,1800000
2020-04-16 12:30:36.066000,1.40809,1.40784,2000000,1800000
2020-04-16 12:30:36.660000,1.40813,1.40797,1000000,1500000
2020-04-16 12:30:36.711000,1.40817,1.40798,1000000,1500000
2020-04-16 12:30:36.762000,1.40817,1.40798,1000000,1600000
2020-04-16 12:30:36.813000,1.40825,1.40798,3570000,1600000
2020-04-16 12:30:37.066000,1.40825,1.408,2820000,2100000
2020-04-16 12:30:37.851000,1.40826,1.40804,1000000,1600000
2020-04-16 12:30:37.952000,1.40826,1.40801,1500000,3020000
2020-04-16 12:30:38.053000,1.4082,1.40797,1120000,3600000
2020-04-16 12:30:38.155000,1.4082,1.40798,1120000,1970000
2020-04-16 12:30:38.256000,1.40824,1.40799,1600000,2100000
2020-04-16 12:30:38.358000,1.40826,1.40808,1000000,1500000
2020-04-16 12:30:38.408000,1.40832,1.40809,1000000,2000000
2020-04-16 12:30:38.459000,1.40832,1.40809,1500000,1600000
2020-04-16 12:30:38.561000,1.40832,1.40815,1000000,1600000
2020-04-16 12:30:38.612000,1.40834,1.40814,1000000,2100000
2020-04-16 12:30:38.713000,1.40838,1.40814,1500000,2100000
2020-04-16 12:30:39.044000,1.4084,1.40818,1000000,1600000
2020-04-16 12:30:39.146000,1.40843,1.40818,2000000,2100000
2020-04-16 12:30:39.613000,1.40845,1.40821,1120000,2100000
2020-04-16 12:30:39.715000,1.40847,1.40821,1950000,2100000
2020-04-16 12:30:40.475000,1.40844,1.40823,1000000,1100000
2020-04-16 12:30:40.577000,1.40839,1.40818,1000000,1700000
2020-04-16 12:30:40.729000,1.40838,1.40817,1000000,1220000
2020-04-16 12:30:40.831000,1.40831,1.40814,1120000,1000000
2020-04-16 12:30:40.882000,1.40832,1.40808,1120000,2100000
2020-04-16 12:30:41.033000,1.40833,1.40809,2620000,2850000
2020-04-16 12:30:41.380000,1.40835,1.4081,1500000,1220000
2020-04-16 12:30:41.481000,1.40833,1.40814,2000000,1100000
2020-04-16 12:30:41.734000,1.40831,1.40813,1500000,1100000
2020-04-16 12:30:41.835000,1.40826,1.40812,1120000,1000000
2020-04-16 12:30:41.937000,1.40825,1.40811,1120000,1000000
2020-04-16 12:30:41.987000,1.40825,1.40809,1600000,1000000
2020-04-16 12:30:42.089000,1.40825,1.40809,1600000,1000000
2020-04-16 12:30:43.413000,1.40825,1.40809,1600000,1000000
2020-04-16 12:30:43.464000,1.40826,1.4081,1000000,1600000
2020-04-16 12:30:43.566000,1.40827,1.40813,1000000,1100000
2020-04-16 12:30:43.616000,1.40831,1.40813,1500000,1100000
2020-04-16 12:30:43.667000,1.40834,1.40815,1120000,1000000
2020-04-16 12:30:43.868000,1.40837,1.40817,1670000,1000000
2020-04-16 12:30:43.969000,1.40838,1.4082,1600000,1000000
2020-04-16 12:30:44.070000,1.4084,1.40818,3600000,1000000
2020-04-16 12:30:45.179000,1.4084,1.40818,2070000,1000000
2020-04-16 12:30:45.627000,1.40837,1.40815,2000000,1100000
2020-04-16 12:30:45.908000,1.40837,1.40814,2000000,1100000
2020-04-16 12:30:46.009000,1.40837,1.40816,2000000,1000000
2020-04-16 12:30:46.060000,1.40839,1.40818,2170000,1100000
2020-04-16 12:30:46.661000,1.4084,1.40829,1000000,1000000
2020-04-16 12:30:46.762000,1.4085,1.4083,2100000,1000000
2020-04-16 12:30:46.864000,1.40853,1.40835,1100000,1000000
2020-04-16 12:30:46.965000,1.40857,1.40838,1720000,1000000
2020-04-16 12:30:47.016000,1.40857,1.40838,1000000,1000000
2020-04-16 12:30:47.117000,1.40859,1.40838,1500000,1000000
2020-04-16 12:30:47.482000,1.40858,1.40835,1500000,1100000
2020-04-16 12:30:47.583000,1.40856,1.40834,1500000,1100000
2020-04-16 12:30:47.989000,1.40856,1.40834,2820000,1100000
2020-04-16 12:30:48.141000,1.40854,1.40831,2820000,1100000
2020-04-16 12:30:48.558000,1.40855,1.40832,2750000,1000000
2020-04-16 12:30:48.609000,1.40846,1.40831,1000000,1000000
2020-04-16 12:30:48.660000,1.40847,1.40828,1500000,1000000
2020-04-16 12:30:48.862000,1.40849,1.40828,1700000,1000000
2020-04-16 12:30:48.963000,1.4085,1.40829,3670000,1000000
2020-04-16 12:30:49.562000,1.40844,1.40823,1500000,1000000
2020-04-16 12:30:49.664000,1.40834,1.40818,1500000,1000000
2020-04-16 12:30:49.715000,1.40833,1.40812,1500000,1000000
2020-04-16 12:30:49.816000,1.40826,1.40808,1000000,2100000
2020-04-16 12:30:49.917000,1.40823,1.40807,1000000,1100000
2020-04-16 12:30:51.749000,1.40823,1.40807,1000000,1100000
2020-04-16 12:30:52.355000,1.40823,1.40807,1000000,1000000
2020-04-16 12:30:52.406000,1.40819,1.40803,1000000,1600000
2020-04-16 12:30:52.507000,1.40813,1.40801,1000000,1000000
2020-04-16 12:30:52.558000,1.40812,1.40798,1000000,1000000
2020-04-16 12:30:52.608000,1.4081,1.40798,1000000,1000000
2020-04-16 12:30:52.710000,1.4081,1.40795,1000000,1600000
2020-04-16 12:30:52.811000,1.4081,1.40795,1000000,1220000
2020-04-16 12:30:54.427000,1.40809,1.40795,1000000,1100000
2020-04-16 12:30:54.702000,1.40811,1.40796,1000000,1600000
2020-04-16 12:30:54.753000,1.40822,1.40812,1000000,1000000
2020-04-16 12:30:54.804000,1.40823,1.40809,1000000,1100000
2020-04-16 12:30:54.905000,1.40824,1.40808,1000000,1100000
2020-04-16 12:30:55.158000,1.40825,1.4081,1000000,1100000
2020-04-16 12:30:55.260000,1.40827,1.40812,1000000,1100000
2020-04-16 12:30:55.462000,1.40827,1.4081,1000000,1120000
2020-04-16 12:30:55.513000,1.40827,1.40812,1000000,1000000
2020-04-16 12:30:55.614000,1.40827,1.40811,1000000,1120000
2020-04-16 12:30:55.834000,1.4083,1.40817,1500000,1220000
2020-04-16 12:30:55.885000,1.40837,1.40824,1000000,1100000
2020-04-16 12:30:55.986000,1.40837,1.40823,1000000,1100000
2020-04-16 12:30:56.865000,1.40837,1.40821,1000000,1000000
2020-04-16 12:30:56.916000,1.40828,1.40816,1000000,1000000
2020-04-16 12:30:57.017000,1.40828,1.40811,1000000,1500000
2020-04-16 12:30:57.699000,1.40827,1.4081,1000000,1120000
2020-04-16 12:30:58.328000,1.40827,1.40809,1000000,2000000
2020-04-16 12:30:58.429000,1.40828,1.40809,1000000,2750000
2020-04-16 12:30:58.530000,1.40829,1.40812,1000000,1500000
2020-04-16 12:30:58.732000,1.4083,1.40814,1000000,1500000
2020-04-16 12:30:58.783000,1.40829,1.40814,1000000,1000000
2020-04-16 12:30:59.036000,1.40829,1.40812,1000000,1870000
2020-04-16 12:30:59.087000,1.40829,1.40814,1000000,1000000
2020-04-16 12:31:00.340000,1.40829,1.40813,1000000,1000000
2020-04-16 12:31:01.512000,1.40834,1.40823,1000000,1500000
2020-04-16 12:31:01.564000,1.40841,1.40826,2250000,1100000
2020-04-16 12:31:01.615000,1.40834,1.40824,1000000,1000000
2020-04-16 12:31:01.665000,1.40829,1.40817,1000000,2250000
2020-04-16 12:31:01.767000,1.40828,1.40814,1000000,1000000
2020-04-16 12:31:01.868000,1.40828,1.40813,1000000,1500000
2020-04-16 12:31:02.163000,1.40827,1.40813,1000000,1000000
2020-04-16 12:31:02.937000,1.40827,1.40811,1000000,1600000
2020-04-16 12:31:04.786000,1.40831,1.40812,1120000,1100000
2020-04-16 12:31:05.766000,1.40834,1.40811,2750000,1600000
2020-04-16 12:31:05.918000,1.40832,1.40811,1500000,1600000
2020-04-16 12:31:06.597000,1.40832,1.40811,1500000,2100000
2020-04-16 12:31:07.703000,1.40836,1.40824,1000000,1000000
2020-04-16 12:31:07.804000,1.40838,1.40818,1100000,1000000
2020-04-16 12:31:07.905000,1.40838,1.40818,1100000,1100000
2020-04-16 12:31:07.956000,1.40839,1.40818,1600000,1220000
2020-04-16 12:31:08.007000,1.40839,1.40818,1720000,1100000
2020-04-16 12:31:08.225000,1.40839,1.40818,1720000,1100000
2020-04-16 12:31:08.327000,1.40837,1.40818,1100000,1100000
2020-04-16 12:31:08.707000,1.40838,1.40818,1100000,1220000
2020-04-16 12:31:10.434000,1.40839,1.40818,2000000,1600000
2020-04-16 12:31:11.647000,1.40839,1.40818,2000000,1100000
2020-04-16 12:31:12.041000,1.40839,1.40818,2000000,1970000
2020-04-16 12:31:12.175000,1.40839,1.40818,2000000,1100000
2020-04-16 12:31:12.276000,1.40821,1.40812,1000000,1000000
2020-04-16 12:31:12.327000,1.40821,1.40809,1120000,1000000
2020-04-16 12:31:12.378000,1.40824,1.40805,2000000,1100000
2020-04-16 12:31:12.429000,1.40822,1.40802,1500000,1670000
2020-04-16 12:31:12.631000,1.40822,1.40802,1500000,1100000
2020-04-16 12:31:12.884000,1.40822,1.40802,1500000,1100000
2020-04-16 12:31:13.489000,1.40821,1.408,1500000,1100000
2020-04-16 12:31:13.691000,1.40821,1.408,1500000,1100000
2020-04-16 12:31:14.998000,1.40821,1.408,1500000,1000000
2020-04-16 12:31:16.425000,1.40822,1.40802,1720000,1000000
2020-04-16 12:31:16.476000,1.40823,1.40802,2070000,1000000
2020-04-16 12:31:16.577000,1.40826,1.40806,3300000,1000000
2020-04-16 12:31:16.983000,1.40828,1.40807,1500000,1000000
2020-04-16 12:31:17.034000,1.40829,1.4081,1120000,1000000
2020-04-16 12:31:17.186000,1.4083,1.4081,1000000,1120000
2020-04-16 12:31:17.288000,1.4083,1.40811,1000000,1100000
2020-04-16 12:31:17.339000,1.40833,1.40813,1600000,1000000
2020-04-16 12:31:17.389000,1.40834,1.40813,1600000,1000000
2020-04-16 12:31:17.491000,1.40835,1.40814,1500000,1100000
2020-04-16 12:31:20.137000,1.40835,1.40814,1500000,1600000
2020-04-16 12:31:21.118000,1.40835,1.40814,1500000,3570000
2020-04-16 12:31:21.465000,1.40835,1.40814,1500000,2820000
2020-04-16 12:31:21.972000,1.4084,1.40824,1200000,1000000
2020-04-16 12:31:22.023000,1.40842,1.40826,1000000,1000000
2020-04-16 12:31:22.074000,1.40847,1.40826,2000000,1570000
2020-04-16 12:31:22.124000,1.40849,1.40829,1200000,1500000
2020-04-16 12:31:22.226000,1.4085,1.40831,1500000,1000000
2020-04-16 12:31:22.479000,1.40849,1.40828,1600000,1200000
2020-04-16 12:31:22.530000,1.40849,1.40828,1600000,1100000
2020-04-16 12:31:22.631000,1.40849,1.40829,1120000,1100000
2020-04-16 12:31:23.227000,1.40849,1.40829,1000000,2100000
2020-04-16 12:31:23.379000,1.40855,1.40832,3300000,3570000
2020-04-16 12:31:23.925000,1.4085,1.4083,1500000,1600000
2020-04-16 12:31:24.028000,1.40845,1.40828,1500000,1100000
2020-04-16 12:31:24.130000,1.40845,1.40828,1500000,1100000
2020-04-16 12:31:24.232000,1.40845,1.40828,1500000,1100000
2020-04-16 12:31:24.706000,1.40844,1.40823,2000000,1200000
2020-04-16 12:31:24.757000,1.40842,1.40823,1870000,1200000
2020-04-16 12:31:25.007000,1.40842,1.40823,1120000,1100000
2020-04-16 12:31:25.687000,1.40844,1.40823,1500000,2350000
2020-04-16 12:31:25.789000,1.4085,1.40838,1500000,1870000
2020-04-16 12:31:25.840000,1.40855,1.40839,1000000,2250000
2020-04-16 12:31:25.941000,1.40856,1.4084,1000000,1120000
2020-04-16 12:31:26.043000,1.4086,1.40841,1000000,1000000
2020-04-16 12:31:26.195000,1.40858,1.40839,1500000,1200000
2020-04-16 12:31:28.241000,1.40852,1.40834,1500000,1100000
2020-04-16 12:31:28.342000,1.4085,1.4083,1120000,1100000
2020-04-16 12:31:28.393000,1.40853,1.40831,2820000,2000000
2020-04-16 12:31:28.798000,1.40849,1.40829,1000000,3600000
2020-04-16 12:31:28.899000,1.40849,1.40828,2000000,2350000
2020-04-16 12:31:29,1.40849,1.40828,2000000,1600000
2020-04-16 12:31:29.771000,1.40851,1.40837,1600000,1000000
2020-04-16 12:31:29.873000,1.40853,1.40832,1500000,1700000
2020-04-16 12:31:30.361000,1.40853,1.40832,2000000,1220000
2020-04-16 12:31:32.299000,1.40853,1.40832,1500000,1220000
2020-04-16 12:31:32.416000,1.40851,1.40832,1000000,1220000
2020-04-16 12:31:33.805000,1.40851,1.40832,1500000,1100000
2020-04-16 12:31:38.301000,1.40851,1.40833,1000000,1000000
2020-04-16 12:31:38.352000,1.40856,1.40836,1200000,1000000
2020-04-16 12:31:38.454000,1.40856,1.40837,1200000,2070000
2020-04-16 12:31:38.560000,1.40855,1.40835,1500000,1000000
2020-04-16 12:31:38.662000,1.40855,1.40834,2000000,1000000
2020-04-16 12:31:39.228000,1.40855,1.40836,2100000,1000000
2020-04-16 12:31:39.279000,1.40857,1.40836,2070000,1000000
2020-04-16 12:31:39.532000,1.40858,1.40837,1700000,1000000
2020-04-16 12:31:40.462000,1.40861,1.40841,2570000,1000000
2020-04-16 12:31:40.515000,1.40861,1.40842,1000000,1500000
2020-04-16 12:31:40.980000,1.40864,1.40843,2100000,1000000
2020-04-16 12:31:41.082000,1.40865,1.40844,1600000,1120000
2020-04-16 12:31:41.235000,1.40866,1.40849,2100000,1000000
2020-04-16 12:31:41.337000,1.40874,1.40856,1000000,2000000
2020-04-16 12:31:41.438000,1.40877,1.40857,1200000,1000000
2020-04-16 12:31:42.359000,1.40878,1.40858,1700000,1000000
2020-04-16 12:31:42.977000,1.40876,1.40858,1000000,1000000
2020-04-16 12:31:43.028000,1.40876,1.40855,2000000,1100000
2020-04-16 12:31:44.327000,1.40872,1.4085,1500000,1220000
2020-04-16 12:31:44.429000,1.4087,1.4085,1120000,1000000
2020-04-16 12:31:44.581000,1.40867,1.40848,1500000,1500000
2020-04-16 12:31:44.682000,1.40867,1.40848,1120000,1500000
2020-04-16 12:31:45.949000,1.40872,1.40853,1000000,1000000
2020-04-16 12:31:46.051000,1.40872,1.40852,1000000,2020000
2020-04-16 12:31:46.379000,1.40867,1.40852,1000000,1270000
2020-04-16 12:31:46.530000,1.40867,1.40852,1000000,1300000
2020-04-16 12:31:47.151000,1.40869,1.40854,1000000,1100000
2020-04-16 12:31:47.454000,1.40872,1.40857,1000000,1500000
2020-04-16 12:31:48.400000,1.40868,1.40852,1000000,4700000
2020-04-16 12:31:49.030000,1.40865,1.40851,1000000,1100000
2020-04-16 12:31:49.132000,1.40859,1.40847,1000000,1000000
2020-04-16 12:31:49.183000,1.40859,1.40843,1000000,1500000
2020-04-16 12:31:50.093000,1.40859,1.40844,1000000,1000000
2020-04-16 12:31:51.210000,1.40856,1.4084,1000000,2450000
2020-04-16 12:31:55.009000,1.40858,1.4084,1000000,1820000
2020-04-16 12:31:55.587000,1.40858,1.4084,1000000,1820000
2020-04-16 12:31:56,1.4086,1.40841,1000000,1700000
2020-04-16 12:31:57.170000,1.4086,1.40845,1000000,1000000
2020-04-16 12:31:59.720000,1.4086,1.40842,1000000,1200000
2020-04-16 12:31:59.822000,1.40859,1.40841,1000000,1500000
2020-04-16 12:31:59.924000,1.40858,1.40841,1000000,1500000
2020-04-16 12:32:00.026000,1.40858,1.40839,1000000,1950000
2020-04-16 12:32:00.128000,1.40857,1.40839,1000000,1120000
2020-04-16 12:32:00.671000,1.40857,1.4084,1000000,1950000
2020-04-16 12:32:00.722000,1.40859,1.40842,1000000,1000000
2020-04-16 12:32:00.824000,1.40864,1.40851,1000000,1120000
2020-04-16 12:32:00.875000,1.40866,1.40851,1000000,1500000
2020-04-16 12:32:00.977000,1.40867,1.40851,1000000,1870000
2020-04-16 12:32:01.179000,1.40867,1.40853,1000000,1000000
2020-04-16 12:32:01.231000,1.4087,1.40853,1000000,1000000
2020-04-16 12:32:01.585000,1.4087,1.40854,1000000,1000000
2020-04-16 12:32:01.873000,1.40873,1.40857,1000000,1100000
2020-04-16 12:32:01.975000,1.40877,1.40861,1000000,1950000
2020-04-16 12:32:02.077000,1.4088,1.40865,1000000,1000000
2020-04-16 12:32:02.280000,1.4088,1.40864,1000000,1500000
2020-04-16 12:32:02.383000,1.40872,1.40857,1000000,2850000
2020-04-16 12:32:02.434000,1.40872,1.40855,1000000,1500000
2020-04-16 12:32:02.535000,1.40872,1.40854,1000000,3070000
2020-04-16 12:32:03.105000,1.40873,1.40856,1000000,1500000
2020-04-16 12:32:03.257000,1.40871,1.40855,1000000,1100000
2020-04-16 12:32:03.358000,1.40871,1.40854,1000000,1570000
2020-04-16 12:32:03.459000,1.40872,1.40856,1000000,1000000
2020-04-16 12:32:03.712000,1.40872,1.40854,1000000,1600000
2020-04-16 12:32:03.814000,1.40868,1.40853,1000000,1100000
2020-04-16 12:32:03.915000,1.40867,1.40849,1000000,2570000
2020-04-16 12:32:04.991000,1.40865,1.40847,1000000,1300000
2020-04-16 12:32:05.092000,1.40864,1.40846,1000000,1100000
2020-04-16 12:32:05.365000,1.4086,1.40844,1000000,1570000
2020-04-16 12:32:07.190000,1.40863,1.40845,1000000,1950000
2020-04-16 12:32:07.242000,1.40863,1.40846,1000000,1100000
2020-04-16 12:32:08.474000,1.40863,1.40846,1000000,1120000
2020-04-16 12:32:08.525000,1.40871,1.40858,1500000,1000000
2020-04-16 12:32:08.576000,1.40875,1.40858,2250000,1000000
2020-04-16 12:32:08.627000,1.40878,1.40862,1100000,1000000
2020-04-16 12:32:08.728000,1.40879,1.40862,1000000,1000000
2020-04-16 12:32:09.363000,1.40878,1.40863,1000000,1000000
2020-04-16 12:32:11.776000,1.40879,1.40863,1120000,1000000
2020-04-16 12:32:12.414000,1.40878,1.40865,1000000,1500000
2020-04-16 12:32:12.516000,1.40886,1.40876,1000000,2250000
2020-04-16 12:32:12.618000,1.40891,1.40878,1000000,1000000
2020-04-16 12:32:12.872000,1.40893,1.40877,1100000,1500000
2020-04-16 12:32:13.768000,1.40896,1.40883,1000000,1000000
2020-04-16 12:32:13.819000,1.40898,1.40883,1000000,1000000
2020-04-16 12:32:13.920000,1.409,1.40883,1500000,1000000
2020-04-16 12:32:14.022000,1.40901,1.40882,1000000,1120000
2020-04-16 12:32:15.053000,1.409,1.40884,1000000,1000000
2020-04-16 12:32:15.154000,1.40898,1.40884,1000000,1000000
2020-04-16 12:32:17.577000,1.40898,1.40883,1000000,1000000
2020-04-16 12:32:19.111000,1.40899,1.40883,1000000,2320000
2020-04-16 12:32:19.212000,1.40899,1.40884,1000000,1000000
2020-04-16 12:32:19.607000,1.40901,1.40884,1000000,1000000
2020-04-16 12:32:20.218000,1.40901,1.40883,1000000,1570000
2020-04-16 12:32:20.977000,1.40899,1.40883,1000000,1100000
2020-04-16 12:32:21.079000,1.40901,1.40883,1000000,1100000
2020-04-16 12:32:21.181000,1.40902,1.40887,1000000,1000000
2020-04-16 12:32:21.585000,1.40902,1.40884,1000000,1600000
2020-04-16 12:32:22.383000,1.40901,1.40883,1000000,1100000
2020-04-16 12:32:22.566000,1.40901,1.40883,1000000,1200000
2020-04-16 12:32:23.353000,1.40906,1.40892,1000000,1000000
2020-04-16 12:32:23.404000,1.40908,1.40892,1000000,1100000
2020-04-16 12:32:23.505000,1.40911,1.40897,1000000,1000000
2020-04-16 12:32:23.606000,1.40914,1.40897,1000000,1000000
2020-04-16 12:32:23.657000,1.40917,1.40901,1100000,1000000
2020-04-16 12:32:23.759000,1.40918,1.40901,1120000,1000000
2020-04-16 12:32:23.961000,1.40918,1.40902,1120000,1000000
2020-04-16 12:32:27.595000,1.40917,1.40902,1000000,1000000
2020-04-16 12:32:27.798000,1.40917,1.40901,1000000,1000000
2020-04-16 12:32:28.012000,1.40917,1.409,1000000,1000000
2020-04-16 12:32:28.113000,1.40917,1.40899,1000000,1100000
2020-04-16 12:32:28.549000,1.40917,1.40901,1000000,1000000
2020-04-16 12:32:30.338000,1.40917,1.40902,1000000,1000000
2020-04-16 12:32:30.812000,1.40913,1.40899,1000000,1000000
2020-04-16 12:32:30.913000,1.40917,1.40903,1500000,1000000
2020-04-16 12:32:31.486000,1.40916,1.40903,1000000,1000000
2020-04-16 12:32:31.589000,1.40903,1.40896,1000000,1000000
2020-04-16 12:32:31.640000,1.40912,1.40894,1500000,1500000
2020-04-16 12:32:31.741000,1.40911,1.40895,1000000,1000000
2020-04-16 12:32:31.843000,1.40911,1.40894,1000000,1500000
2020-04-16 12:32:31.944000,1.40911,1.40896,1000000,1000000
2020-04-16 12:32:32.296000,1.40911,1.40894,1000000,1000000
2020-04-16 12:32:32.347000,1.40912,1.40897,1000000,1000000
2020-04-16 12:32:32.397000,1.40912,1.40895,1000000,1000000
2020-04-16 12:32:32.499000,1.40913,1.40895,1000000,1000000
2020-04-16 12:32:32.802000,1.40913,1.40894,1500000,1000000
2020-04-16 12:32:33.369000,1.40912,1.40894,1120000,1000000
2020-04-16 12:32:33.471000,1.40906,1.40889,1000000,1100000
2020-04-16 12:32:33.572000,1.40909,1.40892,3000000,1000000
2020-04-16 12:32:33.623000,1.40911,1.40897,1000000,1000000
2020-04-16 12:32:33.826000,1.40909,1.40897,1000000,1000000
2020-04-16 12:32:34.311000,1.40908,1.40889,1500000,1700000
2020-04-16 12:32:34.362000,1.40902,1.40889,1000000,1700000
2020-04-16 12:32:34.414000,1.40902,1.40886,1120000,1500000
2020-04-16 12:32:34.465000,1.40892,1.40886,1000000,1000000
2020-04-16 12:32:34.516000,1.40892,1.40881,1000000,1600000
2020-04-16 12:32:34.567000,1.40896,1.40882,1000000,1220000
2020-04-16 12:32:34.669000,1.40896,1.40882,1000000,1000000
2020-04-16 12:32:36.863000,1.40896,1.40881,1000000,1000000
2020-04-16 12:32:36.965000,1.40893,1.40875,1870000,2100000
2020-04-16 12:32:37.066000,1.40891,1.40874,1000000,1000000
2020-04-16 12:32:37.168000,1.40891,1.40875,1000000,1000000
2020-04-16 12:32:37.530000,1.4089,1.40875,1000000,1000000
2020-04-16 12:32:37.581000,1.40894,1.40878,1000000,1000000
2020-04-16 12:32:38.019000,1.40894,1.40881,1000000,1000000
2020-04-16 12:32:38.070000,1.40896,1.40881,1000000,1000000
2020-04-16 12:32:38.273000,1.40896,1.40882,1000000,1000000
2020-04-16 12:32:38.424000,1.409,1.4089,1000000,1000000
2020-04-16 12:32:38.526000,1.40901,1.4089,1000000,1000000
2020-04-16 12:32:39.064000,1.40904,1.4089,1000000,1000000
2020-04-16 12:32:39.166000,1.40905,1.4089,1000000,1000000
2020-04-16 12:32:41.399000,1.40905,1.40889,1000000,1000000
2020-04-16 12:32:41.820000,1.40907,1.40893,1000000,1000000
2020-04-16 12:32:41.921000,1.4091,1.40894,1000000,1600000
2020-04-16 12:32:42.073000,1.40909,1.40895,1000000,1000000
2020-04-16 12:32:42.571000,1.40908,1.40893,1000000,1600000
2020-04-16 12:32:42.672000,1.40908,1.40893,1000000,1500000
2020-04-16 12:32:44.179000,1.40909,1.40894,1000000,1000000
2020-04-16 12:32:45.864000,1.40908,1.40892,1000000,1100000
2020-04-16 12:32:45.965000,1.40906,1.40893,1000000,1000000
2020-04-16 12:32:46.118000,1.40908,1.40893,1000000,1000000
2020-04-16 12:32:47.942000,1.4091,1.40897,1500000,1000000
2020-04-16 12:32:50.140000,1.40912,1.40897,1000000,1000000
2020-04-16 12:32:53.358000,1.40914,1.40897,1570000,1200000
2020-04-16 12:32:54.790000,1.40919,1.40907,1500000,1000000
2020-04-16 12:32:54.891000,1.4092,1.40907,1000000,1220000
2020-04-16 12:32:54.992000,1.4092,1.40907,1000000,1200000
2020-04-16 12:32:55.699000,1.40921,1.40903,1500000,2850000
2020-04-16 12:32:55.750000,1.40921,1.40903,1500000,1100000
2020-04-16 12:32:56.053000,1.40918,1.40907,1000000,1000000
2020-04-16 12:32:56.104000,1.40927,1.40908,2700000,1200000
2020-04-16 12:32:56.155000,1.40926,1.40913,1000000,1000000
2020-04-16 12:32:56.206000,1.4093,1.40911,1600000,1570000
2020-04-16 12:32:56.307000,1.4093,1.40911,1600000,2100000
2020-04-16 12:32:56.526000,1.4092,1.40907,1000000,3600000
2020-04-16 12:32:56.577000,1.40924,1.40907,2100000,1600000
2020-04-16 12:32:56.628000,1.40923,1.40904,1600000,2100000
2020-04-16 12:32:56.729000,1.40922,1.40904,1600000,1220000
2020-04-16 12:32:56.831000,1.40922,1.40904,1600000,1200000
2020-04-16 12:32:57.023000,1.40922,1.40904,1600000,1200000
2020-04-16 12:32:57.637000,1.40924,1.4091,1120000,1000000
2020-04-16 12:32:57.688000,1.40927,1.4091,2070000,1000000
2020-04-16 12:32:57.789000,1.40927,1.40911,1870000,1000000
2020-04-16 12:32:58.120000,1.40929,1.40913,1100000,1000000
2020-04-16 12:32:58.221000,1.4093,1.40913,1220000,1000000
2020-04-16 12:32:58.323000,1.4093,1.40914,1220000,1000000
2020-04-16 12:32:58.639000,1.4093,1.40914,1120000,1100000
2020-04-16 12:32:59.744000,1.40932,1.40917,1100000,1000000
2020-04-16 12:33:00.181000,1.40929,1.40916,1000000,2100000
2020-04-16 12:33:00.485000,1.4093,1.40917,1000000,1000000
2020-04-16 12:33:00.834000,1.40931,1.40918,1000000,1000000
2020-04-16 12:33:01.902000,1.40931,1.40921,1000000,1000000
2020-04-16 12:33:02.003000,1.40937,1.40927,1000000,1000000
2020-04-16 12:33:02.054000,1.40939,1.40927,1000000,1000000
2020-04-16 12:33:02.105000,1.40942,1.40927,1600000,1000000
2020-04-16 12:33:02.258000,1.40942,1.40928,1600000,1000000
2020-04-16 12:33:02.663000,1.40942,1.40929,1200000,1000000
2020-04-16 12:33:02.865000,1.40942,1.40928,1600000,1000000
2020-04-16 12:33:02.916000,1.40942,1.40928,1000000,1000000
2020-04-16 12:33:03.017000,1.40943,1.40929,1200000,1000000
2020-04-16 12:33:03.320000,1.40943,1.40929,1600000,1000000
2020-04-16 12:33:03.800000,1.40943,1.40928,1600000,1000000
2020-04-16 12:33:03.967000,1.40944,1.40929,2850000,1000000
2020-04-16 12:33:04.119000,1.40944,1.40929,2850000,1000000
2020-04-16 12:33:04.220000,1.40944,1.4093,2100000,1000000
2020-04-16 12:33:04.322000,1.40944,1.40932,1570000,1000000
2020-04-16 12:33:04.423000,1.40944,1.40935,1100000,1000000
2020-04-16 12:33:04.524000,1.4095,1.40938,1500000,1000000
2020-04-16 12:33:04.575000,1.40943,1.40933,1000000,1000000
2020-04-16 12:33:04.676000,1.40942,1.40933,1000000,1000000
2020-04-16 12:33:04.778000,1.40943,1.40932,1000000,1000000
2020-04-16 12:33:04.879000,1.40943,1.40931,1000000,2100000
2020-04-16 12:33:04.930000,1.40949,1.40933,1570000,1500000
2020-04-16 12:33:05.031000,1.4095,1.40933,1120000,1500000
2020-04-16 12:33:05.132000,1.4095,1.40933,1500000,2250000
2020-04-16 12:33:05.334000,1.4095,1.40933,1500000,2850000
2020-04-16 12:33:05.705000,1.4095,1.40934,1000000,1200000
2020-04-16 12:33:06.079000,1.4095,1.40934,1500000,1200000
2020-04-16 12:33:06.181000,1.4095,1.40933,1000000,2100000
2020-04-16 12:33:06.332000,1.40952,1.40933,1600000,2100000
2020-04-16 12:33:07.296000,1.40942,1.40931,1000000,1600000
2020-04-16 12:33:07.347000,1.40942,1.40929,1120000,2100000
2020-04-16 12:33:07.397000,1.40943,1.40927,2100000,1600000
2020-04-16 12:33:07.448000,1.40943,1.40925,2100000,1220000
2020-04-16 12:33:07.550000,1.40942,1.40925,1600000,1200000
2020-04-16 12:33:07.651000,1.40941,1.40924,1500000,1100000
2020-04-16 12:33:07.753000,1.40941,1.40924,1120000,1000000
2020-04-16 12:33:08.259000,1.4094,1.40923,1500000,1200000
2020-04-16 12:33:08.513000,1.40932,1.4092,1120000,2850000
2020-04-16 12:33:08.565000,1.40932,1.4092,1000000,1000000
2020-04-16 12:33:08.667000,1.40932,1.40916,1120000,1100000
2020-04-16 12:33:08.870000,1.40932,1.40916,1000000,1220000
2020-04-16 12:33:08.972000,1.40932,1.40915,1000000,1600000
2020-04-16 12:33:09.073000,1.40932,1.40915,1000000,1600000
2020-04-16 12:33:09.175000,1.40932,1.40916,1000000,1600000
2020-04-16 12:33:09.276000,1.40935,1.40916,1100000,1700000
2020-04-16 12:33:09.378000,1.40935,1.40916,1100000,2920000
2020-04-16 12:33:10.170000,1.40935,1.40916,1100000,2920000
2020-04-16 12:33:10.850000,1.40935,1.40916,1100000,1700000
2020-04-16 12:33:11.153000,1.40935,1.40916,1600000,1700000
2020-04-16 12:33:11.660000,1.40929,1.40915,1000000,1700000
2020-04-16 12:33:12.448000,1.40929,1.40913,1000000,4820000
2020-04-16 12:33:12.751000,1.40928,1.40916,1000000,1600000
2020-04-16 12:33:12.852000,1.40928,1.40916,1000000,1000000
2020-04-16 12:33:14.771000,1.40932,1.40912,1970000,1700000
2020-04-16 12:33:14.873000,1.40932,1.40912,1220000,2570000
2020-04-16 12:33:15.377000,1.40932,1.40913,1000000,2550000
2020-04-16 12:33:15.579000,1.40932,1.40914,1000000,1600000
2020-04-16 12:33:15.714000,1.40931,1.40914,1000000,1600000
2020-04-16 12:33:16.108000,1.4093,1.40913,1000000,2550000
2020-04-16 12:33:16.159000,1.40928,1.40916,1000000,1200000
2020-04-16 12:33:16.260000,1.40929,1.40916,1000000,1000000
2020-04-16 12:33:16.462000,1.40931,1.40912,1100000,3300000
2020-04-16 12:33:16.564000,1.40931,1.40912,1000000,3220000
2020-04-16 12:33:16.931000,1.40928,1.40916,1000000,1000000
2020-04-16 12:33:17.184000,1.40927,1.40914,1500000,1000000
2020-04-16 12:33:17.235000,1.40925,1.40908,1120000,2100000
2020-04-16 12:33:17.286000,1.40922,1.40907,1120000,1600000
2020-04-16 12:33:18.072000,1.40922,1.40903,1500000,2170000
2020-04-16 12:33:18.173000,1.40922,1.40903,2000000,1600000
2020-04-16 12:33:18.275000,1.40922,1.40903,1500000,1220000
2020-04-16 12:33:19.835000,1.40922,1.40902,2000000,1300000
2020-04-16 12:33:20.192000,1.40916,1.40901,1000000,1700000
2020-04-16 12:33:20.294000,1.40915,1.40899,1500000,1600000
2020-04-16 12:33:20.345000,1.40916,1.40896,2620000,2100000
2020-04-16 12:33:20.446000,1.40916,1.40896,1000000,2100000
2020-04-16 12:33:20.547000,1.40917,1.40897,1870000,1600000
2020-04-16 12:33:20.901000,1.40917,1.40897,1000000,1600000
2020-04-16 12:33:21.122000,1.40917,1.40897,1000000,1700000
2020-04-16 12:33:22.315000,1.40917,1.40897,1000000,1700000
2020-04-16 12:33:22.366000,1.40917,1.40897,1500000,1700000
2020-04-16 12:33:22.804000,1.40916,1.40896,2850000,1700000
2020-04-16 12:33:22.855000,1.40916,1.40894,2850000,2200000
2020-04-16 12:33:23.057000,1.40915,1.40894,1000000,2570000
2020-04-16 12:33:23.159000,1.40916,1.40897,1000000,1100000
2020-04-16 12:33:23.210000,1.40916,1.40897,1000000,1700000
2020-04-16 12:33:23.311000,1.40916,1.40897,1000000,2170000
2020-04-16 12:33:24.290000,1.40916,1.40897,1000000,2100000
2020-04-16 12:33:24.640000,1.40916,1.40896,1200000,1700000
2020-04-16 12:33:24.742000,1.40915,1.40894,1000000,4070000
2020-04-16 12:33:24.894000,1.40915,1.40894,1000000,4050000
2020-04-16 12:33:25.637000,1.40915,1.40894,1000000,4070000
2020-04-16 12:33:25.789000,1.40915,1.40895,1000000,1700000
2020-04-16 12:33:25.890000,1.40915,1.40897,1000000,1600000
2020-04-16 12:33:25.991000,1.40916,1.40897,1950000,1600000
2020-04-16 12:33:26.295000,1.40916,1.40897,1220000,1600000
2020-04-16 12:33:26.414000,1.40915,1.40896,1570000,1700000
2020-04-16 12:33:27.148000,1.40915,1.40896,1570000,1100000
2020-04-16 12:33:27.527000,1.40915,1.40896,1570000,1820000
2020-04-16 12:33:28.010000,1.40915,1.40897,1570000,1700000
2020-04-16 12:33:28.113000,1.40914,1.40896,1000000,2200000
2020-04-16 12:33:28.214000,1.40913,1.40895,1000000,1600000
2020-04-16 12:33:28.542000,1.40913,1.40894,1100000,2200000
2020-04-16 12:33:28.644000,1.40911,1.40894,1600000,1700000
2020-04-16 12:33:28.695000,1.40911,1.40893,1600000,1200000
2020-04-16 12:33:28.746000,1.40909,1.40892,1600000,1600000
2020-04-16 12:33:28.850000,1.40909,1.40889,4600000,1820000
2020-04-16 12:33:29.212000,1.40909,1.40888,3600000,1820000
2020-04-16 12:33:29.926000,1.40908,1.40891,1000000,3300000
2020-04-16 12:33:30.028000,1.40911,1.40894,1000000,1800000
2020-04-16 12:33:30.080000,1.40913,1.40894,1000000,1720000
2020-04-16 12:33:30.181000,1.40913,1.40894,1000000,1720000
2020-04-16 12:33:30.232000,1.40913,1.40894,1000000,2470000
2020-04-16 12:33:30.690000,1.40915,1.40896,1100000,1200000
2020-04-16 12:33:30.792000,1.40915,1.40896,1100000,2550000
2020-04-16 12:33:31.615000,1.40906,1.40895,2750000,1220000
2020-04-16 12:33:31.717000,1.409,1.40889,1120000,1600000
2020-04-16 12:33:31.767000,1.409,1.40886,1220000,1100000
2020-04-16 12:33:31.919000,1.40901,1.40881,1600000,2100000
2020-04-16 12:33:32.020000,1.40901,1.40883,1600000,1600000
2020-04-16 12:33:32.071000,1.40901,1.40881,1600000,1600000
2020-04-16 12:33:32.172000,1.40902,1.40881,1600000,3220000
2020-04-16 12:33:32.274000,1.40902,1.40883,1600000,1600000
2020-04-16 12:33:32.375000,1.40901,1.40882,1200000,1600000
2020-04-16 12:33:32.627000,1.40901,1.40881,2850000,1600000
2020-04-16 12:33:32.729000,1.409,1.4088,1200000,1600000
2020-04-16 12:33:33.737000,1.40901,1.4088,1220000,1700000
2020-04-16 12:33:33.966000,1.40901,1.40881,1120000,1600000
2020-04-16 12:33:35.049000,1.40902,1.40883,2320000,1570000
2020-04-16 12:33:35.099000,1.40903,1.40885,1000000,2750000
2020-04-16 12:33:35.150000,1.40906,1.40886,1500000,1100000
2020-04-16 12:33:35.252000,1.40907,1.40887,1500000,1220000
2020-04-16 12:33:35.302000,1.40907,1.40887,1500000,1220000
2020-04-16 12:33:35.404000,1.40907,1.40887,2000000,1600000
2020-04-16 12:33:35.555000,1.40907,1.40887,2000000,1220000
2020-04-16 12:33:35.657000,1.40907,1.40887,2000000,1600000
2020-04-16 12:33:35.909000,1.40904,1.40885,1000000,1800000
2020-04-16 12:33:36.010000,1.40905,1.40885,1000000,3300000
2020-04-16 12:33:36.166000,1.40905,1.40885,1000000,3300000
2020-04-16 12:33:36.320000,1.40906,1.40885,1120000,3670000
2020-04-16 12:33:36.421000,1.40906,1.40886,1000000,1600000
2020-04-16 12:33:36.522000,1.40907,1.40888,1950000,1600000
2020-04-16 12:33:36.775000,1.40907,1.40888,2000000,1600000
2020-04-16 12:33:37.058000,1.40907,1.40888,2000000,1600000
2020-04-16 12:33:37.159000,1.40903,1.40885,1200000,1700000
2020-04-16 12:33:37.261000,1.40903,1.40884,1120000,1600000
2020-04-16 12:33:37.589000,1.40903,1.40883,1000000,1600000
2020-04-16 12:33:37.640000,1.40905,1.40885,1100000,1100000
2020-04-16 12:33:37.742000,1.40906,1.40887,1600000,1600000
2020-04-16 12:33:37.843000,1.40906,1.40887,1200000,1600000
2020-04-16 12:33:37.894000,1.40906,1.40887,1200000,1200000
2020-04-16 12:33:37.945000,1.4091,1.40894,1500000,1000000
2020-04-16 12:33:38.046000,1.4091,1.40895,1120000,1000000
2020-04-16 12:33:38.248000,1.40912,1.40894,1500000,2850000
2020-04-16 12:33:38.350000,1.40917,1.40902,1000000,1000000
2020-04-16 12:33:38.401000,1.40917,1.40897,1120000,2450000
2020-04-16 12:33:38.452000,1.40918,1.40898,1500000,2920000
2020-04-16 12:33:38.554000,1.40918,1.40898,1120000,5170000
2020-04-16 12:33:39.015000,1.40918,1.40898,1500000,1700000
2020-04-16 12:33:39.117000,1.40918,1.40898,1500000,1220000
2020-04-16 12:33:39.218000,1.40913,1.40895,1500000,2100000
2020-04-16 12:33:39.319000,1.40913,1.40895,1500000,1220000
2020-04-16 12:33:39.572000,1.40914,1.40895,1120000,1220000
2020-04-16 12:33:39.674000,1.40914,1.40895,1120000,1600000
2020-04-16 12:33:39.935000,1.40914,1.40895,1500000,1220000
2020-04-16 12:33:40.244000,1.40914,1.40893,1870000,2920000
2020-04-16 12:33:40.569000,1.40912,1.40891,1120000,2950000
2020-04-16 12:33:40.671000,1.40908,1.4089,1120000,2100000
2020-04-16 12:33:40.773000,1.40906,1.40888,1000000,1700000
2020-04-16 12:33:40.825000,1.40906,1.40887,1500000,1600000
2020-04-16 12:33:40.876000,1.40905,1.40886,1500000,2720000
2020-04-16 12:33:40.978000,1.40905,1.40886,1000000,1570000
2020-04-16 12:33:41.080000,1.40905,1.40886,1000000,2100000
2020-04-16 12:33:41.294000,1.40905,1.40886,1000000,2100000
2020-04-16 12:33:41.913000,1.40905,1.40886,1000000,2100000
2020-04-16 12:33:42.592000,1.40907,1.40891,1000000,1000000
2020-04-16 12:33:42.644000,1.40911,1.40893,1500000,1120000
2020-04-16 12:33:42.696000,1.40913,1.40897,1090000,1000000
2020-04-16 12:33:42.747000,1.40916,1.40897,1600000,2100000
2020-04-16 12:33:42.849000,1.40916,1.40897,1200000,2100000
2020-04-16 12:33:42.950000,1.40917,1.40897,1500000,2100000
2020-04-16 12:33:43.001000,1.40919,1.40902,1120000,1000000
2020-04-16 12:33:43.102000,1.40922,1.40902,1600000,1600000
2020-04-16 12:33:43.203000,1.40922,1.40902,2070000,1220000
2020-04-16 12:33:43.355000,1.40922,1.40902,1500000,1970000
2020-04-16 12:33:43.457000,1.40922,1.40902,1500000,2100000
2020-04-16 12:33:44.264000,1.40924,1.40906,1000000,1000000
2020-04-16 12:33:44.315000,1.40924,1.40907,1000000,1600000
2020-04-16 12:33:44.366000,1.40926,1.40908,1000000,1670000
2020-04-16 12:33:44.467000,1.4093,1.40912,1000000,1000000
2020-04-16 12:33:44.518000,1.4093,1.40913,1000000,1600000
2020-04-16 12:33:44.570000,1.40932,1.40913,1000000,1600000
2020-04-16 12:33:44.621000,1.40932,1.40913,1000000,1600000
2020-04-16 12:33:44.723000,1.40934,1.40913,1500000,2100000
2020-04-16 12:33:44.874000,1.40934,1.40913,2750000,2170000
2020-04-16 12:33:44.976000,1.40934,1.40912,4350000,2100000
2020-04-16 12:33:45.178000,1.40933,1.40912,1600000,2100000
2020-04-16 12:33:45.399000,1.40933,1.40912,1600000,1600000
2020-04-16 12:33:45.645000,1.40924,1.4091,2100000,1600000
2020-04-16 12:33:45.696000,1.40923,1.40905,1600000,1600000
2020-04-16 12:33:45.797000,1.40922,1.40905,1600000,1600000
2020-04-16 12:33:45.848000,1.40922,1.40905,2070000,1600000
2020-04-16 12:33:45.899000,1.40921,1.40902,1600000,2100000
2020-04-16 12:33:46,1.40921,1.40901,1600000,1600000
2020-04-16 12:33:46.152000,1.40921,1.409,2000000,1600000
2020-04-16 12:33:46.303000,1.40921,1.409,2000000,1600000
2020-04-16 12:33:46.404000,1.40921,1.409,2000000,1600000
2020-04-16 12:33:47.543000,1.40922,1.40902,2750000,1600000
2020-04-16 12:33:47.645000,1.40922,1.40902,2820000,1600000
2020-04-16 12:33:48.152000,1.40922,1.40901,2100000,2570000
2020-04-16 12:33:48.254000,1.40925,1.40905,1200000,1800000
2020-04-16 12:33:48.356000,1.40926,1.40905,1600000,1700000
2020-04-16 12:33:48.407000,1.40926,1.40906,1600000,1600000
2020-04-16 12:33:48.509000,1.40924,1.40905,2000000,1700000
2020-04-16 12:33:48.611000,1.40924,1.40904,2000000,1600000
2020-04-16 12:33:49.058000,1.40923,1.40904,1500000,1600000
2020-04-16 12:33:49.159000,1.40917,1.40902,1000000,1600000
2020-04-16 12:33:49.210000,1.40919,1.40901,2750000,1600000
2020-04-16 12:33:49.312000,1.40918,1.40901,1500000,1000000
2020-04-16 12:33:49.362000,1.40917,1.40901,2000000,1000000
2020-04-16 12:33:49.413000,1.40917,1.40896,1870000,2850000
2020-04-16 12:33:50.606000,1.40917,1.40897,1120000,2850000
2020-04-16 12:33:50.757000,1.4092,1.40901,1500000,2200000
2020-04-16 12:33:50.859000,1.4092,1.40902,1120000,1700000
2020-04-16 12:33:50.960000,1.40921,1.40902,2000000,1300000
2020-04-16 12:33:51.061000,1.40921,1.40902,1120000,1700000
2020-04-16 12:33:51.112000,1.40925,1.40906,1500000,1000000
2020-04-16 12:33:51.163000,1.40927,1.40911,1500000,1000000
2020-04-16 12:33:51.264000,1.40927,1.40917,1000000,1000000
2020-04-16 12:33:51.366000,1.40933,1.40917,1000000,1000000
2020-04-16 12:33:51.417000,1.40931,1.40919,1000000,1000000
2020-04-16 12:33:51.518000,1.40935,1.40915,1500000,1200000
2020-04-16 12:33:51.570000,1.40935,1.40915,2000000,1600000
2020-04-16 12:33:51.672000,1.40934,1.40915,1500000,1600000
2020-04-16 12:33:51.774000,1.40934,1.40913,1500000,2100000
2020-04-16 12:33:51.825000,1.40923,1.40912,1120000,1000000
2020-04-16 12:33:51.926000,1.40923,1.40912,1500000,1000000
2020-04-16 12:33:52.027000,1.40923,1.40908,2000000,1600000
2020-04-16 12:33:52.078000,1.40923,1.40906,2000000,1600000
2020-04-16 12:33:52.180000,1.40923,1.40904,1500000,2100000
2020-04-16 12:33:52.281000,1.40923,1.40902,1500000,2850000
2020-04-16 12:33:53.096000,1.40923,1.40903,2000000,1600000
2020-04-16 12:33:53.248000,1.40925,1.40905,1950000,1700000
2020-04-16 12:33:53.349000,1.40927,1.40907,1950000,1200000
2020-04-16 12:33:53.451000,1.40927,1.40907,1200000,1820000
2020-04-16 12:33:53.552000,1.40927,1.40908,1200000,1700000
2020-04-16 12:33:53.653000,1.40927,1.40906,2100000,2950000
2020-04-16 12:33:53.754000,1.40926,1.40906,1600000,1700000
2020-04-16 12:33:54.313000,1.40924,1.40904,1220000,2170000
2020-04-16 12:33:54.566000,1.40924,1.40904,1600000,1700000
2020-04-16 12:33:54.667000,1.40925,1.40906,1600000,2170000
2020-04-16 12:33:54.768000,1.40924,1.40904,1200000,2850000
2020-04-16 12:33:54.870000,1.40926,1.40906,1600000,1600000
2020-04-16 12:33:55.820000,1.40926,1.40905,1600000,2100000
2020-04-16 12:33:55.921000,1.40924,1.40904,1500000,1700000
2020-04-16 12:33:56.023000,1.40924,1.40903,1600000,2920000
2020-04-16 12:33:56.326000,1.40926,1.40905,2100000,2100000
2020-04-16 12:33:56.427000,1.40926,1.40905,2100000,2850000
2020-04-16 12:33:56.875000,1.40926,1.40905,2100000,3600000
2020-04-16 12:33:58.197000,1.40925,1.40905,1220000,2100000
2020-04-16 12:33:58.519000,1.40923,1.40906,1220000,1600000
2020-04-16 12:33:58.621000,1.40918,1.40903,1000000,1600000
2020-04-16 12:33:58.723000,1.40914,1.40901,1000000,1600000
2020-04-16 12:33:58.824000,1.40914,1.40898,1000000,1600000
2020-04-16 12:33:59.026000,1.40916,1.40897,1600000,1600000
2020-04-16 12:33:59.790000,1.40917,1.40895,1600000,2100000
2020-04-16 12:34:00.395000,1.40917,1.40895,1600000,2100000
2020-04-16 12:34:00.748000,1.40917,1.40896,1600000,1100000
2020-04-16 12:34:01.165000,1.40917,1.40895,1600000,3600000
2020-04-16 12:34:02.156000,1.40915,1.40894,1600000,1700000
2020-04-16 12:34:02.257000,1.40913,1.40893,1100000,3700000
2020-04-16 12:34:02.359000,1.40913,1.40893,1100000,2100000
2020-04-16 12:34:03.849000,1.40913,1.40892,1970000,1600000
2020-04-16 12:34:03.951000,1.40913,1.40893,1100000,1800000
2020-04-16 12:34:04.754000,1.40913,1.40892,1100000,2200000
2020-04-16 12:34:05.275000,1.40913,1.40891,3470000,2950000
2020-04-16 12:34:05.376000,1.40913,1.40891,2720000,2950000
2020-04-16 12:34:05.477000,1.40913,1.40891,2720000,2950000
2020-04-16 12:34:06.354000,1.40913,1.40891,1600000,3320000
2020-04-16 12:34:06.580000,1.40907,1.4089,1100000,1600000
2020-04-16 12:34:06.682000,1.40907,1.40888,1000000,1600000
2020-04-16 12:34:06.783000,1.40906,1.40887,1000000,2850000
2020-04-16 12:34:07.390000,1.40907,1.40888,1000000,1600000
2020-04-16 12:34:08.183000,1.40907,1.40888,1000000,1600000
2020-04-16 12:34:10.821000,1.40907,1.40888,1220000,1600000
2020-04-16 12:34:10.922000,1.40907,1.40888,1220000,1200000
2020-04-16 12:34:11.385000,1.40907,1.40886,2720000,3670000
2020-04-16 12:34:11.599000,1.40907,1.40886,2720000,4420000
2020-04-16 12:34:12.374000,1.40907,1.40887,1100000,1800000
2020-04-16 12:34:12.933000,1.40907,1.40887,1100000,2550000
2020-04-16 12:34:13.426000,1.40907,1.40887,1100000,2550000
2020-04-16 12:34:15.116000,1.40907,1.40887,1200000,1700000
2020-04-16 12:34:15.269000,1.40907,1.40887,1200000,2170000
2020-04-16 12:34:15.808000,1.40901,1.40887,1000000,1600000
2020-04-16 12:34:15.859000,1.40901,1.40886,1000000,1220000
2020-04-16 12:34:15.960000,1.40901,1.40881,1000000,2100000
2020-04-16 12:34:16.062000,1.40898,1.4088,1000000,2850000
2020-04-16 12:34:16.164000,1.40897,1.40879,1000000,1600000
2020-04-16 12:34:16.266000,1.40897,1.40877,1000000,1600000
2020-04-16 12:34:16.419000,1.40897,1.40877,1600000,1700000
2020-04-16 12:34:16.544000,1.40893,1.4088,1000000,1100000
2020-04-16 12:34:18.515000,1.40897,1.40876,2850000,2100000
2020-04-16 12:34:18.617000,1.40893,1.40879,1000000,1000000
2020-04-16 12:34:19.850000,1.40897,1.40882,2850000,1000000
2020-04-16 12:34:19.951000,1.40889,1.40876,1000000,1600000
2020-04-16 12:34:20.240000,1.4089,1.40873,1000000,2200000
2020-04-16 12:34:20.341000,1.40891,1.40873,1000000,2100000
2020-04-16 12:34:20.442000,1.40888,1.40871,1000000,1600000
2020-04-16 12:34:20.544000,1.40885,1.4087,1000000,1600000
2020-04-16 12:34:20.645000,1.40883,1.4087,1000000,1000000
2020-04-16 12:34:20.746000,1.40883,1.40869,1000000,1200000
2020-04-16 12:34:20.949000,1.40883,1.40867,1000000,1200000
2020-04-16 12:34:21.050000,1.40884,1.40867,1000000,1200000
2020-04-16 12:34:21.253000,1.40884,1.40867,1000000,1600000
2020-04-16 12:34:21.405000,1.40884,1.40867,1000000,1200000
2020-04-16 12:34:21.641000,1.40884,1.40867,1000000,1600000
2020-04-16 12:34:21.822000,1.40883,1.40867,1000000,1600000
2020-04-16 12:34:21.873000,1.40879,1.40864,1000000,1700000
2020-04-16 12:34:21.974000,1.40877,1.40863,1000000,1600000
2020-04-16 12:34:22.126000,1.40878,1.40861,1000000,2100000
2020-04-16 12:34:23.229000,1.40878,1.40862,1000000,1600000
2020-04-16 12:34:23.331000,1.40878,1.40861,1000000,1700000
2020-04-16 12:34:23.533000,1.40878,1.40861,1000000,2170000
2020-04-16 12:34:23.634000,1.40875,1.4086,1000000,1600000
2020-04-16 12:34:23.736000,1.40874,1.40859,1000000,2100000
2020-04-16 12:34:23.888000,1.40872,1.40859,1000000,1600000
2020-04-16 12:34:24.039000,1.40872,1.40858,1000000,2170000
2020-04-16 12:34:24.143000,1.40872,1.40858,1000000,2170000
2020-04-16 12:34:24.907000,1.40873,1.40858,1000000,3300000
2020-04-16 12:34:25.058000,1.40874,1.40863,1000000,1000000
2020-04-16 12:34:25.109000,1.40881,1.40866,1500000,1600000
2020-04-16 12:34:25.210000,1.40885,1.40867,1100000,1100000
2020-04-16 12:34:25.261000,1.40886,1.40867,1100000,2200000
2020-04-16 12:34:25.363000,1.40886,1.40868,1100000,1800000
2020-04-16 12:34:25.879000,1.40888,1.40872,1000000,1500000
2020-04-16 12:34:25.930000,1.40889,1.40873,1100000,1500000
2020-04-16 12:34:25.981000,1.40895,1.40877,1600000,1500000
2020-04-16 12:34:26.084000,1.40895,1.40878,1100000,1100000
2020-04-16 12:34:26.135000,1.40895,1.40877,2070000,2850000
2020-04-16 12:34:26.186000,1.40896,1.40877,1600000,2850000
2020-04-16 12:34:26.294000,1.40897,1.40881,1000000,1500000
2020-04-16 12:34:26.395000,1.40898,1.40883,1000000,1000000
2020-04-16 12:34:26.446000,1.40897,1.40881,1000000,1000000
2020-04-16 12:34:27.438000,1.40891,1.40876,1000000,2950000
2020-04-16 12:34:27.540000,1.4089,1.40876,1000000,1600000
2020-04-16 12:34:27.591000,1.4089,1.40874,1000000,1600000
2020-04-16 12:34:27.692000,1.4089,1.40874,1000000,1600000
2020-04-16 12:34:27.840000,1.4089,1.40874,1000000,1600000
2020-04-16 12:34:27.941000,1.4089,1.40874,1000000,1600000
2020-04-16 12:34:28.042000,1.4089,1.40874,1000000,1600000
2020-04-16 12:34:28.232000,1.40893,1.40876,1100000,1100000
2020-04-16 12:34:28.334000,1.40893,1.40875,1100000,2200000
2020-04-16 12:34:28.435000,1.40895,1.40876,1100000,1800000
2020-04-16 12:34:28.486000,1.40895,1.40876,1100000,1800000
2020-04-16 12:34:29.747000,1.40896,1.40878,1100000,1600000
2020-04-16 12:34:30.432000,1.40896,1.40878,1100000,1600000
2020-04-16 12:34:30.648000,1.40894,1.40878,1000000,1600000
2020-04-16 12:34:30.699000,1.40893,1.40876,1000000,2100000
2020-04-16 12:34:30.800000,1.40894,1.40876,1570000,1220000
2020-04-16 12:34:30.902000,1.40893,1.40876,1000000,1220000
2020-04-16 12:34:31.058000,1.40893,1.40876,1000000,2100000
2020-04-16 12:34:31.160000,1.40894,1.40876,1570000,1950000
2020-04-16 12:34:31.393000,1.40893,1.40876,1000000,1950000
2020-04-16 12:34:31.584000,1.40893,1.40876,1000000,2170000
2020-04-16 12:34:31.686000,1.40893,1.40879,1000000,1000000
2020-04-16 12:34:31.787000,1.40894,1.40878,1500000,1100000
2020-04-16 12:34:31.889000,1.40895,1.40878,1120000,1200000
2020-04-16 12:34:31.990000,1.40895,1.40879,1000000,1000000
2020-04-16 12:34:32.395000,1.40898,1.40882,1000000,1000000
2020-04-16 12:34:32.497000,1.40901,1.40884,1100000,2100000
2020-04-16 12:34:32.598000,1.40901,1.40885,1100000,1600000
2020-04-16 12:34:32.700000,1.409,1.40885,1000000,1600000
2020-04-16 12:34:32.751000,1.409,1.40884,1000000,1220000
2020-04-16 12:34:33.118000,1.40897,1.40881,1120000,1700000
2020-04-16 12:34:33.220000,1.40895,1.40881,1000000,1000000
2020-04-16 12:34:33.321000,1.40895,1.40881,1000000,1600000
2020-04-16 12:34:33.574000,1.40897,1.40882,1000000,1200000
2020-04-16 12:34:33.846000,1.40899,1.40882,1000000,1600000
2020-04-16 12:34:34.505000,1.40901,1.40886,1000000,1000000
2020-04-16 12:34:34.556000,1.40903,1.40887,1000000,1000000
2020-04-16 12:34:34.607000,1.40902,1.40889,1000000,1000000
2020-04-16 12:34:34.658000,1.40902,1.40885,1100000,1600000
2020-04-16 12:34:34.759000,1.40902,1.40885,1100000,1200000
2020-04-16 12:34:35.981000,1.40905,1.40888,1120000,1000000
2020-04-16 12:34:36.032000,1.40905,1.4089,1120000,1000000
2020-04-16 12:34:36.235000,1.40905,1.40888,1500000,1100000
2020-04-16 12:34:36.336000,1.40905,1.40889,1000000,1220000
2020-04-16 12:34:37.038000,1.40906,1.4089,1000000,1100000
2020-04-16 12:34:37.140000,1.40908,1.40896,1500000,1000000
2020-04-16 12:34:37.241000,1.40908,1.40896,1000000,1000000
2020-04-16 12:34:37.292000,1.40911,1.40896,1000000,1500000
2020-04-16 12:34:37.404000,1.40912,1.40896,1000000,1970000
2020-04-16 12:34:37.859000,1.40912,1.40896,1120000,1000000
2020-04-16 12:34:39.736000,1.40909,1.40894,1000000,1700000
2020-04-16 12:34:39.837000,1.40909,1.40894,1000000,1100000
2020-04-16 12:34:40.115000,1.40907,1.4089,1000000,1700000
2020-04-16 12:34:40.216000,1.4091,1.40892,1200000,1000000
2020-04-16 12:34:40.318000,1.40909,1.40891,1000000,2100000
2020-04-16 12:34:40.730000,1.40908,1.40889,1000000,2850000
2020-04-16 12:34:40.831000,1.40908,1.40889,1000000,2100000
2020-04-16 12:34:41.713000,1.40908,1.40891,1000000,1600000
2020-04-16 12:34:42.222000,1.40908,1.40889,1120000,2950000
2020-04-16 12:34:42.324000,1.40908,1.4089,1120000,1300000
2020-04-16 12:34:43.138000,1.40908,1.4089,1120000,1270000
2020-04-16 12:34:43.239000,1.40908,1.4089,1120000,1300000
2020-04-16 12:34:43.612000,1.40909,1.4089,1000000,1700000
2020-04-16 12:34:43.714000,1.40909,1.4089,1000000,1700000
2020-04-16 12:34:43.882000,1.40909,1.4089,1000000,1700000
2020-04-16 12:34:43.983000,1.40909,1.40889,1000000,2200000
2020-04-16 12:34:44.034000,1.40892,1.40887,1000000,1000000
2020-04-16 12:34:44.085000,1.40897,1.40887,1000000,1000000
2020-04-16 12:34:44.187000,1.40896,1.40882,1120000,1220000
2020-04-16 12:34:44.288000,1.40896,1.40879,1000000,1600000
2020-04-16 12:34:44.390000,1.40894,1.40878,1000000,1600000
2020-04-16 12:34:44.440000,1.40897,1.40878,1000000,2100000
2020-04-16 12:34:44.491000,1.40897,1.40878,1000000,1600000
2020-04-16 12:34:44.592000,1.40889,1.40877,1000000,1600000
2020-04-16 12:34:44.643000,1.40893,1.40876,1000000,1600000
2020-04-16 12:34:44.745000,1.40892,1.40876,1000000,2100000
2020-04-16 12:34:44.847000,1.40892,1.40876,1000000,1220000
2020-04-16 12:34:45.300000,1.40894,1.40876,1000000,1220000
2020-04-16 12:34:45.350000,1.40894,1.40876,1000000,1600000
2020-04-16 12:34:45.452000,1.40895,1.40876,1000000,1700000
2020-04-16 12:34:45.603000,1.40896,1.40877,1000000,1600000
2020-04-16 12:34:46.843000,1.40896,1.40877,1000000,1600000
2020-04-16 12:34:48.464000,1.40893,1.40876,1000000,1700000
2020-04-16 12:34:48.565000,1.40893,1.40876,1000000,1270000
2020-04-16 12:34:48.666000,1.40893,1.40876,1000000,1700000
2020-04-16 12:34:48.851000,1.40895,1.40876,1000000,2920000
2020-04-16 12:34:48.952000,1.40895,1.40876,1000000,2170000
2020-04-16 12:34:49.471000,1.40893,1.40876,1000000,2170000
2020-04-16 12:34:49.572000,1.40893,1.40876,1000000,2170000
2020-04-16 12:34:50.068000,1.4089,1.40874,1000000,1700000
2020-04-16 12:34:50.170000,1.4089,1.40872,1000000,3670000
2020-04-16 12:34:50.271000,1.40891,1.40872,1000000,2170000
2020-04-16 12:34:50.373000,1.40891,1.40872,1000000,1700000
2020-04-16 12:34:50.813000,1.40888,1.40871,1500000,1600000
2020-04-16 12:34:50.915000,1.40888,1.40871,1500000,1600000
2020-04-16 12:34:51.314000,1.4089,1.40871,1000000,1720000
2020-04-16 12:34:51.416000,1.4089,1.40871,1000000,2470000
2020-04-16 12:34:52.840000,1.40889,1.4087,1500000,2850000
2020-04-16 12:34:52.943000,1.40889,1.4087,1570000,2100000
2020-04-16 12:34:53.045000,1.40889,1.4087,1500000,1300000
2020-04-16 12:34:53.147000,1.40889,1.4087,2350000,2170000
2020-04-16 12:34:54.690000,1.40889,1.4087,1500000,1600000
2020-04-16 12:34:54.996000,1.40889,1.40871,1500000,1600000
2020-04-16 12:34:55.843000,1.40888,1.40871,1000000,1720000
2020-04-16 12:34:59.401000,1.40889,1.40872,1000000,2100000
2020-04-16 12:35:00.073000,1.40889,1.40871,1000000,1720000
2020-04-16 12:35:00.225000,1.40889,1.40872,1000000,1600000
2020-04-16 12:35:00.528000,1.40889,1.40871,1000000,1600000
2020-04-16 12:35:00.630000,1.40889,1.40872,1000000,1600000
2020-04-16 12:35:00.681000,1.40896,1.40876,1970000,1600000
2020-04-16 12:35:00.783000,1.40896,1.40876,2100000,1700000
2020-04-16 12:35:00.884000,1.40896,1.40876,2100000,2200000
2020-04-16 12:35:04.049000,1.40894,1.40876,1120000,1700000
2020-04-16 12:35:04.670000,1.40895,1.40876,1100000,1600000
2020-04-16 12:35:05.560000,1.40895,1.40876,1100000,2170000
2020-04-16 12:35:06.088000,1.40896,1.40877,1100000,1600000
2020-04-16 12:35:06.189000,1.40896,1.40877,1100000,1700000
2020-04-16 12:35:06.907000,1.40896,1.40876,1100000,1700000
2020-04-16 12:35:07.009000,1.40896,1.40876,1800000,1100000
2020-04-16 12:35:07.668000,1.40896,1.40876,2550000,1100000
2020-04-16 12:35:08.458000,1.40895,1.40876,1000000,1100000
2020-04-16 12:35:09.633000,1.40894,1.40876,1000000,1100000
2020-04-16 12:35:09.735000,1.40894,1.40876,1120000,1100000
2020-04-16 12:35:09.836000,1.40893,1.40875,1600000,2350000
2020-04-16 12:35:09.888000,1.40891,1.40872,1000000,1570000
2020-04-16 12:35:09.940000,1.40884,1.40871,1000000,1000000
2020-04-16 12:35:10.042000,1.40884,1.40869,1000000,1000000
2020-04-16 12:35:10.144000,1.40885,1.40866,1500000,1000000
2020-04-16 12:35:10.375000,1.40885,1.40866,1700000,1000000
2020-04-16 12:35:10.578000,1.40881,1.40864,1500000,1200000
2020-04-16 12:35:10.680000,1.40881,1.40862,1200000,1500000
2020-04-16 12:35:10.782000,1.40882,1.40862,1500000,1500000
2020-04-16 12:35:10.884000,1.40881,1.40861,1870000,1100000
2020-04-16 12:35:10.935000,1.40876,1.40859,1000000,1220000
2020-04-16 12:35:10.986000,1.40876,1.40858,1000000,2400000
2020-04-16 12:35:11.089000,1.40875,1.40858,1000000,1570000
2020-04-16 12:35:11.883000,1.40876,1.40856,2820000,1100000
2020-04-16 12:35:13.847000,1.4086,1.40853,2140000,1000000
2020-04-16 12:35:13.898000,1.40863,1.40849,2250000,1000000
2020-04-16 12:35:13.949000,1.40868,1.40848,2050000,1000000
2020-04-16 12:35:14.050000,1.40868,1.40848,2020000,1950000
2020-04-16 12:35:14.152000,1.40868,1.4085,1100000,1000000
2020-04-16 12:35:14.305000,1.40863,1.4085,1000000,1000000
2020-04-16 12:35:14.644000,1.40863,1.40848,1000000,1200000
2020-04-16 12:35:15.316000,1.40863,1.40848,1000000,1100000
2020-04-16 12:35:16.170000,1.4086,1.40847,1000000,1350000
2020-04-16 12:35:16.221000,1.4086,1.40846,1000000,2800000
2020-04-16 12:35:16.373000,1.40856,1.40846,1690000,1000000
2020-04-16 12:35:16.424000,1.40856,1.40842,1000000,1850000
2020-04-16 12:35:16.525000,1.40855,1.40842,1000000,1100000
2020-04-16 12:35:16.778000,1.40855,1.4084,1000000,1100000
2020-04-16 12:35:16.980000,1.40852,1.4084,1000000,1000000
2020-04-16 12:35:17.348000,1.40851,1.4084,1000000,1000000
2020-04-16 12:35:17.450000,1.40842,1.40834,1000000,1500000
2020-04-16 12:35:17.501000,1.40842,1.40832,1000000,1000000
2020-04-16 12:35:17.602000,1.40842,1.40829,1000000,1100000
2020-04-16 12:35:17.653000,1.4084,1.40828,1000000,2020000
2020-04-16 12:35:17.754000,1.4084,1.40827,1000000,1100000
2020-04-16 12:35:17.856000,1.4084,1.40825,1000000,2320000
2020-04-16 12:35:17.957000,1.4084,1.40826,1000000,1100000
2020-04-16 12:35:18.160000,1.4084,1.40827,1000000,1000000
2020-04-16 12:35:18.261000,1.40842,1.40833,1500000,1000000
2020-04-16 12:35:18.312000,1.40845,1.40834,1000000,1000000
2020-04-16 12:35:18.363000,1.40847,1.40835,1000000,1000000
2020-04-16 12:35:18.565000,1.4085,1.40837,1000000,1500000
2020-04-16 12:35:18.768000,1.4085,1.40837,1000000,1970000
2020-04-16 12:35:19.350000,1.40847,1.40838,1000000,1100000
2020-04-16 12:35:19.451000,1.40843,1.40834,1000000,1500000
2020-04-16 12:35:19.603000,1.40843,1.40832,1000000,1000000
2020-04-16 12:35:19.755000,1.40843,1.4083,1000000,2210000
2020-04-16 12:35:20.034000,1.40842,1.40829,1000000,1670000
2020-04-16 12:35:20.296000,1.40842,1.40829,1000000,1570000
2020-04-16 12:35:20.400000,1.40841,1.40828,1690000,1350000
2020-04-16 12:35:20.663000,1.40841,1.40828,1000000,2020000
2020-04-16 12:35:21.134000,1.40841,1.40829,1000000,1000000
2020-04-16 12:35:21.236000,1.40841,1.40828,1000000,2020000
2020-04-16 12:35:21.396000,1.40826,1.40822,1000000,1100000
2020-04-16 12:35:21.447000,1.40831,1.4082,1000000,1760000
2020-04-16 12:35:21.548000,1.40831,1.40819,1000000,1000000
2020-04-16 12:35:21.650000,1.40831,1.40818,1000000,1500000
2020-04-16 12:35:21.802000,1.40826,1.40817,1000000,1100000
2020-04-16 12:35:21.904000,1.40823,1.40813,1000000,1000000
2020-04-16 12:35:22.005000,1.40829,1.40816,1000000,1000000
2020-04-16 12:35:22.057000,1.40832,1.40823,1000000,1000000
2020-04-16 12:35:22.107000,1.40834,1.40822,1000000,1000000
2020-04-16 12:35:22.158000,1.40836,1.40827,1000000,1000000
2020-04-16 12:35:22.260000,1.4084,1.40827,1000000,1000000
2020-04-16 12:35:22.361000,1.40844,1.40829,1600000,1000000
2020-04-16 12:35:22.412000,1.40844,1.40829,1000000,1000000
2020-04-16 12:35:22.563000,1.40844,1.40828,1000000,1000000
2020-04-16 12:35:23.048000,1.40844,1.40829,1000000,1000000
2020-04-16 12:35:23.100000,1.4084,1.40828,1000000,1000000
2020-04-16 12:35:23.201000,1.40836,1.40824,1000000,1200000
2020-04-16 12:35:23.303000,1.40836,1.40822,1000000,1500000
2020-04-16 12:35:23.404000,1.40833,1.40821,1000000,1000000
2020-04-16 12:35:23.505000,1.40833,1.40819,1000000,1100000
2020-04-16 12:35:23.657000,1.40831,1.40819,1000000,1100000
2020-04-16 12:35:23.759000,1.40831,1.40819,1000000,1500000
2020-04-16 12:35:23.860000,1.40824,1.40814,1000000,2320000
2020-04-16 12:35:24.012000,1.40826,1.40813,1000000,1000000
