time,ask,bid,ask_volume,bid_volume
2022-10-24 12:25:00.361000,1.37364,1.37354,2360000,1200000
2022-10-24 12:25:00.412000,1.37364,1.37347,1920000,1320000
2022-10-24 12:25:00.564000,1.37365,1.37345,1920000,1440000
2022-10-24 12:25:01.024000,1.37364,1.37345,1920000,1800000
2022-10-24 12:25:01.075000,1.37357,1.37344,1920000,1200000
2022-10-24 12:25:01.126000,1.37357,1.37336,2520000,1800000
2022-10-24 12:25:01.177000,1.37355,1.37335,1920000,3300000
2022-10-24 12:25:01.279000,1.37359,1.37341,1320000,4320000
2022-10-24 12:25:01.330000,1.37363,1.37345,1920000,1320000
2022-10-24 12:25:01.381000,1.37365,1.37346,1920000,1200000
2022-10-24 12:25:01.482000,1.37366,1.37346,1920000,1920000
2022-10-24 12:25:01.583000,1.37367,1.37347,1920000,1920000
2022-10-24 12:25:01.735000,1.37368,1.37347,1920000,1920000
2022-10-24 12:25:03.127000,1.37369,1.37347,1920000,3420000
2022-10-24 12:25:03.228000,1.37374,1.37357,1920000,1460000
2022-10-24 12:25:03.372000,1.37374,1.37356,1920000,1340000
2022-10-24 12:25:03.474000,1.37373,1.37355,1920000,1200000
2022-10-24 12:25:03.705000,1.37372,1.37355,1920000,1320000
2022-10-24 12:25:03.806000,1.37373,1.37356,1920000,1440000
2022-10-24 12:25:04.542000,1.37376,1.37359,1200000,2340000
2022-10-24 12:25:04.593000,1.37378,1.37359,6420000,1320000
2022-10-24 12:25:04.644000,1.37377,1.37358,1920000,1320000
2022-10-24 12:25:04.745000,1.37375,1.37358,1920000,1340000
2022-10-24 12:25:04.846000,1.37376,1.37356,1920000,1440000
2022-10-24 12:25:05.158000,1.37376,1.37359,1920000,1200000
2022-10-24 12:25:05.310000,1.37374,1.37355,2360000,1920000
2022-10-24 12:25:06.034000,1.37375,1.37356,1920000,1320000
2022-10-24 12:25:06.136000,1.37376,1.37357,2820000,1320000
2022-10-24 12:25:06.345000,1.37375,1.3736,1920000,1200000
2022-10-24 12:25:06.475000,1.37377,1.37359,2360000,1200000
2022-10-24 12:25:06.648000,1.37375,1.3736,1920000,1200000
2022-10-24 12:25:06.749000,1.37375,1.37357,2360000,1200000
2022-10-24 12:25:06.851000,1.37375,1.37358,2520000,2340000
2022-10-24 12:25:08.031000,1.37377,1.37357,1920000,3860000
2022-10-24 12:25:08.132000,1.37379,1.37359,3420000,3420000
2022-10-24 12:25:08.825000,1.37379,1.37359,2820000,3860000
2022-10-24 12:25:09.373000,1.3738,1.37365,1460000,1320000
2022-10-24 12:25:09.525000,1.37382,1.37364,2520000,1460000
2022-10-24 12:25:09.626000,1.37384,1.37365,2820000,1460000
2022-10-24 12:25:09.728000,1.37384,1.37364,1320000,2960000
2022-10-24 12:25:09.829000,1.37384,1.37364,2820000,2820000
2022-10-24 12:25:10.110000,1.37383,1.37367,2820000,1460000
2022-10-24 12:25:11.117000,1.37383,1.37366,2360000,1200000
2022-10-24 12:25:11.168000,1.37381,1.37365,1920000,3140000
2022-10-24 12:25:13.413000,1.37382,1.37364,2960000,1800000
2022-10-24 12:25:13.764000,1.37382,1.37364,2360000,1800000
2022-10-24 12:25:14.279000,1.37382,1.37365,1920000,3140000
2022-10-24 12:25:14.767000,1.37383,1.37364,1200000,3720000
2022-10-24 12:25:14.869000,1.37388,1.37373,2520000,1800000
2022-10-24 12:25:15.081000,1.37388,1.37373,2520000,1200000
2022-10-24 12:25:15.394000,1.37388,1.37372,2520000,1200000
2022-10-24 12:25:15.516000,1.37388,1.37373,1920000,1200000
2022-10-24 12:25:15.670000,1.37388,1.37372,1920000,1200000
2022-10-24 12:25:15.771000,1.37388,1.37373,1920000,1200000
2022-10-24 12:25:15.949000,1.37388,1.37372,1920000,1200000
2022-10-24 12:25:16.333000,1.37386,1.37373,1920000,1200000
2022-10-24 12:25:16.434000,1.37385,1.37366,1920000,1440000
2022-10-24 12:25:17.162000,1.37384,1.37365,1920000,2040000
2022-10-24 12:25:17.238000,1.3738,1.37365,1920000,1200000
2022-10-24 12:25:17.346000,1.37383,1.37364,2520000,2480000
2022-10-24 12:25:17.597000,1.37382,1.37365,1920000,2480000
2022-10-24 12:25:17.712000,1.37384,1.37364,3260000,3420000
2022-10-24 12:25:17.813000,1.37384,1.37367,2520000,2480000
2022-10-24 12:25:17.915000,1.37383,1.37367,2360000,1800000
2022-10-24 12:25:18.271000,1.37383,1.37367,2360000,1340000
2022-10-24 12:25:18.741000,1.37384,1.37365,2360000,1440000
2022-10-24 12:25:19.225000,1.37385,1.37366,2820000,1320000
2022-10-24 12:25:19.377000,1.37384,1.37366,1920000,1200000
2022-10-24 12:25:19.839000,1.37382,1.37364,1920000,2240000
2022-10-24 12:25:19.940000,1.3738,1.37362,2960000,1200000
2022-10-24 12:25:20.041000,1.37376,1.37362,1320000,1200000
2022-10-24 12:25:20.092000,1.37376,1.37357,3420000,1340000
2022-10-24 12:25:20.295000,1.37376,1.37357,2360000,1340000
2022-10-24 12:25:21.101000,1.37375,1.37355,2820000,1340000
2022-10-24 12:25:21.405000,1.37372,1.37355,3420000,1200000
2022-10-24 12:25:21.506000,1.37373,1.37355,2520000,1320000
2022-10-24 12:25:21.864000,1.37374,1.37355,1920000,1920000
2022-10-24 12:25:21.965000,1.37373,1.37356,1920000,1800000
2022-10-24 12:25:22.066000,1.37373,1.37356,2360000,1200000
2022-10-24 12:25:22.437000,1.37373,1.37355,2360000,2700000
2022-10-24 12:25:22.550000,1.37373,1.37354,1920000,2700000
2022-10-24 12:25:24.135000,1.37372,1.37355,1920000,2940000
2022-10-24 12:25:24.236000,1.37373,1.37357,2820000,1320000
2022-10-24 12:25:25.102000,1.37374,1.37356,2820000,1320000
2022-10-24 12:25:25.203000,1.37373,1.37356,1920000,1340000
2022-10-24 12:25:25.305000,1.37374,1.37355,3260000,1320000
2022-10-24 12:25:26.314000,1.37376,1.37362,1200000,1800000
2022-10-24 12:25:26.415000,1.3738,1.37364,1920000,1340000
2022-10-24 12:25:26.567000,1.37381,1.37363,1920000,1920000
2022-10-24 12:25:26.979000,1.3738,1.37363,1920000,1940000
2022-10-24 12:25:27.030000,1.37379,1.37361,2360000,1800000
2022-10-24 12:25:27.182000,1.37377,1.37362,1920000,1800000
2022-10-24 12:25:27.284000,1.37375,1.37358,2960000,1800000
2022-10-24 12:25:27.385000,1.37376,1.37359,2960000,1200000
2022-10-24 12:25:27.486000,1.37376,1.3736,3420000,1440000
2022-10-24 12:25:27.588000,1.37376,1.37359,2520000,1340000
2022-10-24 12:25:27.741000,1.37373,1.37358,2360000,1440000
2022-10-24 12:25:27.842000,1.37375,1.37359,2360000,1340000
2022-10-24 12:25:28.476000,1.37376,1.37359,2520000,1440000
2022-10-24 12:25:28.878000,1.37375,1.37359,2960000,1200000
2022-10-24 12:25:31.026000,1.37373,1.37357,1920000,1800000
2022-10-24 12:25:31.187000,1.37373,1.37356,1320000,1800000
2022-10-24 12:25:31.567000,1.37373,1.37356,1320000,1440000
2022-10-24 12:25:31.959000,1.37374,1.37356,1320000,1440000
2022-10-24 12:25:33.002000,1.37375,1.3736,1200000,1320000
2022-10-24 12:25:33.053000,1.37378,1.37361,3420000,1320000
2022-10-24 12:25:33.255000,1.37376,1.37359,2360000,1200000
2022-10-24 12:25:33.306000,1.37376,1.37356,2520000,1800000
2022-10-24 12:25:34.340000,1.37372,1.37357,2520000,2400000
2022-10-24 12:25:34.441000,1.37373,1.37356,2960000,1200000
2022-10-24 12:25:34.595000,1.37372,1.37354,3720000,2240000
2022-10-24 12:25:34.744000,1.37372,1.37354,3420000,1340000
2022-10-24 12:25:35.178000,1.37372,1.37354,2960000,2240000
2022-10-24 12:25:35.882000,1.37372,1.37354,2960000,2360000
2022-10-24 12:25:36.189000,1.37372,1.37354,2520000,2400000
2022-10-24 12:25:36.291000,1.37371,1.37354,3860000,1200000
2022-10-24 12:25:36.674000,1.3737,1.37354,1920000,2040000
2022-10-24 12:25:37.254000,1.3737,1.37353,1460000,1800000
2022-10-24 12:25:37.305000,1.37368,1.37351,1920000,3300000
2022-10-24 12:25:37.407000,1.37363,1.3735,2960000,1200000
2022-10-24 12:25:37.457000,1.37364,1.37346,2960000,1340000
2022-10-24 12:25:37.672000,1.37363,1.37347,1320000,1920000
2022-10-24 12:25:37.723000,1.37362,1.37345,2520000,1800000
2022-10-24 12:25:38.079000,1.37362,1.37344,2520000,1800000
2022-10-24 12:25:38.201000,1.3736,1.37345,1320000,1340000
2022-10-24 12:25:39.355000,1.37362,1.37345,1320000,1920000
2022-10-24 12:25:39.457000,1.37363,1.37345,2360000,2520000
2022-10-24 12:25:39.559000,1.37363,1.37345,2360000,2400000
2022-10-24 12:25:39.660000,1.37363,1.37345,2820000,2240000
2022-10-24 12:25:39.812000,1.37362,1.37345,2960000,1800000
2022-10-24 12:25:39.863000,1.37354,1.37346,2960000,1200000
2022-10-24 12:25:39.914000,1.37346,1.37332,1920000,1200000
2022-10-24 12:25:39.965000,1.37343,1.37333,1920000,1200000
2022-10-24 12:25:40.016000,1.37346,1.37332,2520000,1200000
2022-10-24 12:25:40.067000,1.37346,1.37329,2520000,1200000
2022-10-24 12:25:40.168000,1.3735,1.3733,1920000,1200000
2022-10-24 12:25:40.219000,1.37355,1.37334,4500000,2520000
2022-10-24 12:25:40.320000,1.37355,1.37338,1320000,2940000
2022-10-24 12:25:40.472000,1.37357,1.3734,1920000,2400000
2022-10-24 12:25:40.523000,1.37359,1.3734,1920000,2400000
2022-10-24 12:25:40.814000,1.37357,1.37338,1920000,1340000
2022-10-24 12:25:41.162000,1.37357,1.37337,1920000,1200000
2022-10-24 12:25:41.213000,1.37355,1.37335,2820000,2520000
2022-10-24 12:25:41.314000,1.37355,1.37335,2960000,2520000
2022-10-24 12:25:41.476000,1.37351,1.37333,1920000,1340000
2022-10-24 12:25:41.577000,1.37351,1.37331,2520000,1340000
2022-10-24 12:25:41.780000,1.37347,1.37331,1920000,1340000
2022-10-24 12:25:41.881000,1.37348,1.37328,1920000,1200000
2022-10-24 12:25:41.986000,1.37347,1.37328,2520000,2400000
2022-10-24 12:25:42.088000,1.37345,1.37327,1920000,1340000
2022-10-24 12:25:42.340000,1.37346,1.37327,2360000,1340000
2022-10-24 12:25:43.145000,1.37345,1.37327,2360000,1340000
2022-10-24 12:25:44.121000,1.37348,1.37329,1440000,1340000
2022-10-24 12:25:44.223000,1.37348,1.37328,2360000,1800000
2022-10-24 12:25:44.325000,1.37348,1.37329,2520000,1800000
2022-10-24 12:25:44.527000,1.37351,1.37332,1320000,1320000
2022-10-24 12:25:44.629000,1.37353,1.37335,2360000,1800000
2022-10-24 12:25:44.946000,1.37353,1.37336,1920000,1320000
2022-10-24 12:25:45.047000,1.37355,1.37336,1920000,2520000
2022-10-24 12:25:45.149000,1.37356,1.37338,1920000,1320000
2022-10-24 12:25:45.250000,1.3735,1.37332,2960000,2700000
2022-10-24 12:25:45.352000,1.37348,1.37329,2360000,2940000
2022-10-24 12:25:45.453000,1.37348,1.37328,1920000,2840000
2022-10-24 12:25:45.554000,1.37348,1.37328,2520000,2400000
2022-10-24 12:25:47.435000,1.37346,1.37329,1320000,1200000
2022-10-24 12:25:47.536000,1.37348,1.37328,2820000,2240000
2022-10-24 12:25:47.692000,1.37347,1.37328,1920000,2240000
2022-10-24 12:25:47.864000,1.37348,1.37329,2820000,1320000
2022-10-24 12:25:47.999000,1.37349,1.37333,1200000,1440000
2022-10-24 12:25:48.101000,1.37352,1.37332,2520000,2060000
2022-10-24 12:25:48.202000,1.3735,1.37332,2360000,1800000
2022-10-24 12:25:48.354000,1.37349,1.37333,2360000,1340000
2022-10-24 12:25:48.767000,1.37349,1.37332,1920000,1340000
2022-10-24 12:25:49.012000,1.37351,1.37332,2520000,1440000
2022-10-24 12:25:49.350000,1.37349,1.37333,2520000,1340000
2022-10-24 12:25:49.614000,1.3735,1.37332,2520000,1460000
2022-10-24 12:25:49.665000,1.37352,1.37332,3260000,1880000
2022-10-24 12:25:49.817000,1.3735,1.37333,1920000,1920000
2022-10-24 12:25:50.485000,1.37351,1.37332,1920000,2060000
2022-10-24 12:25:50.737000,1.37351,1.37333,2360000,1940000
2022-10-24 12:25:51.105000,1.37351,1.37333,2820000,1800000
2022-10-24 12:25:51.156000,1.37348,1.37332,1920000,1200000
2022-10-24 12:25:51.258000,1.37345,1.37328,2520000,1340000
2022-10-24 12:25:51.410000,1.37346,1.37326,3860000,2400000
2022-10-24 12:25:51.884000,1.37346,1.37327,1340000,2520000
2022-10-24 12:25:52.187000,1.37349,1.37329,2820000,1340000
2022-10-24 12:25:52.473000,1.37349,1.37329,2820000,1340000
2022-10-24 12:25:53.013000,1.37349,1.37329,2820000,1340000
2022-10-24 12:25:53.064000,1.37349,1.37334,1200000,1920000
2022-10-24 12:25:53.165000,1.37352,1.37335,2520000,1340000
2022-10-24 12:25:53.267000,1.3735,1.37334,2820000,1340000
2022-10-24 12:25:53.419000,1.37351,1.37332,1320000,1800000
2022-10-24 12:25:53.524000,1.37352,1.37333,1320000,1320000
2022-10-24 12:25:53.625000,1.37352,1.37335,1920000,1920000
2022-10-24 12:25:54.485000,1.37353,1.37336,2360000,1920000
2022-10-24 12:25:54.673000,1.37354,1.37335,1920000,2400000
2022-10-24 12:25:54.938000,1.37354,1.37335,1920000,2480000
2022-10-24 12:25:55.301000,1.37354,1.37335,1920000,2400000
2022-10-24 12:25:55.403000,1.37352,1.37335,2360000,1200000
2022-10-24 12:25:55.504000,1.37346,1.37333,2360000,2240000
2022-10-24 12:25:55.656000,1.37347,1.37327,2520000,2960000
2022-10-24 12:25:55.758000,1.37347,1.37327,1320000,1800000
2022-10-24 12:25:56.248000,1.37347,1.37328,2820000,2940000
2022-10-24 12:25:56.655000,1.37347,1.37329,1920000,1340000
2022-10-24 12:25:56.756000,1.37346,1.37329,2520000,1200000
2022-10-24 12:25:56.889000,1.37345,1.37328,2520000,1920000
2022-10-24 12:25:57.042000,1.37346,1.37327,2960000,1800000
2022-10-24 12:25:57.143000,1.37342,1.37323,2360000,1800000
2022-10-24 12:25:57.245000,1.37338,1.3732,1920000,1800000
2022-10-24 12:25:57.296000,1.3734,1.3732,2820000,1800000
2022-10-24 12:25:57.397000,1.3734,1.3732,2820000,1200000
2022-10-24 12:25:57.498000,1.37338,1.37317,2960000,2400000
2022-10-24 12:25:58.057000,1.37336,1.37316,2360000,1800000
2022-10-24 12:25:58.462000,1.37336,1.37316,3420000,1800000
2022-10-24 12:25:58.563000,1.37335,1.37318,2520000,1800000
2022-10-24 12:25:58.921000,1.37338,1.37318,1800000,1920000
2022-10-24 12:25:59.022000,1.37341,1.3732,2360000,1800000
2022-10-24 12:25:59.175000,1.3734,1.37321,2360000,1800000
2022-10-24 12:25:59.378000,1.3734,1.37321,1920000,3380000
2022-10-24 12:25:59.479000,1.3734,1.37322,1920000,3420000
2022-10-24 12:26:00.077000,1.37341,1.37322,2360000,1440000
2022-10-24 12:26:00.179000,1.37338,1.37322,1920000,1200000
2022-10-24 12:26:00.280000,1.37338,1.37317,1920000,2960000
2022-10-24 12:26:01.016000,1.37339,1.37317,3420000,2960000
2022-10-24 12:26:01.269000,1.37338,1.37317,2360000,3840000
2022-10-24 12:26:01.934000,1.37337,1.3732,1920000,1200000
2022-10-24 12:26:02.042000,1.3734,1.37318,3720000,2520000
2022-10-24 12:26:02.194000,1.37339,1.37317,1920000,4320000
2022-10-24 12:26:02.406000,1.37339,1.3732,1920000,1200000
2022-10-24 12:26:02.457000,1.37339,1.37319,1920000,1200000
2022-10-24 12:26:02.659000,1.37339,1.37318,2520000,2480000
2022-10-24 12:26:03.092000,1.37339,1.37319,1920000,1200000
2022-10-24 12:26:03.370000,1.37341,1.37321,1920000,2700000
2022-10-24 12:26:03.471000,1.37343,1.37324,2520000,1340000
2022-10-24 12:26:03.914000,1.37341,1.37324,1920000,1340000
2022-10-24 12:26:04.016000,1.37342,1.37322,2360000,1800000
2022-10-24 12:26:04.117000,1.37343,1.37325,2360000,2400000
2022-10-24 12:26:04.219000,1.37342,1.37326,1320000,1340000
2022-10-24 12:26:04.672000,1.37343,1.37325,2820000,1340000
2022-10-24 12:26:04.774000,1.37341,1.37323,1920000,1800000
2022-10-24 12:26:04.875000,1.37342,1.37323,2520000,1340000
2022-10-24 12:26:04.979000,1.37341,1.37324,1920000,1800000
2022-10-24 12:26:05.080000,1.37341,1.37323,1920000,1800000
2022-10-24 12:26:05.184000,1.37339,1.37324,2520000,1200000
2022-10-24 12:26:05.235000,1.37338,1.37319,2360000,1800000
2022-10-24 12:26:05.286000,1.37336,1.37319,2360000,1800000
2022-10-24 12:26:05.836000,1.37336,1.37318,3420000,1340000
2022-10-24 12:26:06.214000,1.37332,1.37318,1320000,1200000
2022-10-24 12:26:06.265000,1.37331,1.37313,2820000,2700000
2022-10-24 12:26:06.327000,1.37327,1.37312,2520000,1200000
2022-10-24 12:26:06.378000,1.37324,1.37306,1920000,2240000
2022-10-24 12:26:06.480000,1.37322,1.37306,1920000,1200000
2022-10-24 12:26:06.581000,1.37323,1.37306,1320000,1200000
2022-10-24 12:26:06.683000,1.37325,1.37306,1920000,2480000
2022-10-24 12:26:06.784000,1.37326,1.37306,2360000,3420000
2022-10-24 12:26:06.992000,1.37326,1.37306,3260000,2400000
2022-10-24 12:26:07.043000,1.37324,1.37304,2520000,2400000
2022-10-24 12:26:07.195000,1.37321,1.37305,2360000,1340000
2022-10-24 12:26:07.296000,1.37322,1.37305,2960000,1340000
2022-10-24 12:26:07.498000,1.37325,1.37306,2360000,3140000
2022-10-24 12:26:07.600000,1.37325,1.37307,2960000,3240000
2022-10-24 12:26:07.701000,1.37321,1.37304,2520000,1200000
2022-10-24 12:26:07.752000,1.37321,1.373,2960000,1920000
2022-10-24 12:26:08.110000,1.37322,1.37303,2520000,2400000
2022-10-24 12:26:08.262000,1.37322,1.37305,1920000,2040000
2022-10-24 12:26:08.313000,1.37325,1.37306,2360000,1440000
2022-10-24 12:26:08.364000,1.37325,1.37306,2360000,3380000
2022-10-24 12:26:08.465000,1.37326,1.37307,1920000,1320000
2022-10-24 12:26:08.606000,1.37327,1.37307,2360000,1320000
2022-10-24 12:26:09.091000,1.37326,1.37307,1920000,1200000
2022-10-24 12:26:09.142000,1.37323,1.37306,2820000,1200000
2022-10-24 12:26:09.243000,1.37322,1.37306,1920000,1200000
2022-10-24 12:26:09.685000,1.37325,1.37305,2960000,1920000
2022-10-24 12:26:10.076000,1.37321,1.37306,2360000,1200000
2022-10-24 12:26:10.177000,1.37325,1.37305,2960000,1340000
2022-10-24 12:26:10.279000,1.37325,1.37306,2520000,1340000
2022-10-24 12:26:10.436000,1.37326,1.37306,4160000,2700000
2022-10-24 12:26:10.638000,1.37324,1.37307,1920000,3600000
2022-10-24 12:26:11.351000,1.37325,1.37307,1920000,4640000
2022-10-24 12:26:11.452000,1.37326,1.37308,2360000,1200000
2022-10-24 12:26:11.783000,1.37325,1.37307,2360000,1800000
2022-10-24 12:26:12.137000,1.37326,1.37307,2520000,2400000
2022-10-24 12:26:12.780000,1.37326,1.37309,1920000,1940000
2022-10-24 12:26:12.881000,1.37327,1.37311,1200000,1200000
2022-10-24 12:26:13.033000,1.37329,1.3731,1920000,1800000
2022-10-24 12:26:13.134000,1.37328,1.3731,1920000,1800000
2022-10-24 12:26:14.013000,1.3733,1.37312,1460000,2840000
2022-10-24 12:26:14.114000,1.37328,1.37312,2360000,1200000
2022-10-24 12:26:14.165000,1.37328,1.3731,2360000,1200000
2022-10-24 12:26:14.266000,1.37329,1.37308,3860000,1920000
2022-10-24 12:26:14.418000,1.37326,1.37309,1920000,1800000
2022-10-24 12:26:15.084000,1.37328,1.37309,1920000,3420000
2022-10-24 12:26:15.185000,1.37332,1.37313,1920000,1800000
2022-10-24 12:26:15.705000,1.37333,1.37313,2820000,1920000
2022-10-24 12:26:16.474000,1.37333,1.37314,1920000,1200000
2022-10-24 12:26:16.828000,1.37331,1.37315,1920000,1940000
2022-10-24 12:26:16.930000,1.37326,1.37315,3420000,1200000
2022-10-24 12:26:16.981000,1.37325,1.37308,1920000,1800000
2022-10-24 12:26:17.082000,1.37327,1.37307,4320000,1920000
2022-10-24 12:26:17.133000,1.37327,1.37308,1320000,1320000
2022-10-24 12:26:17.184000,1.37326,1.37309,2820000,1200000
2022-10-24 12:26:17.286000,1.37325,1.37309,1920000,1200000
2022-10-24 12:26:17.524000,1.37327,1.37307,3860000,1920000
2022-10-24 12:26:18.236000,1.37324,1.37308,2960000,1340000
2022-10-24 12:26:18.338000,1.37322,1.37306,1920000,1200000
2022-10-24 12:26:18.439000,1.37322,1.37303,2360000,2400000
2022-10-24 12:26:18.541000,1.37321,1.37304,2360000,3300000
2022-10-24 12:26:18.642000,1.37322,1.37304,2960000,3380000
2022-10-24 12:26:19.517000,1.37324,1.37305,2360000,1800000
2022-10-24 12:26:19.619000,1.37324,1.37307,3860000,1340000
2022-10-24 12:26:19.808000,1.37324,1.37305,2360000,1800000
2022-10-24 12:26:19.910000,1.37323,1.37305,2520000,1800000
2022-10-24 12:26:20.011000,1.37318,1.373,2520000,1340000
2022-10-24 12:26:20.113000,1.37314,1.373,1920000,1200000
2022-10-24 12:26:20.164000,1.37315,1.37295,3420000,1340000
2022-10-24 12:26:20.442000,1.37316,1.37296,2360000,2940000
2022-10-24 12:26:20.544000,1.37318,1.37298,3260000,2940000
2022-10-24 12:26:21.300000,1.37316,1.37298,2520000,1200000
2022-10-24 12:26:21.960000,1.37315,1.37299,1920000,1200000
2022-10-24 12:26:22.061000,1.37314,1.37298,1920000,1200000
2022-10-24 12:26:22.163000,1.37317,1.37297,3860000,1440000
2022-10-24 12:26:22.757000,1.37317,1.37298,2360000,1200000
2022-10-24 12:26:22.887000,1.37316,1.37299,2520000,1800000
2022-10-24 12:26:23.614000,1.37315,1.37298,1320000,1340000
2022-10-24 12:26:23.716000,1.37315,1.37298,2960000,1340000
2022-10-24 12:26:24.019000,1.37314,1.37295,1320000,1920000
2022-10-24 12:26:24.120000,1.37313,1.37296,2820000,1800000
2022-10-24 12:26:24.386000,1.37313,1.37296,1320000,1920000
2022-10-24 12:26:24.672000,1.37314,1.37295,2960000,1800000
2022-10-24 12:26:24.822000,1.37314,1.37295,1320000,1920000
2022-10-24 12:26:25.073000,1.37314,1.37296,2820000,1800000
2022-10-24 12:26:25.261000,1.37313,1.37296,2520000,1800000
2022-10-24 12:26:25.363000,1.37311,1.37295,1320000,1800000
2022-10-24 12:26:25.464000,1.37314,1.37294,4320000,2480000
2022-10-24 12:26:25.741000,1.37314,1.37294,3860000,2480000
2022-10-24 12:26:25.932000,1.37313,1.37294,1320000,2480000
2022-10-24 12:26:26.084000,1.37314,1.37294,4320000,2480000
2022-10-24 12:26:26.634000,1.37313,1.37295,1320000,1340000
2022-10-24 12:26:26.743000,1.37314,1.37296,3860000,1920000
2022-10-24 12:26:26.929000,1.37315,1.37295,3860000,1920000
2022-10-24 12:26:27.032000,1.37314,1.37296,3720000,1920000
2022-10-24 12:26:27.565000,1.37311,1.37296,2360000,1200000
2022-10-24 12:26:27.617000,1.37308,1.37292,3420000,1200000
2022-10-24 12:26:27.718000,1.37307,1.37292,2820000,1200000
2022-10-24 12:26:27.769000,1.37307,1.37287,3720000,3140000
2022-10-24 12:26:28.146000,1.37307,1.37287,3720000,4160000
2022-10-24 12:26:28.197000,1.37306,1.37288,3720000,4140000
2022-10-24 12:26:28.672000,1.37306,1.37288,3860000,4280000
2022-10-24 12:26:28.894000,1.37305,1.37287,2360000,3300000
2022-10-24 12:26:28.945000,1.37301,1.37286,1920000,1440000
2022-10-24 12:26:28.996000,1.37303,1.37285,3860000,3860000
2022-10-24 12:26:29.046000,1.37302,1.37284,2520000,2240000
2022-10-24 12:26:29.148000,1.37303,1.37284,2520000,3300000
2022-10-24 12:26:29.823000,1.37304,1.37284,3260000,3420000
2022-10-24 12:26:29.874000,1.37304,1.37285,1320000,1320000
2022-10-24 12:26:30.094000,1.37305,1.37288,2360000,2520000
2022-10-24 12:26:30.932000,1.37303,1.37288,1920000,1940000
2022-10-24 12:26:31.033000,1.37302,1.37288,1920000,1200000
2022-10-24 12:26:31.427000,1.37303,1.37287,1920000,1200000
2022-10-24 12:26:31.529000,1.37302,1.37288,2360000,1200000
2022-10-24 12:26:31.630000,1.37301,1.37285,1920000,3140000
2022-10-24 12:26:31.972000,1.37301,1.37282,1320000,1800000
2022-10-24 12:26:32.124000,1.37299,1.37282,1920000,1200000
2022-10-24 12:26:32.225000,1.37298,1.37282,2520000,1200000
2022-10-24 12:26:32.276000,1.37297,1.3728,4760000,1340000
2022-10-24 12:26:32.582000,1.37298,1.37279,1320000,2520000
2022-10-24 12:26:32.885000,1.373,1.37281,1920000,1340000
2022-10-24 12:26:32.986000,1.37301,1.37281,3260000,1800000
2022-10-24 12:26:33.088000,1.37298,1.37282,1920000,1340000
2022-10-24 12:26:33.189000,1.37302,1.37285,2360000,3420000
2022-10-24 12:26:33.291000,1.37303,1.37286,1920000,1200000
2022-10-24 12:26:33.341000,1.37304,1.37286,1920000,1200000
2022-10-24 12:26:33.392000,1.37306,1.37287,1920000,3420000
2022-10-24 12:26:33.494000,1.37307,1.3729,1320000,1320000
2022-10-24 12:26:33.545000,1.3731,1.37292,1440000,1200000
2022-10-24 12:26:33.856000,1.3731,1.37291,1920000,1200000
2022-10-24 12:26:34.115000,1.37309,1.37292,1920000,1320000
2022-10-24 12:26:34.653000,1.37313,1.37293,2360000,3420000
2022-10-24 12:26:34.755000,1.37311,1.37294,1920000,2400000
2022-10-24 12:26:34.907000,1.37314,1.37295,1920000,1320000
2022-10-24 12:26:35.614000,1.37313,1.37296,2520000,1200000
2022-10-24 12:26:35.715000,1.37311,1.37294,2360000,3380000
2022-10-24 12:26:35.817000,1.37313,1.37293,2520000,3420000
2022-10-24 12:26:35.919000,1.37313,1.37297,1920000,1440000
2022-10-24 12:26:36.175000,1.37315,1.37295,1920000,2960000
2022-10-24 12:26:36.379000,1.37307,1.37295,2360000,1340000
2022-10-24 12:26:36.480000,1.37308,1.3729,2960000,1200000
2022-10-24 12:26:36.581000,1.37307,1.3729,2960000,1340000
2022-10-24 12:26:37.537000,1.37308,1.37295,1200000,1320000
2022-10-24 12:26:37.588000,1.37312,1.37295,1320000,1440000
2022-10-24 12:26:37.689000,1.37309,1.37295,2520000,1200000
2022-10-24 12:26:37.791000,1.37308,1.37288,1920000,5220000
2022-10-24 12:26:37.892000,1.37309,1.37288,2360000,4760000
2022-10-24 12:26:37.993000,1.37308,1.37288,1920000,4760000
2022-10-24 12:26:38.044000,1.37308,1.37294,2360000,1200000
2022-10-24 12:26:38.206000,1.37309,1.37288,2360000,3860000
2022-10-24 12:26:38.308000,1.37308,1.37288,2520000,3420000
2022-10-24 12:26:38.899000,1.37307,1.37288,2360000,3420000
2022-10-24 12:26:38.950000,1.37304,1.37288,2360000,1800000
2022-10-24 12:26:39.052000,1.37304,1.37288,2360000,1340000
2022-10-24 12:26:39.686000,1.37305,1.37288,2360000,1920000
2022-10-24 12:26:39.787000,1.37307,1.3729,1320000,1460000
2022-10-24 12:26:39.888000,1.37308,1.3729,1920000,1440000
2022-10-24 12:26:39.990000,1.37306,1.3729,2360000,1200000
2022-10-24 12:26:40.041000,1.37306,1.37287,2360000,1920000
2022-10-24 12:26:40.194000,1.37305,1.37287,1920000,1940000
2022-10-24 12:26:40.382000,1.37304,1.37287,1920000,1200000
2022-10-24 12:26:40.955000,1.37304,1.37287,2520000,1340000
2022-10-24 12:26:41.056000,1.37305,1.37287,2360000,1800000
2022-10-24 12:26:41.158000,1.37303,1.37286,2360000,1800000
2022-10-24 12:26:41.259000,1.37304,1.37285,2360000,1920000
2022-10-24 12:26:41.412000,1.37306,1.37287,3860000,2060000
2022-10-24 12:26:41.563000,1.37306,1.37287,2040000,3860000
2022-10-24 12:26:41.884000,1.37305,1.37289,1320000,1460000
2022-10-24 12:26:41.985000,1.37309,1.37289,3860000,1920000
2022-10-24 12:26:42.037000,1.37305,1.37288,1920000,1940000
2022-10-24 12:26:42.138000,1.37305,1.37288,2960000,1200000
2022-10-24 12:26:42.240000,1.37306,1.37288,1920000,1920000
2022-10-24 12:26:42.392000,1.37305,1.3729,1320000,1340000
2022-10-24 12:26:42.493000,1.37306,1.37288,1320000,3420000
2022-10-24 12:26:42.595000,1.37308,1.3729,3260000,2060000
2022-10-24 12:26:44.045000,1.37307,1.37291,1920000,1920000
2022-10-24 12:26:44.096000,1.3731,1.37293,3260000,1800000
2022-10-24 12:26:44.406000,1.37311,1.37293,2360000,3300000
2022-10-24 12:26:44.507000,1.37311,1.37294,2820000,3380000
2022-10-24 12:26:44.669000,1.37311,1.37293,1920000,3300000
2022-10-24 12:26:44.893000,1.37311,1.37294,2360000,3840000
2022-10-24 12:26:45.004000,1.37312,1.37293,1920000,3840000
2022-10-24 12:26:45.125000,1.37313,1.37293,2820000,3860000
2022-10-24 12:26:45.305000,1.37311,1.37294,1920000,3840000
2022-10-24 12:26:45.886000,1.37312,1.37296,1920000,1920000
2022-10-24 12:26:46.360000,1.37312,1.37295,1920000,1800000
2022-10-24 12:26:46.613000,1.37313,1.37294,1920000,2060000
2022-10-24 12:26:46.876000,1.37313,1.37297,3260000,1320000
2022-10-24 12:26:47.221000,1.37314,1.37296,2820000,2040000
2022-10-24 12:26:47.323000,1.37315,1.37297,1920000,2040000
2022-10-24 12:26:47.677000,1.37316,1.37297,3260000,2060000
2022-10-24 12:26:48.063000,1.37315,1.37298,1460000,2060000
2022-10-24 12:26:48.164000,1.37318,1.37303,1200000,2360000
2022-10-24 12:26:48.265000,1.37319,1.37304,2520000,1340000
2022-10-24 12:26:48.367000,1.37321,1.37303,1920000,1920000
2022-10-24 12:26:48.468000,1.37319,1.37304,1920000,2480000
2022-10-24 12:26:48.570000,1.37317,1.37298,2360000,1920000
2022-10-24 12:26:49.395000,1.37319,1.37304,1320000,2360000
2022-10-24 12:26:49.497000,1.37322,1.37304,2360000,1920000
2022-10-24 12:26:49.649000,1.37323,1.37305,2360000,1320000
2022-10-24 12:26:49.800000,1.37324,1.37306,2820000,1320000
2022-10-24 12:26:50.291000,1.37323,1.37306,1920000,1320000
2022-10-24 12:26:50.686000,1.37323,1.37307,2360000,2360000
2022-10-24 12:26:52.701000,1.37321,1.37306,1920000,1200000
2022-10-24 12:26:52.803000,1.37319,1.37304,2360000,1340000
2022-10-24 12:26:52.930000,1.3732,1.37304,2520000,1340000
2022-10-24 12:26:53.082000,1.37317,1.37301,1920000,1200000
2022-10-24 12:26:53.133000,1.3732,1.37302,3420000,2960000
2022-10-24 12:26:53.184000,1.37322,1.37306,2520000,2040000
2022-10-24 12:26:53.235000,1.37325,1.37306,1920000,3260000
2022-10-24 12:26:53.286000,1.37325,1.37315,1200000,1320000
2022-10-24 12:26:53.337000,1.37331,1.37316,2820000,2040000
2022-10-24 12:26:53.388000,1.37332,1.37317,1200000,1920000
2022-10-24 12:26:53.439000,1.37337,1.37317,4160000,1920000
2022-10-24 12:26:53.490000,1.37337,1.37322,1200000,1460000
2022-10-24 12:26:53.591000,1.37348,1.37331,1800000,3860000
2022-10-24 12:26:53.642000,1.37339,1.37331,1200000,1440000
2022-10-24 12:26:53.693000,1.37349,1.37331,1920000,1440000
2022-10-24 12:26:53.795000,1.37348,1.37329,1920000,1920000
2022-10-24 12:26:53.846000,1.37345,1.37327,1920000,1340000
2022-10-24 12:26:53.898000,1.37344,1.37325,2520000,1200000
2022-10-24 12:26:54.151000,1.37344,1.37325,2520000,1320000
2022-10-24 12:26:54.253000,1.37342,1.37322,2520000,2060000
2022-10-24 12:26:54.303000,1.3734,1.37323,2520000,1340000
2022-10-24 12:26:54.355000,1.37342,1.37325,2520000,1200000
2022-10-24 12:26:54.474000,1.37342,1.37322,2520000,2360000
2022-10-24 12:26:54.575000,1.37339,1.37318,2520000,2940000
2022-10-24 12:26:54.626000,1.37337,1.37317,2360000,1920000
2022-10-24 12:26:54.677000,1.37336,1.37318,2360000,1320000
2022-10-24 12:26:54.728000,1.37337,1.37317,2360000,1320000
2022-10-24 12:26:54.830000,1.37337,1.37321,2360000,1200000
2022-10-24 12:26:54.931000,1.37337,1.37321,2360000,1200000
2022-10-24 12:26:54.982000,1.37337,1.37316,2360000,1920000
2022-10-24 12:26:55.083000,1.37337,1.37321,2360000,1200000
2022-10-24 12:26:55.451000,1.37335,1.37322,1920000,1200000
2022-10-24 12:26:55.502000,1.37335,1.37315,1920000,2820000
2022-10-24 12:26:55.773000,1.37334,1.37315,2360000,2820000
2022-10-24 12:26:55.968000,1.37335,1.37315,2520000,2820000
2022-10-24 12:26:56.070000,1.37337,1.37317,1920000,1460000
2022-10-24 12:26:56.171000,1.37343,1.37325,4320000,1320000
2022-10-24 12:26:56.273000,1.37347,1.37327,2520000,1320000
2022-10-24 12:26:56.374000,1.37347,1.37326,2360000,2040000
2022-10-24 12:26:56.475000,1.37346,1.37329,1920000,1940000
2022-10-24 12:26:56.577000,1.37345,1.37328,2360000,1340000
2022-10-24 12:26:56.628000,1.37344,1.37326,1920000,3240000
2022-10-24 12:26:56.729000,1.37345,1.37326,2360000,2360000
2022-10-24 12:26:57.595000,1.37346,1.37327,1920000,1320000
2022-10-24 12:26:57.696000,1.37347,1.37328,1920000,1200000
2022-10-24 12:26:57.854000,1.37347,1.37326,1920000,1920000
2022-10-24 12:26:58.152000,1.37344,1.37325,1920000,1920000
2022-10-24 12:26:58.620000,1.37343,1.37325,1920000,1320000
2022-10-24 12:26:58.721000,1.37342,1.37326,1920000,1320000
2022-10-24 12:26:58.823000,1.37339,1.37322,1920000,2940000
2022-10-24 12:26:58.874000,1.37341,1.37322,1920000,1320000
2022-10-24 12:26:59.127000,1.3734,1.37323,1920000,1200000
2022-10-24 12:26:59.257000,1.3734,1.37321,1920000,3420000
2022-10-24 12:26:59.309000,1.37339,1.37321,1920000,1200000
2022-10-24 12:26:59.360000,1.37338,1.37319,1920000,2520000
2022-10-24 12:26:59.738000,1.37338,1.37322,1920000,1460000
2022-10-24 12:26:59.840000,1.37337,1.37319,1920000,1920000
2022-10-24 12:26:59.991000,1.37338,1.37317,1920000,2480000
2022-10-24 12:27:00.093000,1.37338,1.37317,1920000,1920000
2022-10-24 12:27:00.144000,1.37334,1.37315,1920000,2960000
2022-10-24 12:27:00.245000,1.37333,1.37316,1920000,2820000
2022-10-24 12:27:01.077000,1.37333,1.37315,1920000,1800000
2022-10-24 12:27:01.178000,1.37331,1.37314,1920000,1200000
2022-10-24 12:27:01.289000,1.37332,1.37312,1920000,2960000
2022-10-24 12:27:01.764000,1.37331,1.37313,1920000,4740000
2022-10-24 12:27:01.943000,1.37332,1.37312,1920000,4760000
2022-10-24 12:27:02.088000,1.37331,1.37312,1920000,3260000
2022-10-24 12:27:02.366000,1.3733,1.37312,1920000,3260000
2022-10-24 12:27:02.417000,1.37327,1.37308,1920000,2780000
2022-10-24 12:27:02.518000,1.37325,1.37308,1920000,1440000
2022-10-24 12:27:02.864000,1.37328,1.37309,2520000,1460000
2022-10-24 12:27:03.016000,1.37329,1.37311,1920000,1920000
2022-10-24 12:27:03.118000,1.37329,1.3731,1920000,1320000
2022-10-24 12:27:03.320000,1.37326,1.3731,1920000,1200000
2022-10-24 12:27:03.462000,1.37327,1.37308,1920000,1440000
2022-10-24 12:27:05.073000,1.37325,1.37306,1920000,3300000
2022-10-24 12:27:05.174000,1.37324,1.37306,1920000,2520000
2022-10-24 12:27:05.377000,1.37325,1.37306,1920000,2520000
2022-10-24 12:27:05.729000,1.37323,1.37307,1920000,2520000
2022-10-24 12:27:06.097000,1.37322,1.37305,2360000,1200000
2022-10-24 12:27:06.148000,1.37321,1.37302,1920000,1320000
2022-10-24 12:27:06.300000,1.37322,1.37303,1920000,1800000
2022-10-24 12:27:06.402000,1.37322,1.37303,1920000,2520000
2022-10-24 12:27:07.148000,1.37326,1.37306,1320000,1920000
2022-10-24 12:27:07.552000,1.37327,1.37309,1920000,3420000
2022-10-24 12:27:07.717000,1.37328,1.37309,1920000,3420000
2022-10-24 12:27:08.101000,1.37328,1.37309,1920000,3420000
2022-10-24 12:27:08.152000,1.37328,1.37308,2360000,1440000
2022-10-24 12:27:08.254000,1.37327,1.37309,1920000,1920000
2022-10-24 12:27:08.520000,1.37328,1.37307,1920000,3420000
2022-10-24 12:27:10.077000,1.3733,1.37312,1920000,1460000
2022-10-24 12:27:11.222000,1.3733,1.37314,1920000,1320000
2022-10-24 12:27:11.335000,1.37333,1.37315,1920000,2960000
2022-10-24 12:27:11.677000,1.37331,1.37315,1920000,1340000
2022-10-24 12:27:11.728000,1.37331,1.37315,1920000,1320000
2022-10-24 12:27:12.397000,1.3733,1.37314,1920000,1460000
2022-10-24 12:27:12.448000,1.37328,1.37313,1920000,1200000
2022-10-24 12:27:12.549000,1.37328,1.37313,1320000,1200000
2022-10-24 12:27:12.794000,1.37329,1.37312,1920000,1200000
2022-10-24 12:27:12.946000,1.37328,1.37309,2520000,1340000
2022-10-24 12:27:13.050000,1.37325,1.37309,2520000,1200000
2022-10-24 12:27:13.100000,1.37324,1.37307,1920000,2340000
2022-10-24 12:27:13.202000,1.37324,1.37308,1920000,1320000
2022-10-24 12:27:13.339000,1.37325,1.37308,2820000,1320000
2022-10-24 12:27:13.491000,1.37325,1.37308,1320000,1320000
2022-10-24 12:27:14.281000,1.37328,1.37309,1920000,1460000
2022-10-24 12:27:14.729000,1.37327,1.3731,1920000,1320000
2022-10-24 12:27:15.674000,1.37325,1.37311,1920000,1200000
2022-10-24 12:27:15.775000,1.37326,1.37308,1920000,1920000
2022-10-24 12:27:15.876000,1.37326,1.37308,1920000,1920000
2022-10-24 12:27:17.251000,1.37323,1.3731,2520000,1200000
2022-10-24 12:27:17.352000,1.37322,1.37303,2360000,1200000
2022-10-24 12:27:17.403000,1.3732,1.37303,1920000,1200000
2022-10-24 12:27:17.505000,1.37321,1.37301,2820000,2060000
2022-10-24 12:27:17.758000,1.37321,1.37303,1920000,3720000
2022-10-24 12:27:18.263000,1.37321,1.37303,1920000,1340000
2022-10-24 12:27:18.466000,1.3732,1.37303,1920000,1200000
2022-10-24 12:27:19.266000,1.3732,1.37301,2360000,1800000
2022-10-24 12:27:20.010000,1.3732,1.37301,2820000,1200000
2022-10-24 12:27:20.111000,1.37319,1.37304,1920000,2480000
2022-10-24 12:27:20.377000,1.37321,1.37303,3260000,2520000
2022-10-24 12:27:20.683000,1.37323,1.37304,2820000,1920000
2022-10-24 12:27:20.784000,1.37323,1.37304,1920000,2060000
2022-10-24 12:27:21.021000,1.37323,1.37304,2960000,1920000
2022-10-24 12:27:21.997000,1.37324,1.37305,1920000,2040000
2022-10-24 12:27:22.384000,1.37324,1.37308,1460000,1200000
2022-10-24 12:27:23.054000,1.37324,1.3731,1200000,1320000
2022-10-24 12:27:23.105000,1.37329,1.37312,1320000,1920000
2022-10-24 12:27:23.156000,1.3733,1.37314,1320000,1320000
2022-10-24 12:27:23.258000,1.37334,1.37315,1920000,2820000
2022-10-24 12:27:23.359000,1.37337,1.37317,1920000,2060000
2022-10-24 12:27:23.892000,1.37337,1.37318,4620000,2060000
2022-10-24 12:27:24.858000,1.37338,1.37319,1320000,1320000
2022-10-24 12:27:24.961000,1.37338,1.37323,1920000,1200000
2022-10-24 12:27:25.062000,1.3734,1.37321,2520000,1940000
2022-10-24 12:27:25.113000,1.37338,1.3732,2360000,1200000
2022-10-24 12:27:25.214000,1.37337,1.37318,2360000,1440000
2022-10-24 12:27:25.316000,1.37336,1.37317,2360000,1440000
2022-10-24 12:27:25.498000,1.37335,1.37317,1920000,1340000
2022-10-24 12:27:25.600000,1.37332,1.37315,1920000,1340000
2022-10-24 12:27:25.702000,1.37331,1.37315,2360000,1200000
2022-10-24 12:27:25.803000,1.37332,1.37312,2360000,1800000
2022-10-24 12:27:25.917000,1.37333,1.37314,2820000,1920000
2022-10-24 12:27:26.028000,1.37335,1.37319,1320000,1200000
2022-10-24 12:27:27.221000,1.37335,1.37316,2820000,3860000
2022-10-24 12:27:27.272000,1.37336,1.37316,2060000,5220000
2022-10-24 12:27:27.323000,1.3734,1.37318,5220000,2040000
2022-10-24 12:27:27.424000,1.37337,1.37318,1920000,2060000
2022-10-24 12:27:27.855000,1.37335,1.37315,2960000,2820000
2022-10-24 12:27:28.078000,1.37334,1.37314,2960000,1920000
2022-10-24 12:27:28.201000,1.37332,1.37315,2820000,1320000
2022-10-24 12:27:28.302000,1.3733,1.37312,2960000,1440000
2022-10-24 12:27:28.353000,1.37329,1.37312,2360000,1340000
2022-10-24 12:27:28.454000,1.37327,1.37308,2360000,1340000
2022-10-24 12:27:28.609000,1.37327,1.37309,2960000,1460000
2022-10-24 12:27:29.159000,1.37327,1.37308,2360000,1340000
2022-10-24 12:27:29.465000,1.37326,1.37306,1320000,3420000
2022-10-24 12:27:29.691000,1.37327,1.37306,2520000,4320000
2022-10-24 12:27:29.843000,1.37329,1.37308,2520000,1920000
2022-10-24 12:27:31.780000,1.3733,1.37313,1320000,1320000
2022-10-24 12:27:31.932000,1.37331,1.37313,2520000,2400000
2022-10-24 12:27:31.984000,1.37331,1.37311,3720000,1200000
2022-10-24 12:27:33.058000,1.37327,1.37311,1320000,1200000
2022-10-24 12:27:33.160000,1.37327,1.37307,2960000,2940000
2022-10-24 12:27:33.312000,1.37328,1.37307,3860000,2960000
2022-10-24 12:27:33.413000,1.37327,1.37307,2960000,2940000
2022-10-24 12:27:33.624000,1.37326,1.37308,1320000,2060000
2022-10-24 12:27:34.190000,1.37324,1.37307,2520000,4500000
2022-10-24 12:27:34.241000,1.37321,1.37307,2360000,1200000
2022-10-24 12:27:34.291000,1.3732,1.37304,1920000,1440000
2022-10-24 12:27:34.393000,1.37319,1.37298,2520000,3380000
2022-10-24 12:27:34.444000,1.37318,1.37298,1320000,3240000
2022-10-24 12:27:34.545000,1.37316,1.37298,1920000,1200000
2022-10-24 12:27:34.809000,1.37317,1.37298,3260000,1320000
2022-10-24 12:27:36.248000,1.37314,1.37297,1920000,1200000
2022-10-24 12:27:36.299000,1.37312,1.37294,2360000,1200000
2022-10-24 12:27:36.401000,1.37311,1.37293,1460000,1340000
2022-10-24 12:27:36.508000,1.37312,1.37292,3260000,1340000
2022-10-24 12:27:36.610000,1.37312,1.37291,3260000,1320000
2022-10-24 12:27:36.835000,1.37311,1.3729,2360000,2960000
2022-10-24 12:27:36.887000,1.37312,1.37293,1920000,1440000
2022-10-24 12:27:36.989000,1.37313,1.37293,1320000,3260000
2022-10-24 12:27:37.044000,1.37313,1.37293,1320000,3140000
2022-10-24 12:27:37.145000,1.37313,1.37293,2960000,2240000
2022-10-24 12:27:37.246000,1.3731,1.37294,1320000,1200000
2022-10-24 12:27:37.398000,1.37311,1.3729,1920000,2940000
2022-10-24 12:27:37.510000,1.3731,1.3729,1920000,2960000
2022-10-24 12:27:37.769000,1.37308,1.3729,2820000,1200000
2022-10-24 12:27:37.870000,1.37308,1.37291,3260000,1200000
2022-10-24 12:27:37.983000,1.37305,1.37288,1920000,2400000
2022-10-24 12:27:38.135000,1.37305,1.37288,2520000,1320000
2022-10-24 12:27:38.483000,1.37307,1.37287,2960000,2820000
2022-10-24 12:27:38.585000,1.37308,1.37287,3720000,4320000
2022-10-24 12:27:39.146000,1.37307,1.37288,2820000,3860000
2022-10-24 12:27:39.267000,1.37308,1.37287,3260000,3860000
2022-10-24 12:27:39.545000,1.37307,1.37289,1320000,1920000
2022-10-24 12:27:39.696000,1.37308,1.37289,1320000,1920000
2022-10-24 12:27:40.175000,1.37311,1.37292,3260000,2060000
2022-10-24 12:27:40.378000,1.37313,1.37293,2360000,2360000
2022-10-24 12:27:40.580000,1.37312,1.37293,2360000,1800000
2022-10-24 12:27:40.739000,1.37312,1.37293,2360000,1800000
2022-10-24 12:27:41.157000,1.37313,1.37294,1920000,1320000
2022-10-24 12:27:41.258000,1.37314,1.37294,3260000,1320000
2022-10-24 12:27:41.589000,1.37314,1.37297,2520000,2040000
2022-10-24 12:27:41.709000,1.37316,1.37296,3260000,3420000
2022-10-24 12:27:41.928000,1.37318,1.37299,1320000,1320000
2022-10-24 12:27:42.029000,1.37321,1.37304,1320000,1320000
2022-10-24 12:27:42.131000,1.3732,1.37305,1320000,1340000
2022-10-24 12:27:42.384000,1.37323,1.37304,2360000,1920000
2022-10-24 12:27:42.618000,1.37323,1.37304,2360000,2240000
2022-10-24 12:27:42.811000,1.37325,1.37304,4760000,1920000
2022-10-24 12:27:42.913000,1.37326,1.3731,1320000,1440000
2022-10-24 12:27:42.964000,1.37328,1.3731,2820000,1440000
2022-10-24 12:27:43.321000,1.37329,1.37308,1320000,1920000
2022-10-24 12:27:43.422000,1.37331,1.37313,2360000,1200000
2022-10-24 12:27:43.524000,1.37331,1.3731,2360000,2840000
2022-10-24 12:27:43.733000,1.3733,1.37311,2360000,2700000
2022-10-24 12:27:43.889000,1.3733,1.3731,1920000,2700000
2022-10-24 12:27:44.355000,1.3733,1.3731,1920000,2820000
2022-10-24 12:27:44.543000,1.37329,1.3731,2360000,1440000
2022-10-24 12:27:44.962000,1.37327,1.37309,2360000,1440000
2022-10-24 12:27:45.063000,1.37326,1.37309,2360000,1340000
2022-10-24 12:27:45.206000,1.37328,1.3731,2360000,1920000
2022-10-24 12:27:45.336000,1.37329,1.37309,1920000,2060000
2022-10-24 12:27:45.481000,1.3733,1.37309,1920000,2060000
2022-10-24 12:27:46.858000,1.3733,1.3731,1320000,1920000
2022-10-24 12:27:47.215000,1.37332,1.37313,1460000,4320000
2022-10-24 12:27:47.316000,1.37333,1.37315,1320000,1320000
2022-10-24 12:27:47.367000,1.37334,1.37316,1320000,4760000
2022-10-24 12:27:49.024000,1.37332,1.37317,1920000,1800000
2022-10-24 12:27:49.075000,1.37332,1.37313,2360000,1340000
2022-10-24 12:27:49.180000,1.37331,1.37311,2520000,1340000
2022-10-24 12:27:49.282000,1.37326,1.37311,1920000,1200000
2022-10-24 12:27:49.334000,1.37327,1.37308,2520000,2840000
2022-10-24 12:27:49.721000,1.37326,1.37306,1920000,5220000
2022-10-24 12:27:50.082000,1.37327,1.37306,2360000,4320000
2022-10-24 12:27:50.234000,1.37325,1.37306,1920000,4160000
2022-10-24 12:27:50.403000,1.37324,1.37306,2360000,1200000
2022-10-24 12:27:50.664000,1.37324,1.37304,2360000,1340000
2022-10-24 12:27:50.823000,1.37321,1.37305,2520000,1200000
2022-10-24 12:27:50.936000,1.37322,1.37301,3420000,1440000
2022-10-24 12:27:50.986000,1.37322,1.37301,2820000,1920000
2022-10-24 12:27:51.200000,1.37322,1.37301,2820000,1320000
2022-10-24 12:27:51.380000,1.3732,1.37302,1920000,1200000
2022-10-24 12:27:51.831000,1.37322,1.37301,2820000,1920000
2022-10-24 12:27:52.303000,1.37322,1.37304,2820000,1920000
2022-10-24 12:27:52.455000,1.37323,1.37302,3420000,1200000
2022-10-24 12:27:52.762000,1.37322,1.37302,2360000,1200000
2022-10-24 12:27:52.939000,1.37323,1.37302,2820000,1440000
2022-10-24 12:27:53.091000,1.3732,1.37301,1920000,1200000
2022-10-24 12:27:53.266000,1.37318,1.373,3260000,1340000
2022-10-24 12:27:53.496000,1.37316,1.373,2820000,1200000
2022-10-24 12:27:53.597000,1.37317,1.37299,2820000,1200000
2022-10-24 12:27:53.739000,1.37316,1.37297,2820000,4320000
2022-10-24 12:27:54.225000,1.37315,1.37296,1920000,1800000
2022-10-24 12:27:54.327000,1.37314,1.37296,1920000,1340000
2022-10-24 12:27:54.429000,1.37312,1.37294,2520000,1340000
2022-10-24 12:27:54.636000,1.37313,1.37293,1920000,1800000
2022-10-24 12:27:54.737000,1.37314,1.37293,3720000,1920000
2022-10-24 12:27:54.839000,1.37313,1.37293,2520000,1200000
2022-10-24 12:27:54.940000,1.37312,1.37294,2360000,1440000
2022-10-24 12:27:55.773000,1.37311,1.37292,3420000,1920000
2022-10-24 12:27:56.395000,1.37309,1.37289,2360000,2520000
2022-10-24 12:27:56.496000,1.3731,1.37288,2520000,2520000
2022-10-24 12:27:56.947000,1.37311,1.37289,5220000,1460000
2022-10-24 12:27:56.998000,1.37311,1.37291,1320000,1920000
2022-10-24 12:27:57.099000,1.37311,1.37291,1320000,1920000
2022-10-24 12:27:57.150000,1.37311,1.37291,1320000,1920000
2022-10-24 12:27:57.201000,1.3731,1.37292,1320000,1440000
2022-10-24 12:27:57.485000,1.37311,1.37291,1320000,1340000
2022-10-24 12:27:57.914000,1.37311,1.37291,1320000,2400000
2022-10-24 12:27:58.132000,1.3731,1.3729,1920000,1920000
2022-10-24 12:27:58.235000,1.37311,1.3729,2820000,1460000
2022-10-24 12:27:59.173000,1.37312,1.37292,1320000,1200000
2022-10-24 12:27:59.293000,1.37312,1.37292,1320000,1800000
2022-10-24 12:28:00.059000,1.37311,1.37293,1320000,1920000
2022-10-24 12:28:00.161000,1.37311,1.37295,1320000,1340000
2022-10-24 12:28:00.262000,1.37312,1.37292,1320000,2400000
2022-10-24 12:28:00.875000,1.37312,1.37293,3260000,1800000
2022-10-24 12:28:01.304000,1.37313,1.37292,3260000,1200000
2022-10-24 12:28:01.405000,1.37311,1.37292,1920000,1200000
2022-10-24 12:28:01.517000,1.37311,1.37291,1920000,1440000
2022-10-24 12:28:02.581000,1.37302,1.3729,1320000,1200000
2022-10-24 12:28:02.632000,1.37301,1.37286,2360000,1200000
2022-10-24 12:28:02.683000,1.37304,1.37281,2520000,1920000
2022-10-24 12:28:02.734000,1.37305,1.37284,2520000,1800000
2022-10-24 12:28:02.835000,1.37306,1.37287,1320000,1920000
2022-10-24 12:28:03.189000,1.37305,1.37288,1320000,2960000
2022-10-24 12:28:03.438000,1.37306,1.37287,1460000,1880000
2022-10-24 12:28:03.539000,1.37305,1.37286,1920000,1800000
2022-10-24 12:28:03.938000,1.37304,1.37287,2360000,1200000
2022-10-24 12:28:04.040000,1.37306,1.37286,2360000,1920000
2022-10-24 12:28:04.191000,1.37302,1.37287,1920000,1200000
2022-10-24 12:28:04.242000,1.37303,1.37284,1920000,1340000
2022-10-24 12:28:04.348000,1.37303,1.37283,1920000,1440000
2022-10-24 12:28:04.734000,1.37301,1.37284,3260000,1200000
2022-10-24 12:28:04.785000,1.37301,1.3728,1920000,1920000
2022-10-24 12:28:04.836000,1.37303,1.37282,2360000,1920000
2022-10-24 12:28:05.089000,1.37304,1.37282,2360000,1460000
2022-10-24 12:28:05.232000,1.37303,1.37283,1460000,1460000
2022-10-24 12:28:05.344000,1.37304,1.37282,1320000,2520000
2022-10-24 12:28:05.445000,1.37304,1.37287,1200000,1320000
2022-10-24 12:28:05.546000,1.37308,1.37287,2520000,2480000
2022-10-24 12:28:06.485000,1.37307,1.37288,2520000,2060000
2022-10-24 12:28:06.587000,1.37307,1.37288,1920000,2060000
2022-10-24 12:28:06.688000,1.37307,1.37288,1920000,2960000
2022-10-24 12:28:06.790000,1.37309,1.37289,1460000,1920000
2022-10-24 12:28:06.891000,1.37309,1.37291,1200000,1920000
2022-10-24 12:28:06.942000,1.37312,1.37291,1440000,2520000
2022-10-24 12:28:07.043000,1.37311,1.37292,1460000,2520000
2022-10-24 12:28:07.145000,1.37312,1.37291,1460000,2480000
2022-10-24 12:28:08.342000,1.37311,1.37291,1920000,1340000
2022-10-24 12:28:08.555000,1.3731,1.37292,2520000,1340000
2022-10-24 12:28:08.657000,1.37312,1.37291,1320000,1920000
2022-10-24 12:28:08.840000,1.37312,1.37291,1460000,1920000
2022-10-24 12:28:08.941000,1.37315,1.37294,1920000,1320000
2022-10-24 12:28:09.043000,1.37314,1.37295,3420000,1200000
2022-10-24 12:28:09.358000,1.37315,1.37294,1920000,1320000
2022-10-24 12:28:09.657000,1.37314,1.37295,1920000,1320000
2022-10-24 12:28:10.151000,1.37315,1.37294,1920000,3420000
2022-10-24 12:28:10.596000,1.37316,1.37297,1320000,1340000
2022-10-24 12:28:10.698000,1.37318,1.37303,1200000,2340000
2022-10-24 12:28:10.749000,1.37322,1.37303,1320000,2520000
2022-10-24 12:28:11.539000,1.37324,1.37304,1920000,3420000
2022-10-24 12:28:12.431000,1.37325,1.37304,3420000,1440000
2022-10-24 12:28:12.532000,1.37321,1.37303,1460000,1320000
2022-10-24 12:28:12.735000,1.37321,1.37304,1320000,1920000
2022-10-24 12:28:12.977000,1.37325,1.37303,3420000,3420000
2022-10-24 12:28:13.279000,1.37324,1.37304,5220000,1200000
2022-10-24 12:28:13.752000,1.37324,1.37303,2520000,1200000
2022-10-24 12:28:13.803000,1.37322,1.37299,2520000,1920000
2022-10-24 12:28:13.905000,1.37319,1.37299,1320000,1920000
2022-10-24 12:28:14.006000,1.37319,1.37299,1320000,1920000
2022-10-24 12:28:14.190000,1.37318,1.373,1320000,1920000
2022-10-24 12:28:14.342000,1.37319,1.37299,1320000,1920000
2022-10-24 12:28:14.491000,1.37316,1.373,2520000,1200000
2022-10-24 12:28:14.542000,1.37316,1.37295,1920000,1440000
2022-10-24 12:28:15.962000,1.37315,1.37296,1920000,1920000
2022-10-24 12:28:16.292000,1.37316,1.37296,1800000,2520000
2022-10-24 12:28:16.394000,1.3732,1.37299,1200000,1920000
2022-10-24 12:28:16.445000,1.37322,1.37303,1320000,2520000
2022-10-24 12:28:16.546000,1.37324,1.37304,1920000,3420000
2022-10-24 12:28:16.787000,1.37325,1.37303,3420000,3380000
2022-10-24 12:28:16.914000,1.37321,1.373,5220000,1340000
2022-10-24 12:28:17.361000,1.3732,1.37299,2060000,1920000
2022-10-24 12:28:17.513000,1.37319,1.373,2060000,1920000
2022-10-24 12:28:18.485000,1.37319,1.373,1920000,1920000
2022-10-24 12:28:20.296000,1.37318,1.373,1320000,1340000
2022-10-24 12:28:21.990000,1.37318,1.37299,1320000,1920000
2022-10-24 12:28:22.417000,1.37318,1.37299,1200000,3860000
2022-10-24 12:28:22.468000,1.3732,1.37301,2040000,3420000
2022-10-24 12:28:22.570000,1.37321,1.37301,1320000,1320000
2022-10-24 12:28:23.873000,1.37324,1.37303,1320000,2520000
2022-10-24 12:28:24.952000,1.37319,1.37305,2520000,1200000
2022-10-24 12:28:25.003000,1.37317,1.37298,1460000,6720000
2022-10-24 12:28:25.155000,1.3732,1.37298,3860000,1920000
2022-10-24 12:28:25.434000,1.37318,1.37299,1920000,1920000
2022-10-24 12:28:25.535000,1.37318,1.37299,1920000,1920000
2022-10-24 12:28:25.637000,1.37316,1.37297,2060000,1320000
2022-10-24 12:28:26.592000,1.37315,1.37298,2520000,1920000
2022-10-24 12:28:26.743000,1.37316,1.37297,1320000,1920000
2022-10-24 12:28:26.845000,1.37315,1.37297,1320000,1920000
2022-10-24 12:28:26.997000,1.37317,1.37297,2060000,1920000
2022-10-24 12:28:27.098000,1.37316,1.37298,1440000,3420000
2022-10-24 12:28:27.199000,1.37317,1.37298,1340000,2520000
2022-10-24 12:28:27.875000,1.37318,1.373,1920000,1460000
2022-10-24 12:28:28.263000,1.37318,1.373,1920000,1460000
2022-10-24 12:28:28.364000,1.37318,1.37299,1320000,1460000
2022-10-24 12:28:29.111000,1.37319,1.37299,1920000,1460000
2022-10-24 12:28:29.496000,1.37319,1.373,1320000,1320000
2022-10-24 12:28:29.764000,1.37319,1.373,1320000,1320000
2022-10-24 12:28:30.628000,1.37317,1.37299,1920000,1320000
2022-10-24 12:28:30.729000,1.37316,1.37298,1920000,1460000
2022-10-24 12:28:31.421000,1.37313,1.37296,1200000,1200000
2022-10-24 12:28:31.472000,1.37313,1.37293,1940000,1920000
2022-10-24 12:28:31.574000,1.37313,1.37293,1800000,1320000
2022-10-24 12:28:31.625000,1.37313,1.37293,1920000,1320000
2022-10-24 12:28:32.187000,1.37312,1.37294,1800000,1320000
2022-10-24 12:28:32.684000,1.37312,1.37291,1440000,1920000
2022-10-24 12:28:33.044000,1.37311,1.37292,2040000,1920000
2022-10-24 12:28:33.145000,1.3731,1.37291,1200000,1320000
2022-10-24 12:28:33.508000,1.37309,1.37292,1200000,1320000
2022-10-24 12:28:33.609000,1.37307,1.37289,1200000,1460000
2022-10-24 12:28:33.899000,1.37307,1.37289,1200000,1440000
2022-10-24 12:28:34.152000,1.37304,1.37286,2960000,1200000
2022-10-24 12:28:34.253000,1.37301,1.37282,1200000,1460000
2022-10-24 12:28:34.383000,1.37302,1.37282,1200000,1460000
2022-10-24 12:28:35.853000,1.37304,1.37282,1920000,1920000
2022-10-24 12:28:36.088000,1.37304,1.37282,1920000,1920000
2022-10-24 12:28:37.090000,1.37302,1.37282,1320000,1460000
2022-10-24 12:28:37.141000,1.37302,1.37283,1200000,1460000
2022-10-24 12:28:37.293000,1.37303,1.37282,1200000,1460000
2022-10-24 12:28:37.544000,1.37303,1.37282,1200000,1460000
2022-10-24 12:28:37.836000,1.37301,1.37284,1200000,1320000
2022-10-24 12:28:37.941000,1.37302,1.37283,1200000,1320000
2022-10-24 12:28:38.043000,1.37302,1.37283,1200000,1320000
2022-10-24 12:28:38.144000,1.37304,1.37282,1800000,1460000
2022-10-24 12:28:38.460000,1.37303,1.37284,1340000,2520000
2022-10-24 12:28:38.562000,1.37305,1.37287,1320000,1320000
2022-10-24 12:28:38.943000,1.37304,1.37284,1340000,2520000
2022-10-24 12:28:39.473000,1.37305,1.37287,1940000,1460000
2022-10-24 12:28:39.585000,1.37305,1.37288,1800000,2060000
2022-10-24 12:28:39.846000,1.37306,1.37287,1800000,2060000
2022-10-24 12:28:39.948000,1.37308,1.3729,1800000,1920000
2022-10-24 12:28:40.049000,1.37313,1.37293,1800000,5060000
2022-10-24 12:28:40.100000,1.37313,1.37293,1800000,1320000
2022-10-24 12:28:40.201000,1.37313,1.37293,1200000,1320000
2022-10-24 12:28:40.436000,1.37312,1.37294,1320000,1320000
2022-10-24 12:28:41.083000,1.37311,1.37291,1920000,1460000
2022-10-24 12:28:41.184000,1.3731,1.3729,1200000,2520000
2022-10-24 12:28:41.876000,1.37312,1.37293,2060000,1320000
2022-10-24 12:28:42.317000,1.37313,1.37292,1440000,3420000
2022-10-24 12:28:42.418000,1.37314,1.37297,1440000,2060000
2022-10-24 12:28:42.570000,1.37315,1.37295,1460000,1920000
2022-10-24 12:28:43.417000,1.37314,1.37297,1800000,3420000
2022-10-24 12:28:43.569000,1.37317,1.37299,1920000,2060000
2022-10-24 12:28:43.670000,1.37318,1.37298,1920000,2060000
2022-10-24 12:28:43.898000,1.37315,1.37298,1320000,1200000
2022-10-24 12:28:44.477000,1.37315,1.37298,1320000,1200000
2022-10-24 12:28:44.853000,1.37315,1.37296,1320000,1320000
2022-10-24 12:28:45.475000,1.37315,1.37296,1920000,1320000
2022-10-24 12:28:46.383000,1.37315,1.37296,2060000,1920000
2022-10-24 12:28:47.053000,1.37314,1.37296,1460000,1440000
2022-10-24 12:28:47.104000,1.37313,1.37296,1320000,1340000
2022-10-24 12:28:47.205000,1.37313,1.37293,2060000,1460000
2022-10-24 12:28:47.306000,1.37312,1.37294,2060000,1460000
2022-10-24 12:28:48.213000,1.37312,1.37291,1920000,1460000
2022-10-24 12:28:49.009000,1.37311,1.37291,1320000,1460000
2022-10-24 12:28:49.110000,1.3731,1.37292,2960000,1320000
2022-10-24 12:28:49.218000,1.37308,1.37291,1320000,1200000
2022-10-24 12:28:49.269000,1.37307,1.3729,2060000,1440000
2022-10-24 12:28:49.518000,1.37308,1.37289,1320000,1920000
2022-10-24 12:28:49.569000,1.37309,1.3729,1940000,2520000
2022-10-24 12:28:49.671000,1.37311,1.37292,1320000,1460000
2022-10-24 12:28:53.053000,1.37312,1.37291,1920000,1920000
2022-10-24 12:28:53.154000,1.37309,1.37291,1320000,1920000
2022-10-24 12:28:53.256000,1.37308,1.37292,1920000,1320000
2022-10-24 12:28:53.918000,1.37309,1.3729,1920000,1460000
2022-10-24 12:28:54.019000,1.37311,1.3729,1460000,3420000
2022-10-24 12:28:58.178000,1.3731,1.37292,1320000,1320000
2022-10-24 12:28:58.322000,1.37313,1.37291,2520000,1320000
2022-10-24 12:28:58.496000,1.37312,1.37292,2060000,1920000
2022-10-24 12:28:59.258000,1.37313,1.37296,1200000,2960000
2022-10-24 12:28:59.309000,1.37318,1.373,1200000,1320000
2022-10-24 12:28:59.360000,1.37317,1.37304,1200000,2520000
2022-10-24 12:28:59.410000,1.37323,1.37303,1460000,2960000
2022-10-24 12:28:59.512000,1.37325,1.37307,1880000,1920000
2022-10-24 12:28:59.613000,1.37327,1.37309,1440000,1320000
2022-10-24 12:28:59.715000,1.37329,1.37309,1920000,1460000
2022-10-24 12:28:59.816000,1.37329,1.37309,1920000,1440000
2022-10-24 12:29:00.051000,1.37329,1.37309,1920000,1460000
2022-10-24 12:29:00.179000,1.37329,1.37309,1920000,1440000
2022-10-24 12:29:00.230000,1.37329,1.3731,1320000,1320000
2022-10-24 12:29:00.331000,1.37329,1.3731,1460000,1200000
2022-10-24 12:29:00.483000,1.37328,1.3731,1920000,1920000
2022-10-24 12:29:00.588000,1.37329,1.37309,2060000,1320000
2022-10-24 12:29:01.486000,1.37328,1.37308,1320000,1880000
2022-10-24 12:29:01.587000,1.37321,1.37308,1920000,1200000
2022-10-24 12:29:01.638000,1.37321,1.37301,1320000,1460000
2022-10-24 12:29:01.911000,1.37321,1.37301,1320000,1920000
2022-10-24 12:29:02.012000,1.37321,1.37298,1320000,3860000
2022-10-24 12:29:02.214000,1.3732,1.373,1320000,2520000
2022-10-24 12:29:02.504000,1.3732,1.37299,1320000,3860000
2022-10-24 12:29:03.045000,1.37322,1.373,2060000,1920000
2022-10-24 12:29:03.146000,1.37321,1.373,2960000,1440000
2022-10-24 12:29:03.380000,1.37319,1.37301,1320000,1440000
2022-10-24 12:29:04.823000,1.37318,1.37298,1200000,1920000
2022-10-24 12:29:04.874000,1.3732,1.37298,2060000,2960000
2022-10-24 12:29:06.277000,1.3732,1.373,1320000,1460000
2022-10-24 12:29:06.378000,1.37321,1.373,1320000,1920000
2022-10-24 12:29:06.802000,1.37321,1.373,1460000,1920000
2022-10-24 12:29:07.105000,1.37321,1.37302,1920000,2960000
2022-10-24 12:29:07.206000,1.37324,1.37304,1460000,1920000
2022-10-24 12:29:07.257000,1.37322,1.37301,1460000,2060000
2022-10-24 12:29:07.308000,1.37322,1.37301,1460000,1440000
2022-10-24 12:29:07.460000,1.37321,1.37302,2520000,1320000
2022-10-24 12:29:09.904000,1.37319,1.373,1320000,1340000
2022-10-24 12:29:10.380000,1.37316,1.37301,1320000,1340000
2022-10-24 12:29:11.186000,1.37317,1.373,1920000,1920000
2022-10-24 12:29:15.315000,1.37316,1.37299,1320000,1920000
2022-10-24 12:29:16.239000,1.37316,1.37298,1320000,1920000
2022-10-24 12:29:17.073000,1.37317,1.37298,2060000,1440000
2022-10-24 12:29:17.175000,1.37317,1.37298,2060000,1340000
2022-10-24 12:29:17.276000,1.37315,1.37299,1920000,1340000
2022-10-24 12:29:17.377000,1.37309,1.37292,1320000,1340000
2022-10-24 12:29:17.658000,1.37309,1.3729,1200000,1920000
2022-10-24 12:29:17.759000,1.37309,1.3729,1320000,1920000
2022-10-24 12:29:17.861000,1.37313,1.37291,1320000,1460000
2022-10-24 12:29:18.183000,1.37313,1.37291,1320000,1460000
2022-10-24 12:29:19.776000,1.37314,1.37291,2060000,1460000
2022-10-24 12:29:20.031000,1.37313,1.37292,3860000,2520000
2022-10-24 12:29:20.234000,1.37308,1.37291,1440000,1200000
2022-10-24 12:29:20.336000,1.37309,1.37291,1440000,1920000
2022-10-24 12:29:20.387000,1.37313,1.37292,2520000,1460000
2022-10-24 12:29:20.488000,1.37313,1.37292,1460000,1460000
2022-10-24 12:29:21.151000,1.37313,1.37293,1320000,1920000
2022-10-24 12:29:23.861000,1.37308,1.37294,1320000,1200000
2022-10-24 12:29:23.912000,1.37307,1.37291,1320000,1920000
2022-10-24 12:29:24.064000,1.37308,1.3729,1320000,1920000
2022-10-24 12:29:24.411000,1.37308,1.3729,1920000,1920000
2022-10-24 12:29:24.528000,1.37302,1.37282,2060000,1800000
2022-10-24 12:29:24.630000,1.37302,1.37281,3860000,1440000
2022-10-24 12:29:24.890000,1.37302,1.37281,3860000,1460000
2022-10-24 12:29:24.941000,1.37301,1.37282,1920000,1460000
2022-10-24 12:29:25.145000,1.37302,1.37281,1920000,1460000
2022-10-24 12:29:26.937000,1.37303,1.3728,1460000,4320000
2022-10-24 12:29:27.089000,1.37304,1.37282,2060000,1920000
2022-10-24 12:29:27.190000,1.37301,1.37282,1320000,1340000
2022-10-24 12:29:29.162000,1.37299,1.3728,1320000,1920000
2022-10-24 12:29:29.314000,1.37299,1.3728,1320000,1920000
2022-10-24 12:29:29.659000,1.37298,1.3728,1920000,1920000
2022-10-24 12:29:29.761000,1.37294,1.37277,1920000,1200000
2022-10-24 12:29:29.812000,1.37293,1.37274,1920000,1340000
2022-10-24 12:29:29.862000,1.37289,1.37272,1460000,1200000
2022-10-24 12:29:29.964000,1.3729,1.3727,1320000,2060000
2022-10-24 12:29:30.065000,1.3729,1.3727,1920000,1920000
2022-10-24 12:29:30.343000,1.3729,1.37268,1320000,5660000
2022-10-24 12:29:30.497000,1.37289,1.37269,1320000,1920000
2022-10-24 12:29:30.801000,1.37291,1.37268,1920000,5660000
2022-10-24 12:29:30.902000,1.37291,1.37269,1920000,1920000
2022-10-24 12:29:31.073000,1.37289,1.37268,1920000,3860000
2022-10-24 12:29:31.332000,1.37289,1.37268,1920000,3860000
2022-10-24 12:29:31.558000,1.37289,1.37268,1920000,3860000
2022-10-24 12:29:32.812000,1.37287,1.37268,1200000,3860000
2022-10-24 12:29:32.914000,1.37287,1.37268,1320000,2820000
2022-10-24 12:29:33.721000,1.37288,1.37268,1320000,2960000
2022-10-24 12:29:33.924000,1.37287,1.37269,1320000,2960000
2022-10-24 12:29:34.424000,1.37289,1.37268,1320000,3860000
2022-10-24 12:29:34.576000,1.37287,1.37269,1320000,3860000
2022-10-24 12:29:34.682000,1.37288,1.37268,1320000,2960000
2022-10-24 12:29:35.639000,1.37288,1.37268,1320000,2960000
2022-10-24 12:29:36.453000,1.37288,1.37268,1920000,2060000
2022-10-24 12:29:36.554000,1.37283,1.37261,1320000,2520000
2022-10-24 12:29:36.656000,1.37278,1.37258,1920000,1460000
2022-10-24 12:29:36.707000,1.37277,1.37258,1920000,1920000
2022-10-24 12:29:36.758000,1.37276,1.37257,2960000,1200000
2022-10-24 12:29:36.809000,1.37272,1.37252,1320000,2520000
2022-10-24 12:29:36.860000,1.37269,1.37251,2520000,1200000
2022-10-24 12:29:36.910000,1.37267,1.37245,1920000,1920000
2022-10-24 12:29:36.961000,1.37268,1.37244,2060000,1460000
2022-10-24 12:29:37.063000,1.37267,1.37247,4320000,1320000
2022-10-24 12:29:37.215000,1.37266,1.37248,2520000,1320000
2022-10-24 12:29:37.586000,1.37267,1.37247,2520000,1320000
2022-10-24 12:29:38.335000,1.37267,1.37247,1320000,1320000
2022-10-24 12:29:38.487000,1.37266,1.37248,1320000,1440000
2022-10-24 12:29:38.588000,1.37265,1.37246,1320000,1320000
2022-10-24 12:29:38.834000,1.37266,1.37245,1320000,1320000
2022-10-24 12:29:39.126000,1.37266,1.37245,1320000,1320000
2022-10-24 12:29:39.407000,1.37265,1.37247,1320000,1320000
2022-10-24 12:29:40.197000,1.3727,1.37247,2960000,2960000
2022-10-24 12:29:40.749000,1.3727,1.37248,3260000,1320000
2022-10-24 12:29:40.850000,1.3727,1.37247,3260000,1320000
2022-10-24 12:29:41.502000,1.37269,1.3725,3260000,1460000
2022-10-24 12:29:41.629000,1.37269,1.3725,1460000,3260000
2022-10-24 12:29:41.850000,1.3727,1.3725,1340000,1920000
2022-10-24 12:29:41.901000,1.37274,1.37255,1320000,4320000
2022-10-24 12:29:42.110000,1.37278,1.37256,1320000,2520000
2022-10-24 12:29:42.482000,1.37278,1.37255,2520000,5220000
2022-10-24 12:29:43.047000,1.37279,1.37258,1460000,1320000
2022-10-24 12:29:44.407000,1.3728,1.3726,1320000,2520000
2022-10-24 12:29:44.559000,1.37277,1.37257,1320000,2520000
2022-10-24 12:29:44.661000,1.37276,1.37254,2520000,1320000
2022-10-24 12:29:44.864000,1.37277,1.37254,2960000,1320000
2022-10-24 12:29:45.599000,1.37278,1.3726,2520000,1920000
2022-10-24 12:29:45.700000,1.37283,1.37259,5060000,5220000
2022-10-24 12:29:45.802000,1.37284,1.37261,1320000,2520000
2022-10-24 12:29:45.903000,1.37282,1.37261,2960000,2360000
2022-10-24 12:29:46.190000,1.37283,1.37259,4760000,5220000
2022-10-24 12:29:46.978000,1.37282,1.37261,2960000,3260000
2022-10-24 12:29:49.534000,1.37283,1.37261,2520000,1920000
2022-10-24 12:29:49.635000,1.37286,1.37262,2960000,3420000
2022-10-24 12:29:50.081000,1.37286,1.37263,2960000,1320000
2022-10-24 12:29:50.210000,1.37286,1.37263,1320000,1320000
2022-10-24 12:29:50.886000,1.37283,1.37261,2520000,2360000
2022-10-24 12:29:50.988000,1.37274,1.37256,1320000,1320000
2022-10-24 12:29:51.090000,1.37276,1.37258,1320000,1320000
2022-10-24 12:29:51.319000,1.37275,1.37259,1320000,1200000
2022-10-24 12:29:51.701000,1.37276,1.37258,1320000,1320000
2022-10-24 12:29:51.802000,1.37275,1.37255,1320000,1920000
2022-10-24 12:29:52.172000,1.37277,1.37258,2960000,1200000
2022-10-24 12:29:52.223000,1.37276,1.37256,2960000,1460000
2022-10-24 12:29:52.863000,1.37277,1.37255,1320000,1460000
2022-10-24 12:29:53.065000,1.37274,1.37254,3420000,1320000
2022-10-24 12:29:53.167000,1.37273,1.37255,1320000,1920000
2022-10-24 12:29:53.275000,1.37274,1.37255,1320000,1320000
2022-10-24 12:29:53.608000,1.37277,1.37255,1920000,1460000
2022-10-24 12:29:55.124000,1.37275,1.37254,1320000,1320000
2022-10-24 12:29:55.226000,1.37276,1.37254,1320000,1920000
2022-10-24 12:29:55.846000,1.37274,1.37255,1320000,1920000
2022-10-24 12:29:55.947000,1.3727,1.37253,1320000,1200000
2022-10-24 12:29:56.049000,1.37269,1.3725,1460000,2820000
2022-10-24 12:29:56.218000,1.3727,1.37249,2520000,2820000
2022-10-24 12:29:56.269000,1.37267,1.37249,1920000,1320000
2022-10-24 12:29:56.371000,1.37268,1.37249,1320000,1320000
2022-10-24 12:29:56.486000,1.37268,1.37249,1320000,1320000
2022-10-24 12:29:57.287000,1.37268,1.37248,1920000,1920000
2022-10-24 12:29:57.388000,1.37264,1.37248,1920000,1200000
2022-10-24 12:29:57.439000,1.37263,1.37247,2480000,1320000
2022-10-24 12:29:57.490000,1.37266,1.37246,1320000,1320000
2022-10-24 12:29:57.541000,1.37268,1.3725,2960000,1320000
2022-10-24 12:29:58.227000,1.37268,1.37246,2960000,1460000
2022-10-24 12:29:58.525000,1.37267,1.37247,1320000,1460000
2022-10-24 12:29:59.593000,1.3727,1.37249,1460000,1920000
2022-10-24 12:30:00.371000,1.3727,1.37248,3860000,1340000
2022-10-24 12:30:01.686000,1.37267,1.37248,1320000,1320000
2022-10-24 12:30:01.788000,1.3727,1.37251,2820000,2060000
2022-10-24 12:30:01.839000,1.37273,1.37252,1980000,2820000
2022-10-24 12:30:02.143000,1.37274,1.37256,1320000,2360000
2022-10-24 12:30:02.244000,1.37277,1.37256,1320000,1320000
2022-10-24 12:30:03.153000,1.3728,1.37261,1320000,2960000
2022-10-24 12:30:03.254000,1.37282,1.37261,1320000,1920000
2022-10-24 12:30:03.356000,1.37285,1.37263,2960000,1320000
2022-10-24 12:30:03.457000,1.37286,1.37262,1320000,1320000
2022-10-24 12:30:04.522000,1.37285,1.37264,1320000,1920000
2022-10-24 12:30:04.624000,1.37286,1.37267,1320000,2520000
2022-10-24 12:30:05.566000,1.37286,1.37268,1200000,1320000
2022-10-24 12:30:05.756000,1.37292,1.37271,1320000,2520000
2022-10-24 12:30:05.807000,1.37295,1.37273,2480000,2520000
2022-10-24 12:30:05.858000,1.37297,1.37274,5700000,1920000
2022-10-24 12:30:05.909000,1.37298,1.37272,4760000,1320000
2022-10-24 12:30:07.512000,1.37294,1.37275,1200000,4320000
2022-10-24 12:30:07.563000,1.37297,1.37278,1200000,1320000
2022-10-24 12:30:07.741000,1.37298,1.37278,1200000,1920000
2022-10-24 12:30:07.843000,1.37298,1.37278,1800000,1460000
2022-10-24 12:30:08.217000,1.37297,1.37279,1200000,1920000
2022-10-24 12:30:08.268000,1.37301,1.3728,1800000,2360000
2022-10-24 12:30:08.370000,1.37301,1.37279,1800000,3420000
2022-10-24 12:30:08.471000,1.37304,1.37286,1200000,1320000
2022-10-24 12:30:08.573000,1.37304,1.37285,1460000,1320000
2022-10-24 12:30:09.686000,1.37305,1.37281,4760000,1920000
2022-10-24 12:30:09.798000,1.37304,1.37281,1320000,1920000
2022-10-24 12:30:09.899000,1.37303,1.37282,2060000,1920000
2022-10-24 12:30:10.562000,1.37301,1.37282,2520000,1320000
2022-10-24 12:30:10.765000,1.37302,1.37281,1320000,1460000
2022-10-24 12:30:10.866000,1.37302,1.37281,2520000,1460000
2022-10-24 12:30:10.971000,1.37302,1.37281,1920000,1460000
2022-10-24 12:30:11.073000,1.37298,1.37281,1440000,1200000
2022-10-24 12:30:11.174000,1.37298,1.37277,1920000,1920000
2022-10-24 12:30:12.829000,1.37296,1.37279,1200000,1460000
2022-10-24 12:30:13.667000,1.37298,1.37279,1340000,2520000
2022-10-24 12:30:14.429000,1.37299,1.3728,1200000,2520000
2022-10-24 12:30:14.480000,1.37302,1.37282,1340000,1460000
2022-10-24 12:30:14.992000,1.37302,1.37282,1320000,1460000
2022-10-24 12:30:16.038000,1.37301,1.37281,1200000,1920000
2022-10-24 12:30:19.429000,1.37301,1.37282,1320000,1920000
2022-10-24 12:30:20.801000,1.37302,1.37281,1460000,1440000
2022-10-24 12:30:20.852000,1.37302,1.37281,3860000,1440000
2022-10-24 12:30:20.954000,1.37298,1.3728,1200000,1920000
2022-10-24 12:30:21.523000,1.37296,1.37277,4320000,2240000
2022-10-24 12:30:21.625000,1.37289,1.37268,2480000,2520000
2022-10-24 12:30:21.676000,1.37289,1.37269,1200000,2520000
2022-10-24 12:30:21.793000,1.3729,1.3727,1200000,1920000
2022-10-24 12:30:22.012000,1.37291,1.3727,1440000,1920000
2022-10-24 12:30:22.113000,1.37289,1.3727,1920000,1440000
2022-10-24 12:30:22.265000,1.37286,1.37268,2520000,1200000
2022-10-24 12:30:22.316000,1.37285,1.37263,1920000,1460000
2022-10-24 12:30:22.468000,1.37285,1.37265,1320000,2520000
2022-10-24 12:30:22.569000,1.37287,1.37268,1200000,2520000
2022-10-24 12:30:22.671000,1.37286,1.37275,1200000,1460000
2022-10-24 12:30:22.772000,1.37286,1.37273,1200000,1320000
2022-10-24 12:30:22.823000,1.37292,1.37273,1200000,1320000
2022-10-24 12:30:22.952000,1.37289,1.37269,1920000,4760000
2022-10-24 12:30:23.658000,1.37285,1.37268,1320000,1200000
2022-10-24 12:30:23.709000,1.37284,1.37265,1320000,1320000
2022-10-24 12:30:24.379000,1.37284,1.37264,1320000,1320000
2022-10-24 12:30:24.764000,1.37283,1.37261,3260000,2820000
2022-10-24 12:30:24.865000,1.37282,1.37262,3260000,1920000
2022-10-24 12:30:25.043000,1.3728,1.37261,1320000,1320000
2022-10-24 12:30:26.591000,1.3728,1.37259,1320000,2820000
2022-10-24 12:30:28.106000,1.3728,1.37259,1460000,2820000
2022-10-24 12:30:28.208000,1.3728,1.3726,1200000,1920000
2022-10-24 12:30:28.259000,1.37282,1.37266,1320000,1920000
2022-10-24 12:30:28.361000,1.37286,1.37266,1200000,2360000
2022-10-24 12:30:28.462000,1.37289,1.37269,2360000,1320000
2022-10-24 12:30:29.222000,1.37289,1.37269,1460000,1320000
2022-10-24 12:30:30.080000,1.37289,1.37268,1920000,1320000
2022-10-24 12:30:30.181000,1.37288,1.37269,1920000,1320000
2022-10-24 12:30:30.434000,1.37289,1.37268,1920000,1320000
2022-10-24 12:30:30.687000,1.37289,1.37269,1440000,1920000
2022-10-24 12:30:30.788000,1.37293,1.37271,2820000,2820000
2022-10-24 12:30:32.311000,1.37293,1.37275,1200000,2960000
2022-10-24 12:30:32.362000,1.37297,1.37278,1320000,1320000
2022-10-24 12:30:32.463000,1.37299,1.3728,1200000,1920000
2022-10-24 12:30:32.600000,1.37303,1.37281,1920000,1320000
2022-10-24 12:30:35.697000,1.37301,1.37285,1200000,2820000
2022-10-24 12:30:35.798000,1.37306,1.37284,1460000,5660000
2022-10-24 12:30:36.130000,1.37305,1.37288,1440000,1460000
2022-10-24 12:30:36.231000,1.37306,1.37289,1200000,1920000
2022-10-24 12:30:36.282000,1.3731,1.37291,1920000,1320000
2022-10-24 12:30:36.384000,1.37311,1.3729,1920000,1320000
2022-10-24 12:30:36.485000,1.37311,1.3729,1320000,2820000
2022-10-24 12:30:36.688000,1.37314,1.37293,1920000,1320000
2022-10-24 12:30:36.840000,1.37314,1.37294,1440000,2520000
2022-10-24 12:30:37.042000,1.37315,1.37296,3420000,1320000
2022-10-24 12:30:37.154000,1.37314,1.37295,2520000,1200000
2022-10-24 12:30:37.313000,1.37313,1.37294,1200000,2960000
2022-10-24 12:30:37.415000,1.37319,1.37296,1920000,3720000
2022-10-24 12:30:37.567000,1.37319,1.37298,1460000,1920000
2022-10-24 12:30:37.668000,1.37322,1.373,1920000,1320000
2022-10-24 12:30:37.820000,1.37321,1.373,1460000,1320000
2022-10-24 12:30:37.972000,1.3732,1.373,2360000,1320000
2022-10-24 12:30:38.073000,1.37319,1.37301,1320000,1320000
2022-10-24 12:30:38.228000,1.37319,1.37301,1320000,1320000
2022-10-24 12:30:38.329000,1.3732,1.373,1320000,1320000
2022-10-24 12:30:38.683000,1.3732,1.373,1320000,1320000
2022-10-24 12:30:38.784000,1.37321,1.373,1320000,1920000
2022-10-24 12:30:38.886000,1.37321,1.37299,1320000,2820000
2022-10-24 12:30:39.017000,1.37321,1.37299,1920000,1320000
2022-10-24 12:30:39.146000,1.3732,1.373,1320000,2820000
2022-10-24 12:30:39.348000,1.3732,1.37299,1320000,1320000
2022-10-24 12:30:39.458000,1.37317,1.37296,1460000,1920000
2022-10-24 12:30:39.560000,1.37316,1.37297,1320000,4620000
2022-10-24 12:30:39.661000,1.3732,1.373,1920000,1320000
2022-10-24 12:30:39.864000,1.3732,1.373,1460000,2820000
2022-10-24 12:30:40.242000,1.37321,1.37299,1460000,1320000
2022-10-24 12:30:40.344000,1.37321,1.37299,5660000,1320000
2022-10-24 12:30:40.445000,1.37317,1.37299,1920000,1320000
2022-10-24 12:30:40.546000,1.37317,1.37295,4320000,1320000
2022-10-24 12:30:40.648000,1.37316,1.37296,1320000,1320000
2022-10-24 12:30:40.829000,1.37316,1.37295,1320000,1320000
2022-10-24 12:30:41.765000,1.37315,1.37295,1320000,1320000
2022-10-24 12:30:41.866000,1.37315,1.37295,1320000,1320000
2022-10-24 12:30:42.386000,1.37314,1.37295,2960000,1320000
2022-10-24 12:30:42.488000,1.37311,1.37293,1320000,1320000
2022-10-24 12:30:43.045000,1.37312,1.37294,1460000,1320000
2022-10-24 12:30:43.232000,1.37313,1.37293,1440000,2820000
2022-10-24 12:30:43.496000,1.37313,1.37294,1200000,1920000
2022-10-24 12:30:43.646000,1.37312,1.37294,1320000,4160000
2022-10-24 12:30:43.798000,1.37315,1.37297,1920000,1320000
2022-10-24 12:30:43.950000,1.37315,1.37297,1920000,1320000
2022-10-24 12:30:44.464000,1.37316,1.37296,3420000,1320000
2022-10-24 12:30:44.630000,1.37314,1.37293,3420000,1460000
2022-10-24 12:30:45.388000,1.37312,1.37293,1200000,1200000
2022-10-24 12:30:45.852000,1.37311,1.37291,1800000,1920000
2022-10-24 12:30:46.264000,1.3731,1.37291,1800000,1340000
2022-10-24 12:30:46.315000,1.37309,1.37289,1940000,1340000
2022-10-24 12:30:46.417000,1.37308,1.37289,1940000,1200000
2022-10-24 12:30:46.845000,1.37306,1.37286,1340000,1340000
2022-10-24 12:30:46.947000,1.37306,1.37286,1940000,1340000
2022-10-24 12:30:47.048000,1.37305,1.37287,1800000,1800000
2022-10-24 12:30:47.200000,1.37305,1.37286,1200000,1200000
2022-10-24 12:30:47.251000,1.37303,1.37283,1200000,1340000
2022-10-24 12:30:47.403000,1.37305,1.37282,1200000,1920000
2022-10-24 12:30:47.513000,1.37306,1.37284,1800000,1880000
2022-10-24 12:30:47.564000,1.37307,1.37285,1800000,1800000
2022-10-24 12:30:47.781000,1.37307,1.37287,1340000,1340000
2022-10-24 12:30:47.932000,1.37308,1.37288,1200000,1920000
2022-10-24 12:30:48.485000,1.37307,1.37289,1200000,1920000
2022-10-24 12:30:48.933000,1.37312,1.3729,1800000,1920000
2022-10-24 12:30:49.855000,1.37312,1.3729,1340000,1920000
2022-10-24 12:30:52.133000,1.37313,1.37292,1800000,1800000
2022-10-24 12:30:52.435000,1.37313,1.37296,1200000,1200000
2022-10-24 12:30:52.538000,1.37315,1.37298,1200000,1200000
2022-10-24 12:30:52.640000,1.37316,1.37298,1200000,1440000
2022-10-24 12:30:52.691000,1.37318,1.37298,1200000,1920000
2022-10-24 12:30:53.558000,1.37317,1.37298,2240000,1340000
2022-10-24 12:30:53.609000,1.37317,1.37298,2400000,1200000
2022-10-24 12:30:53.659000,1.37315,1.37297,1800000,1200000
2022-10-24 12:30:53.761000,1.37315,1.37297,1800000,1200000
2022-10-24 12:30:53.811000,1.37315,1.37293,1800000,1440000
2022-10-24 12:30:53.913000,1.37315,1.37293,1340000,1920000
2022-10-24 12:30:54.438000,1.37314,1.37293,1800000,1200000
2022-10-24 12:30:54.558000,1.37312,1.3729,1340000,1800000
2022-10-24 12:30:56.149000,1.37312,1.3729,2400000,1800000
2022-10-24 12:30:56.447000,1.37312,1.3729,2240000,1800000
2022-10-24 12:30:56.728000,1.37312,1.3729,2400000,1920000
2022-10-24 12:30:56.898000,1.37312,1.3729,2400000,1340000
2022-10-24 12:30:56.949000,1.37307,1.3729,1200000,1340000
2022-10-24 12:30:57.101000,1.37307,1.37289,1800000,1340000
2022-10-24 12:30:57.202000,1.37304,1.37285,1200000,1800000
2022-10-24 12:30:57.303000,1.37303,1.37286,1200000,1200000
2022-10-24 12:30:57.455000,1.37304,1.37282,2400000,1340000
2022-10-24 12:30:57.607000,1.373,1.37283,1200000,1340000
2022-10-24 12:30:57.759000,1.37302,1.37282,1200000,1340000
2022-10-24 12:30:58.246000,1.37301,1.37279,1340000,1800000
2022-10-24 12:30:58.347000,1.373,1.3728,1800000,1800000
2022-10-24 12:31:00.103000,1.373,1.3728,1200000,2520000
2022-10-24 12:31:00.154000,1.37305,1.37284,2240000,2400000
2022-10-24 12:31:00.255000,1.37305,1.37284,1200000,2400000
2022-10-24 12:31:00.647000,1.37308,1.37287,2400000,1340000
2022-10-24 12:31:01.225000,1.37308,1.37287,1200000,3740000
2022-10-24 12:31:01.327000,1.37309,1.37289,1200000,1920000
2022-10-24 12:31:01.378000,1.37312,1.37291,1340000,1800000
2022-10-24 12:31:01.479000,1.37312,1.37293,1200000,1920000
2022-10-24 12:31:01.530000,1.37316,1.37294,1800000,1800000
2022-10-24 12:31:01.631000,1.37315,1.37297,1340000,1340000
2022-10-24 12:31:01.946000,1.37316,1.37294,1800000,1800000
2022-10-24 12:31:02.156000,1.37316,1.37294,1340000,1800000
2022-10-24 12:31:02.442000,1.37316,1.37298,1800000,1920000
2022-10-24 12:31:02.543000,1.3732,1.37299,1800000,1440000
2022-10-24 12:31:02.645000,1.37319,1.373,1200000,1920000
2022-10-24 12:31:03.020000,1.37319,1.37301,1200000,1320000
2022-10-24 12:31:03.563000,1.37322,1.373,1940000,1880000
2022-10-24 12:31:03.731000,1.37322,1.373,1340000,1920000
2022-10-24 12:31:04.584000,1.37322,1.373,1340000,1800000
2022-10-24 12:31:05.259000,1.3732,1.37301,1800000,1200000
2022-10-24 12:31:05.310000,1.37316,1.37298,1800000,1200000
2022-10-24 12:31:05.411000,1.37315,1.37297,1340000,2240000
2022-10-24 12:31:06.023000,1.37316,1.37296,1200000,2840000
2022-10-24 12:31:06.074000,1.37318,1.37299,1940000,1340000
2022-10-24 12:31:06.175000,1.37319,1.37298,1200000,1920000
2022-10-24 12:31:06.226000,1.37319,1.37298,1200000,1920000
2022-10-24 12:31:06.277000,1.37322,1.373,1200000,1800000
2022-10-24 12:31:06.576000,1.37323,1.373,1800000,1800000
2022-10-24 12:31:06.723000,1.37323,1.373,1340000,1800000
2022-10-24 12:31:07.233000,1.37322,1.37301,1340000,1920000
2022-10-24 12:31:08.734000,1.37325,1.37304,2400000,1200000
2022-10-24 12:31:08.785000,1.37323,1.37301,1800000,1800000
2022-10-24 12:31:08.955000,1.37321,1.37301,1800000,1200000
2022-10-24 12:31:09.057000,1.37321,1.37298,2400000,2840000
2022-10-24 12:31:09.158000,1.37316,1.37298,2400000,1800000
2022-10-24 12:31:10.164000,1.37316,1.37297,2400000,1340000
2022-10-24 12:31:14.206000,1.37314,1.37296,1940000,1800000
2022-10-24 12:31:14.817000,1.37311,1.37295,1340000,1200000
2022-10-24 12:31:14.868000,1.37311,1.3729,1800000,1340000
2022-10-24 12:31:15.374000,1.37308,1.37289,1800000,1340000
2022-10-24 12:31:15.576000,1.37306,1.37287,2400000,1200000
2022-10-24 12:31:15.778000,1.37304,1.37284,1340000,2240000
2022-10-24 12:31:15.880000,1.37306,1.37286,2400000,1800000
2022-10-24 12:31:16.315000,1.37301,1.37286,1200000,1200000
2022-10-24 12:31:16.428000,1.37302,1.37282,1200000,1800000
2022-10-24 12:31:16.479000,1.373,1.37283,1800000,1200000
2022-10-24 12:31:16.530000,1.37298,1.3728,1200000,1200000
2022-10-24 12:31:16.632000,1.37298,1.37278,2240000,2240000
2022-10-24 12:31:17.203000,1.37298,1.37279,1340000,1200000
2022-10-24 12:31:17.859000,1.37302,1.37284,1800000,2400000
2022-10-24 12:31:17.960000,1.37302,1.37285,1200000,1200000
2022-10-24 12:31:18.213000,1.37305,1.37284,1940000,1200000
2022-10-24 12:31:18.397000,1.37304,1.37284,1200000,1200000
2022-10-24 12:31:18.498000,1.37298,1.37279,1340000,1200000
2022-10-24 12:31:19.213000,1.37302,1.37279,3740000,2520000
2022-10-24 12:31:19.315000,1.37303,1.37282,1200000,1340000
2022-10-24 12:31:19.692000,1.37304,1.37282,1800000,1340000
2022-10-24 12:31:19.945000,1.37304,1.37282,1800000,1920000
2022-10-24 12:31:20.046000,1.37304,1.37282,1200000,1920000
2022-10-24 12:31:20.318000,1.37305,1.37284,1200000,1340000
2022-10-24 12:31:21.046000,1.37304,1.37285,1200000,1340000
2022-10-24 12:31:21.747000,1.37303,1.37283,1200000,1800000
2022-10-24 12:31:22.270000,1.37303,1.37283,1800000,1800000
2022-10-24 12:31:22.717000,1.37301,1.37284,1200000,1800000
2022-10-24 12:31:22.818000,1.37301,1.37282,1200000,1800000
2022-10-24 12:31:22.923000,1.37302,1.37282,1800000,1340000
2022-10-24 12:31:23.215000,1.373,1.37282,1200000,1340000
2022-10-24 12:31:23.983000,1.37299,1.37281,1200000,1920000
2022-10-24 12:31:24.085000,1.37304,1.37284,1200000,3380000
2022-10-24 12:31:24.477000,1.37305,1.37284,1200000,3380000
2022-10-24 12:31:24.688000,1.37306,1.37284,1940000,3380000
2022-10-24 12:31:25.847000,1.37305,1.37287,1200000,2040000
2022-10-24 12:31:25.949000,1.37306,1.37287,1200000,4760000
2022-10-24 12:31:26,1.37313,1.37293,1340000,2840000
2022-10-24 12:31:26.101000,1.37314,1.37294,1940000,3740000
2022-10-24 12:31:26.203000,1.37315,1.37293,2040000,1940000
2022-10-24 12:31:27.002000,1.37313,1.37294,1200000,1800000
2022-10-24 12:31:27.906000,1.37311,1.37291,2840000,1340000
2022-10-24 12:31:28.108000,1.37307,1.37289,1200000,1800000
2022-10-24 12:31:28.210000,1.37306,1.37289,1200000,1340000
2022-10-24 12:31:28.361000,1.37306,1.37287,1200000,1340000
2022-10-24 12:31:28.463000,1.37307,1.37287,1200000,1800000
2022-10-24 12:31:28.564000,1.37307,1.37288,1800000,2840000
2022-10-24 12:31:28.666000,1.37308,1.37287,1200000,4760000
2022-10-24 12:31:28.716000,1.37311,1.3729,1940000,1800000
2022-10-24 12:31:29.096000,1.37311,1.3729,4280000,1340000
2022-10-24 12:31:29.327000,1.3731,1.37291,1800000,1800000
2022-10-24 12:31:29.429000,1.3731,1.37291,1340000,1340000
2022-10-24 12:31:29.580000,1.37311,1.3729,1340000,1920000
2022-10-24 12:31:30.181000,1.37313,1.37291,1200000,1940000
2022-10-24 12:31:31.648000,1.37313,1.37291,1940000,1800000
2022-10-24 12:31:32.301000,1.37313,1.37291,1800000,1200000
2022-10-24 12:31:33.103000,1.37312,1.3729,1200000,1800000
2022-10-24 12:31:33.536000,1.37313,1.37291,1940000,1200000
2022-10-24 12:31:33.807000,1.37308,1.3729,1200000,1800000
2022-10-24 12:31:34.270000,1.37311,1.37288,1940000,2060000
2022-10-24 12:31:34.372000,1.37311,1.3729,1340000,1200000
2022-10-24 12:31:34.736000,1.37309,1.37288,1200000,1800000
2022-10-24 12:31:35,1.3731,1.37291,1340000,1200000
2022-10-24 12:31:35.502000,1.3731,1.37289,1940000,1800000
2022-10-24 12:31:35.603000,1.37306,1.37287,1200000,2400000
2022-10-24 12:31:35.755000,1.37309,1.37287,1800000,4200000
2022-10-24 12:31:36.085000,1.3731,1.37291,1200000,1800000
2022-10-24 12:31:36.246000,1.37303,1.37286,1200000,2400000
2022-10-24 12:31:36.297000,1.37301,1.37286,1940000,1200000
2022-10-24 12:31:36.449000,1.37301,1.37282,1940000,1200000
2022-10-24 12:31:36.500000,1.37297,1.37283,1340000,1200000
2022-10-24 12:31:36.550000,1.37298,1.37279,2240000,2840000
2022-10-24 12:31:39.405000,1.37301,1.37284,1200000,1200000
2022-10-24 12:31:39.659000,1.37305,1.37284,1200000,2480000
2022-10-24 12:31:40.540000,1.37305,1.37285,1940000,2940000
2022-10-24 12:31:41.017000,1.37304,1.37287,1800000,1340000
2022-10-24 12:31:41.731000,1.37303,1.37286,1200000,1200000
2022-10-24 12:31:41.919000,1.37303,1.37284,1200000,2400000
2022-10-24 12:31:43.095000,1.37302,1.37284,1800000,1340000
2022-10-24 12:31:43.239000,1.37302,1.37284,1200000,1800000
2022-10-24 12:31:43.390000,1.37302,1.37284,1200000,1340000
2022-10-24 12:31:43.492000,1.37305,1.37284,1940000,2480000
2022-10-24 12:31:43.593000,1.37309,1.37288,1940000,1920000
2022-10-24 12:31:43.644000,1.37309,1.37288,1800000,1920000
2022-10-24 12:31:45.167000,1.37307,1.37289,1200000,1200000
2022-10-24 12:31:45.269000,1.37307,1.37287,1800000,1800000
2022-10-24 12:31:45.319000,1.37306,1.37288,1940000,1340000
2022-10-24 12:31:45.724000,1.37306,1.37288,1340000,2840000
2022-10-24 12:31:47.065000,1.37307,1.37288,1800000,1200000
2022-10-24 12:31:47.250000,1.37306,1.37287,1340000,1340000
2022-10-24 12:31:47.538000,1.37306,1.37287,1940000,1340000
2022-10-24 12:31:48.291000,1.37303,1.37287,1200000,1200000
2022-10-24 12:31:48.342000,1.37303,1.37284,1200000,1800000
2022-10-24 12:31:48.685000,1.37302,1.37284,1200000,1340000
2022-10-24 12:31:49.066000,1.37302,1.37284,1200000,1340000
2022-10-24 12:31:49.404000,1.373,1.37281,1200000,1800000
2022-10-24 12:31:51.227000,1.373,1.37283,1200000,1200000
2022-10-24 12:31:51.631000,1.37298,1.37281,1340000,1340000
2022-10-24 12:31:51.732000,1.37298,1.3728,2400000,1340000
2022-10-24 12:31:52.760000,1.37298,1.37281,1940000,1800000
2022-10-24 12:31:53.684000,1.37297,1.37281,1200000,1340000
2022-10-24 12:31:53.836000,1.37289,1.37278,2400000,1200000
2022-10-24 12:31:53.887000,1.37289,1.37275,1800000,2240000
2022-10-24 12:31:53.938000,1.37288,1.37268,1200000,1340000
2022-10-24 12:31:53.989000,1.37288,1.37269,3300000,2840000
2022-10-24 12:31:54.040000,1.37288,1.37269,2240000,3740000
2022-10-24 12:31:54.191000,1.37289,1.37268,2400000,1800000
2022-10-24 12:31:54.590000,1.37289,1.37268,2400000,1940000
2022-10-24 12:31:55.057000,1.37286,1.37265,1800000,1940000
2022-10-24 12:31:55.158000,1.3728,1.37262,1200000,1800000
2022-10-24 12:31:55.209000,1.37281,1.3726,1940000,1200000
2022-10-24 12:31:55.646000,1.3728,1.37261,1340000,2040000
2022-10-24 12:31:55.747000,1.37284,1.37262,2400000,1800000
2022-10-24 12:31:55.849000,1.37281,1.37262,1200000,1340000
2022-10-24 12:31:55.950000,1.37278,1.3726,1200000,2400000
2022-10-24 12:31:56.053000,1.3728,1.37259,1200000,2400000
2022-10-24 12:31:56.154000,1.37278,1.3726,1340000,2240000
2022-10-24 12:31:56.353000,1.37278,1.3726,2400000,2240000
2022-10-24 12:31:56.454000,1.37274,1.37255,1200000,1940000
2022-10-24 12:31:57.213000,1.3727,1.37252,1800000,1800000
2022-10-24 12:31:57.483000,1.37269,1.3725,1200000,1200000
2022-10-24 12:31:57.584000,1.37269,1.37249,1200000,3740000
2022-10-24 12:31:57.736000,1.37269,1.37249,1200000,1940000
2022-10-24 12:31:57.926000,1.37273,1.3725,1200000,1920000
2022-10-24 12:31:57.977000,1.37274,1.37252,1200000,1920000
2022-10-24 12:31:58.079000,1.37276,1.37253,1320000,1200000
2022-10-24 12:31:58.209000,1.37274,1.37252,1200000,1800000
2022-10-24 12:31:59.274000,1.37275,1.37252,1340000,1800000
2022-10-24 12:32:00.141000,1.37275,1.37252,1940000,1800000
2022-10-24 12:32:00.243000,1.37269,1.3725,1920000,1940000
2022-10-24 12:32:00.294000,1.37267,1.37247,1200000,1800000
2022-10-24 12:32:00.345000,1.37267,1.37247,2040000,1340000
2022-10-24 12:32:00.659000,1.37268,1.37247,1200000,1320000
2022-10-24 12:32:00.760000,1.37268,1.37247,1200000,1320000
2022-10-24 12:32:00.862000,1.37267,1.37247,1200000,1200000
2022-10-24 12:32:00.963000,1.37269,1.37249,1800000,1320000
2022-10-24 12:32:01.216000,1.37268,1.37247,1800000,1200000
2022-10-24 12:32:01.470000,1.37266,1.37246,1200000,1800000
2022-10-24 12:32:01.521000,1.37268,1.37249,1800000,1800000
2022-10-24 12:32:01.622000,1.3727,1.3725,1340000,1800000
2022-10-24 12:32:01.724000,1.37269,1.3725,2240000,1940000
2022-10-24 12:32:02.806000,1.3727,1.37255,1200000,1800000
2022-10-24 12:32:02.857000,1.37276,1.37255,1200000,3300000
2022-10-24 12:32:02.959000,1.37277,1.37256,1800000,1800000
2022-10-24 12:32:03.060000,1.37276,1.37257,1940000,1340000
2022-10-24 12:32:03.111000,1.37276,1.37257,1940000,1200000
2022-10-24 12:32:03.364000,1.37277,1.37256,1200000,1920000
2022-10-24 12:32:03.415000,1.37279,1.37258,1200000,2520000
2022-10-24 12:32:03.566000,1.3728,1.37261,1340000,2400000
2022-10-24 12:32:03.668000,1.37285,1.37262,1800000,1340000
2022-10-24 12:32:03.719000,1.37285,1.37262,1340000,1800000
2022-10-24 12:32:04.039000,1.37284,1.37263,1340000,2400000
2022-10-24 12:32:04.140000,1.37284,1.37268,1200000,1200000
2022-10-24 12:32:04.192000,1.37288,1.37265,1800000,1920000
2022-10-24 12:32:04.242000,1.37288,1.37265,1800000,1440000
2022-10-24 12:32:04.344000,1.37283,1.37265,1800000,1200000
2022-10-24 12:32:04.445000,1.37282,1.37263,2840000,1200000
2022-10-24 12:32:04.547000,1.37284,1.37262,1940000,1940000
2022-10-24 12:32:04.598000,1.37284,1.37262,1800000,1940000
2022-10-24 12:32:04.699000,1.37287,1.37262,1800000,3380000
2022-10-24 12:32:05.076000,1.37287,1.37262,1800000,3240000
2022-10-24 12:32:05.521000,1.37287,1.37262,1800000,3380000
2022-10-24 12:32:05.661000,1.37285,1.37263,1200000,1800000
2022-10-24 12:32:05.813000,1.37285,1.37263,1800000,1800000
2022-10-24 12:32:05.915000,1.37284,1.37262,2400000,1340000
2022-10-24 12:32:07.027000,1.37283,1.37261,3300000,1340000
2022-10-24 12:32:07.337000,1.37282,1.37262,1340000,2520000
2022-10-24 12:32:07.388000,1.37284,1.37268,1200000,1200000
2022-10-24 12:32:07.439000,1.37286,1.37264,1800000,1440000
2022-10-24 12:32:08.307000,1.37286,1.37264,2400000,1200000
2022-10-24 12:32:08.358000,1.37285,1.37265,2400000,1200000
2022-10-24 12:32:08.409000,1.37285,1.37261,1800000,1920000
2022-10-24 12:32:09.668000,1.37286,1.37262,1800000,1920000
2022-10-24 12:32:09.799000,1.37286,1.37262,1800000,1920000
2022-10-24 12:32:10.670000,1.37283,1.37262,1800000,1340000
2022-10-24 12:32:10.912000,1.37282,1.37261,1800000,1920000
2022-10-24 12:32:11.276000,1.37278,1.37261,1200000,1200000
2022-10-24 12:32:11.377000,1.37278,1.37259,1200000,3300000
2022-10-24 12:32:11.712000,1.37281,1.3726,1800000,1800000
2022-10-24 12:32:12.255000,1.3728,1.37263,1200000,1920000
2022-10-24 12:32:12.357000,1.37286,1.37265,1800000,1340000
2022-10-24 12:32:12.458000,1.37286,1.37265,1940000,1200000
2022-10-24 12:32:12.559000,1.37286,1.37262,2840000,1920000
2022-10-24 12:32:12.796000,1.37286,1.37262,2840000,2480000
2022-10-24 12:32:13.008000,1.37286,1.37262,2840000,2480000
2022-10-24 12:32:13.066000,1.37286,1.37262,2840000,2480000
2022-10-24 12:32:13.117000,1.37283,1.37262,1200000,2040000
2022-10-24 12:32:13.218000,1.37279,1.37261,1340000,1800000
2022-10-24 12:32:13.319000,1.37278,1.3726,1800000,1800000
2022-10-24 12:32:13.471000,1.37275,1.37258,1800000,1800000
2022-10-24 12:32:13.573000,1.37272,1.37254,1200000,1200000
2022-10-24 12:32:13.624000,1.37272,1.37252,1200000,1340000
2022-10-24 12:32:14.050000,1.3727,1.37252,1340000,1340000
2022-10-24 12:32:14.253000,1.37272,1.37252,1940000,1340000
2022-10-24 12:32:14.354000,1.37273,1.37253,1340000,1200000
2022-10-24 12:32:14.990000,1.37275,1.37254,2400000,1200000
2022-10-24 12:32:15.414000,1.37278,1.37258,2400000,1200000
2022-10-24 12:32:15.465000,1.37278,1.37254,2400000,1800000
2022-10-24 12:32:15.651000,1.37273,1.37254,1940000,1200000
2022-10-24 12:32:15.702000,1.37273,1.37252,1940000,1200000
2022-10-24 12:32:15.753000,1.3727,1.37251,1340000,1200000
2022-10-24 12:32:15.862000,1.37268,1.37251,1200000,1200000
2022-10-24 12:32:16.026000,1.37271,1.37251,1200000,1340000
2022-10-24 12:32:16.282000,1.37273,1.37252,1800000,1200000
2022-10-24 12:32:16.585000,1.3727,1.37251,1800000,1200000
2022-10-24 12:32:16.737000,1.3727,1.37251,2840000,1200000
2022-10-24 12:32:16.889000,1.37266,1.37247,1340000,1800000
2022-10-24 12:32:16.990000,1.37262,1.37243,1800000,1940000
2022-10-24 12:32:17.092000,1.37264,1.37246,1200000,1200000
2022-10-24 12:32:17.193000,1.37265,1.37246,1340000,1200000
2022-10-24 12:32:17.453000,1.37268,1.37245,1800000,1340000
2022-10-24 12:32:18.392000,1.37268,1.37246,1800000,1800000
2022-10-24 12:32:18.638000,1.37267,1.37247,1800000,2400000
2022-10-24 12:32:19.001000,1.37268,1.37247,1200000,1920000
2022-10-24 12:32:19.052000,1.37271,1.37249,1340000,4640000
2022-10-24 12:32:19.204000,1.37276,1.37254,1800000,1800000
2022-10-24 12:32:20.303000,1.37276,1.37258,1200000,1200000
2022-10-24 12:32:20.354000,1.37277,1.37259,1200000,1200000
2022-10-24 12:32:20.539000,1.37277,1.37259,1800000,1800000
2022-10-24 12:32:20.640000,1.37277,1.37259,1940000,1200000
2022-10-24 12:32:21.286000,1.37277,1.37256,1800000,1340000
2022-10-24 12:32:21.538000,1.37276,1.37257,1340000,1800000
2022-10-24 12:32:22.663000,1.37277,1.37258,1200000,1940000
2022-10-24 12:32:22.764000,1.37285,1.37266,1700000,2400000
2022-10-24 12:32:22.866000,1.37283,1.37261,1200000,1800000
2022-10-24 12:32:22.917000,1.37281,1.37262,1800000,1200000
2022-10-24 12:32:23.018000,1.37279,1.3726,1340000,1200000
2022-10-24 12:32:23.069000,1.37278,1.37259,2840000,1340000
2022-10-24 12:32:23.184000,1.37279,1.37258,2840000,1200000
2022-10-24 12:32:23.910000,1.37276,1.37258,1200000,1200000
2022-10-24 12:32:24.092000,1.37281,1.37259,1800000,2400000
2022-10-24 12:32:25.462000,1.3728,1.37259,1340000,3300000
2022-10-24 12:32:25.563000,1.37279,1.37259,1800000,1200000
2022-10-24 12:32:25.796000,1.37272,1.37256,1200000,1340000
2022-10-24 12:32:27.710000,1.37274,1.37254,1200000,1800000
2022-10-24 12:32:28.192000,1.37273,1.37255,1200000,1340000
2022-10-24 12:32:28.710000,1.37273,1.37255,1200000,1340000
2022-10-24 12:32:29.077000,1.37271,1.37254,1200000,1340000
2022-10-24 12:32:29.128000,1.3727,1.37253,1800000,1340000
2022-10-24 12:32:30.036000,1.3727,1.37252,1800000,1200000
2022-10-24 12:32:30.254000,1.3727,1.37251,1800000,1800000
2022-10-24 12:32:31.455000,1.37266,1.37252,1200000,1200000
2022-10-24 12:32:31.607000,1.37266,1.37249,1940000,1200000
2022-10-24 12:32:31.658000,1.37264,1.37246,1200000,1200000
2022-10-24 12:32:32.062000,1.37266,1.37247,1940000,1800000
2022-10-24 12:32:32.518000,1.37259,1.37246,1940000,1200000
2022-10-24 12:32:32.569000,1.37258,1.37241,1200000,3300000
2022-10-24 12:32:33.105000,1.3726,1.3724,3140000,1800000
2022-10-24 12:32:33.156000,1.3726,1.37241,1340000,1920000
2022-10-24 12:32:33.258000,1.37261,1.37243,1200000,1920000
2022-10-24 12:32:33.511000,1.37261,1.37243,1200000,1340000
2022-10-24 12:32:33.674000,1.37263,1.37243,1940000,1340000
2022-10-24 12:32:33.775000,1.37263,1.37243,1340000,1920000
2022-10-24 12:32:34.585000,1.37263,1.37242,1200000,1920000
2022-10-24 12:32:34.688000,1.37264,1.37246,1200000,1800000
2022-10-24 12:32:34.739000,1.37266,1.37247,1200000,3300000
2022-10-24 12:32:34.995000,1.37262,1.37247,1200000,1340000
2022-10-24 12:32:35.097000,1.37263,1.37243,1200000,1800000
2022-10-24 12:32:35.715000,1.37265,1.37243,1940000,2480000
2022-10-24 12:32:35.817000,1.37265,1.37247,1200000,1340000
2022-10-24 12:32:35.969000,1.37267,1.37247,1200000,1920000
2022-10-24 12:32:36.074000,1.37274,1.37253,1940000,1200000
2022-10-24 12:32:36.125000,1.37274,1.37253,1800000,1800000
2022-10-24 12:32:38.075000,1.37274,1.37265,1200000,1200000
2022-10-24 12:32:38.126000,1.37281,1.3727,1200000,2400000
2022-10-24 12:32:38.177000,1.37289,1.37272,1200000,1920000
2022-10-24 12:32:38.278000,1.37295,1.37274,1200000,2240000
2022-10-24 12:32:38.379000,1.37295,1.37274,1200000,2360000
2022-10-24 12:32:38.563000,1.3729,1.37272,1200000,1200000
2022-10-24 12:32:38.665000,1.37295,1.37271,2400000,1320000
2022-10-24 12:32:38.766000,1.37296,1.3727,1940000,3420000
2022-10-24 12:32:38.994000,1.37296,1.3727,1940000,3420000
2022-10-24 12:32:39.326000,1.37296,1.37271,1200000,1920000
2022-10-24 12:32:39.573000,1.37293,1.37271,2700000,1340000
2022-10-24 12:32:39.624000,1.37292,1.37271,3740000,1200000
2022-10-24 12:32:39.883000,1.37292,1.37271,1200000,1920000
2022-10-24 12:32:40.035000,1.37294,1.37272,1200000,1340000
2022-10-24 12:32:40.086000,1.37295,1.37273,1940000,1920000
2022-10-24 12:32:40.223000,1.37296,1.37272,1800000,1920000
2022-10-24 12:32:41.535000,1.37296,1.37275,1940000,4280000
2022-10-24 12:32:42.986000,1.37295,1.37274,1200000,1800000
2022-10-24 12:32:43.037000,1.37294,1.37273,1940000,1200000
2022-10-24 12:32:43.138000,1.37292,1.37269,1200000,3300000
2022-10-24 12:32:44.037000,1.37292,1.37271,1340000,1800000
2022-10-24 12:32:44.189000,1.37297,1.37275,2840000,1800000
2022-10-24 12:32:44.290000,1.37293,1.37272,1340000,1800000
2022-10-24 12:32:44.341000,1.37289,1.37272,1200000,1200000
2022-10-24 12:32:44.443000,1.3729,1.37272,1200000,1200000
2022-10-24 12:32:44.493000,1.3729,1.37268,1200000,2940000
2022-10-24 12:32:44.646000,1.3729,1.37268,1800000,2940000
2022-10-24 12:32:44.697000,1.37293,1.3727,2400000,2480000
2022-10-24 12:32:44.849000,1.37294,1.37272,1800000,1920000
2022-10-24 12:32:45.819000,1.37292,1.3727,1800000,1800000
2022-10-24 12:32:45.921000,1.37289,1.37271,1340000,1800000
2022-10-24 12:32:46.022000,1.37292,1.3727,1200000,2480000
2022-10-24 12:32:46.124000,1.37292,1.37272,2400000,1920000
2022-10-24 12:32:46.175000,1.37293,1.37271,1340000,1920000
2022-10-24 12:32:46.276000,1.37293,1.3727,3300000,1800000
2022-10-24 12:32:47.848000,1.37292,1.3727,1320000,1800000
2022-10-24 12:32:48.260000,1.3729,1.37271,1940000,1800000
2022-10-24 12:32:48.412000,1.37289,1.37271,1800000,1200000
2022-10-24 12:32:48.513000,1.37291,1.3727,1940000,1800000
2022-10-24 12:32:48.826000,1.37291,1.3727,1800000,3380000
2022-10-24 12:32:48.936000,1.37293,1.37271,1200000,1920000
2022-10-24 12:32:49.309000,1.37294,1.37272,1340000,1920000
2022-10-24 12:32:49.411000,1.37298,1.37279,1200000,2480000
2022-10-24 12:32:49.512000,1.37303,1.3728,1800000,1800000
2022-10-24 12:32:49.926000,1.37301,1.3728,1200000,1800000
2022-10-24 12:32:50.028000,1.37303,1.3728,1800000,1800000
2022-10-24 12:32:50.912000,1.37303,1.37283,2400000,1800000
2022-10-24 12:32:51.014000,1.37304,1.37285,1940000,2340000
2022-10-24 12:32:51.065000,1.37305,1.37284,1800000,2480000
2022-10-24 12:32:52.669000,1.37306,1.37287,1200000,3840000
2022-10-24 12:32:52.720000,1.37308,1.3729,1340000,1340000
2022-10-24 12:32:52.771000,1.37309,1.37289,1200000,1920000
2022-10-24 12:32:52.872000,1.37311,1.37293,1200000,1920000
2022-10-24 12:32:53.681000,1.37315,1.37293,2040000,2400000
2022-10-24 12:32:53.782000,1.3731,1.37294,1200000,1200000
2022-10-24 12:32:53.833000,1.37311,1.37289,3300000,1920000
2022-10-24 12:32:53.884000,1.37311,1.37289,3300000,1340000
2022-10-24 12:32:54.201000,1.37311,1.37289,2700000,1920000
2022-10-24 12:32:54.303000,1.37313,1.37292,1800000,1800000
2022-10-24 12:32:56.331000,1.37315,1.37293,1800000,2520000
2022-10-24 12:32:56.382000,1.37315,1.37296,2840000,1800000
2022-10-24 12:32:56.683000,1.37315,1.37299,1200000,1200000
2022-10-24 12:32:56.785000,1.37319,1.37299,1200000,1920000
2022-10-24 12:32:56.835000,1.37321,1.373,1800000,1920000
2022-10-24 12:32:56.937000,1.37321,1.37301,1340000,1920000
2022-10-24 12:32:57.889000,1.37321,1.37298,1920000,1800000
2022-10-24 12:32:58.243000,1.37321,1.37298,2400000,1920000
2022-10-24 12:32:58.344000,1.37323,1.37303,1200000,2400000
2022-10-24 12:32:58.395000,1.3732,1.37302,1800000,1200000
2022-10-24 12:32:58.446000,1.37316,1.37301,1940000,1200000
2022-10-24 12:32:58.547000,1.37317,1.37297,1940000,1340000
2022-10-24 12:32:58.699000,1.37316,1.37295,1800000,1800000
2022-10-24 12:32:58.851000,1.37316,1.37296,1200000,2040000
2022-10-24 12:32:58.953000,1.37316,1.37296,1200000,2520000
2022-10-24 12:32:59.004000,1.37319,1.37297,1200000,1920000
2022-10-24 12:32:59.326000,1.3732,1.37297,1800000,2520000
2022-10-24 12:33:00.075000,1.37321,1.373,3600000,1920000
2022-10-24 12:33:00.130000,1.37324,1.37303,1920000,1200000
2022-10-24 12:33:00.232000,1.37324,1.37302,1920000,1200000
2022-10-24 12:33:00.333000,1.37324,1.37302,1920000,1200000
2022-10-24 12:33:00.435000,1.37323,1.37299,1920000,1920000
2022-10-24 12:33:00.537000,1.3732,1.37298,1940000,1800000
2022-10-24 12:33:00.739000,1.37318,1.37298,1200000,1340000
2022-10-24 12:33:01.213000,1.37317,1.37296,3740000,1340000
2022-10-24 12:33:01.264000,1.37314,1.37297,1460000,1200000
2022-10-24 12:33:01.366000,1.37309,1.37294,1200000,1200000
2022-10-24 12:33:01.416000,1.3731,1.37289,1200000,1340000
2022-10-24 12:33:01.832000,1.37312,1.3729,2160000,1340000
2022-10-24 12:33:01.883000,1.37312,1.3729,1200000,1800000
2022-10-24 12:33:02.752000,1.37313,1.37291,1800000,2480000
2022-10-24 12:33:03.103000,1.3731,1.3729,1800000,1200000
2022-10-24 12:33:03.205000,1.37309,1.3729,1800000,1340000
2022-10-24 12:33:03.496000,1.37309,1.37289,1200000,1200000
2022-10-24 12:33:03.699000,1.37311,1.37289,1340000,3420000
2022-10-24 12:33:03.800000,1.37311,1.37291,1200000,1920000
2022-10-24 12:33:03.905000,1.37313,1.37292,1800000,1800000
2022-10-24 12:33:04.731000,1.37313,1.37293,1920000,1200000
2022-10-24 12:33:04.833000,1.3731,1.3729,1340000,4320000
2022-10-24 12:33:05.022000,1.37313,1.37292,1920000,1800000
2022-10-24 12:33:05.258000,1.37309,1.37291,1200000,1200000
2022-10-24 12:33:05.309000,1.37308,1.37287,1340000,2400000
2022-10-24 12:33:05.411000,1.3731,1.37287,2400000,2940000
2022-10-24 12:33:05.512000,1.3731,1.37291,2400000,1340000
2022-10-24 12:33:05.563000,1.37311,1.3729,1200000,2400000
2022-10-24 12:33:06.557000,1.37313,1.37293,1800000,1340000
2022-10-24 12:33:08.143000,1.37311,1.37293,1200000,1800000
2022-10-24 12:33:08.654000,1.37312,1.37292,1200000,1200000
2022-10-24 12:33:08.705000,1.3731,1.37292,1200000,1200000
2022-10-24 12:33:08.756000,1.37308,1.3729,1940000,1340000
2022-10-24 12:33:09.281000,1.37308,1.37289,2400000,1200000
2022-10-24 12:33:09.433000,1.37306,1.37286,1340000,1200000
2022-10-24 12:33:09.484000,1.37304,1.37286,1200000,1200000
2022-10-24 12:33:09.664000,1.37303,1.37284,1800000,1800000
2022-10-24 12:33:09.765000,1.37304,1.37283,2240000,1200000
2022-10-24 12:33:10.046000,1.37301,1.37283,1200000,1200000
2022-10-24 12:33:11.051000,1.373,1.37283,1340000,1200000
2022-10-24 12:33:11.159000,1.373,1.37281,2240000,1800000
2022-10-24 12:33:12.067000,1.373,1.3728,1200000,1800000
2022-10-24 12:33:13.415000,1.373,1.37281,1200000,2520000
2022-10-24 12:33:13.566000,1.373,1.37284,1200000,2480000
2022-10-24 12:33:13.617000,1.37305,1.37284,1800000,3380000
2022-10-24 12:33:13.888000,1.37305,1.37284,1340000,1340000
2022-10-24 12:33:13.989000,1.37304,1.37288,1200000,1200000
2022-10-24 12:33:14.152000,1.37305,1.37284,1800000,1800000
2022-10-24 12:33:14.253000,1.37302,1.37284,2240000,1200000
2022-10-24 12:33:14.304000,1.37301,1.3728,1340000,1340000
2022-10-24 12:33:14.559000,1.37301,1.3728,1200000,1920000
2022-10-24 12:33:14.660000,1.37302,1.37282,1340000,1340000
2022-10-24 12:33:15.227000,1.37303,1.37282,1200000,1920000
2022-10-24 12:33:15.719000,1.37302,1.37283,1200000,2400000
2022-10-24 12:33:16.055000,1.37305,1.37283,2480000,1340000
2022-10-24 12:33:16.106000,1.37305,1.37283,2480000,1800000
2022-10-24 12:33:16.245000,1.37302,1.37282,4200000,1340000
2022-10-24 12:33:16.528000,1.373,1.37282,1200000,1800000
2022-10-24 12:33:16.579000,1.37302,1.37282,1200000,1340000
2022-10-24 12:33:16.911000,1.37302,1.37282,2840000,1340000
2022-10-24 12:33:17.012000,1.37302,1.37282,1800000,1800000
2022-10-24 12:33:17.114000,1.37301,1.37283,1340000,1800000
2022-10-24 12:33:17.286000,1.37303,1.37284,1200000,1200000
2022-10-24 12:33:17.710000,1.37303,1.37284,1200000,1200000
2022-10-24 12:33:18.401000,1.37303,1.37284,1940000,1200000
2022-10-24 12:33:19.251000,1.37303,1.37283,1940000,1340000
2022-10-24 12:33:20.043000,1.37303,1.37283,1800000,1340000
2022-10-24 12:33:20.145000,1.37305,1.37287,1200000,1800000
2022-10-24 12:33:20.196000,1.37306,1.37287,1800000,1800000
2022-10-24 12:33:20.297000,1.37305,1.37284,1200000,2400000
2022-10-24 12:33:20.606000,1.37302,1.37284,1340000,1200000
2022-10-24 12:33:20.657000,1.37301,1.37283,1200000,1200000
2022-10-24 12:33:20.758000,1.37299,1.37284,1200000,1200000
2022-10-24 12:33:20.809000,1.373,1.3728,1940000,1800000
2022-10-24 12:33:20.929000,1.373,1.3728,1340000,1800000
2022-10-24 12:33:21.331000,1.37303,1.37281,1940000,1340000
2022-10-24 12:33:22.204000,1.37299,1.3728,1200000,1800000
2022-10-24 12:33:22.754000,1.37298,1.37281,1800000,1800000
2022-10-24 12:33:23.741000,1.37298,1.3728,1200000,1800000
2022-10-24 12:33:24.963000,1.37297,1.3728,1200000,1340000
2022-10-24 12:33:25.064000,1.37295,1.37276,2400000,1340000
2022-10-24 12:33:25.317000,1.37297,1.37278,1940000,1340000
2022-10-24 12:33:25.910000,1.37296,1.37277,1800000,1800000
2022-10-24 12:33:26.062000,1.37295,1.37278,1800000,1200000
2022-10-24 12:33:26.113000,1.37293,1.37275,1200000,1340000
2022-10-24 12:33:26.693000,1.37294,1.37276,1800000,2400000
2022-10-24 12:33:26.896000,1.37297,1.37278,1200000,2400000
2022-10-24 12:33:26.997000,1.37299,1.3728,1940000,1340000
2022-10-24 12:33:27.098000,1.37298,1.37281,1340000,1940000
2022-10-24 12:33:27.402000,1.37301,1.37282,1340000,1800000
2022-10-24 12:33:28.016000,1.37303,1.37282,1800000,1940000
2022-10-24 12:33:28.168000,1.37303,1.37282,1340000,1940000
2022-10-24 12:33:29.915000,1.37304,1.37281,2940000,2840000
2022-10-24 12:33:29.966000,1.37301,1.37281,1800000,1200000
2022-10-24 12:33:30.067000,1.37296,1.37277,1200000,1940000
2022-10-24 12:33:30.118000,1.37297,1.37276,1200000,1800000
2022-10-24 12:33:30.169000,1.37295,1.37276,1800000,1200000
2022-10-24 12:33:30.694000,1.37292,1.37272,1200000,1800000
2022-10-24 12:33:30.796000,1.37291,1.3727,1200000,1200000
2022-10-24 12:33:32.886000,1.37291,1.3727,1340000,3860000
2022-10-24 12:33:32.987000,1.37296,1.37275,1800000,1200000
