time,ask,bid,ask_volume,bid_volume
2022-09-07 12:25:00.103000,1.31861,1.31845,1320000,1920000
2022-09-07 12:25:00.306000,1.31863,1.31848,1920000,1200000
2022-09-07 12:25:00.971000,1.31861,1.31848,1320000,1340000
2022-09-07 12:25:01.022000,1.31857,1.31845,1460000,1200000
2022-09-07 12:25:01.074000,1.31856,1.31842,2520000,1200000
2022-09-07 12:25:01.125000,1.31853,1.3184,1460000,1940000
2022-09-07 12:25:01.176000,1.31853,1.31837,1320000,1800000
2022-09-07 12:25:01.277000,1.31851,1.31835,1320000,1200000
2022-09-07 12:25:01.430000,1.31851,1.31834,1920000,1200000
2022-09-07 12:25:01.532000,1.31851,1.31835,1920000,1800000
2022-09-07 12:25:01.699000,1.31851,1.31835,1920000,1800000
2022-09-07 12:25:01.800000,1.31851,1.31834,1920000,1200000
2022-09-07 12:25:02.083000,1.31851,1.3184,1200000,1200000
2022-09-07 12:25:02.134000,1.31855,1.31839,1460000,1200000
2022-09-07 12:25:02.500000,1.31855,1.3184,1320000,1200000
2022-09-07 12:25:02.653000,1.31855,1.3184,2520000,1320000
2022-09-07 12:25:02.755000,1.31854,1.31838,1320000,1940000
2022-09-07 12:25:02.856000,1.31854,1.31838,1320000,2940000
2022-09-07 12:25:03.009000,1.31853,1.31839,1320000,2940000
2022-09-07 12:25:03.370000,1.31856,1.3184,1340000,1320000
2022-09-07 12:25:03.472000,1.31861,1.31846,2780000,1200000
2022-09-07 12:25:03.574000,1.31863,1.31847,1320000,2480000
2022-09-07 12:25:03.749000,1.31863,1.31848,2960000,1920000
2022-09-07 12:25:04.054000,1.31863,1.31847,1920000,2400000
2022-09-07 12:25:04.156000,1.31863,1.31845,2520000,3300000
2022-09-07 12:25:04.258000,1.31862,1.31846,2520000,3300000
2022-09-07 12:25:04.361000,1.31862,1.31846,2520000,3300000
2022-09-07 12:25:04.637000,1.3186,1.31846,1320000,3140000
2022-09-07 12:25:04.689000,1.31859,1.31843,1920000,1340000
2022-09-07 12:25:04.790000,1.31861,1.31845,1460000,1800000
2022-09-07 12:25:04.892000,1.31861,1.31845,1440000,2700000
2022-09-07 12:25:04.994000,1.31863,1.31845,2060000,2840000
2022-09-07 12:25:05.095000,1.31862,1.31845,1320000,1940000
2022-09-07 12:25:05.466000,1.31861,1.31846,1320000,1800000
2022-09-07 12:25:05.568000,1.3186,1.31846,1320000,1940000
2022-09-07 12:25:06.977000,1.31862,1.31849,1920000,1200000
2022-09-07 12:25:07.381000,1.31862,1.31846,1320000,1800000
2022-09-07 12:25:07.488000,1.31861,1.31847,1320000,1800000
2022-09-07 12:25:07.539000,1.31859,1.31846,1320000,2400000
2022-09-07 12:25:07.918000,1.3186,1.31844,1320000,1800000
2022-09-07 12:25:08.838000,1.31862,1.31845,2960000,1200000
2022-09-07 12:25:08.949000,1.3186,1.31844,1320000,1920000
2022-09-07 12:25:10.130000,1.31858,1.31842,1320000,2400000
2022-09-07 12:25:10.232000,1.3186,1.31844,2520000,1200000
2022-09-07 12:25:10.283000,1.31861,1.31845,1920000,1200000
2022-09-07 12:25:10.384000,1.3186,1.31846,1920000,1200000
2022-09-07 12:25:11.312000,1.31862,1.31847,1920000,1920000
2022-09-07 12:25:11.734000,1.31862,1.31849,1440000,1800000
2022-09-07 12:25:12.038000,1.31865,1.31849,1920000,1320000
2022-09-07 12:25:12.544000,1.31864,1.31848,1320000,2040000
2022-09-07 12:25:12.646000,1.31862,1.31848,1320000,2400000
2022-09-07 12:25:13.323000,1.31864,1.31849,1440000,1320000
2022-09-07 12:25:15.103000,1.31863,1.31849,2360000,1200000
2022-09-07 12:25:15.205000,1.31864,1.31848,1920000,1200000
2022-09-07 12:25:15.408000,1.31863,1.31847,1320000,2400000
2022-09-07 12:25:15.509000,1.31864,1.31848,1920000,1200000
2022-09-07 12:25:17.106000,1.31864,1.31851,1920000,1200000
2022-09-07 12:25:17.756000,1.31865,1.3185,2520000,1200000
2022-09-07 12:25:17.858000,1.31867,1.31853,1800000,1200000
2022-09-07 12:25:17.909000,1.31869,1.31855,1320000,1800000
2022-09-07 12:25:18.011000,1.3187,1.31854,1320000,1800000
2022-09-07 12:25:18.175000,1.3187,1.31854,1320000,1800000
2022-09-07 12:25:19.093000,1.31871,1.31857,2520000,1200000
2022-09-07 12:25:19.144000,1.31872,1.31855,2520000,1800000
2022-09-07 12:25:19.682000,1.31871,1.31856,2520000,1940000
2022-09-07 12:25:19.875000,1.31871,1.31857,1800000,1200000
2022-09-07 12:25:19.976000,1.31874,1.31858,3420000,1200000
2022-09-07 12:25:20.805000,1.31871,1.31858,1920000,1340000
2022-09-07 12:25:21.791000,1.31871,1.31855,1920000,2400000
2022-09-07 12:25:21.893000,1.3187,1.31855,1320000,2400000
2022-09-07 12:25:22.053000,1.3187,1.31856,1320000,2400000
2022-09-07 12:25:22.941000,1.31872,1.31857,1920000,1200000
2022-09-07 12:25:22.992000,1.31874,1.31858,1920000,1200000
2022-09-07 12:25:23.093000,1.31873,1.31859,1460000,1200000
2022-09-07 12:25:25.811000,1.31871,1.31857,1200000,2480000
2022-09-07 12:25:25.862000,1.3187,1.31858,1200000,1800000
2022-09-07 12:25:26.015000,1.31873,1.31857,1920000,1940000
2022-09-07 12:25:26.672000,1.31872,1.31857,1320000,1800000
2022-09-07 12:25:26.941000,1.31872,1.31856,1320000,1920000
2022-09-07 12:25:27.444000,1.31871,1.31858,1320000,1800000
2022-09-07 12:25:27.842000,1.31871,1.31856,1460000,1800000
2022-09-07 12:25:29.529000,1.3187,1.31857,2820000,1800000
2022-09-07 12:25:29.631000,1.31872,1.31857,1920000,2240000
2022-09-07 12:25:30.821000,1.31872,1.31859,2940000,1800000
2022-09-07 12:25:31.684000,1.31876,1.31863,1200000,1800000
2022-09-07 12:25:31.785000,1.31878,1.31863,1440000,2040000
2022-09-07 12:25:32.737000,1.31877,1.31861,1320000,1800000
2022-09-07 12:25:34.242000,1.31878,1.31863,1460000,1800000
2022-09-07 12:25:34.344000,1.31879,1.31864,1920000,1340000
2022-09-07 12:25:34.597000,1.31879,1.31863,2520000,1200000
2022-09-07 12:25:34.800000,1.31877,1.31861,1320000,1200000
2022-09-07 12:25:35.243000,1.31875,1.31861,1920000,1800000
2022-09-07 12:25:35.395000,1.31876,1.3186,2960000,1800000
2022-09-07 12:25:35.496000,1.31875,1.31859,1320000,1800000
2022-09-07 12:25:35.597000,1.31873,1.3186,1800000,1200000
2022-09-07 12:25:36.244000,1.31871,1.31859,1320000,1200000
2022-09-07 12:25:36.518000,1.31871,1.31858,1200000,1200000
2022-09-07 12:25:37.855000,1.31873,1.31858,1920000,1200000
2022-09-07 12:25:37.957000,1.31873,1.3186,1200000,1200000
2022-09-07 12:25:38.574000,1.31873,1.31858,1920000,1200000
2022-09-07 12:25:38.831000,1.31871,1.31858,1200000,1200000
2022-09-07 12:25:39.134000,1.31871,1.31859,1200000,1200000
2022-09-07 12:25:39.185000,1.31874,1.31859,2520000,1200000
2022-09-07 12:25:39.236000,1.31873,1.31861,1340000,1200000
2022-09-07 12:25:39.337000,1.31876,1.31863,2340000,1200000
2022-09-07 12:25:39.439000,1.31878,1.31862,1320000,1200000
2022-09-07 12:25:39.651000,1.31879,1.31864,1340000,1800000
2022-09-07 12:25:39.752000,1.31881,1.31866,1200000,1440000
2022-09-07 12:25:39.854000,1.31882,1.31868,3420000,1200000
2022-09-07 12:25:40.056000,1.31882,1.31866,1320000,2400000
2022-09-07 12:25:40.330000,1.31881,1.31867,1320000,2400000
2022-09-07 12:25:40.968000,1.31882,1.31866,1320000,2400000
2022-09-07 12:25:41.069000,1.31877,1.31864,1320000,1200000
2022-09-07 12:25:41.120000,1.31875,1.31862,1320000,1200000
2022-09-07 12:25:41.222000,1.31872,1.31859,1320000,1920000
2022-09-07 12:25:41.324000,1.31872,1.31859,1320000,1940000
2022-09-07 12:25:42.805000,1.31873,1.31859,1320000,1200000
2022-09-07 12:25:42.907000,1.31875,1.31859,2960000,1320000
2022-09-07 12:25:43.059000,1.31874,1.31861,1320000,1320000
2022-09-07 12:25:43.161000,1.31877,1.31861,2520000,1200000
2022-09-07 12:25:43.314000,1.31876,1.31862,1920000,1200000
2022-09-07 12:25:43.598000,1.31874,1.3186,1320000,1200000
2022-09-07 12:25:43.699000,1.31873,1.31858,1320000,1200000
2022-09-07 12:25:44.597000,1.31873,1.31859,1320000,1200000
2022-09-07 12:25:44.970000,1.31872,1.31857,1920000,1800000
2022-09-07 12:25:45.072000,1.31872,1.31857,1320000,1800000
2022-09-07 12:25:46.322000,1.31873,1.31859,1920000,1200000
2022-09-07 12:25:46.586000,1.31872,1.31859,2060000,1200000
2022-09-07 12:25:47.056000,1.31873,1.31858,1460000,1200000
2022-09-07 12:25:47.309000,1.31873,1.31859,1440000,1200000
2022-09-07 12:25:47.707000,1.31873,1.31858,1460000,1200000
2022-09-07 12:25:50.070000,1.31873,1.31857,2960000,1800000
2022-09-07 12:25:50.121000,1.3187,1.31858,1460000,1340000
2022-09-07 12:25:50.172000,1.31866,1.31857,1320000,1200000
2022-09-07 12:25:50.223000,1.31866,1.31854,1920000,1200000
2022-09-07 12:25:50.274000,1.31866,1.31851,1320000,1340000
2022-09-07 12:25:51.720000,1.31867,1.31851,2520000,1200000
2022-09-07 12:25:51.771000,1.31867,1.31853,1440000,1200000
2022-09-07 12:25:51.872000,1.31866,1.31853,1920000,1200000
2022-09-07 12:25:52.100000,1.31868,1.31855,1460000,1200000
2022-09-07 12:25:54.029000,1.31869,1.31853,1320000,1440000
2022-09-07 12:25:55.181000,1.31867,1.31851,2360000,1940000
2022-09-07 12:25:55.333000,1.31867,1.31851,2520000,1200000
2022-09-07 12:25:57.718000,1.31866,1.31851,1920000,1200000
2022-09-07 12:25:57.820000,1.31866,1.31851,1920000,1200000
2022-09-07 12:25:58.306000,1.31865,1.31851,1200000,1200000
2022-09-07 12:25:58.408000,1.31865,1.31851,1200000,1200000
2022-09-07 12:25:58.882000,1.31866,1.31851,1800000,1200000
2022-09-07 12:25:58.984000,1.31868,1.31852,1920000,1940000
2022-09-07 12:25:59.035000,1.31868,1.31853,1440000,1200000
2022-09-07 12:26:00.025000,1.31868,1.31852,1320000,1800000
2022-09-07 12:26:00.126000,1.31868,1.31852,1320000,1800000
2022-09-07 12:26:00.776000,1.31869,1.31853,1320000,1200000
2022-09-07 12:26:00.878000,1.3187,1.31857,2340000,2480000
2022-09-07 12:26:03.310000,1.31873,1.31857,2520000,1200000
2022-09-07 12:26:03.411000,1.31871,1.31857,1320000,3380000
2022-09-07 12:26:04.213000,1.31873,1.31857,1920000,1200000
2022-09-07 12:26:04.675000,1.31873,1.31857,2060000,1340000
2022-09-07 12:26:05.022000,1.31873,1.31857,1320000,2400000
2022-09-07 12:26:06.216000,1.31874,1.3186,1920000,1920000
2022-09-07 12:26:06.268000,1.31876,1.31863,1440000,1200000
2022-09-07 12:26:06.369000,1.31877,1.31862,1920000,1340000
2022-09-07 12:26:06.868000,1.31876,1.31862,1920000,1200000
2022-09-07 12:26:07.236000,1.31877,1.31862,1920000,1340000
2022-09-07 12:26:07.794000,1.31877,1.31862,1920000,1200000
2022-09-07 12:26:09.221000,1.31878,1.31863,2520000,1200000
2022-09-07 12:26:09.323000,1.31878,1.31864,2520000,1200000
2022-09-07 12:26:09.782000,1.31878,1.31864,2520000,1200000
2022-09-07 12:26:11.613000,1.31876,1.31861,1320000,1340000
2022-09-07 12:26:12.295000,1.31874,1.3186,2060000,1800000
2022-09-07 12:26:12.538000,1.31872,1.31859,1200000,1800000
2022-09-07 12:26:13.538000,1.31871,1.31859,1200000,1200000
2022-09-07 12:26:14.218000,1.31876,1.3186,1920000,1320000
2022-09-07 12:26:14.521000,1.31876,1.3186,1920000,1200000
2022-09-07 12:26:14.933000,1.31872,1.31859,1200000,1200000
2022-09-07 12:26:15.306000,1.31875,1.3186,1920000,1200000
2022-09-07 12:26:15.458000,1.31876,1.3186,1920000,1320000
2022-09-07 12:26:15.821000,1.31876,1.3186,2060000,1200000
2022-09-07 12:26:16.668000,1.31871,1.31861,1200000,1200000
2022-09-07 12:26:16.883000,1.31872,1.31859,1200000,1200000
2022-09-07 12:26:18.841000,1.31872,1.31859,1200000,1200000
2022-09-07 12:26:19.036000,1.31872,1.31859,1200000,1200000
2022-09-07 12:26:19.438000,1.31872,1.31859,1200000,1200000
2022-09-07 12:26:19.680000,1.31873,1.31861,1340000,1200000
2022-09-07 12:26:20.670000,1.31873,1.3186,1200000,1200000
2022-09-07 12:26:21.698000,1.31873,1.31861,1320000,1200000
2022-09-07 12:26:22.469000,1.31872,1.3186,1200000,1200000
2022-09-07 12:26:23.875000,1.31872,1.31857,1440000,1940000
2022-09-07 12:26:25.459000,1.31873,1.31858,1920000,1200000
2022-09-07 12:26:25.561000,1.31873,1.31859,1440000,1200000
2022-09-07 12:26:25.734000,1.31873,1.3186,2520000,1200000
2022-09-07 12:26:26.257000,1.31876,1.31859,2520000,1940000
2022-09-07 12:26:26.490000,1.31876,1.3186,2520000,1200000
2022-09-07 12:26:27.255000,1.31873,1.3186,1460000,1200000
2022-09-07 12:26:28.003000,1.31875,1.3186,1920000,1940000
2022-09-07 12:26:28.105000,1.31875,1.31864,1200000,1200000
2022-09-07 12:26:28.207000,1.31877,1.31865,1800000,1200000
2022-09-07 12:26:28.258000,1.31878,1.31863,1440000,1200000
2022-09-07 12:26:28.359000,1.31878,1.31866,1920000,1340000
2022-09-07 12:26:28.461000,1.31878,1.31866,1440000,1340000
2022-09-07 12:26:28.569000,1.31879,1.31865,1920000,1200000
2022-09-07 12:26:29.157000,1.31877,1.31864,1320000,1340000
2022-09-07 12:26:29.638000,1.31878,1.31862,2060000,1200000
2022-09-07 12:26:29.790000,1.31878,1.31862,1920000,1800000
2022-09-07 12:26:29.841000,1.31878,1.31863,1320000,1920000
2022-09-07 12:26:29.943000,1.31879,1.31865,1920000,1920000
2022-09-07 12:26:30.095000,1.31881,1.31868,1200000,2340000
2022-09-07 12:26:30.197000,1.31884,1.31869,1920000,1340000
2022-09-07 12:26:30.553000,1.31883,1.31867,1320000,2400000
2022-09-07 12:26:31.308000,1.31883,1.3187,1340000,1200000
2022-09-07 12:26:31.460000,1.31886,1.3187,2040000,1200000
2022-09-07 12:26:31.562000,1.31885,1.31869,1320000,1200000
2022-09-07 12:26:31.921000,1.31886,1.3187,1320000,1200000
2022-09-07 12:26:32.022000,1.31885,1.31869,1320000,1200000
2022-09-07 12:26:32.376000,1.31881,1.31869,1200000,1200000
2022-09-07 12:26:32.484000,1.31881,1.31867,1200000,1200000
2022-09-07 12:26:34.361000,1.31881,1.31868,1800000,1200000
2022-09-07 12:26:34.890000,1.31882,1.31869,1200000,1200000
2022-09-07 12:26:35.144000,1.31881,1.31869,1200000,1200000
2022-09-07 12:26:36.235000,1.31881,1.31868,1200000,1200000
2022-09-07 12:26:38.092000,1.31884,1.31869,1320000,1200000
2022-09-07 12:26:40.045000,1.31882,1.31869,1920000,1200000
2022-09-07 12:26:40.197000,1.31884,1.31868,1920000,1200000
2022-09-07 12:26:40.502000,1.31884,1.31868,1920000,1200000
2022-09-07 12:26:41.272000,1.31885,1.3187,1800000,1200000
2022-09-07 12:26:41.373000,1.31886,1.31872,1320000,1200000
2022-09-07 12:26:41.475000,1.31886,1.3187,1320000,2840000
2022-09-07 12:26:42.177000,1.31886,1.31869,1920000,1200000
2022-09-07 12:26:42.639000,1.31884,1.31868,1320000,1800000
2022-09-07 12:26:42.812000,1.31884,1.31868,1920000,1200000
2022-09-07 12:26:42.913000,1.31885,1.31868,2520000,1200000
2022-09-07 12:26:43.065000,1.31885,1.31868,2060000,1200000
2022-09-07 12:26:43.765000,1.31884,1.31868,2060000,1340000
2022-09-07 12:26:44.375000,1.31883,1.31869,2040000,1200000
2022-09-07 12:26:44.476000,1.31883,1.3187,1920000,1200000
2022-09-07 12:26:44.793000,1.31883,1.3187,1920000,1200000
2022-09-07 12:26:44.952000,1.31884,1.31868,2060000,1340000
2022-09-07 12:26:46.381000,1.31884,1.31869,1920000,1200000
2022-09-07 12:26:47.256000,1.31885,1.31869,1920000,1200000
2022-09-07 12:26:47.374000,1.31885,1.31869,1920000,1200000
2022-09-07 12:26:47.476000,1.31887,1.31871,1920000,1800000
2022-09-07 12:26:47.577000,1.31885,1.31869,1320000,1920000
2022-09-07 12:26:48.027000,1.31884,1.3187,1320000,1320000
2022-09-07 12:26:48.078000,1.31886,1.31872,1920000,1320000
2022-09-07 12:26:48.230000,1.31886,1.31872,1320000,1320000
2022-09-07 12:26:48.558000,1.31888,1.31871,2520000,1320000
2022-09-07 12:26:49.378000,1.31887,1.31871,1320000,1880000
2022-09-07 12:26:49.492000,1.31887,1.31871,1320000,1920000
2022-09-07 12:26:49.594000,1.31889,1.31876,2960000,1200000
2022-09-07 12:26:49.797000,1.3189,1.31875,2520000,1200000
2022-09-07 12:26:49.949000,1.31887,1.31871,1320000,1320000
2022-09-07 12:26:50.051000,1.31886,1.3187,1320000,3420000
2022-09-07 12:26:50.152000,1.31885,1.31871,1320000,2480000
2022-09-07 12:26:50.254000,1.31886,1.3187,1320000,1200000
2022-09-07 12:26:50.356000,1.31886,1.3187,2060000,1200000
2022-09-07 12:26:50.937000,1.31884,1.31868,2060000,1920000
2022-09-07 12:26:51.089000,1.31884,1.31868,2060000,1800000
2022-09-07 12:26:51.696000,1.3188,1.31865,1920000,1880000
2022-09-07 12:26:51.798000,1.3188,1.31864,1320000,1440000
2022-09-07 12:26:51.929000,1.31881,1.31864,2520000,1320000
2022-09-07 12:26:52.030000,1.31881,1.31866,1800000,1320000
2022-09-07 12:26:52.081000,1.31883,1.31868,1440000,1320000
2022-09-07 12:26:52.183000,1.31882,1.31868,2520000,1320000
2022-09-07 12:26:52.713000,1.31882,1.31868,2520000,1320000
2022-09-07 12:26:53.106000,1.31882,1.31869,2520000,1200000
2022-09-07 12:26:53.207000,1.31883,1.31868,1920000,1200000
2022-09-07 12:26:54.563000,1.31884,1.31868,2060000,1440000
2022-09-07 12:26:55.023000,1.31884,1.31869,1920000,1320000
2022-09-07 12:26:55.125000,1.31885,1.31874,2400000,1320000
2022-09-07 12:26:55.176000,1.31887,1.31874,1200000,1320000
2022-09-07 12:26:55.328000,1.31887,1.31873,1920000,2520000
2022-09-07 12:26:55.430000,1.31885,1.31872,1320000,1200000
2022-09-07 12:26:55.531000,1.31885,1.31871,2520000,1920000
2022-09-07 12:26:56.150000,1.31885,1.31871,2520000,1920000
2022-09-07 12:26:56.252000,1.31885,1.31871,2520000,1920000
2022-09-07 12:26:56.561000,1.31884,1.3187,1320000,1920000
2022-09-07 12:26:56.676000,1.31886,1.31871,1920000,1800000
2022-09-07 12:26:58.315000,1.31888,1.31871,1920000,1320000
2022-09-07 12:26:58.618000,1.31887,1.31871,1320000,1320000
2022-09-07 12:26:59.284000,1.31885,1.31869,2060000,1440000
2022-09-07 12:26:59.487000,1.31884,1.31868,1920000,1320000
2022-09-07 12:26:59.589000,1.31884,1.31868,1920000,1320000
2022-09-07 12:26:59.741000,1.31885,1.3187,1920000,1200000
2022-09-07 12:27:00.145000,1.31884,1.31868,1320000,2480000
2022-09-07 12:27:01.678000,1.31885,1.31872,1200000,1940000
2022-09-07 12:27:01.779000,1.31885,1.31872,1920000,1320000
2022-09-07 12:27:02.746000,1.31882,1.31871,1320000,1340000
2022-09-07 12:27:02.848000,1.31882,1.31868,1320000,2060000
2022-09-07 12:27:03.786000,1.31882,1.31867,1320000,1920000
2022-09-07 12:27:03.996000,1.31882,1.31866,1920000,1320000
2022-09-07 12:27:04.097000,1.31882,1.31866,2060000,1920000
2022-09-07 12:27:06.110000,1.31882,1.31867,1440000,1200000
2022-09-07 12:27:09.103000,1.31882,1.31867,1320000,1800000
2022-09-07 12:27:09.276000,1.31881,1.31868,1320000,1920000
2022-09-07 12:27:09.604000,1.31882,1.31866,1320000,2520000
2022-09-07 12:27:09.705000,1.31882,1.31866,1320000,2520000
2022-09-07 12:27:12.280000,1.31884,1.31868,1920000,1320000
2022-09-07 12:27:12.392000,1.31885,1.3187,2520000,1200000
2022-09-07 12:27:12.494000,1.31883,1.31868,1320000,1440000
2022-09-07 12:27:12.596000,1.31883,1.31869,1320000,1920000
2022-09-07 12:27:15.991000,1.31884,1.31868,1920000,1340000
2022-09-07 12:27:16.558000,1.31882,1.31867,1200000,2480000
2022-09-07 12:27:16.659000,1.31881,1.31868,1200000,1920000
2022-09-07 12:27:16.761000,1.31882,1.31867,1200000,1920000
2022-09-07 12:27:16.862000,1.31882,1.31867,1340000,1920000
2022-09-07 12:27:17.245000,1.31882,1.31867,1320000,1920000
2022-09-07 12:27:17.404000,1.31882,1.31866,1440000,2520000
2022-09-07 12:27:18.683000,1.31883,1.31869,2480000,1920000
2022-09-07 12:27:18.835000,1.31882,1.31869,1800000,1460000
2022-09-07 12:27:19.245000,1.31883,1.31868,1920000,1440000
2022-09-07 12:27:19.347000,1.31884,1.3187,1920000,1920000
2022-09-07 12:27:19.448000,1.31884,1.31868,1320000,2480000
2022-09-07 12:27:19.499000,1.31883,1.31868,1920000,1440000
2022-09-07 12:27:19.601000,1.31884,1.31868,1920000,1920000
2022-09-07 12:27:20.444000,1.31883,1.31867,1920000,2520000
2022-09-07 12:27:22.399000,1.31884,1.31868,1920000,1320000
2022-09-07 12:27:23.021000,1.31884,1.31869,1920000,1200000
2022-09-07 12:27:23.307000,1.31884,1.31868,2520000,1340000
2022-09-07 12:27:23.845000,1.31883,1.31868,1340000,1320000
2022-09-07 12:27:24.106000,1.31884,1.31868,2520000,1340000
2022-09-07 12:27:24.258000,1.31884,1.31868,2480000,1920000
2022-09-07 12:27:24.461000,1.31883,1.31867,1920000,2480000
2022-09-07 12:27:24.862000,1.31883,1.31868,1340000,1320000
2022-09-07 12:27:26.922000,1.31883,1.31868,1320000,1340000
2022-09-07 12:27:27.124000,1.31883,1.31869,1920000,1800000
2022-09-07 12:27:27.226000,1.31882,1.31868,1920000,3380000
2022-09-07 12:27:27.429000,1.31884,1.31868,1920000,1800000
2022-09-07 12:27:27.540000,1.31883,1.31867,1920000,2480000
2022-09-07 12:27:27.641000,1.31883,1.31868,1320000,1800000
2022-09-07 12:27:27.793000,1.31882,1.31868,1920000,2480000
2022-09-07 12:27:27.995000,1.31882,1.31868,1440000,2480000
2022-09-07 12:27:28.748000,1.31884,1.3187,1440000,1340000
2022-09-07 12:27:29.257000,1.31883,1.31869,1920000,2480000
2022-09-07 12:27:34.749000,1.31885,1.31869,1920000,1200000
2022-09-07 12:27:34.901000,1.31884,1.3187,1920000,1200000
2022-09-07 12:27:35.003000,1.31882,1.31869,1920000,1340000
2022-09-07 12:27:35.155000,1.31883,1.31868,1440000,1200000
2022-09-07 12:27:35.922000,1.31884,1.31871,1920000,1200000
2022-09-07 12:27:36.024000,1.31884,1.31869,1920000,1800000
2022-09-07 12:27:36.125000,1.31884,1.31869,1340000,1800000
2022-09-07 12:27:37.491000,1.31885,1.31869,2520000,1340000
2022-09-07 12:27:38.078000,1.31883,1.31868,1320000,2240000
2022-09-07 12:27:44.993000,1.31882,1.31866,1320000,2400000
2022-09-07 12:27:45.118000,1.31881,1.31867,1320000,2400000
2022-09-07 12:27:46.287000,1.31883,1.31867,2360000,1200000
2022-09-07 12:27:46.522000,1.31883,1.31867,2340000,1200000
2022-09-07 12:27:47.513000,1.31882,1.31868,2060000,1800000
2022-09-07 12:27:48.896000,1.31881,1.31868,1320000,1340000
2022-09-07 12:27:51.216000,1.31883,1.31867,1320000,1920000
2022-09-07 12:27:52.236000,1.31881,1.31867,1200000,1920000
2022-09-07 12:27:52.922000,1.31882,1.31866,1340000,2060000
2022-09-07 12:27:53.041000,1.31881,1.31868,1800000,1320000
2022-09-07 12:27:54.558000,1.31884,1.3187,2520000,1200000
2022-09-07 12:27:54.659000,1.31883,1.31867,1920000,1320000
2022-09-07 12:27:54.768000,1.31883,1.31868,1440000,1200000
2022-09-07 12:27:54.945000,1.31883,1.31867,1920000,1920000
2022-09-07 12:27:56.125000,1.31883,1.31868,1440000,1200000
2022-09-07 12:27:57.727000,1.31881,1.31868,1200000,2480000
2022-09-07 12:27:57.879000,1.31884,1.31868,1920000,1800000
2022-09-07 12:27:58.122000,1.31882,1.31867,1200000,2340000
2022-09-07 12:27:58.623000,1.31883,1.31867,1440000,2480000
2022-09-07 12:27:58.724000,1.31882,1.31868,1920000,2480000
2022-09-07 12:28:00.888000,1.31882,1.31868,1440000,2480000
2022-09-07 12:28:01.392000,1.31883,1.31867,1920000,2480000
2022-09-07 12:28:04.169000,1.3188,1.31868,1200000,1340000
2022-09-07 12:28:04.422000,1.31877,1.31866,2060000,1200000
2022-09-07 12:28:04.473000,1.31876,1.31861,1320000,2240000
2022-09-07 12:28:04.575000,1.31874,1.3186,1200000,1920000
2022-09-07 12:28:04.879000,1.31874,1.31861,1200000,2520000
2022-09-07 12:28:04.980000,1.31875,1.3186,1200000,2520000
2022-09-07 12:28:05.183000,1.31875,1.3186,1200000,2520000
2022-09-07 12:28:05.284000,1.31876,1.3186,1320000,2520000
2022-09-07 12:28:05.386000,1.31875,1.3186,1200000,2520000
2022-09-07 12:28:05.487000,1.31875,1.3186,1320000,1920000
2022-09-07 12:28:05.998000,1.31874,1.31859,1200000,2520000
2022-09-07 12:28:07.040000,1.31875,1.31863,1200000,1320000
2022-09-07 12:28:07.091000,1.31877,1.31863,1460000,1340000
2022-09-07 12:28:07.192000,1.31877,1.31861,1320000,1320000
2022-09-07 12:28:07.294000,1.31876,1.31862,1320000,1320000
2022-09-07 12:28:07.403000,1.31878,1.31863,3420000,1320000
2022-09-07 12:28:07.506000,1.31878,1.31862,1320000,1320000
2022-09-07 12:28:08.432000,1.31877,1.31861,1320000,1320000
2022-09-07 12:28:08.932000,1.31876,1.3186,1920000,1320000
2022-09-07 12:28:09.034000,1.31876,1.3186,1800000,1320000
2022-09-07 12:28:09.186000,1.31876,1.31861,1320000,1320000
2022-09-07 12:28:13.813000,1.31875,1.31859,1940000,1920000
2022-09-07 12:28:17.573000,1.31874,1.3186,1200000,1320000
2022-09-07 12:28:18.018000,1.31874,1.31861,1200000,1320000
2022-09-07 12:28:19.192000,1.31875,1.31861,1200000,1320000
2022-09-07 12:28:20.719000,1.31877,1.31861,2060000,1320000
2022-09-07 12:28:20.770000,1.31877,1.31865,1200000,1200000
2022-09-07 12:28:20.872000,1.3188,1.31865,1920000,1920000
2022-09-07 12:28:20.973000,1.31881,1.31866,1800000,1320000
2022-09-07 12:28:23.148000,1.31882,1.3187,1200000,1320000
2022-09-07 12:28:23.250000,1.31884,1.3187,1920000,1200000
2022-09-07 12:28:23.301000,1.31885,1.31871,2520000,1320000
2022-09-07 12:28:25.284000,1.31887,1.31869,1920000,1320000
2022-09-07 12:28:25.755000,1.31885,1.3187,1320000,1320000
2022-09-07 12:28:26.373000,1.31887,1.31869,1920000,1320000
2022-09-07 12:28:26.991000,1.31887,1.3187,1320000,1320000
2022-09-07 12:28:27.092000,1.31886,1.3187,1320000,1440000
2022-09-07 12:28:31.468000,1.31885,1.3187,1200000,1460000
2022-09-07 12:28:32.078000,1.31884,1.31868,1200000,1920000
2022-09-07 12:28:34.919000,1.31884,1.31868,1200000,1920000
2022-09-07 12:28:35.021000,1.31883,1.31869,1800000,1920000
2022-09-07 12:28:35.830000,1.31882,1.31868,1200000,1440000
2022-09-07 12:28:36.089000,1.31884,1.31868,2040000,1920000
2022-09-07 12:28:36.190000,1.31882,1.31867,1920000,2520000
2022-09-07 12:28:36.292000,1.31881,1.31866,1200000,2520000
2022-09-07 12:28:36.699000,1.31881,1.31866,1200000,1920000
2022-09-07 12:28:37.819000,1.3188,1.31866,1200000,2960000
2022-09-07 12:28:37.920000,1.31881,1.31865,1200000,2960000
2022-09-07 12:28:40.092000,1.31875,1.31865,1200000,1200000
2022-09-07 12:28:40.143000,1.31875,1.31863,1320000,2700000
2022-09-07 12:28:40.245000,1.31876,1.31861,1920000,2520000
2022-09-07 12:28:43.308000,1.31874,1.31859,1200000,1920000
2022-09-07 12:28:43.425000,1.31873,1.31859,1320000,1920000
2022-09-07 12:28:43.476000,1.31874,1.31857,1320000,1920000
2022-09-07 12:28:43.580000,1.31874,1.31857,1320000,2060000
2022-09-07 12:28:45.669000,1.31874,1.31857,1320000,2520000
2022-09-07 12:28:46.653000,1.31875,1.31862,1200000,1200000
2022-09-07 12:28:46.754000,1.31874,1.31863,1200000,1200000
2022-09-07 12:28:47.023000,1.31874,1.31862,1940000,1320000
2022-09-07 12:28:47.125000,1.31874,1.31863,1940000,1200000
2022-09-07 12:28:47.358000,1.31875,1.31861,1940000,1320000
2022-09-07 12:28:47.475000,1.31875,1.31862,1940000,1200000
2022-09-07 12:28:47.883000,1.31875,1.31862,1340000,1340000
2022-09-07 12:28:55.515000,1.31876,1.3186,1800000,2520000
2022-09-07 12:28:56.120000,1.31875,1.31861,1800000,1920000
2022-09-07 12:28:58.091000,1.31871,1.31857,1880000,1800000
2022-09-07 12:28:58.143000,1.31871,1.31855,2520000,1880000
2022-09-07 12:28:59.823000,1.31869,1.31853,1200000,2480000
2022-09-07 12:29:00.026000,1.31869,1.31854,1320000,2480000
2022-09-07 12:29:00.267000,1.31869,1.31857,1200000,1320000
2022-09-07 12:29:00.368000,1.31873,1.31857,2960000,2960000
2022-09-07 12:29:01.686000,1.31873,1.31857,1320000,3860000
2022-09-07 12:29:02.335000,1.31876,1.31866,1200000,1200000
2022-09-07 12:29:02.437000,1.31878,1.31865,1200000,1200000
2022-09-07 12:29:02.538000,1.31878,1.31864,1200000,2940000
2022-09-07 12:29:03.206000,1.3188,1.31864,1200000,2960000
2022-09-07 12:29:03.307000,1.31881,1.31867,1880000,1320000
2022-09-07 12:29:04.133000,1.31881,1.31865,1200000,1920000
2022-09-07 12:29:04.458000,1.31881,1.31866,1880000,1920000
2022-09-07 12:29:07.635000,1.31885,1.31872,1200000,1200000
2022-09-07 12:29:07.736000,1.31886,1.31873,1320000,1920000
2022-09-07 12:29:08.945000,1.31886,1.31874,1200000,1800000
2022-09-07 12:29:09.046000,1.31886,1.31874,1200000,1340000
2022-09-07 12:29:09.148000,1.31886,1.31871,1920000,1200000
2022-09-07 12:29:09.199000,1.31885,1.31871,1460000,3600000
2022-09-07 12:29:09.300000,1.31884,1.31869,1920000,1200000
2022-09-07 12:29:10.228000,1.31885,1.31865,1320000,2840000
2022-09-07 12:29:11.692000,1.31886,1.31866,2820000,1920000
2022-09-07 12:29:11.743000,1.31885,1.31868,1920000,1320000
2022-09-07 12:29:11.848000,1.31886,1.31867,1320000,1320000
2022-09-07 12:29:11.949000,1.31887,1.31868,1460000,1920000
2022-09-07 12:29:12.051000,1.31883,1.31868,1200000,1920000
2022-09-07 12:29:12.273000,1.31883,1.31868,1200000,1920000
2022-09-07 12:29:12.695000,1.31881,1.31869,1200000,1800000
2022-09-07 12:29:13.728000,1.31883,1.31866,1320000,2520000
2022-09-07 12:29:13.893000,1.31883,1.31866,1320000,2520000
2022-09-07 12:29:14.216000,1.31882,1.31867,1320000,2520000
2022-09-07 12:29:14.462000,1.31882,1.31867,1320000,2520000
2022-09-07 12:29:17.001000,1.31882,1.31868,1320000,2480000
2022-09-07 12:29:17.153000,1.31883,1.31867,1320000,2480000
2022-09-07 12:29:17.355000,1.31883,1.31867,1320000,2480000
2022-09-07 12:29:17.502000,1.31883,1.31867,1320000,2480000
2022-09-07 12:29:17.635000,1.31884,1.31867,1320000,1800000
2022-09-07 12:29:17.686000,1.31884,1.31867,1460000,1340000
2022-09-07 12:29:18.626000,1.31882,1.31867,1320000,1800000
2022-09-07 12:29:19.286000,1.31886,1.31867,3420000,1200000
2022-09-07 12:29:22.551000,1.31884,1.31867,1320000,1340000
2022-09-07 12:29:22.724000,1.31881,1.31866,1200000,1340000
2022-09-07 12:29:22.918000,1.31881,1.31866,1200000,1800000
2022-09-07 12:29:23.724000,1.31882,1.31865,1200000,1320000
2022-09-07 12:29:24.846000,1.31882,1.31865,1200000,2940000
2022-09-07 12:29:25.345000,1.31885,1.31865,1920000,2940000
2022-09-07 12:29:25.498000,1.31885,1.31866,1320000,1920000
2022-09-07 12:29:25.650000,1.31884,1.31868,1320000,1920000
2022-09-07 12:29:26.146000,1.31887,1.31867,1920000,1920000
2022-09-07 12:29:26.298000,1.31886,1.31868,1920000,1800000
2022-09-07 12:29:26.440000,1.31882,1.31868,1200000,1800000
2022-09-07 12:29:27.435000,1.31881,1.31868,1200000,1340000
2022-09-07 12:29:28.696000,1.31882,1.31867,1200000,1800000
2022-09-07 12:29:28.798000,1.31881,1.31867,1200000,2400000
2022-09-07 12:29:28.922000,1.31882,1.31866,1200000,2400000
2022-09-07 12:29:29.443000,1.31883,1.31866,1200000,2520000
2022-09-07 12:29:29.545000,1.31887,1.31866,2360000,2960000
2022-09-07 12:29:29.662000,1.31887,1.31866,2520000,2520000
2022-09-07 12:29:29.763000,1.31887,1.31866,2360000,2960000
2022-09-07 12:29:30.419000,1.31888,1.31866,3260000,2960000
2022-09-07 12:29:31.350000,1.31888,1.31867,3720000,1320000
2022-09-07 12:29:31.701000,1.31888,1.31867,1920000,2060000
2022-09-07 12:29:31.803000,1.31887,1.31869,1320000,1320000
2022-09-07 12:29:31.904000,1.31887,1.31868,1460000,2060000
2022-09-07 12:29:32.006000,1.31888,1.31867,1320000,2520000
2022-09-07 12:29:34.030000,1.31888,1.31869,1920000,1800000
2022-09-07 12:29:34.522000,1.31888,1.31868,2520000,1920000
2022-09-07 12:29:34.623000,1.31889,1.31875,1200000,1320000
2022-09-07 12:29:34.876000,1.31889,1.31876,1200000,1320000
2022-09-07 12:29:34.999000,1.3189,1.31874,1200000,1320000
2022-09-07 12:29:35.101000,1.31889,1.31875,1200000,1320000
2022-09-07 12:29:35.567000,1.31893,1.31875,2360000,1320000
2022-09-07 12:29:36.998000,1.31894,1.31879,1320000,1200000
2022-09-07 12:29:37.561000,1.31893,1.31877,1320000,1920000
2022-09-07 12:29:40.201000,1.31894,1.3188,1320000,1200000
2022-09-07 12:29:40.413000,1.31896,1.31879,4320000,1200000
2022-09-07 12:29:40.515000,1.31895,1.31879,1320000,1200000
2022-09-07 12:29:41.007000,1.31895,1.31878,1460000,1200000
2022-09-07 12:29:42.792000,1.31894,1.31878,1920000,1200000
2022-09-07 12:29:43.192000,1.31895,1.31874,1320000,2520000
2022-09-07 12:29:43.294000,1.31894,1.31875,1320000,2520000
2022-09-07 12:29:44.421000,1.31895,1.31876,3720000,1920000
2022-09-07 12:29:45.246000,1.31894,1.31874,2820000,1320000
2022-09-07 12:29:45.347000,1.31893,1.31875,3260000,2060000
2022-09-07 12:29:46.702000,1.31894,1.31876,3420000,1320000
2022-09-07 12:29:46.803000,1.31893,1.31875,2520000,1200000
2022-09-07 12:29:47.024000,1.3189,1.31874,1320000,1200000
2022-09-07 12:29:47.126000,1.3189,1.31874,1320000,1340000
2022-09-07 12:29:50.265000,1.31892,1.31877,3420000,1320000
2022-09-07 12:29:50.366000,1.31891,1.31876,1320000,1320000
2022-09-07 12:29:51.654000,1.31891,1.31875,1320000,1320000
2022-09-07 12:29:51.756000,1.31892,1.31874,1320000,1320000
2022-09-07 12:29:51.888000,1.31891,1.31875,2820000,1200000
2022-09-07 12:29:51.989000,1.31891,1.31875,1320000,1320000
2022-09-07 12:29:52.421000,1.31892,1.31874,2820000,1200000
2022-09-07 12:29:52.472000,1.31891,1.31875,3420000,1200000
2022-09-07 12:29:53.402000,1.3189,1.31873,2360000,1200000
2022-09-07 12:29:53.504000,1.31889,1.31868,3420000,6180000
2022-09-07 12:29:53.657000,1.31884,1.31866,1320000,1800000
2022-09-07 12:29:53.708000,1.31883,1.31863,1320000,2400000
2022-09-07 12:29:54.059000,1.31884,1.31863,3720000,2400000
2022-09-07 12:29:54.176000,1.31884,1.31865,2820000,1320000
2022-09-07 12:29:54.378000,1.31885,1.31869,1920000,1200000
2022-09-07 12:29:54.480000,1.31885,1.31865,1920000,2520000
2022-09-07 12:29:54.581000,1.31886,1.31865,2360000,2520000
2022-09-07 12:29:54.683000,1.31885,1.31865,1920000,2520000
2022-09-07 12:29:54.784000,1.31885,1.31865,1920000,2520000
2022-09-07 12:29:54.891000,1.31886,1.31865,1920000,2520000
2022-09-07 12:29:55.075000,1.31884,1.31866,1920000,2400000
2022-09-07 12:29:56.166000,1.31885,1.31866,1200000,2400000
2022-09-07 12:29:56.268000,1.31885,1.31865,1200000,1940000
2022-09-07 12:29:57.376000,1.31884,1.31871,1200000,1200000
2022-09-07 12:29:57.427000,1.31887,1.31873,1200000,1800000
2022-09-07 12:29:57.528000,1.31891,1.31873,1200000,1800000
2022-09-07 12:29:57.630000,1.31892,1.31873,2700000,1800000
2022-09-07 12:29:59.540000,1.31892,1.31873,1200000,1200000
2022-09-07 12:30:00.012000,1.31893,1.31873,1320000,1800000
2022-09-07 12:30:00.114000,1.31893,1.31873,1800000,1800000
2022-09-07 12:30:00.239000,1.31892,1.31873,1200000,1200000
2022-09-07 12:30:01.029000,1.31893,1.31873,2700000,1200000
2022-09-07 12:30:01.159000,1.31892,1.31873,1200000,1200000
2022-09-07 12:30:01.431000,1.31893,1.31871,2400000,1800000
2022-09-07 12:30:01.739000,1.31893,1.31873,2400000,1200000
2022-09-07 12:30:02.070000,1.31893,1.31871,2400000,1800000
2022-09-07 12:30:02.377000,1.31891,1.31872,1200000,2840000
2022-09-07 12:30:02.479000,1.31892,1.31872,1800000,2840000
2022-09-07 12:30:02.581000,1.3189,1.31869,1800000,1800000
2022-09-07 12:30:02.682000,1.3189,1.3187,1800000,1200000
2022-09-07 12:30:02.932000,1.31889,1.31869,1200000,1200000
2022-09-07 12:30:03.134000,1.3189,1.31868,2400000,1800000
2022-09-07 12:30:03.236000,1.3189,1.31868,1940000,2400000
2022-09-07 12:30:04.123000,1.3189,1.31868,1800000,2400000
2022-09-07 12:30:04.497000,1.31884,1.31867,1200000,1200000
2022-09-07 12:30:04.599000,1.31884,1.31864,1200000,1200000
2022-09-07 12:30:04.805000,1.31884,1.31863,1800000,2240000
2022-09-07 12:30:04.907000,1.31883,1.31864,1200000,1200000
2022-09-07 12:30:05.096000,1.31883,1.31863,1800000,1340000
2022-09-07 12:30:05.400000,1.31882,1.31863,2840000,1200000
2022-09-07 12:30:05.552000,1.31882,1.31861,2840000,1940000
2022-09-07 12:30:05.654000,1.31883,1.31862,2840000,1800000
2022-09-07 12:30:05.755000,1.31882,1.31861,1200000,1200000
2022-09-07 12:30:06.182000,1.3188,1.31863,1200000,1200000
2022-09-07 12:30:06.295000,1.3188,1.31862,1200000,1200000
2022-09-07 12:30:06.616000,1.31882,1.31862,2400000,1200000
2022-09-07 12:30:06.718000,1.31882,1.31862,1800000,1200000
2022-09-07 12:30:06.992000,1.31881,1.31863,1940000,1200000
2022-09-07 12:30:07.296000,1.31881,1.31861,2520000,1200000
2022-09-07 12:30:07.347000,1.31881,1.31863,2520000,1320000
2022-09-07 12:30:07.448000,1.31879,1.31861,1320000,1320000
2022-09-07 12:30:07.601000,1.31879,1.3186,1320000,1320000
2022-09-07 12:30:07.753000,1.31877,1.31862,1320000,1200000
2022-09-07 12:30:07.854000,1.31876,1.31861,2960000,1200000
2022-09-07 12:30:08.439000,1.31876,1.31862,2960000,1200000
2022-09-07 12:30:08.541000,1.31879,1.31861,2520000,1320000
2022-09-07 12:30:08.693000,1.31879,1.31862,2520000,1200000
2022-09-07 12:30:08.823000,1.31878,1.31862,2520000,1320000
2022-09-07 12:30:09.223000,1.31879,1.31863,1320000,1200000
2022-09-07 12:30:09.324000,1.31882,1.31862,2520000,1200000
2022-09-07 12:30:09.864000,1.31881,1.31864,2960000,1200000
2022-09-07 12:30:09.965000,1.31882,1.31862,2960000,1200000
2022-09-07 12:30:10.117000,1.31881,1.31862,2520000,1320000
2022-09-07 12:30:10.669000,1.31879,1.31861,2520000,1920000
2022-09-07 12:30:11.497000,1.31879,1.31863,2520000,1200000
2022-09-07 12:30:11.964000,1.31881,1.31859,2520000,3420000
2022-09-07 12:30:12.065000,1.3188,1.31861,2520000,1320000
2022-09-07 12:30:13.508000,1.3188,1.3186,2960000,1920000
2022-09-07 12:30:14.021000,1.31878,1.31861,2960000,1800000
2022-09-07 12:30:14.072000,1.31877,1.31861,2960000,1800000
2022-09-07 12:30:14.174000,1.31877,1.3186,1320000,1800000
2022-09-07 12:30:15.023000,1.31877,1.3186,1320000,1920000
2022-09-07 12:30:15.075000,1.31877,1.3186,1320000,1920000
2022-09-07 12:30:15.177000,1.31875,1.3186,1320000,1800000
2022-09-07 12:30:16.762000,1.31875,1.31858,1320000,1920000
2022-09-07 12:30:16.864000,1.31873,1.31859,1320000,1920000
2022-09-07 12:30:20.539000,1.3187,1.31857,1920000,1200000
2022-09-07 12:30:20.590000,1.31869,1.31855,1320000,1340000
2022-09-07 12:30:20.742000,1.3187,1.31855,1460000,1920000
2022-09-07 12:30:20.844000,1.31869,1.31854,1920000,1200000
2022-09-07 12:30:22.264000,1.31867,1.31852,1880000,2060000
2022-09-07 12:30:22.315000,1.31869,1.31852,1320000,1320000
2022-09-07 12:30:24.374000,1.31868,1.31851,1320000,1800000
2022-09-07 12:30:24.728000,1.31867,1.3185,1920000,2400000
2022-09-07 12:30:25,1.31866,1.3185,1340000,2400000
2022-09-07 12:30:25.102000,1.31868,1.31854,1320000,1800000
2022-09-07 12:30:27.193000,1.31871,1.31855,1920000,1920000
2022-09-07 12:30:27.294000,1.31871,1.31856,1460000,1320000
2022-09-07 12:30:27.699000,1.3187,1.31854,1320000,3740000
2022-09-07 12:30:27.750000,1.31869,1.31854,1320000,1800000
2022-09-07 12:30:29.959000,1.3187,1.31854,1920000,1200000
2022-09-07 12:30:30.720000,1.31869,1.31852,1320000,1800000
2022-09-07 12:30:32.701000,1.3187,1.31856,1460000,1200000
2022-09-07 12:30:32.803000,1.31873,1.31856,1320000,1200000
2022-09-07 12:30:32.904000,1.31872,1.31857,1320000,1200000
2022-09-07 12:30:33.056000,1.3187,1.31857,1440000,1320000
2022-09-07 12:30:33.259000,1.31872,1.31858,1320000,1200000
2022-09-07 12:30:33.360000,1.31874,1.31858,1920000,1920000
2022-09-07 12:30:33.563000,1.31875,1.31859,2060000,1200000
2022-09-07 12:30:33.664000,1.31875,1.31859,1320000,1200000
2022-09-07 12:30:33.914000,1.31876,1.31859,2060000,1200000
2022-09-07 12:30:34.128000,1.31876,1.31859,1920000,1200000
2022-09-07 12:30:34.753000,1.31876,1.31859,1320000,1200000
2022-09-07 12:30:34.855000,1.31877,1.31859,1920000,1200000
2022-09-07 12:30:35.007000,1.31876,1.3186,1920000,1200000
2022-09-07 12:30:36.516000,1.31876,1.31861,1920000,1200000
2022-09-07 12:30:36.617000,1.31877,1.3186,2060000,1200000
2022-09-07 12:30:36.769000,1.31877,1.3186,2520000,1200000
2022-09-07 12:30:37.337000,1.31874,1.31859,1320000,1200000
2022-09-07 12:30:37.388000,1.31873,1.31859,1920000,2400000
2022-09-07 12:30:37.948000,1.31875,1.31861,1920000,1200000
2022-09-07 12:30:38.049000,1.31876,1.3186,1920000,1200000
2022-09-07 12:30:38.553000,1.31877,1.3186,2520000,1200000
2022-09-07 12:30:38.706000,1.31878,1.31862,1920000,1200000
2022-09-07 12:30:38.880000,1.31878,1.31864,4320000,1200000
2022-09-07 12:30:39.083000,1.31878,1.31864,2960000,1200000
2022-09-07 12:30:39.902000,1.31878,1.31864,1320000,1200000
2022-09-07 12:30:40.082000,1.3188,1.31865,1920000,1920000
2022-09-07 12:30:40.183000,1.31882,1.31866,1920000,1200000
2022-09-07 12:30:40.285000,1.3188,1.31865,1320000,2400000
2022-09-07 12:30:40.690000,1.3188,1.31865,1320000,1320000
2022-09-07 12:30:41.077000,1.31881,1.31867,1460000,1200000
2022-09-07 12:30:41.178000,1.31881,1.31867,1440000,1200000
2022-09-07 12:30:41.280000,1.31883,1.31866,2060000,1200000
2022-09-07 12:30:42.042000,1.31881,1.31867,1320000,1200000
2022-09-07 12:30:42.143000,1.3188,1.31868,1460000,1200000
2022-09-07 12:30:42.295000,1.3188,1.31868,1440000,1200000
2022-09-07 12:30:42.400000,1.31883,1.3187,1920000,1200000
2022-09-07 12:30:42.501000,1.31881,1.31868,1920000,1200000
2022-09-07 12:30:42.686000,1.31882,1.31868,1920000,1200000
2022-09-07 12:30:42.931000,1.31881,1.31868,1920000,1200000
2022-09-07 12:30:43.160000,1.31882,1.31867,1920000,1200000
2022-09-07 12:30:43.884000,1.31881,1.31867,1460000,1200000
2022-09-07 12:30:44.173000,1.31883,1.31867,2520000,1200000
2022-09-07 12:30:44.433000,1.3188,1.31866,2520000,1200000
2022-09-07 12:30:44.636000,1.3188,1.31865,1920000,1200000
2022-09-07 12:30:45.158000,1.31879,1.31863,1920000,1200000
2022-09-07 12:30:45.525000,1.31876,1.31863,1320000,1200000
2022-09-07 12:30:45.627000,1.31876,1.31861,1920000,1200000
2022-09-07 12:30:45.729000,1.31876,1.31859,1320000,1200000
2022-09-07 12:30:45.830000,1.31873,1.31859,1320000,1200000
2022-09-07 12:30:46.485000,1.31872,1.31857,1320000,1800000
2022-09-07 12:30:47.613000,1.31871,1.31857,1320000,1200000
2022-09-07 12:30:48.552000,1.31871,1.31857,1200000,1200000
2022-09-07 12:30:48.661000,1.31872,1.31857,1440000,1200000
2022-09-07 12:30:48.863000,1.31871,1.31856,1200000,1940000
2022-09-07 12:30:49.217000,1.31872,1.31856,1320000,1800000
2022-09-07 12:30:49.268000,1.31869,1.31854,1200000,1920000
2022-09-07 12:30:49.370000,1.3187,1.31856,1320000,1320000
2022-09-07 12:30:52.569000,1.31866,1.31852,1200000,1800000
2022-09-07 12:30:52.670000,1.31864,1.31851,1340000,1800000
2022-09-07 12:30:52.772000,1.31864,1.31851,1460000,1800000
2022-09-07 12:30:53.850000,1.31864,1.3185,1920000,1800000
2022-09-07 12:30:55.707000,1.31862,1.31847,1320000,2400000
2022-09-07 12:30:55.809000,1.31863,1.31847,1320000,1800000
2022-09-07 12:30:55.910000,1.31862,1.31847,1320000,1800000
2022-09-07 12:30:56.966000,1.31863,1.31847,1460000,1920000
2022-09-07 12:30:57.068000,1.31864,1.31848,1920000,1920000
2022-09-07 12:30:57.220000,1.31866,1.31849,1320000,1920000
2022-09-07 12:30:57.321000,1.31866,1.31849,1320000,1800000
2022-09-07 12:30:58.603000,1.31862,1.31848,1920000,1920000
2022-09-07 12:30:59.049000,1.3186,1.31846,1320000,1800000
2022-09-07 12:30:59.151000,1.3186,1.31843,1320000,1920000
2022-09-07 12:30:59.557000,1.31859,1.31844,1320000,1200000
2022-09-07 12:30:59.658000,1.31862,1.31847,1880000,1920000
2022-09-07 12:30:59.760000,1.31863,1.31849,1320000,1320000
2022-09-07 12:30:59.962000,1.31863,1.31848,1320000,1440000
2022-09-07 12:31:00.114000,1.31862,1.31849,1320000,1340000
2022-09-07 12:31:00.216000,1.31864,1.31848,1460000,1940000
2022-09-07 12:31:00.317000,1.31864,1.31848,1920000,1940000
2022-09-07 12:31:01.553000,1.31862,1.31848,1920000,2400000
2022-09-07 12:31:01.756000,1.31862,1.31849,1320000,1200000
2022-09-07 12:31:02.070000,1.31862,1.3185,1320000,1200000
2022-09-07 12:31:02.121000,1.31864,1.31849,1440000,1320000
2022-09-07 12:31:02.222000,1.31866,1.3185,2960000,1340000
2022-09-07 12:31:02.324000,1.31866,1.3185,2060000,1440000
2022-09-07 12:31:02.851000,1.31864,1.31853,1320000,1320000
2022-09-07 12:31:03.054000,1.31866,1.31853,1920000,1320000
2022-09-07 12:31:03.540000,1.31869,1.31852,1920000,1320000
2022-09-07 12:31:03.912000,1.31871,1.31861,1200000,1200000
2022-09-07 12:31:04.014000,1.31876,1.31861,1920000,1320000
2022-09-07 12:31:04.115000,1.31874,1.31863,1200000,1440000
2022-09-07 12:31:04.166000,1.31876,1.31863,1320000,2360000
2022-09-07 12:31:04.538000,1.31878,1.31865,1200000,1320000
2022-09-07 12:31:04.690000,1.31881,1.31864,2060000,1200000
2022-09-07 12:31:04.792000,1.3188,1.31865,1320000,1320000
2022-09-07 12:31:04.944000,1.31881,1.31864,1320000,1800000
2022-09-07 12:31:05.130000,1.3188,1.31865,1320000,1340000
2022-09-07 12:31:05.231000,1.31881,1.31866,1320000,1320000
2022-09-07 12:31:05.414000,1.31881,1.31866,1320000,2520000
2022-09-07 12:31:05.825000,1.31882,1.31865,1460000,2400000
2022-09-07 12:31:06.189000,1.31881,1.31865,1460000,2400000
2022-09-07 12:31:06.341000,1.3188,1.31865,1320000,1800000
2022-09-07 12:31:06.467000,1.31879,1.31866,1320000,1800000
2022-09-07 12:31:06.720000,1.3188,1.31864,1320000,1920000
2022-09-07 12:31:06.821000,1.31884,1.31868,3860000,1200000
2022-09-07 12:31:07.176000,1.31884,1.31868,3420000,1320000
2022-09-07 12:31:07.277000,1.31884,1.3187,1200000,1800000
2022-09-07 12:31:07.379000,1.31886,1.31872,1460000,1200000
2022-09-07 12:31:07.965000,1.31887,1.3187,1320000,1800000
2022-09-07 12:31:08.066000,1.31887,1.3187,1320000,1340000
2022-09-07 12:31:08.168000,1.31886,1.3187,1460000,1200000
2022-09-07 12:31:08.219000,1.31884,1.31867,1320000,1800000
2022-09-07 12:31:08.270000,1.31882,1.31867,1320000,1200000
2022-09-07 12:31:08.372000,1.31883,1.31866,1920000,1320000
2022-09-07 12:31:08.603000,1.31883,1.31866,2060000,1320000
2022-09-07 12:31:09.617000,1.31881,1.31867,1460000,1200000
2022-09-07 12:31:09.719000,1.31882,1.31865,1920000,2040000
2022-09-07 12:31:09.938000,1.31881,1.31867,1320000,1320000
2022-09-07 12:31:10.090000,1.31884,1.31867,3860000,1320000
2022-09-07 12:31:11.171000,1.31883,1.31869,1920000,1200000
2022-09-07 12:31:11.222000,1.31885,1.3187,1340000,1320000
2022-09-07 12:31:11.324000,1.31885,1.31874,1200000,1800000
2022-09-07 12:31:11.375000,1.31888,1.31872,1440000,1920000
2022-09-07 12:31:11.426000,1.31888,1.31872,1920000,1320000
2022-09-07 12:31:11.527000,1.31889,1.31872,2480000,1320000
2022-09-07 12:31:11.578000,1.31889,1.31874,1440000,1200000
2022-09-07 12:31:12.198000,1.31888,1.31873,1200000,1920000
2022-09-07 12:31:14.128000,1.3189,1.31874,3420000,1200000
2022-09-07 12:31:15.055000,1.31889,1.31875,1200000,1320000
2022-09-07 12:31:15.156000,1.31891,1.31875,1920000,1320000
2022-09-07 12:31:16.295000,1.31892,1.31876,2520000,1320000
2022-09-07 12:31:16.445000,1.31893,1.31879,1200000,1920000
2022-09-07 12:31:16.546000,1.31895,1.31879,1320000,1920000
2022-09-07 12:31:16.749000,1.31896,1.3188,1920000,1200000
2022-09-07 12:31:16.850000,1.31897,1.3188,2060000,1200000
2022-09-07 12:31:17.504000,1.31897,1.3188,2520000,1200000
2022-09-07 12:31:17.606000,1.319,1.31884,2360000,1200000
2022-09-07 12:31:17.707000,1.319,1.31882,2060000,1920000
2022-09-07 12:31:17.910000,1.31898,1.31882,1320000,1200000
2022-09-07 12:31:18.062000,1.31898,1.31882,1320000,1320000
2022-09-07 12:31:18.858000,1.31899,1.31883,1320000,1320000
2022-09-07 12:31:19.062000,1.31898,1.31883,1320000,1320000
2022-09-07 12:31:19.696000,1.31897,1.31884,1320000,2040000
2022-09-07 12:31:20.514000,1.319,1.31883,3420000,2480000
2022-09-07 12:31:20.642000,1.31898,1.31883,1320000,2040000
2022-09-07 12:31:24.241000,1.31899,1.31884,1920000,1200000
2022-09-07 12:31:24.393000,1.31899,1.31887,1460000,1200000
2022-09-07 12:31:24.646000,1.31902,1.31886,2520000,1200000
2022-09-07 12:31:24.831000,1.319,1.31884,2060000,1800000
2022-09-07 12:31:24.933000,1.31898,1.31884,2060000,1200000
2022-09-07 12:31:25.085000,1.31897,1.31882,1320000,1340000
2022-09-07 12:31:25.186000,1.31894,1.3188,1200000,1340000
2022-09-07 12:31:25.288000,1.31895,1.31878,1320000,1200000
2022-09-07 12:31:25.393000,1.31895,1.31879,1920000,1200000
2022-09-07 12:31:25.595000,1.31894,1.31879,1920000,1200000
2022-09-07 12:31:26.332000,1.31892,1.31877,1320000,1200000
2022-09-07 12:31:26.434000,1.31893,1.31876,1460000,1200000
2022-09-07 12:31:26.535000,1.31894,1.31877,1920000,1200000
2022-09-07 12:31:26.636000,1.31893,1.31875,1320000,2520000
2022-09-07 12:31:26.738000,1.31893,1.31879,1920000,1200000
2022-09-07 12:31:27.324000,1.31893,1.31878,2520000,1200000
2022-09-07 12:31:27.733000,1.31892,1.31878,1340000,1200000
2022-09-07 12:31:27.834000,1.31895,1.3188,1320000,1200000
2022-09-07 12:31:29.159000,1.31895,1.31879,1920000,1320000
2022-09-07 12:31:29.260000,1.31895,1.3188,1920000,1320000
2022-09-07 12:31:29.649000,1.31895,1.31879,1920000,1320000
2022-09-07 12:31:29.801000,1.31896,1.31879,2060000,1320000
2022-09-07 12:31:30.184000,1.31895,1.3188,3420000,1200000
2022-09-07 12:31:31.355000,1.31896,1.3188,2340000,1200000
2022-09-07 12:31:31.667000,1.31896,1.3188,1440000,1200000
2022-09-07 12:31:32.124000,1.31897,1.31881,3420000,1320000
2022-09-07 12:31:32.225000,1.31898,1.3188,3420000,1320000
2022-09-07 12:31:32.327000,1.31898,1.3188,3420000,1320000
2022-09-07 12:31:32.428000,1.31897,1.3188,1320000,1320000
2022-09-07 12:31:32.872000,1.31896,1.31879,1320000,2400000
2022-09-07 12:31:34.628000,1.31896,1.31878,1320000,2480000
2022-09-07 12:31:34.679000,1.31893,1.31878,1320000,1800000
2022-09-07 12:31:34.781000,1.31891,1.31877,1320000,1800000
2022-09-07 12:31:34.888000,1.31892,1.31876,1320000,1920000
2022-09-07 12:31:35.013000,1.31892,1.31876,1320000,1800000
2022-09-07 12:31:35.115000,1.31891,1.31876,1320000,1340000
2022-09-07 12:31:39.981000,1.31891,1.31876,2940000,2480000
2022-09-07 12:31:40.082000,1.31893,1.31878,2520000,1200000
2022-09-07 12:31:41.164000,1.3189,1.31876,2040000,1800000
2022-09-07 12:31:41.494000,1.31889,1.31875,1200000,1340000
2022-09-07 12:31:42.423000,1.31888,1.31875,1320000,1200000
2022-09-07 12:31:42.474000,1.31887,1.31874,1320000,1340000
2022-09-07 12:31:42.525000,1.31886,1.31871,1320000,1340000
2022-09-07 12:31:42.840000,1.31887,1.31871,1320000,1800000
2022-09-07 12:31:42.891000,1.31889,1.31874,1440000,1800000
2022-09-07 12:31:43.887000,1.31889,1.31874,1320000,1340000
2022-09-07 12:31:44.192000,1.3189,1.31873,1320000,2480000
2022-09-07 12:31:44.531000,1.3189,1.31873,1320000,2480000
2022-09-07 12:31:46.032000,1.3189,1.31873,1920000,2400000
2022-09-07 12:31:46.134000,1.31888,1.31873,1920000,1340000
2022-09-07 12:31:46.286000,1.31888,1.31873,1320000,1800000
2022-09-07 12:31:46.387000,1.31888,1.31873,1320000,1800000
2022-09-07 12:31:46.841000,1.31885,1.31872,1320000,1200000
2022-09-07 12:31:46.942000,1.31883,1.31869,1320000,2840000
2022-09-07 12:31:47.043000,1.31884,1.31868,1920000,1940000
2022-09-07 12:31:50.581000,1.31885,1.31868,2060000,1200000
2022-09-07 12:31:52.276000,1.31882,1.31866,1320000,1920000
2022-09-07 12:31:52.739000,1.31881,1.31866,1340000,1920000
2022-09-07 12:31:53.402000,1.3188,1.31867,1320000,1800000
2022-09-07 12:31:53.554000,1.31878,1.31865,1320000,1800000
2022-09-07 12:31:53.605000,1.31878,1.31863,1320000,1340000
2022-09-07 12:31:55.639000,1.31877,1.31866,1200000,1200000
2022-09-07 12:31:55.690000,1.31881,1.31866,2340000,1200000
2022-09-07 12:31:56.154000,1.3188,1.31865,1200000,1800000
2022-09-07 12:31:56.256000,1.31881,1.31865,1440000,1800000
2022-09-07 12:31:56.383000,1.3188,1.31865,1200000,1800000
2022-09-07 12:31:56.579000,1.31881,1.31865,1320000,1800000
2022-09-07 12:31:57.183000,1.3188,1.31866,1320000,2400000
2022-09-07 12:31:57.544000,1.31879,1.31865,1320000,1800000
2022-09-07 12:31:57.645000,1.31878,1.31863,1320000,1800000
2022-09-07 12:31:58.911000,1.31878,1.31861,1320000,2160000
2022-09-07 12:31:59.113000,1.31877,1.31862,1920000,1800000
2022-09-07 12:31:59.413000,1.31874,1.31859,1200000,1800000
2022-09-07 12:31:59.514000,1.31874,1.31858,1200000,3380000
2022-09-07 12:32:00.023000,1.31874,1.3186,1200000,2480000
2022-09-07 12:32:00.124000,1.31875,1.31859,1200000,2480000
2022-09-07 12:32:00.529000,1.31877,1.3186,1200000,2520000
2022-09-07 12:32:00.631000,1.31878,1.31866,1200000,1920000
2022-09-07 12:32:00.682000,1.31881,1.31867,1200000,1800000
2022-09-07 12:32:00.784000,1.31881,1.31868,1440000,1800000
2022-09-07 12:32:02.124000,1.31881,1.31868,1460000,1800000
2022-09-07 12:32:02.226000,1.31879,1.31866,1320000,1340000
2022-09-07 12:32:02.277000,1.31878,1.31862,2060000,2400000
2022-09-07 12:32:02.378000,1.31877,1.3186,1320000,2480000
2022-09-07 12:32:02.480000,1.31878,1.31862,1920000,1800000
2022-09-07 12:32:02.682000,1.31877,1.31861,1320000,1800000
2022-09-07 12:32:02.784000,1.31875,1.3186,1320000,1920000
2022-09-07 12:32:03.537000,1.31878,1.31862,2060000,1200000
2022-09-07 12:32:03.588000,1.31878,1.31862,1320000,1920000
2022-09-07 12:32:04.356000,1.31876,1.31861,1460000,1920000
2022-09-07 12:32:04.457000,1.31877,1.3186,1320000,1920000
2022-09-07 12:32:04.710000,1.31874,1.31859,1200000,2960000
2022-09-07 12:32:04.862000,1.31875,1.3186,1920000,2960000
2022-09-07 12:32:05.616000,1.31875,1.31859,1460000,2040000
2022-09-07 12:32:05.869000,1.31876,1.31859,1320000,2960000
2022-09-07 12:32:06.396000,1.31875,1.31859,1320000,1920000
2022-09-07 12:32:06.497000,1.31874,1.31859,1920000,1920000
2022-09-07 12:32:06.599000,1.31874,1.31859,1200000,1920000
2022-09-07 12:32:06.751000,1.31875,1.31859,1440000,1920000
2022-09-07 12:32:07.105000,1.31873,1.31861,1200000,1320000
2022-09-07 12:32:07.206000,1.31875,1.31861,1440000,1320000
2022-09-07 12:32:07.359000,1.31874,1.31862,1340000,1320000
2022-09-07 12:32:07.654000,1.31878,1.31865,1200000,1460000
2022-09-07 12:32:07.705000,1.31882,1.31866,2520000,1320000
2022-09-07 12:32:07.817000,1.3188,1.31866,1200000,2960000
2022-09-07 12:32:07.944000,1.31882,1.31867,1920000,2520000
2022-09-07 12:32:09.289000,1.31881,1.31867,1920000,1920000
2022-09-07 12:32:09.565000,1.31882,1.31867,1920000,1320000
2022-09-07 12:32:09.868000,1.31882,1.31866,1320000,1920000
2022-09-07 12:32:10.071000,1.31881,1.31867,1340000,1320000
2022-09-07 12:32:10.172000,1.31882,1.31868,1920000,1200000
2022-09-07 12:32:10.324000,1.31882,1.31866,1920000,2520000
2022-09-07 12:32:10.426000,1.31883,1.31867,1460000,1320000
2022-09-07 12:32:10.578000,1.31882,1.31866,1920000,1920000
2022-09-07 12:32:10.730000,1.31881,1.31867,1200000,1320000
2022-09-07 12:32:10.832000,1.31883,1.31869,1440000,1320000
2022-09-07 12:32:10.934000,1.31884,1.31867,1920000,2060000
2022-09-07 12:32:11.339000,1.31883,1.31866,1460000,2520000
2022-09-07 12:32:11.440000,1.31883,1.31868,2060000,1320000
2022-09-07 12:32:12.094000,1.31883,1.31869,3240000,1920000
2022-09-07 12:32:12.196000,1.31883,1.31869,1200000,1320000
2022-09-07 12:32:12.297000,1.31885,1.31869,1460000,1320000
2022-09-07 12:32:12.449000,1.31885,1.31871,1440000,1320000
2022-09-07 12:32:12.601000,1.31885,1.31871,1460000,1200000
2022-09-07 12:32:12.942000,1.31884,1.31869,1920000,1320000
2022-09-07 12:32:14.454000,1.31887,1.31872,1440000,1320000
2022-09-07 12:32:14.555000,1.31887,1.3187,2060000,1320000
2022-09-07 12:32:15.011000,1.31885,1.31872,1200000,1320000
2022-09-07 12:32:15.062000,1.31887,1.31872,1440000,1320000
2022-09-07 12:32:15.218000,1.31888,1.31874,1340000,1920000
2022-09-07 12:32:15.320000,1.31891,1.31877,2520000,1200000
2022-09-07 12:32:15.623000,1.3189,1.31878,1440000,1320000
2022-09-07 12:32:15.788000,1.31891,1.31875,2520000,1320000
2022-09-07 12:32:16.441000,1.31891,1.31875,1920000,1320000
2022-09-07 12:32:16.543000,1.3189,1.31877,1440000,1320000
2022-09-07 12:32:16.745000,1.31891,1.31876,1460000,1320000
2022-09-07 12:32:16.897000,1.31891,1.31876,1440000,1320000
2022-09-07 12:32:17.054000,1.3189,1.31877,1460000,1320000
2022-09-07 12:32:17.155000,1.3189,1.31877,1440000,1320000
2022-09-07 12:32:17.484000,1.3189,1.31877,1460000,1320000
2022-09-07 12:32:17.535000,1.3189,1.31875,1320000,1440000
2022-09-07 12:32:18.189000,1.3189,1.31876,2060000,1460000
2022-09-07 12:32:18.290000,1.31891,1.31876,1920000,1320000
2022-09-07 12:32:18.392000,1.31891,1.31876,1920000,1320000
2022-09-07 12:32:18.864000,1.31892,1.31876,2520000,1320000
2022-09-07 12:32:18.966000,1.31891,1.31875,1920000,1920000
2022-09-07 12:32:19.118000,1.31891,1.31875,1920000,2060000
2022-09-07 12:32:19.219000,1.31891,1.31875,1920000,1320000
2022-09-07 12:32:19.322000,1.31891,1.31876,1920000,1320000
2022-09-07 12:32:19.424000,1.31891,1.31874,2060000,1320000
2022-09-07 12:32:19.475000,1.31886,1.31873,1920000,1200000
2022-09-07 12:32:19.526000,1.31886,1.31869,1920000,2060000
2022-09-07 12:32:20.103000,1.31887,1.31871,1920000,1320000
2022-09-07 12:32:20.154000,1.31887,1.31874,2960000,1200000
2022-09-07 12:32:20.306000,1.31888,1.31873,1320000,1200000
2022-09-07 12:32:20.458000,1.31887,1.31874,1320000,1200000
2022-09-07 12:32:20.560000,1.31887,1.31871,1460000,1320000
2022-09-07 12:32:20.680000,1.31885,1.31871,1320000,1320000
2022-09-07 12:32:21.160000,1.31886,1.31871,1320000,1320000
2022-09-07 12:32:21.911000,1.31885,1.3187,3860000,1880000
2022-09-07 12:32:22.012000,1.31885,1.31871,2960000,1200000
2022-09-07 12:32:22.367000,1.31888,1.31874,1340000,1320000
2022-09-07 12:32:22.469000,1.31889,1.31875,1200000,1320000
2022-09-07 12:32:22.747000,1.31889,1.31874,1340000,2060000
2022-09-07 12:32:23.445000,1.31889,1.31874,1320000,1940000
2022-09-07 12:32:23.872000,1.31888,1.31873,2060000,1940000
2022-09-07 12:32:23.923000,1.31887,1.31872,1320000,1340000
2022-09-07 12:32:24.025000,1.31887,1.31871,1920000,1340000
2022-09-07 12:32:25.417000,1.31885,1.31871,1200000,1200000
2022-09-07 12:32:25.657000,1.31885,1.31871,1200000,1200000
2022-09-07 12:32:26.104000,1.31882,1.31869,1920000,2040000
2022-09-07 12:32:26.947000,1.31882,1.31868,1320000,1340000
2022-09-07 12:32:27.048000,1.31884,1.31867,1920000,1940000
2022-09-07 12:32:27.150000,1.31883,1.31869,1920000,1200000
2022-09-07 12:32:29.488000,1.31886,1.31871,1440000,2040000
2022-09-07 12:32:30.436000,1.31887,1.31873,1440000,1200000
2022-09-07 12:32:30.537000,1.31888,1.31874,1340000,1320000
2022-09-07 12:32:30.639000,1.3189,1.31874,1920000,1320000
2022-09-07 12:32:30.751000,1.31891,1.31875,3420000,1320000
2022-09-07 12:32:30.852000,1.3189,1.31876,3260000,1320000
2022-09-07 12:32:31.011000,1.31891,1.31875,2820000,1320000
2022-09-07 12:32:31.454000,1.3189,1.31875,3720000,1920000
2022-09-07 12:32:31.714000,1.31891,1.31875,1920000,1320000
2022-09-07 12:32:32.036000,1.31891,1.31874,2820000,2520000
2022-09-07 12:32:32.330000,1.31891,1.31875,1920000,1320000
2022-09-07 12:32:33.035000,1.31891,1.31876,1320000,1320000
2022-09-07 12:32:33.136000,1.31892,1.31877,1320000,1320000
2022-09-07 12:32:33.238000,1.31892,1.31877,1320000,1200000
2022-09-07 12:32:33.339000,1.31892,1.31877,1320000,1320000
2022-09-07 12:32:33.772000,1.31891,1.31877,1320000,1320000
2022-09-07 12:32:33.874000,1.31892,1.31875,2360000,2040000
2022-09-07 12:32:34.565000,1.3189,1.31876,1320000,1440000
2022-09-07 12:32:34.906000,1.31889,1.31873,1320000,1200000
2022-09-07 12:32:35.521000,1.31888,1.31873,2520000,1940000
2022-09-07 12:32:35.723000,1.31889,1.31872,1920000,1940000
2022-09-07 12:32:35.774000,1.31887,1.3187,2960000,2040000
2022-09-07 12:32:36.282000,1.31886,1.3187,1920000,1800000
2022-09-07 12:32:36.383000,1.31886,1.3187,1320000,2040000
2022-09-07 12:32:36.497000,1.31886,1.3187,1200000,2060000
2022-09-07 12:32:36.548000,1.31885,1.31871,1320000,1880000
2022-09-07 12:32:37.885000,1.31886,1.31871,1320000,1200000
2022-09-07 12:32:38.907000,1.31885,1.31872,1320000,1200000
2022-09-07 12:32:39.009000,1.31885,1.31872,1320000,1200000
2022-09-07 12:32:39.110000,1.31885,1.31871,1200000,1920000
2022-09-07 12:32:39.212000,1.31887,1.31873,1920000,1200000
2022-09-07 12:32:39.313000,1.31888,1.31872,2040000,1200000
2022-09-07 12:32:39.614000,1.31888,1.31871,2340000,1940000
2022-09-07 12:32:40.085000,1.31887,1.31872,1880000,1940000
2022-09-07 12:32:41.955000,1.31888,1.31871,1920000,1800000
2022-09-07 12:32:42.056000,1.31889,1.31876,1200000,1200000
2022-09-07 12:32:42.158000,1.3189,1.31874,1320000,2960000
2022-09-07 12:32:42.310000,1.3189,1.31876,1200000,1320000
2022-09-07 12:32:42.488000,1.31892,1.31878,1920000,1340000
2022-09-07 12:32:42.741000,1.31892,1.31878,1920000,1920000
2022-09-07 12:32:42.842000,1.31893,1.3188,1460000,1200000
2022-09-07 12:32:43.810000,1.31894,1.31882,1200000,1200000
2022-09-07 12:32:43.861000,1.31897,1.31883,3260000,1320000
2022-09-07 12:32:43.912000,1.31898,1.31884,1200000,1320000
2022-09-07 12:32:44.115000,1.31898,1.31881,1920000,2480000
2022-09-07 12:32:44.216000,1.31895,1.31882,1460000,1800000
2022-09-07 12:32:44.318000,1.31894,1.3188,1460000,1200000
2022-09-07 12:32:44.470000,1.31893,1.31879,1320000,1800000
2022-09-07 12:32:44.572000,1.31893,1.31876,1460000,2040000
2022-09-07 12:32:44.778000,1.31893,1.31876,2360000,1320000
2022-09-07 12:32:45.831000,1.31892,1.31879,3260000,1200000
2022-09-07 12:32:45.933000,1.31896,1.31881,1880000,1320000
2022-09-07 12:32:46.034000,1.31896,1.31881,1460000,1200000
2022-09-07 12:32:46.249000,1.31896,1.31882,3260000,1320000
2022-09-07 12:32:46.475000,1.31897,1.31882,1460000,1200000
2022-09-07 12:32:46.577000,1.31898,1.31884,1320000,1200000
2022-09-07 12:32:46.678000,1.31899,1.31884,2340000,1320000
2022-09-07 12:32:46.780000,1.31899,1.31884,1320000,1320000
2022-09-07 12:32:46.947000,1.31898,1.31887,1200000,1320000
2022-09-07 12:32:46.998000,1.31899,1.31888,1200000,1320000
2022-09-07 12:32:47.851000,1.319,1.3189,1200000,1920000
2022-09-07 12:32:47.953000,1.31902,1.31893,1200000,1320000
2022-09-07 12:32:48.054000,1.31902,1.31891,1200000,1200000
2022-09-07 12:32:48.105000,1.319,1.3189,1200000,1200000
2022-09-07 12:32:48.409000,1.31899,1.31889,1200000,1200000
2022-09-07 12:32:48.510000,1.319,1.31888,1200000,1200000
2022-09-07 12:32:48.561000,1.31905,1.31888,1920000,1320000
2022-09-07 12:32:49.324000,1.31904,1.31889,2060000,1200000
2022-09-07 12:32:49.444000,1.31905,1.31888,2520000,1200000
2022-09-07 12:32:49.545000,1.31905,1.31888,2960000,1200000
2022-09-07 12:32:49.596000,1.31903,1.31888,1320000,1200000
2022-09-07 12:32:49.698000,1.31902,1.31885,2060000,1200000
2022-09-07 12:32:50.027000,1.31902,1.31885,2060000,1320000
2022-09-07 12:32:50.079000,1.31903,1.31887,1880000,1320000
2022-09-07 12:32:50.482000,1.31905,1.31888,2360000,1320000
2022-09-07 12:32:50.786000,1.31904,1.3189,2520000,1320000
2022-09-07 12:32:50.887000,1.31904,1.3189,2480000,1320000
2022-09-07 12:32:50.989000,1.31905,1.31889,1920000,1320000
2022-09-07 12:32:51.408000,1.31905,1.31889,1920000,1320000
2022-09-07 12:32:51.628000,1.31904,1.3189,1920000,1320000
2022-09-07 12:32:52.148000,1.31905,1.31889,1920000,1320000
2022-09-07 12:32:52.199000,1.31905,1.31893,1440000,1320000
2022-09-07 12:32:52.502000,1.31907,1.31892,1920000,1320000
2022-09-07 12:32:52.604000,1.31908,1.31893,2520000,1200000
2022-09-07 12:32:52.705000,1.31908,1.31893,2520000,1200000
2022-09-07 12:32:52.847000,1.31908,1.31892,2520000,1200000
2022-09-07 12:32:52.951000,1.31907,1.31891,1320000,1920000
2022-09-07 12:32:53.255000,1.31908,1.31892,2520000,1320000
2022-09-07 12:32:53.356000,1.31908,1.31892,2520000,1320000
2022-09-07 12:32:53.508000,1.31907,1.31893,2480000,1320000
2022-09-07 12:32:53.711000,1.31908,1.31892,2520000,1320000
2022-09-07 12:32:54.881000,1.31907,1.31892,1920000,1320000
2022-09-07 12:32:55.486000,1.31906,1.31892,1200000,1320000
2022-09-07 12:32:55.537000,1.31906,1.31892,1200000,2960000
2022-09-07 12:32:55.689000,1.31909,1.31894,1800000,1320000
2022-09-07 12:32:55.790000,1.31909,1.31894,2480000,2060000
2022-09-07 12:32:55.942000,1.3191,1.31894,1800000,1320000
2022-09-07 12:32:56.061000,1.3191,1.31893,2480000,2060000
2022-09-07 12:32:58.262000,1.31908,1.31892,1920000,1440000
2022-09-07 12:32:58.876000,1.31903,1.31891,1320000,1440000
2022-09-07 12:32:59.129000,1.31904,1.3189,1920000,1320000
2022-09-07 12:33:00.091000,1.31905,1.31888,3420000,1920000
2022-09-07 12:33:00.193000,1.31905,1.31889,4280000,1320000
2022-09-07 12:33:00.295000,1.31904,1.31893,1200000,1320000
2022-09-07 12:33:00.396000,1.31908,1.31891,3420000,1320000
2022-09-07 12:33:00.548000,1.31907,1.31892,3420000,1320000
2022-09-07 12:33:00.649000,1.31907,1.31892,3420000,1320000
2022-09-07 12:33:00.751000,1.31907,1.3189,1320000,2520000
2022-09-07 12:33:01.046000,1.31908,1.31892,3380000,1320000
2022-09-07 12:33:01.299000,1.31907,1.31892,3380000,2520000
2022-09-07 12:33:01.637000,1.31908,1.31892,1920000,1320000
2022-09-07 12:33:02.333000,1.31908,1.31893,1920000,1320000
2022-09-07 12:33:02.384000,1.31909,1.31894,1340000,1320000
2022-09-07 12:33:02.435000,1.3191,1.31898,1440000,1320000
2022-09-07 12:33:02.537000,1.31911,1.31897,1340000,1920000
2022-09-07 12:33:02.891000,1.3191,1.31896,1880000,2520000
2022-09-07 12:33:04.018000,1.31911,1.31896,2060000,1920000
2022-09-07 12:33:04.224000,1.31912,1.31898,1920000,1200000
2022-09-07 12:33:04.275000,1.31914,1.31898,2520000,1320000
2022-09-07 12:33:04.478000,1.31912,1.31896,1920000,1440000
2022-09-07 12:33:04.782000,1.31908,1.31895,2060000,1340000
2022-09-07 12:33:05.432000,1.31906,1.31893,1320000,1200000
2022-09-07 12:33:05.635000,1.31908,1.31892,2040000,1320000
2022-09-07 12:33:05.685000,1.31907,1.31893,1320000,1320000
2022-09-07 12:33:05.736000,1.3191,1.31893,2040000,2520000
2022-09-07 12:33:06.236000,1.31909,1.31894,1320000,2480000
2022-09-07 12:33:06.647000,1.3191,1.31896,1920000,1320000
2022-09-07 12:33:08.172000,1.3191,1.31896,3420000,1200000
2022-09-07 12:33:08.273000,1.31911,1.31895,3420000,1200000
2022-09-07 12:33:08.475000,1.31909,1.31894,1920000,1200000
2022-09-07 12:33:08.830000,1.31906,1.31893,1440000,1200000
2022-09-07 12:33:08.881000,1.31906,1.31891,1320000,1340000
2022-09-07 12:33:08.982000,1.31905,1.3189,2520000,1940000
2022-09-07 12:33:09.185000,1.31904,1.31889,1460000,1800000
2022-09-07 12:33:09.332000,1.31904,1.31889,1920000,1340000
2022-09-07 12:33:09.433000,1.31904,1.31889,1460000,1340000
2022-09-07 12:33:10.605000,1.31902,1.31888,2520000,1340000
2022-09-07 12:33:10.706000,1.319,1.31885,2520000,1800000
2022-09-07 12:33:11.149000,1.319,1.31883,2520000,2040000
2022-09-07 12:33:11.622000,1.31897,1.31884,1320000,1200000
2022-09-07 12:33:11.724000,1.31896,1.3188,1460000,1800000
2022-09-07 12:33:11.825000,1.31896,1.3188,1920000,1800000
2022-09-07 12:33:11.927000,1.31896,1.3188,1440000,2060000
2022-09-07 12:33:12.028000,1.31896,1.3188,1920000,2040000
2022-09-07 12:33:14.736000,1.31895,1.31877,1320000,2520000
2022-09-07 12:33:14.838000,1.31895,1.31878,1320000,1320000
2022-09-07 12:33:15.649000,1.31895,1.31878,1320000,2060000
2022-09-07 12:33:15.755000,1.31895,1.31879,1440000,1320000
2022-09-07 12:33:16.283000,1.31897,1.31883,1800000,1920000
2022-09-07 12:33:16.334000,1.31898,1.31883,1340000,1920000
2022-09-07 12:33:16.385000,1.31898,1.31884,1200000,2520000
2022-09-07 12:33:16.587000,1.31898,1.31886,1200000,1320000
2022-09-07 12:33:16.748000,1.31898,1.31885,1200000,2520000
2022-09-07 12:33:17.196000,1.31902,1.31885,1920000,2520000
2022-09-07 12:33:17.377000,1.31898,1.31886,1320000,1200000
2022-09-07 12:33:17.428000,1.31897,1.31882,2520000,1200000
2022-09-07 12:33:17.529000,1.31896,1.3188,1200000,2040000
2022-09-07 12:33:17.580000,1.31895,1.31881,1920000,1800000
2022-09-07 12:33:18.138000,1.31897,1.3188,2480000,1320000
2022-09-07 12:33:18.189000,1.31898,1.31881,1460000,2400000
2022-09-07 12:33:18.290000,1.31899,1.31882,1320000,1800000
2022-09-07 12:33:18.421000,1.31899,1.31882,1320000,1800000
2022-09-07 12:33:18.522000,1.31899,1.31882,1320000,1800000
2022-09-07 12:33:19.085000,1.31898,1.31885,1440000,1200000
2022-09-07 12:33:20.098000,1.31901,1.31884,2480000,1320000
2022-09-07 12:33:20.351000,1.319,1.31883,1320000,2480000
2022-09-07 12:33:23.018000,1.31899,1.31883,1320000,2040000
2022-09-07 12:33:23.119000,1.319,1.31883,1320000,2520000
2022-09-07 12:33:24.066000,1.31899,1.31883,1320000,1800000
2022-09-07 12:33:24.408000,1.31898,1.31884,1320000,1800000
2022-09-07 12:33:25.887000,1.31902,1.31885,2040000,1920000
2022-09-07 12:33:25.989000,1.31901,1.31887,2520000,1200000
2022-09-07 12:33:26.191000,1.319,1.31885,1440000,1920000
2022-09-07 12:33:26.466000,1.31901,1.31883,1320000,1920000
2022-09-07 12:33:26.517000,1.319,1.31883,1320000,1920000
2022-09-07 12:33:28.413000,1.31899,1.31883,1320000,1920000
2022-09-07 12:33:28.464000,1.31896,1.31884,1320000,1200000
2022-09-07 12:33:28.566000,1.31895,1.31881,1200000,1800000
2022-09-07 12:33:30.712000,1.31898,1.31881,1920000,2520000
2022-09-07 12:33:31.084000,1.31898,1.31883,1920000,1320000
2022-09-07 12:33:31.135000,1.31899,1.31884,1800000,1320000
2022-09-07 12:33:31.236000,1.319,1.31884,2040000,1920000
2022-09-07 12:33:32.111000,1.31899,1.31886,1920000,1200000
2022-09-07 12:33:32.313000,1.319,1.31884,2060000,1440000
2022-09-07 12:33:33.202000,1.31898,1.31882,1320000,1920000
2022-09-07 12:33:33.465000,1.31897,1.31883,1320000,1920000
2022-09-07 12:33:34.641000,1.31898,1.31883,1440000,1920000
2022-09-07 12:33:35.362000,1.31898,1.31881,1920000,2520000
2022-09-07 12:33:35.464000,1.31894,1.3188,1320000,2480000
2022-09-07 12:33:35.667000,1.31895,1.31879,1340000,2060000
2022-09-07 12:33:36.476000,1.31894,1.31879,1200000,1920000
2022-09-07 12:33:36.577000,1.31894,1.3188,1880000,1920000
2022-09-07 12:33:36.679000,1.31891,1.31878,1920000,1800000
2022-09-07 12:33:36.831000,1.3189,1.31876,1320000,1800000
2022-09-07 12:33:36.882000,1.31889,1.31876,1200000,1200000
2022-09-07 12:33:37.085000,1.31888,1.31875,1800000,1320000
2022-09-07 12:33:37.287000,1.31889,1.31873,1320000,2480000
2022-09-07 12:33:37.896000,1.31888,1.31873,1460000,2400000
2022-09-07 12:33:37.947000,1.31886,1.31871,1320000,1340000
2022-09-07 12:33:38.049000,1.31888,1.31872,2060000,1440000
2022-09-07 12:33:38.100000,1.31888,1.31873,1800000,1920000
2022-09-07 12:33:38.201000,1.31889,1.31875,1460000,2040000
2022-09-07 12:33:38.305000,1.3189,1.31875,2520000,2060000
2022-09-07 12:33:38.407000,1.3189,1.31873,1320000,2520000
2022-09-07 12:33:38.508000,1.31889,1.31874,1320000,1920000
2022-09-07 12:33:38.614000,1.31888,1.31874,1320000,1920000
2022-09-07 12:33:40.104000,1.31887,1.31872,1320000,1440000
2022-09-07 12:33:40.306000,1.31887,1.3187,1920000,1320000
2022-09-07 12:33:40.408000,1.31888,1.3187,1920000,1320000
2022-09-07 12:33:40.509000,1.31887,1.31871,1920000,1320000
2022-09-07 12:33:40.614000,1.31888,1.3187,1920000,1320000
2022-09-07 12:33:40.815000,1.31887,1.31871,1920000,1320000
2022-09-07 12:33:40.985000,1.31888,1.3187,1920000,2060000
2022-09-07 12:33:41.462000,1.31887,1.3187,1920000,2040000
2022-09-07 12:33:42.337000,1.31885,1.31871,1920000,1440000
2022-09-07 12:33:43.285000,1.31887,1.3187,1920000,1460000
2022-09-07 12:33:43.387000,1.31886,1.31872,1920000,1320000
2022-09-07 12:33:44.101000,1.31887,1.31872,1800000,1320000
2022-09-07 12:33:44.202000,1.31888,1.31875,2400000,1920000
2022-09-07 12:33:44.701000,1.31888,1.31874,1920000,1440000
2022-09-07 12:33:45.154000,1.31888,1.31874,1800000,1320000
2022-09-07 12:33:45.256000,1.31889,1.31874,1800000,1320000
2022-09-07 12:33:45.818000,1.31886,1.31872,1200000,1340000
2022-09-07 12:33:45.919000,1.31887,1.31871,1920000,1320000
2022-09-07 12:33:46.021000,1.31886,1.31872,1800000,1460000
2022-09-07 12:33:46.223000,1.31887,1.31872,1920000,1340000
2022-09-07 12:33:46.424000,1.31886,1.31872,1920000,1340000
2022-09-07 12:33:46.879000,1.31886,1.31869,3420000,1800000
2022-09-07 12:33:46.930000,1.31884,1.31868,2060000,1340000
2022-09-07 12:33:47.082000,1.3188,1.31867,1200000,2480000
2022-09-07 12:33:47.234000,1.31882,1.31868,1340000,1200000
2022-09-07 12:33:47.696000,1.31881,1.31866,1200000,2480000
2022-09-07 12:33:47.997000,1.3188,1.31867,2480000,1200000
2022-09-07 12:33:48.553000,1.31881,1.31865,2240000,2520000
2022-09-07 12:33:51.199000,1.31882,1.31868,2940000,1320000
2022-09-07 12:33:52.006000,1.31882,1.31866,1920000,1920000
2022-09-07 12:33:55.101000,1.31883,1.31867,2040000,1920000
2022-09-07 12:33:55.203000,1.31883,1.31867,2060000,1440000
2022-09-07 12:33:55.533000,1.31882,1.31867,1800000,1460000
2022-09-07 12:33:55.685000,1.31882,1.31868,1320000,2520000
2022-09-07 12:33:56.170000,1.31882,1.31867,1320000,1340000
2022-09-07 12:33:56.591000,1.3188,1.31867,1200000,1340000
2022-09-07 12:33:56.713000,1.31881,1.31867,1440000,1340000
2022-09-07 12:33:56.991000,1.3188,1.31867,2480000,1800000
2022-09-07 12:33:57.042000,1.31877,1.31866,1920000,1200000
2022-09-07 12:33:57.093000,1.31874,1.31862,1320000,1340000
2022-09-07 12:33:57.296000,1.31875,1.31858,1800000,3420000
2022-09-07 12:33:57.347000,1.31874,1.31858,1800000,1920000
2022-09-07 12:33:57.448000,1.31871,1.31859,1200000,1440000
2022-09-07 12:33:57.651000,1.31872,1.31856,1800000,2060000
2022-09-07 12:33:57.752000,1.31872,1.31856,2400000,4320000
2022-09-07 12:33:57.904000,1.31874,1.31858,2400000,1320000
2022-09-07 12:33:58.159000,1.31875,1.31862,1200000,1920000
2022-09-07 12:33:58.261000,1.31878,1.31862,1200000,2520000
2022-09-07 12:33:58.362000,1.31882,1.31865,2400000,1320000
2022-09-07 12:33:59.787000,1.3188,1.31865,1200000,2060000
2022-09-07 12:33:59.990000,1.31882,1.31865,1800000,2060000
2022-09-07 12:34:00.142000,1.3188,1.31866,1800000,1920000
2022-09-07 12:34:00.243000,1.31881,1.31865,1800000,1920000
2022-09-07 12:34:00.967000,1.31881,1.31865,1940000,1440000
2022-09-07 12:34:01.070000,1.3188,1.31863,1940000,2040000
2022-09-07 12:34:01.171000,1.31876,1.31863,1200000,1200000
2022-09-07 12:34:01.272000,1.31877,1.31862,1800000,1320000
2022-09-07 12:34:01.914000,1.31875,1.31863,1340000,1460000
2022-09-07 12:34:02.066000,1.31878,1.31862,1340000,1920000
2022-09-07 12:34:02.218000,1.31877,1.31865,1200000,1920000
2022-09-07 12:34:02.320000,1.3188,1.31866,2400000,1320000
2022-09-07 12:34:02.826000,1.31879,1.31864,1200000,1920000
2022-09-07 12:34:02.978000,1.31879,1.31865,1200000,1920000
2022-09-07 12:34:03.201000,1.31879,1.31866,1200000,2060000
2022-09-07 12:34:03.302000,1.31881,1.31866,1800000,2060000
2022-09-07 12:34:03.808000,1.3188,1.31865,1200000,1920000
2022-09-07 12:34:04.050000,1.3188,1.31866,1340000,1920000
2022-09-07 12:34:04.301000,1.31879,1.31866,1200000,1920000
2022-09-07 12:34:04.503000,1.31881,1.31864,1340000,2520000
2022-09-07 12:34:04.655000,1.31879,1.31865,1340000,2520000
2022-09-07 12:34:05.545000,1.31878,1.31864,1340000,1340000
2022-09-07 12:34:05.646000,1.31876,1.31863,1200000,1340000
2022-09-07 12:34:05.899000,1.31874,1.31859,1200000,1320000
2022-09-07 12:34:06.051000,1.31875,1.31859,1340000,1320000
2022-09-07 12:34:06.152000,1.31874,1.31859,1200000,1320000
2022-09-07 12:34:06.355000,1.31875,1.31858,1340000,2520000
2022-09-07 12:34:06.561000,1.31874,1.31858,1200000,2520000
2022-09-07 12:34:06.654000,1.31874,1.31858,1800000,2520000
2022-09-07 12:34:06.985000,1.31873,1.31858,1200000,1920000
2022-09-07 12:34:07.617000,1.31872,1.31858,2400000,1340000
2022-09-07 12:34:08.495000,1.31872,1.3186,1940000,1320000
2022-09-07 12:34:08.546000,1.31875,1.31862,1340000,1320000
2022-09-07 12:34:08.647000,1.31875,1.31864,1200000,1440000
2022-09-07 12:34:08.782000,1.31877,1.31863,1340000,1340000
2022-09-07 12:34:08.884000,1.31876,1.31864,1800000,1200000
2022-09-07 12:34:09.252000,1.31877,1.31864,1200000,1460000
2022-09-07 12:34:09.353000,1.31878,1.31865,1200000,1320000
2022-09-07 12:34:09.455000,1.31878,1.31864,1340000,1340000
2022-09-07 12:34:09.506000,1.31876,1.31861,1200000,1920000
2022-09-07 12:34:09.658000,1.31875,1.31861,1940000,1320000
2022-09-07 12:34:09.759000,1.31875,1.31861,1200000,1320000
2022-09-07 12:34:09.861000,1.31876,1.31863,1200000,1320000
2022-09-07 12:34:09.963000,1.31876,1.31863,1200000,1320000
2022-09-07 12:34:10.104000,1.31877,1.31863,1940000,1440000
2022-09-07 12:34:10.586000,1.31877,1.31863,1340000,1340000
2022-09-07 12:34:10.690000,1.31874,1.3186,1200000,2520000
2022-09-07 12:34:10.792000,1.31874,1.31859,1340000,2520000
2022-09-07 12:34:10.893000,1.31875,1.31859,1800000,2520000
2022-09-07 12:34:11.362000,1.31873,1.3186,1200000,2520000
2022-09-07 12:34:11.749000,1.31874,1.31859,1200000,1920000
2022-09-07 12:34:11.922000,1.31873,1.3186,1200000,1920000
2022-09-07 12:34:11.973000,1.31873,1.31858,1200000,1920000
2022-09-07 12:34:12.089000,1.31872,1.31857,1200000,1920000
2022-09-07 12:34:13.364000,1.31873,1.31858,1940000,1920000
2022-09-07 12:34:13.466000,1.31876,1.31863,1200000,1200000
2022-09-07 12:34:13.567000,1.31877,1.31863,1340000,1440000
2022-09-07 12:34:16.065000,1.31877,1.31863,1320000,1340000
2022-09-07 12:34:16.116000,1.31876,1.31864,1320000,1340000
2022-09-07 12:34:16.218000,1.31875,1.31864,1320000,1200000
2022-09-07 12:34:16.319000,1.31875,1.31864,1340000,1200000
2022-09-07 12:34:17.397000,1.31876,1.31863,1320000,1200000
2022-09-07 12:34:17.448000,1.31874,1.31859,1200000,2520000
2022-09-07 12:34:17.550000,1.31877,1.31863,1340000,1440000
2022-09-07 12:34:17.651000,1.31876,1.31864,1340000,1460000
2022-09-07 12:34:17.881000,1.31876,1.31864,1340000,2340000
2022-09-07 12:34:18.406000,1.31879,1.31863,1320000,2360000
2022-09-07 12:34:18.507000,1.3188,1.31864,2040000,1920000
2022-09-07 12:34:18.609000,1.3188,1.31864,1940000,1920000
2022-09-07 12:34:18.994000,1.31879,1.31864,1200000,1920000
2022-09-07 12:34:19.103000,1.31881,1.31865,1920000,1920000
2022-09-07 12:34:19.255000,1.31882,1.31873,2240000,1320000
2022-09-07 12:34:19.457000,1.31883,1.31875,1200000,1920000
2022-09-07 12:34:19.805000,1.31891,1.31874,3380000,2520000
2022-09-07 12:34:20.058000,1.3189,1.31876,2340000,1320000
2022-09-07 12:34:21.707000,1.31891,1.31875,2480000,1320000
2022-09-07 12:34:23.391000,1.31891,1.31877,2400000,1320000
2022-09-07 12:34:23.442000,1.31894,1.3188,1340000,1340000
2022-09-07 12:34:23.670000,1.31894,1.3188,1800000,1200000
2022-09-07 12:34:24.106000,1.31892,1.31878,1200000,2520000
2022-09-07 12:34:24.494000,1.31894,1.3188,1800000,1200000
2022-09-07 12:34:25.356000,1.31893,1.31877,1340000,2520000
2022-09-07 12:34:25.458000,1.31894,1.3188,1800000,1200000
2022-09-07 12:34:26.037000,1.31893,1.31877,1200000,2520000
2022-09-07 12:34:26.189000,1.31892,1.31877,1920000,1440000
2022-09-07 12:34:28.577000,1.3189,1.31874,1200000,2520000
2022-09-07 12:34:30.069000,1.3189,1.31876,1800000,1200000
2022-09-07 12:34:33.301000,1.31892,1.31876,1800000,1320000
2022-09-07 12:34:35.042000,1.31893,1.31877,2400000,1320000
2022-09-07 12:34:36.027000,1.31891,1.31877,1440000,1340000
2022-09-07 12:34:36.133000,1.3189,1.31876,1340000,1340000
2022-09-07 12:34:39.049000,1.31891,1.31876,2040000,1800000
2022-09-07 12:34:39.358000,1.31891,1.31875,3380000,1880000
2022-09-07 12:34:39.656000,1.3189,1.31876,1800000,1320000
2022-09-07 12:34:40.109000,1.31892,1.31876,1940000,1320000
2022-09-07 12:34:41.284000,1.31889,1.31877,1200000,1320000
2022-09-07 12:34:43.863000,1.31889,1.31877,1200000,1440000
2022-09-07 12:34:44.104000,1.31891,1.31875,1800000,1920000
2022-09-07 12:34:44.256000,1.3189,1.31875,1200000,1440000
2022-09-07 12:34:44.522000,1.3189,1.31874,2840000,1460000
2022-09-07 12:34:45.274000,1.31888,1.31876,1340000,1320000
2022-09-07 12:34:46.556000,1.31891,1.31876,1800000,1320000
2022-09-07 12:34:46.657000,1.3189,1.31877,1800000,1320000
2022-09-07 12:34:46.771000,1.31891,1.31877,2940000,1320000
2022-09-07 12:34:47.379000,1.31891,1.31877,2840000,1320000
2022-09-07 12:34:47.751000,1.31892,1.31875,2480000,2060000
2022-09-07 12:34:48.894000,1.31892,1.31876,3380000,1320000
2022-09-07 12:34:49.032000,1.31892,1.31876,4280000,1880000
2022-09-07 12:34:49.134000,1.3189,1.31875,2040000,1320000
2022-09-07 12:34:49.236000,1.31892,1.31875,3860000,1320000
2022-09-07 12:34:51.003000,1.31887,1.31872,1920000,1620000
2022-09-07 12:34:51.105000,1.31885,1.3187,1920000,1320000
2022-09-07 12:34:51.206000,1.31887,1.31873,1340000,1920000
2022-09-07 12:34:51.257000,1.31889,1.31874,1800000,1920000
2022-09-07 12:34:51.359000,1.31892,1.31877,1200000,1320000
2022-09-07 12:34:51.461000,1.31894,1.31878,1800000,1460000
2022-09-07 12:34:51.562000,1.31892,1.31877,1200000,1920000
2022-09-07 12:34:52.018000,1.31892,1.31876,1320000,2480000
2022-09-07 12:34:52.678000,1.31891,1.31878,1340000,1320000
2022-09-07 12:34:53.371000,1.31894,1.31878,1800000,1320000
2022-09-07 12:34:53.530000,1.31894,1.31878,1920000,1320000
2022-09-07 12:34:55.753000,1.31893,1.31879,1800000,1320000
2022-09-07 12:34:55.854000,1.31894,1.3188,2480000,1320000
2022-09-07 12:34:56.191000,1.31895,1.31879,2400000,1320000
2022-09-07 12:34:56.292000,1.31895,1.31879,2400000,1460000
2022-09-07 12:34:58.077000,1.31895,1.31879,1920000,1440000
2022-09-07 12:35:00.130000,1.31894,1.3188,1920000,1460000
2022-09-07 12:35:00.384000,1.31896,1.31879,2060000,1880000
2022-09-07 12:35:00.536000,1.31896,1.31881,1320000,2400000
2022-09-07 12:35:00.637000,1.31896,1.31881,2520000,1200000
2022-09-07 12:35:00.739000,1.31896,1.3188,1940000,1320000
2022-09-07 12:35:00.840000,1.31896,1.3188,1200000,1320000
2022-09-07 12:35:00.942000,1.31896,1.3188,2840000,1320000
2022-09-07 12:35:01.515000,1.31895,1.31879,1200000,1320000
2022-09-07 12:35:01.616000,1.31894,1.3188,1200000,1460000
2022-09-07 12:35:02.077000,1.31894,1.3188,1200000,1460000
2022-09-07 12:35:02.838000,1.31898,1.31881,1940000,2060000
2022-09-07 12:35:02.889000,1.31898,1.31884,1340000,2060000
2022-09-07 12:35:03.042000,1.31898,1.31884,1800000,1200000
2022-09-07 12:35:03.143000,1.31897,1.31883,2400000,2060000
2022-09-07 12:35:03.771000,1.31899,1.31882,2400000,2060000
2022-09-07 12:35:03.873000,1.319,1.31883,3300000,1920000
2022-09-07 12:35:03.974000,1.319,1.31884,4280000,1320000
2022-09-07 12:35:04.075000,1.31899,1.31884,4320000,1460000
2022-09-07 12:35:04.446000,1.319,1.31883,3300000,2360000
2022-09-07 12:35:04.547000,1.31898,1.31883,1800000,1800000
2022-09-07 12:35:06.121000,1.31895,1.3188,1200000,1920000
2022-09-07 12:35:06.222000,1.31895,1.31878,1940000,2520000
2022-09-07 12:35:06.324000,1.31895,1.31881,1200000,1920000
2022-09-07 12:35:06.375000,1.31897,1.31883,1200000,1920000
2022-09-07 12:35:08.476000,1.31897,1.31881,1200000,1920000
2022-09-07 12:35:09.291000,1.31897,1.31881,1200000,1920000
2022-09-07 12:35:09.494000,1.31897,1.3188,1320000,4320000
2022-09-07 12:35:09.545000,1.31895,1.3188,1800000,1460000
2022-09-07 12:35:09.747000,1.31894,1.3188,1200000,1440000
2022-09-07 12:35:09.849000,1.31892,1.31879,1200000,1920000
2022-09-07 12:35:10.503000,1.31894,1.3188,1340000,1460000
2022-09-07 12:35:10.604000,1.31895,1.3188,1200000,1460000
2022-09-07 12:35:10.767000,1.31896,1.3188,2040000,1460000
2022-09-07 12:35:10.870000,1.31894,1.31879,1800000,1460000
2022-09-07 12:35:11.073000,1.31894,1.31879,1340000,1920000
2022-09-07 12:35:11.225000,1.31894,1.31878,1340000,1920000
2022-09-07 12:35:11.336000,1.31893,1.3188,1800000,1460000
2022-09-07 12:35:11.438000,1.31894,1.31879,1340000,1320000
2022-09-07 12:35:11.540000,1.31894,1.31878,1800000,1920000
2022-09-07 12:35:11.807000,1.31896,1.3188,3300000,1460000
2022-09-07 12:35:11.909000,1.31895,1.31881,3300000,1920000
2022-09-07 12:35:12.356000,1.31895,1.31881,1320000,1200000
2022-09-07 12:35:12.458000,1.31894,1.31882,1320000,1200000
2022-09-07 12:35:12.731000,1.31895,1.31882,2400000,1320000
2022-09-07 12:35:13.166000,1.31896,1.3188,2400000,2060000
2022-09-07 12:35:13.430000,1.31896,1.3188,2400000,2060000
2022-09-07 12:35:13.532000,1.31896,1.3188,2480000,2060000
2022-09-07 12:35:15.159000,1.31897,1.3188,1800000,2060000
2022-09-07 12:35:15.261000,1.31898,1.31882,1800000,1320000
2022-09-07 12:35:15.363000,1.31899,1.31883,1320000,1460000
2022-09-07 12:35:15.464000,1.31899,1.31883,2060000,1440000
2022-09-07 12:35:16.979000,1.31899,1.31882,2040000,1320000
2022-09-07 12:35:17.081000,1.31898,1.31885,1800000,1320000
2022-09-07 12:35:17.182000,1.31899,1.31884,1800000,1320000
2022-09-07 12:35:17.638000,1.319,1.31886,1340000,1320000
2022-09-07 12:35:17.739000,1.319,1.31885,1800000,1320000
2022-09-07 12:35:19.104000,1.31901,1.31885,1800000,1320000
2022-09-07 12:35:19.155000,1.31901,1.31889,1200000,1880000
2022-09-07 12:35:19.206000,1.31905,1.31889,1940000,1920000
2022-09-07 12:35:19.951000,1.31906,1.31889,3420000,1880000
2022-09-07 12:35:22.834000,1.31904,1.3189,1920000,2040000
2022-09-07 12:35:22.884000,1.31905,1.31889,1920000,2040000
2022-09-07 12:35:23.407000,1.31906,1.31891,2480000,1320000
2022-09-07 12:35:23.508000,1.31907,1.31891,3860000,1320000
2022-09-07 12:35:23.859000,1.31906,1.31892,2960000,1320000
2022-09-07 12:35:24.815000,1.31906,1.31891,2060000,1920000
2022-09-07 12:35:25.312000,1.31906,1.31891,2960000,1920000
2022-09-07 12:35:25.413000,1.31905,1.31891,1920000,1920000
2022-09-07 12:35:26.018000,1.31905,1.31891,1920000,2060000
2022-09-07 12:35:26.797000,1.31907,1.31891,2060000,1320000
2022-09-07 12:35:27.293000,1.31907,1.31891,2060000,1920000
2022-09-07 12:35:27.394000,1.31908,1.31893,1920000,1320000
2022-09-07 12:35:27.745000,1.31908,1.31893,2520000,1320000
2022-09-07 12:35:29.422000,1.31909,1.31893,2520000,1320000
2022-09-07 12:35:29.523000,1.31908,1.31894,1920000,1320000
2022-09-07 12:35:29.642000,1.31909,1.31895,1800000,1320000
2022-09-07 12:35:29.946000,1.3191,1.31895,1920000,1200000
2022-09-07 12:35:30.047000,1.3191,1.31893,4320000,1320000
2022-09-07 12:35:31.644000,1.31906,1.31892,1320000,1920000
2022-09-07 12:35:31.746000,1.31907,1.31891,1320000,1920000
2022-09-07 12:35:32.058000,1.31906,1.31892,1320000,1920000
2022-09-07 12:35:32.210000,1.31907,1.3189,1440000,2520000
2022-09-07 12:35:32.335000,1.31907,1.3189,1460000,2520000
2022-09-07 12:35:33.039000,1.31906,1.3189,1320000,2520000
2022-09-07 12:35:33.844000,1.31908,1.31891,1920000,1320000
2022-09-07 12:35:33.895000,1.31909,1.31893,2480000,1920000
2022-09-07 12:35:33.997000,1.3191,1.31894,2480000,1320000
2022-09-07 12:35:34.098000,1.31909,1.31894,2960000,2060000
2022-09-07 12:35:34.361000,1.31909,1.31895,2940000,1320000
2022-09-07 12:35:35.236000,1.3191,1.31894,1940000,1880000
2022-09-07 12:35:35.403000,1.31909,1.31895,1940000,1460000
2022-09-07 12:35:35.504000,1.3191,1.31895,1800000,1320000
2022-09-07 12:35:36.095000,1.31909,1.31895,1800000,2340000
2022-09-07 12:35:37.353000,1.31909,1.31895,1340000,1320000
2022-09-07 12:35:38.107000,1.31911,1.319,1200000,1460000
2022-09-07 12:35:38.158000,1.31912,1.31898,1340000,4320000
2022-09-07 12:35:38.259000,1.31912,1.31897,1200000,1920000
2022-09-07 12:35:38.807000,1.31914,1.31897,2400000,2060000
2022-09-07 12:35:41.479000,1.31914,1.319,1800000,1460000
2022-09-07 12:35:42.546000,1.31913,1.31899,1320000,2520000
2022-09-07 12:35:42.879000,1.31915,1.319,1800000,1320000
2022-09-07 12:35:43.031000,1.31914,1.319,1800000,1920000
2022-09-07 12:35:43.234000,1.31915,1.31899,1920000,1880000
2022-09-07 12:35:43.335000,1.31915,1.319,1920000,1320000
2022-09-07 12:35:44.413000,1.31916,1.31899,2960000,2340000
2022-09-07 12:35:44.515000,1.31916,1.31899,2960000,2360000
2022-09-07 12:35:45.144000,1.31915,1.31901,2040000,2060000
2022-09-07 12:35:45.562000,1.31915,1.31901,2940000,2060000
2022-09-07 12:35:45.664000,1.31918,1.31902,2480000,1460000
2022-09-07 12:35:47.302000,1.31918,1.31901,4320000,2060000
2022-09-07 12:35:47.521000,1.31916,1.31902,2060000,2060000
2022-09-07 12:35:48.485000,1.31917,1.31905,1200000,1320000
2022-09-07 12:35:48.586000,1.3192,1.31904,1920000,1320000
2022-09-07 12:35:48.688000,1.3192,1.31903,1920000,2060000
2022-09-07 12:35:48.790000,1.31919,1.31903,1320000,1320000
2022-09-07 12:35:49.228000,1.31917,1.31902,1440000,1320000
2022-09-07 12:35:49.329000,1.31917,1.31901,2960000,1920000
2022-09-07 12:35:49.640000,1.31917,1.31902,1880000,1320000
2022-09-07 12:35:49.741000,1.31917,1.31902,1460000,1320000
2022-09-07 12:35:50.699000,1.31917,1.31902,1340000,1320000
2022-09-07 12:35:51.151000,1.31917,1.31902,1340000,1320000
2022-09-07 12:35:51.404000,1.31918,1.31902,1800000,1320000
2022-09-07 12:35:52.863000,1.31917,1.31904,1320000,1320000
2022-09-07 12:35:53.066000,1.31919,1.31903,4320000,1880000
2022-09-07 12:35:53.168000,1.31917,1.31902,1920000,1320000
2022-09-07 12:35:53.431000,1.31917,1.31902,1920000,1320000
2022-09-07 12:35:53.532000,1.31916,1.31903,1920000,1320000
2022-09-07 12:35:53.633000,1.31917,1.31902,1920000,1320000
2022-09-07 12:35:53.894000,1.31916,1.31903,1920000,1320000
2022-09-07 12:35:54.046000,1.31917,1.31902,1920000,1320000
2022-09-07 12:35:54.558000,1.31918,1.31903,2400000,1320000
2022-09-07 12:35:55.052000,1.31918,1.31903,1800000,1320000
2022-09-07 12:35:55.153000,1.31916,1.31901,1200000,1320000
2022-09-07 12:35:55.305000,1.31918,1.31903,2520000,1200000
2022-09-07 12:35:55.640000,1.31918,1.31903,2400000,1320000
2022-09-07 12:35:55.843000,1.31917,1.31903,2400000,1920000
2022-09-07 12:35:55.973000,1.31918,1.31903,1800000,1320000
2022-09-07 12:35:57.354000,1.31917,1.31903,1800000,2520000
2022-09-07 12:35:58.126000,1.31918,1.31903,1800000,1320000
2022-09-07 12:35:58.278000,1.31918,1.31903,1800000,1320000
2022-09-07 12:35:58.380000,1.31918,1.31903,1800000,1460000
2022-09-07 12:35:59.077000,1.31919,1.31903,2480000,1320000
2022-09-07 12:36:01.391000,1.31916,1.31902,1320000,1200000
2022-09-07 12:36:01.492000,1.31912,1.319,2060000,1200000
2022-09-07 12:36:01.594000,1.31911,1.31897,1440000,1320000
2022-09-07 12:36:01.983000,1.31912,1.31895,2060000,1920000
2022-09-07 12:36:03.592000,1.31912,1.31896,1340000,2520000
2022-09-07 12:36:03.693000,1.31915,1.31901,1320000,1920000
2022-09-07 12:36:03.795000,1.31912,1.31899,2520000,1200000
2022-09-07 12:36:03.896000,1.31912,1.31896,1320000,1880000
2022-09-07 12:36:04.200000,1.3191,1.31895,2960000,2520000
2022-09-07 12:36:07.082000,1.31909,1.31893,1920000,1880000
2022-09-07 12:36:07.814000,1.3191,1.31893,2520000,2040000
2022-09-07 12:36:07.916000,1.3191,1.31893,2520000,2040000
2022-09-07 12:36:08.219000,1.3191,1.31895,1920000,1320000
2022-09-07 12:36:08.371000,1.3191,1.31895,1920000,1320000
2022-09-07 12:36:08.650000,1.3191,1.31894,1920000,1320000
2022-09-07 12:36:08.751000,1.3191,1.31895,1800000,1320000
2022-09-07 12:36:09.465000,1.3191,1.31894,1200000,2520000
2022-09-07 12:36:09.684000,1.31909,1.31895,1200000,2360000
2022-09-07 12:36:10.194000,1.3191,1.31896,1800000,1320000
2022-09-07 12:36:10.296000,1.31912,1.31898,1340000,1460000
2022-09-07 12:36:10.347000,1.31911,1.31896,1200000,2340000
2022-09-07 12:36:10.499000,1.31911,1.31895,1200000,1920000
2022-09-07 12:36:10.752000,1.3191,1.31896,1320000,1880000
2022-09-07 12:36:11.344000,1.3191,1.31896,1320000,2040000
2022-09-07 12:36:12.804000,1.31911,1.31895,1200000,1920000
2022-09-07 12:36:12.905000,1.31912,1.31896,2400000,1320000
2022-09-07 12:36:13.615000,1.3191,1.31896,1940000,1920000
2022-09-07 12:36:14.197000,1.31913,1.31897,1200000,1320000
2022-09-07 12:36:14.298000,1.31912,1.31898,1200000,2340000
2022-09-07 12:36:15.421000,1.31911,1.31897,1200000,1200000
2022-09-07 12:36:15.523000,1.3191,1.31895,1200000,1920000
2022-09-07 12:36:15.868000,1.3191,1.31895,1200000,1920000
2022-09-07 12:36:15.969000,1.31911,1.319,1200000,1920000
2022-09-07 12:36:16.071000,1.31915,1.31901,1340000,1320000
2022-09-07 12:36:16.173000,1.31917,1.31902,1800000,1320000
2022-09-07 12:36:16.426000,1.31917,1.31902,1800000,1920000
2022-09-07 12:36:16.477000,1.31919,1.31903,2400000,1320000
2022-09-07 12:36:16.528000,1.31918,1.3191,1340000,1200000
2022-09-07 12:36:16.579000,1.31921,1.31906,2340000,1920000
2022-09-07 12:36:19.984000,1.3192,1.31905,1920000,1800000
2022-09-07 12:36:20.086000,1.3192,1.31907,1200000,1440000
2022-09-07 12:36:22.771000,1.3192,1.31905,1940000,1440000
2022-09-07 12:36:23.024000,1.31919,1.31906,1200000,1920000
2022-09-07 12:36:23.560000,1.31919,1.31905,1200000,2060000
2022-09-07 12:36:24.559000,1.31918,1.31904,1200000,2360000
2022-09-07 12:36:24.711000,1.31918,1.31905,1200000,2340000
2022-09-07 12:36:24.812000,1.3192,1.31903,2480000,2060000
2022-09-07 12:36:24.914000,1.3192,1.31903,2040000,2060000
2022-09-07 12:36:24.965000,1.31919,1.31905,1940000,1920000
2022-09-07 12:36:28.065000,1.31918,1.31903,1200000,2240000
2022-09-07 12:36:28.476000,1.3192,1.31903,1920000,1940000
2022-09-07 12:36:28.681000,1.3192,1.31903,2060000,1940000
2022-09-07 12:36:29.905000,1.31918,1.31904,1320000,1800000
2022-09-07 12:36:30.006000,1.31919,1.31903,1320000,1940000
2022-09-07 12:36:31.179000,1.3192,1.31904,1920000,1200000
2022-09-07 12:36:31.673000,1.31921,1.31905,2060000,1800000
2022-09-07 12:36:31.875000,1.31919,1.31905,2060000,1200000
2022-09-07 12:36:32.239000,1.31919,1.31907,1440000,1200000
2022-09-07 12:36:32.446000,1.31921,1.31909,1320000,1200000
2022-09-07 12:36:32.562000,1.3192,1.31906,1320000,1940000
2022-09-07 12:36:33.052000,1.31918,1.31906,1200000,1200000
2022-09-07 12:36:33.154000,1.31919,1.31905,1320000,1200000
2022-09-07 12:36:33.336000,1.3192,1.31905,1320000,1940000
2022-09-07 12:36:35.874000,1.31919,1.31907,1320000,1800000
2022-09-07 12:36:36.562000,1.3192,1.31907,1920000,2400000
2022-09-07 12:36:37.255000,1.3192,1.31905,1320000,2840000
2022-09-07 12:36:37.855000,1.31921,1.31907,1320000,1200000
2022-09-07 12:36:37.957000,1.31923,1.31908,1320000,1340000
2022-09-07 12:36:38.058000,1.31921,1.3191,1320000,1200000
2022-09-07 12:36:38.160000,1.31923,1.3191,2040000,1200000
2022-09-07 12:36:38.312000,1.31924,1.3191,1920000,1800000
2022-09-07 12:36:38.565000,1.31924,1.31909,1920000,1800000
2022-09-07 12:36:38.667000,1.31922,1.31909,1320000,1200000
2022-09-07 12:36:38.768000,1.31922,1.31906,3420000,1200000
2022-09-07 12:36:38.870000,1.3192,1.31906,1320000,2840000
2022-09-07 12:36:39.174000,1.31923,1.31906,5220000,1200000
2022-09-07 12:36:39.579000,1.31923,1.31906,2520000,1920000
2022-09-07 12:36:39.731000,1.31922,1.31907,4320000,1800000
2022-09-07 12:36:39.832000,1.31922,1.31906,1320000,1800000
2022-09-07 12:36:39.934000,1.31921,1.31905,1320000,1340000
2022-09-07 12:36:40.035000,1.31919,1.31906,1920000,1200000
2022-09-07 12:36:40.336000,1.31918,1.31904,1320000,1340000
2022-09-07 12:36:40.737000,1.31918,1.31902,1320000,1800000
2022-09-07 12:36:43.470000,1.31919,1.31904,1920000,1200000
2022-09-07 12:36:43.571000,1.31919,1.31905,1920000,1940000
2022-09-07 12:36:44.922000,1.3192,1.31904,1320000,1800000
2022-09-07 12:36:46.489000,1.31918,1.31902,1320000,1940000
2022-09-07 12:36:46.962000,1.31917,1.31902,1920000,1340000
2022-09-07 12:36:47.065000,1.31916,1.31901,1460000,1200000
2022-09-07 12:36:48.425000,1.31919,1.31902,2520000,1200000
2022-09-07 12:36:48.526000,1.31918,1.31904,2520000,1200000
2022-09-07 12:36:50.350000,1.31919,1.31903,4320000,1200000
2022-09-07 12:36:51.007000,1.31918,1.31902,2060000,1200000
2022-09-07 12:36:51.825000,1.31916,1.31901,1320000,2400000
2022-09-07 12:36:51.926000,1.31914,1.31901,1320000,1200000
2022-09-07 12:36:51.977000,1.31913,1.31899,1320000,1200000
2022-09-07 12:36:52.079000,1.31912,1.31897,1320000,1800000
2022-09-07 12:36:52.181000,1.3191,1.31895,1320000,1340000
2022-09-07 12:36:53.543000,1.31911,1.319,1200000,1800000
2022-09-07 12:36:53.594000,1.31915,1.319,2520000,1800000
2022-09-07 12:36:53.860000,1.31914,1.319,1320000,1340000
2022-09-07 12:36:54.113000,1.31915,1.31901,1340000,1320000
2022-09-07 12:36:54.164000,1.31917,1.31902,1920000,1200000
2022-09-07 12:36:54.893000,1.31913,1.31901,1320000,1340000
2022-09-07 12:36:54.995000,1.31916,1.319,2520000,1200000
2022-09-07 12:36:55.579000,1.31915,1.319,1320000,1340000
2022-09-07 12:36:55.802000,1.31914,1.31901,1320000,1340000
2022-09-07 12:36:56.034000,1.31914,1.31901,1320000,1340000
2022-09-07 12:36:56.136000,1.31916,1.319,1320000,2400000
2022-09-07 12:36:56.288000,1.31916,1.319,2060000,1340000
2022-09-07 12:36:57.996000,1.31915,1.319,1460000,2400000
2022-09-07 12:36:58.221000,1.31917,1.31901,2060000,1200000
2022-09-07 12:36:58.322000,1.31916,1.31903,2060000,1200000
2022-09-07 12:36:58.525000,1.31916,1.31903,2060000,1340000
2022-09-07 12:36:58.828000,1.31915,1.31903,1320000,1200000
2022-09-07 12:36:58.930000,1.31916,1.319,1320000,2400000
2022-09-07 12:37:00.112000,1.31916,1.31903,2060000,1200000
2022-09-07 12:37:01.156000,1.31919,1.31903,2060000,1340000
2022-09-07 12:37:01.460000,1.31917,1.31902,1320000,1200000
2022-09-07 12:37:01.562000,1.31918,1.31902,1320000,1800000
2022-09-07 12:37:02.387000,1.31918,1.31902,1920000,1200000
2022-09-07 12:37:02.604000,1.31918,1.31902,2060000,1800000
2022-09-07 12:37:02.706000,1.31917,1.31903,1920000,1940000
2022-09-07 12:37:03.009000,1.31918,1.31902,2060000,1800000
2022-09-07 12:37:03.111000,1.31918,1.31902,1920000,1940000
2022-09-07 12:37:03.877000,1.31917,1.31903,1920000,1800000
2022-09-07 12:37:04.925000,1.31915,1.319,1320000,2400000
2022-09-07 12:37:05.153000,1.31915,1.31901,1320000,1200000
2022-09-07 12:37:05.442000,1.31915,1.31901,1320000,1200000
2022-09-07 12:37:05.559000,1.31912,1.31899,1320000,1200000
2022-09-07 12:37:05.609000,1.31911,1.31897,1920000,1800000
2022-09-07 12:37:05.711000,1.3191,1.31895,1320000,1200000
2022-09-07 12:37:05.813000,1.3191,1.31894,1320000,1340000
2022-09-07 12:37:06.110000,1.31911,1.31894,2520000,1940000
2022-09-07 12:37:06.212000,1.31912,1.31895,2060000,1800000
2022-09-07 12:37:06.321000,1.31912,1.31895,2060000,1800000
2022-09-07 12:37:06.434000,1.31912,1.31895,2060000,1800000
2022-09-07 12:37:06.770000,1.31912,1.31895,2960000,1800000
2022-09-07 12:37:06.872000,1.31912,1.31895,2960000,1800000
2022-09-07 12:37:06.973000,1.31912,1.31895,2960000,1800000
2022-09-07 12:37:07.641000,1.31911,1.31897,2960000,1200000
2022-09-07 12:37:07.742000,1.31911,1.319,1200000,1200000
2022-09-07 12:37:07.844000,1.31914,1.31901,1920000,1800000
2022-09-07 12:37:07.996000,1.31915,1.31899,1320000,1340000
2022-09-07 12:37:08.097000,1.31916,1.31899,2960000,1200000
2022-09-07 12:37:08.292000,1.31913,1.31899,1320000,1940000
2022-09-07 12:37:10.106000,1.31914,1.31898,2060000,1200000
2022-09-07 12:37:10.157000,1.31912,1.31896,1320000,1940000
2022-09-07 12:37:10.208000,1.31911,1.31896,3420000,1940000
2022-09-07 12:37:10.310000,1.3191,1.31896,1320000,1800000
2022-09-07 12:37:10.577000,1.31909,1.31896,1920000,1200000
2022-09-07 12:37:10.716000,1.3191,1.31896,1440000,1200000
2022-09-07 12:37:10.817000,1.31912,1.31896,1920000,1200000
2022-09-07 12:37:11.187000,1.31912,1.31896,2060000,1200000
2022-09-07 12:37:11.816000,1.31911,1.31896,3860000,1200000
2022-09-07 12:37:11.930000,1.31911,1.31895,1320000,1200000
2022-09-07 12:37:12.532000,1.3191,1.31896,1920000,1200000
2022-09-07 12:37:12.634000,1.31912,1.319,1200000,3300000
2022-09-07 12:37:12.685000,1.31916,1.31902,1340000,1200000
2022-09-07 12:37:12.786000,1.31916,1.31903,1920000,1200000
2022-09-07 12:37:12.905000,1.31916,1.31903,1920000,1200000
2022-09-07 12:37:13.076000,1.31917,1.31902,1920000,1940000
2022-09-07 12:37:14.434000,1.31918,1.31904,1920000,1200000
2022-09-07 12:37:14.565000,1.31918,1.31904,2060000,1200000
2022-09-07 12:37:17.818000,1.31918,1.31902,2520000,1200000
2022-09-07 12:37:18.137000,1.31917,1.31903,1920000,1200000
2022-09-07 12:37:19.432000,1.31918,1.31902,1320000,1340000
2022-09-07 12:37:19.757000,1.31919,1.31902,2520000,1200000
2022-09-07 12:37:20.024000,1.31918,1.31902,1320000,1200000
2022-09-07 12:37:20.176000,1.31916,1.31901,1460000,1940000
2022-09-07 12:37:20.277000,1.31914,1.319,1320000,1200000
2022-09-07 12:37:20.328000,1.31914,1.31898,1320000,1340000
2022-09-07 12:37:20.430000,1.31915,1.31899,1920000,1200000
2022-09-07 12:37:22.481000,1.31916,1.31902,2520000,1200000
2022-09-07 12:37:22.734000,1.31915,1.31899,1320000,1800000
2022-09-07 12:37:23.885000,1.31913,1.31899,1460000,1940000
2022-09-07 12:37:23.937000,1.31913,1.31897,1320000,1200000
2022-09-07 12:37:24.088000,1.31914,1.31898,1320000,1200000
2022-09-07 12:37:24.190000,1.31915,1.31901,1340000,1200000
2022-09-07 12:37:24.393000,1.31915,1.319,2960000,1200000
2022-09-07 12:37:24.495000,1.31914,1.31898,1320000,2400000
2022-09-07 12:37:25.112000,1.31914,1.31898,1320000,2240000
2022-09-07 12:37:25.398000,1.31911,1.31898,1320000,1800000
2022-09-07 12:37:26.493000,1.31911,1.31895,1320000,1200000
2022-09-07 12:37:26.594000,1.3191,1.31896,1320000,1200000
2022-09-07 12:37:26.939000,1.3191,1.31894,1320000,2840000
2022-09-07 12:37:27.788000,1.3191,1.31896,1920000,1200000
2022-09-07 12:37:28.328000,1.31911,1.31895,2060000,1200000
2022-09-07 12:37:28.923000,1.31909,1.31894,1320000,1340000
2022-09-07 12:37:30.518000,1.3191,1.31894,1920000,1940000
2022-09-07 12:37:30.620000,1.3191,1.31896,1340000,1200000
2022-09-07 12:37:31.702000,1.3191,1.31894,1320000,1940000
2022-09-07 12:37:34.989000,1.31909,1.31894,1200000,2400000
2022-09-07 12:37:35.090000,1.31909,1.31895,2480000,1940000
2022-09-07 12:37:35.495000,1.31908,1.31895,1200000,1200000
2022-09-07 12:37:36.589000,1.31909,1.31895,1440000,1200000
2022-09-07 12:37:36.691000,1.31909,1.31893,1460000,1200000
2022-09-07 12:37:36.945000,1.31908,1.31892,1920000,1940000
2022-09-07 12:37:37.758000,1.31907,1.31891,1320000,1940000
2022-09-07 12:37:37.860000,1.31906,1.31891,1320000,1940000
2022-09-07 12:37:37.961000,1.31905,1.31888,1920000,3740000
2022-09-07 12:37:38.063000,1.31905,1.31888,1920000,1940000
2022-09-07 12:37:38.114000,1.31903,1.31888,1320000,1940000
2022-09-07 12:37:39.056000,1.31901,1.31886,1320000,1800000
2022-09-07 12:37:39.158000,1.31899,1.31885,1320000,3300000
2022-09-07 12:37:40.463000,1.31898,1.31885,1320000,1800000
2022-09-07 12:37:40.570000,1.31898,1.31885,1440000,1800000
2022-09-07 12:37:40.726000,1.31899,1.31884,1460000,1800000
2022-09-07 12:37:42.132000,1.31898,1.31884,1200000,1800000
2022-09-07 12:37:42.234000,1.31901,1.31885,1320000,1200000
2022-09-07 12:37:43.343000,1.31898,1.31885,1200000,1800000
2022-09-07 12:37:43.865000,1.31899,1.31885,1440000,1200000
2022-09-07 12:37:44.910000,1.31899,1.31885,1200000,1200000
2022-09-07 12:37:45.062000,1.31899,1.31886,1440000,1200000
2022-09-07 12:37:45.514000,1.31899,1.31885,1200000,1200000
2022-09-07 12:37:45.615000,1.31899,1.31884,1440000,1940000
2022-09-07 12:37:45.778000,1.319,1.31885,1920000,1200000
2022-09-07 12:37:45.880000,1.319,1.31885,1460000,1200000
2022-09-07 12:37:46.565000,1.31899,1.31886,1340000,1320000
2022-09-07 12:37:47.295000,1.319,1.31885,1460000,1200000
2022-09-07 12:37:47.397000,1.31896,1.31882,1320000,1800000
2022-09-07 12:37:47.499000,1.31896,1.3188,1320000,1200000
2022-09-07 12:37:47.754000,1.31894,1.31879,1320000,1200000
2022-09-07 12:37:47.855000,1.31894,1.31878,1920000,1200000
2022-09-07 12:37:48.057000,1.31891,1.31878,1920000,1200000
2022-09-07 12:37:48.210000,1.3189,1.31876,1320000,1200000
2022-09-07 12:37:48.312000,1.3189,1.31875,1920000,1200000
2022-09-07 12:37:48.414000,1.3189,1.31876,1460000,1200000
2022-09-07 12:37:48.551000,1.3189,1.31876,1440000,1200000
2022-09-07 12:37:48.682000,1.31891,1.31876,1440000,1200000
2022-09-07 12:37:48.884000,1.31893,1.31877,4320000,1200000
2022-09-07 12:37:49.402000,1.31891,1.31878,1920000,1200000
2022-09-07 12:37:49.504000,1.31892,1.31878,2520000,1200000
2022-09-07 12:37:50.457000,1.31892,1.31879,1920000,1800000
2022-09-07 12:37:50.558000,1.31894,1.31878,2520000,1800000
2022-09-07 12:37:50.609000,1.31894,1.31879,2520000,1200000
2022-09-07 12:37:50.710000,1.31894,1.31879,2520000,1200000
2022-09-07 12:37:50.815000,1.31894,1.31879,2520000,1200000
2022-09-07 12:37:50.916000,1.31894,1.31879,2520000,1200000
2022-09-07 12:37:51.018000,1.31893,1.3188,2520000,1200000
