time,ask,bid,ask_volume,bid_volume
2017-10-16 00:00:00.173000,1.24795,1.24786,1000000,1000000
2017-10-16 00:00:00.775000,1.24795,1.24787,1000000,1250000
2017-10-16 00:00:01.295000,1.24795,1.24786,1000000,1310000
2017-10-16 00:00:02.225000,1.24795,1.24785,1000000,1120000
2017-10-16 00:00:02.530000,1.24795,1.24785,1000000,2620000
2017-10-16 00:00:02.582000,1.24795,1.24785,1000000,1500000
2017-10-16 00:00:03.096000,1.24794,1.24785,1000000,1000000
2017-10-16 00:00:03.607000,1.24795,1.24785,1000000,1250000
2017-10-16 00:00:09.920000,1.24795,1.24785,1500000,2620000
2017-10-16 00:00:12.206000,1.24792,1.24785,1000000,1120000
2017-10-16 00:00:12.665000,1.24794,1.24785,1000000,1000000
2017-10-16 00:00:14.418000,1.24793,1.24785,1000000,1000000
2017-10-16 00:00:23.524000,1.24794,1.24785,1000000,1000000
2017-10-16 00:00:24.034000,1.24795,1.24785,1500000,1870000
2017-10-16 00:00:24.546000,1.24795,1.24785,1500000,1690000
2017-10-16 00:00:27.758000,1.24795,1.24785,1500000,2250000
2017-10-16 00:00:28.277000,1.24795,1.24785,1500000,1120000
2017-10-16 00:00:28.967000,1.24794,1.24785,1000000,1120000
2017-10-16 00:00:30.737000,1.24794,1.24785,1000000,2440000
2017-10-16 00:00:31.878000,1.24794,1.24785,1250000,1120000
2017-10-16 00:00:33.430000,1.24795,1.24785,1500000,1000000
2017-10-16 00:00:33.987000,1.24794,1.24785,1000000,1000000
2017-10-16 00:00:34.520000,1.24795,1.24785,1000000,1000000
2017-10-16 00:00:52.904000,1.24797,1.24783,1250000,1370000
2017-10-16 00:00:59.172000,1.24798,1.24785,1500000,1870000
2017-10-16 00:00:59.711000,1.24799,1.24785,3190000,1620000
2017-10-16 00:01:00.241000,1.24798,1.24785,2060000,2620000
2017-10-16 00:01:00.547000,1.24795,1.24785,1000000,1870000
2017-10-16 00:01:01.609000,1.24795,1.24784,1000000,2250000
2017-10-16 00:01:05.672000,1.24794,1.24786,1000000,1000000
2017-10-16 00:01:06.119000,1.24794,1.24783,1000000,2140000
2017-10-16 00:01:07.538000,1.24794,1.24782,1000000,1690000
2017-10-16 00:01:08.051000,1.24793,1.24782,1000000,2060000
2017-10-16 00:01:08.907000,1.24793,1.24782,1000000,1370000
2017-10-16 00:01:09.717000,1.24793,1.24782,1000000,1370000
2017-10-16 00:01:10.613000,1.24793,1.24782,1000000,1000000
2017-10-16 00:01:11.158000,1.24793,1.24782,1000000,1500000
2017-10-16 00:01:11.715000,1.24794,1.24782,1000000,1390000
2017-10-16 00:01:12.024000,1.24794,1.24782,1000000,1390000
2017-10-16 00:01:12.176000,1.24794,1.24782,1000000,1200000
2017-10-16 00:01:12.313000,1.24794,1.24782,1000000,2320000
2017-10-16 00:01:17.375000,1.24793,1.24782,1000000,1760000
2017-10-16 00:01:17.905000,1.24792,1.24782,1000000,1760000
2017-10-16 00:01:21.251000,1.24792,1.24782,1000000,1370000
2017-10-16 00:01:21.303000,1.24792,1.24782,1000000,1000000
2017-10-16 00:01:21.709000,1.24792,1.24781,1000000,3070000
2017-10-16 00:01:22.906000,1.24792,1.24781,1000000,2890000
2017-10-16 00:01:23.452000,1.24792,1.24782,1000000,1370000
2017-10-16 00:01:24.543000,1.24792,1.24782,1000000,1250000
2017-10-16 00:01:24.645000,1.24792,1.24782,1000000,1370000
2017-10-16 00:01:25.626000,1.24792,1.24781,1000000,2140000
2017-10-16 00:01:25.880000,1.24792,1.24781,1000000,3070000
2017-10-16 00:01:25.983000,1.24794,1.24782,1000000,1690000
2017-10-16 00:01:27.376000,1.24793,1.24784,1000000,1250000
2017-10-16 00:01:27.893000,1.24794,1.24784,1000000,1000000
2017-10-16 00:01:30.174000,1.24794,1.24783,1000000,2250000
2017-10-16 00:01:30.737000,1.24794,1.24783,1000000,1870000
2017-10-16 00:01:32.728000,1.24794,1.24784,1000000,1870000
2017-10-16 00:01:33.369000,1.24792,1.24783,1000000,1250000
2017-10-16 00:01:34.061000,1.24793,1.24782,1000000,1500000
2017-10-16 00:01:34.868000,1.24793,1.24782,1000000,1000000
2017-10-16 00:01:36.108000,1.24792,1.24781,1000000,1500000
2017-10-16 00:01:36.617000,1.24792,1.24781,1000000,1470000
2017-10-16 00:01:37.780000,1.24792,1.24781,1000000,1200000
2017-10-16 00:01:37.933000,1.24792,1.24781,1000000,1570000
2017-10-16 00:01:38.726000,1.24793,1.24782,1000000,1370000
2017-10-16 00:01:39.324000,1.24793,1.24782,1000000,1390000
2017-10-16 00:01:40.169000,1.24793,1.24782,1000000,1370000
2017-10-16 00:01:40.283000,1.24793,1.24783,1000000,1370000
2017-10-16 00:01:40.834000,1.24793,1.24782,1000000,1190000
2017-10-16 00:01:40.936000,1.24793,1.24782,1000000,1120000
2017-10-16 00:01:41.105000,1.24793,1.24782,1000000,1370000
2017-10-16 00:01:47.202000,1.24794,1.24782,1000000,1370000
2017-10-16 00:01:47.970000,1.24794,1.24782,1000000,1370000
2017-10-16 00:01:48.021000,1.24794,1.24781,1000000,3260000
2017-10-16 00:01:51.858000,1.24794,1.24781,1000000,4390000
2017-10-16 00:01:58.794000,1.24793,1.24782,1000000,1690000
2017-10-16 00:01:59.312000,1.24792,1.24781,1000000,1760000
2017-10-16 00:02:04.134000,1.24792,1.24781,2250000,1250000
2017-10-16 00:02:04.453000,1.24790,1.24780,1000000,1310000
2017-10-16 00:02:07.528000,1.24789,1.24781,1000000,1000000
2017-10-16 00:02:07.783000,1.24787,1.24777,1500000,3450000
2017-10-16 00:02:07.886000,1.24783,1.24776,1000000,2620000
2017-10-16 00:02:08.039000,1.24779,1.24768,1500000,3550000
2017-10-16 00:02:08.445000,1.24779,1.24768,1500000,1680000
2017-10-16 00:02:09.209000,1.24778,1.24769,1000000,1250000
2017-10-16 00:02:09.320000,1.24780,1.24768,2250000,1690000
2017-10-16 00:02:09.850000,1.24779,1.24769,1000000,1310000
2017-10-16 00:02:10.012000,1.24772,1.24766,1000000,1200000
2017-10-16 00:02:10.063000,1.24774,1.24765,1000000,3370000
2017-10-16 00:02:10.166000,1.24772,1.24765,1000000,1000000
2017-10-16 00:02:12.115000,1.24770,1.24765,1000000,1000000
2017-10-16 00:02:26.042000,1.24771,1.24765,1000000,1250000
2017-10-16 00:02:36.488000,1.24774,1.24768,1000000,1250000
2017-10-16 00:02:37.128000,1.24775,1.24768,1000000,2060000
2017-10-16 00:02:37.824000,1.24775,1.24768,1000000,1310000
2017-10-16 00:02:41.669000,1.24775,1.24769,1000000,1250000
2017-10-16 00:02:43.831000,1.24775,1.24768,1000000,1310000
2017-10-16 00:02:44.788000,1.24775,1.24769,1000000,1120000
2017-10-16 00:02:45.430000,1.24775,1.24768,1000000,1870000
2017-10-16 00:02:45.686000,1.24775,1.24768,1000000,1120000
2017-10-16 00:02:46.228000,1.24775,1.24768,1000000,1310000
2017-10-16 00:02:46.732000,1.24775,1.24768,1000000,1500000
2017-10-16 00:02:48.873000,1.24775,1.24768,1000000,1500000
2017-10-16 00:02:49.391000,1.24775,1.24767,1000000,1690000
2017-10-16 00:02:50.008000,1.24773,1.24765,1000000,1750000
2017-10-16 00:02:50.060000,1.24773,1.24765,1000000,1000000
2017-10-16 00:02:50.570000,1.24772,1.24765,1000000,1000000
2017-10-16 00:02:54.354000,1.24773,1.24766,1000000,1250000
2017-10-16 00:02:55.308000,1.24773,1.24765,1000000,1690000
2017-10-16 00:02:56.833000,1.24772,1.24765,1000000,1000000
2017-10-16 00:02:57.828000,1.24774,1.24765,1120000,1870000
2017-10-16 00:02:58.356000,1.24774,1.24765,1000000,1000000
2017-10-16 00:02:59.345000,1.24774,1.24765,1000000,1870000
2017-10-16 00:02:59.935000,1.24774,1.24765,1000000,1440000
2017-10-16 00:03:00.439000,1.24774,1.24765,1000000,1690000
2017-10-16 00:03:01.935000,1.24774,1.24765,1000000,1870000
2017-10-16 00:03:02.416000,1.24774,1.24765,1000000,1120000
2017-10-16 00:03:03.813000,1.24774,1.24765,1000000,1440000
2017-10-16 00:03:08.174000,1.24774,1.24765,1000000,1870000
2017-10-16 00:03:08.271000,1.24774,1.24765,1000000,1440000
2017-10-16 00:03:09.057000,1.24774,1.24765,1000000,1000000
2017-10-16 00:03:10.123000,1.24774,1.24764,1000000,1370000
2017-10-16 00:03:10.653000,1.24774,1.24763,1000000,2440000
2017-10-16 00:03:11.295000,1.24773,1.24763,1000000,1310000
2017-10-16 00:03:11.803000,1.24773,1.24765,1000000,1370000
2017-10-16 00:03:12.142000,1.24773,1.24763,1000000,2440000
2017-10-16 00:03:13.318000,1.24773,1.24765,1000000,1370000
2017-10-16 00:03:14.712000,1.24773,1.24765,1000000,1370000
2017-10-16 00:03:15.326000,1.24773,1.24765,1000000,1250000
2017-10-16 00:03:15.985000,1.24773,1.24764,1000000,1250000
2017-10-16 00:03:16.646000,1.24773,1.24765,1000000,1250000
2017-10-16 00:03:17.688000,1.24773,1.24764,1000000,1250000
2017-10-16 00:03:18.224000,1.24773,1.24765,1000000,1250000
2017-10-16 00:03:26.082000,1.24773,1.24764,1000000,1250000
2017-10-16 00:03:26.387000,1.24773,1.24765,1000000,1370000
2017-10-16 00:03:26.438000,1.24773,1.24764,1000000,1250000
2017-10-16 00:03:28.880000,1.24773,1.24763,1000000,1120000
2017-10-16 00:03:28.932000,1.24773,1.24763,1000000,1870000
2017-10-16 00:03:29.580000,1.24773,1.24763,1000000,2060000
2017-10-16 00:03:30.105000,1.24773,1.24763,1000000,1250000
2017-10-16 00:03:30.410000,1.24773,1.24763,1000000,1950000
2017-10-16 00:03:31.124000,1.24772,1.24763,1000000,1690000
2017-10-16 00:03:36.223000,1.24772,1.24762,1000000,2890000
2017-10-16 00:03:39.751000,1.24772,1.24762,1000000,1690000
2017-10-16 00:03:40.304000,1.24772,1.24763,1000000,1250000
2017-10-16 00:03:40.893000,1.24772,1.24762,1000000,1690000
2017-10-16 00:03:41.500000,1.24772,1.24763,1000000,1250000
2017-10-16 00:03:43.904000,1.24772,1.24762,1000000,1690000
2017-10-16 00:03:45.164000,1.24772,1.24763,1000000,1000000
2017-10-16 00:03:45.706000,1.24771,1.24762,1000000,1690000
2017-10-16 00:03:49.265000,1.24771,1.24762,1000000,2060000
2017-10-16 00:03:50.964000,1.24776,1.24768,3370000,1000000
2017-10-16 00:03:51.015000,1.24776,1.24768,1000000,1000000
2017-10-16 00:03:51.067000,1.24773,1.24765,1000000,1950000
2017-10-16 00:03:51.169000,1.24773,1.24765,1000000,1250000
2017-10-16 00:03:51.676000,1.24772,1.24765,1000000,1250000
2017-10-16 00:03:52.308000,1.24772,1.24765,1000000,1440000
2017-10-16 00:03:55.277000,1.24772,1.24765,1000000,1120000
2017-10-16 00:03:55.977000,1.24773,1.24765,1000000,1250000
2017-10-16 00:03:56.550000,1.24773,1.24766,1000000,1250000
2017-10-16 00:03:57.074000,1.24773,1.24765,1000000,1250000
2017-10-16 00:03:57.791000,1.24773,1.24765,1000000,1440000
2017-10-16 00:04:00.036000,1.24773,1.24766,1000000,1440000
2017-10-16 00:04:00.290000,1.24773,1.24765,1000000,1120000
2017-10-16 00:04:00.442000,1.24773,1.24766,1000000,1440000
2017-10-16 00:04:01.851000,1.24773,1.24765,1000000,1190000
2017-10-16 00:04:02.356000,1.24773,1.24766,1000000,1440000
2017-10-16 00:04:02.954000,1.24773,1.24765,1000000,1440000
2017-10-16 00:04:03.494000,1.24773,1.24765,1000000,1250000
2017-10-16 00:04:04.578000,1.24773,1.24766,1000000,1250000
2017-10-16 00:04:05.205000,1.24774,1.24766,1000000,1440000
2017-10-16 00:04:05.357000,1.24774,1.24765,1000000,1120000
2017-10-16 00:04:05.562000,1.24772,1.24765,1000000,1000000
2017-10-16 00:04:05.613000,1.24777,1.24765,1000000,1250000
2017-10-16 00:04:05.715000,1.24775,1.24764,1000000,1370000
2017-10-16 00:04:06.373000,1.24775,1.24763,3000000,3190000
2017-10-16 00:04:06.475000,1.24775,1.24763,1500000,1870000
2017-10-16 00:04:06.630000,1.24774,1.24763,1000000,1310000
2017-10-16 00:04:07.162000,1.24773,1.24763,1000000,1500000
2017-10-16 00:04:07.997000,1.24775,1.24762,2250000,1690000
2017-10-16 00:04:09.595000,1.24775,1.24763,4690000,1870000
2017-10-16 00:04:10.213000,1.24775,1.24762,2250000,2060000
2017-10-16 00:04:11.698000,1.24774,1.24762,1000000,2810000
2017-10-16 00:04:11.897000,1.24775,1.24762,2250000,1690000
2017-10-16 00:04:12.303000,1.24776,1.24764,1000000,1690000
2017-10-16 00:04:12.763000,1.24773,1.24762,1000000,1620000
2017-10-16 00:04:13.273000,1.24773,1.24762,1000000,1750000
2017-10-16 00:04:14.149000,1.24773,1.24763,1000000,1500000
2017-10-16 00:04:15.174000,1.24773,1.24762,1000000,1560000
2017-10-16 00:04:15.820000,1.24774,1.24762,1000000,2060000
2017-10-16 00:04:15.940000,1.24774,1.24765,1000000,1440000
2017-10-16 00:04:15.991000,1.24776,1.24764,1000000,1870000
2017-10-16 00:04:16.550000,1.24778,1.24765,2510000,1370000
2017-10-16 00:04:17.085000,1.24778,1.24764,1570000,1870000
2017-10-16 00:04:21.151000,1.24778,1.24765,1690000,1190000
2017-10-16 00:04:21.202000,1.24778,1.24764,1500000,1690000
2017-10-16 00:04:21.833000,1.24778,1.24764,1870000,2140000
2017-10-16 00:04:22.900000,1.24778,1.24764,1500000,1950000
2017-10-16 00:04:23.765000,1.24778,1.24764,1500000,1760000
2017-10-16 00:04:24.525000,1.24778,1.24764,1500000,1950000
2017-10-16 00:04:24.627000,1.24778,1.24764,1870000,2140000
2017-10-16 00:04:24.830000,1.24778,1.24764,1500000,1950000
2017-10-16 00:04:25.359000,1.24779,1.24767,1000000,1250000
2017-10-16 00:04:25.861000,1.24779,1.24765,2320000,2250000
2017-10-16 00:04:26.463000,1.24779,1.24765,1570000,1750000
2017-10-16 00:04:28.665000,1.24778,1.24765,1000000,1750000
2017-10-16 00:04:29.223000,1.24778,1.24765,1120000,1750000
2017-10-16 00:04:29.872000,1.24778,1.24764,1120000,5510000
2017-10-16 00:04:30.025000,1.24778,1.24765,1000000,1750000
2017-10-16 00:04:30.177000,1.24777,1.24764,1000000,3820000
2017-10-16 00:04:30.382000,1.24778,1.24765,1500000,1750000
2017-10-16 00:04:30.817000,1.24778,1.24764,1750000,4120000
2017-10-16 00:04:32.909000,1.24778,1.24765,1750000,1750000
2017-10-16 00:04:35.255000,1.24778,1.24764,1750000,4950000
2017-10-16 00:04:35.306000,1.24778,1.24765,1120000,1120000
2017-10-16 00:04:35.692000,1.24778,1.24764,1120000,2440000
2017-10-16 00:04:35.743000,1.24778,1.24765,1120000,1500000
2017-10-16 00:04:36.363000,1.24777,1.24765,1000000,1370000
2017-10-16 00:04:37.429000,1.24777,1.24767,1000000,1500000
2017-10-16 00:04:37.530000,1.24780,1.24767,3370000,2700000
2017-10-16 00:04:38.058000,1.24778,1.24769,1000000,1250000
2017-10-16 00:04:38.988000,1.24779,1.24768,1370000,1250000
2017-10-16 00:04:39.669000,1.24780,1.24768,1870000,1190000
2017-10-16 00:04:39.720000,1.24780,1.24768,1120000,1500000
2017-10-16 00:04:40.234000,1.24779,1.24769,1000000,1250000
2017-10-16 00:04:43.732000,1.24780,1.24768,1120000,1500000
2017-10-16 00:04:44.264000,1.24780,1.24768,1120000,1810000
2017-10-16 00:04:44.813000,1.24779,1.24769,1000000,1500000
2017-10-16 00:04:45.324000,1.24780,1.24768,1120000,1500000
2017-10-16 00:04:46.814000,1.24780,1.24769,1120000,2060000
2017-10-16 00:04:47.531000,1.24780,1.24769,1120000,1870000
2017-10-16 00:04:48.075000,1.24779,1.24770,1000000,1250000
2017-10-16 00:04:48.582000,1.24780,1.24769,1120000,2060000
2017-10-16 00:04:49.547000,1.24779,1.24770,1000000,1000000
2017-10-16 00:04:50.053000,1.24780,1.24769,1120000,2060000
2017-10-16 00:04:51.411000,1.24779,1.24770,1000000,1250000
2017-10-16 00:04:52.985000,1.24780,1.24769,1200000,1250000
2017-10-16 00:04:53.533000,1.24780,1.24769,1870000,1250000
2017-10-16 00:04:55.399000,1.24780,1.24769,1870000,1000000
2017-10-16 00:04:55.655000,1.24780,1.24769,1500000,1120000
2017-10-16 00:04:55.706000,1.24779,1.24769,1000000,2250000
2017-10-16 00:04:56.210000,1.24780,1.24769,1500000,1500000
2017-10-16 00:04:57.502000,1.24780,1.24769,1500000,1310000
2017-10-16 00:04:58.083000,1.24780,1.24769,1500000,1310000
2017-10-16 00:04:58.851000,1.24779,1.24769,1000000,2250000
2017-10-16 00:05:00.100000,1.24780,1.24769,1500000,1500000
2017-10-16 00:05:00.687000,1.24780,1.24769,1500000,1000000
2017-10-16 00:05:01.932000,1.24779,1.24769,1120000,1500000
2017-10-16 00:05:02.441000,1.24780,1.24768,1500000,1500000
2017-10-16 00:05:04.060000,1.24779,1.24769,1000000,1120000
2017-10-16 00:05:04.577000,1.24780,1.24768,1120000,1500000
2017-10-16 00:05:04.628000,1.24779,1.24769,1000000,1440000
2017-10-16 00:05:05.136000,1.24780,1.24768,1120000,1500000
2017-10-16 00:05:06.740000,1.24779,1.24769,1000000,1190000
2017-10-16 00:05:07.511000,1.24780,1.24768,1120000,1500000
2017-10-16 00:05:08.513000,1.24780,1.24768,1000000,2700000
2017-10-16 00:05:08.820000,1.24786,1.24778,1120000,1000000
2017-10-16 00:05:08.973000,1.24786,1.24776,1000000,1250000
2017-10-16 00:05:09.025000,1.24786,1.24778,1000000,1000000
2017-10-16 00:05:09.454000,1.24785,1.24776,1000000,1250000
2017-10-16 00:05:13.444000,1.24779,1.24774,1000000,1500000
2017-10-16 00:05:13.537000,1.24782,1.24774,1000000,1870000
2017-10-16 00:05:13.589000,1.24780,1.24774,1000000,1500000
2017-10-16 00:05:13.691000,1.24782,1.24774,1000000,1000000
2017-10-16 00:05:14.200000,1.24781,1.24774,1120000,1000000
2017-10-16 00:05:14.926000,1.24785,1.24777,4120000,1000000
2017-10-16 00:05:15.028000,1.24785,1.24777,1000000,1120000
2017-10-16 00:05:16.175000,1.24786,1.24776,1000000,1690000
2017-10-16 00:05:19.306000,1.24786,1.24777,1000000,1690000
2017-10-16 00:05:23.032000,1.24786,1.24776,1000000,1440000
2017-10-16 00:05:23.670000,1.24786,1.24777,1000000,1440000
2017-10-16 00:05:25.581000,1.24786,1.24776,1120000,1310000
2017-10-16 00:05:27.927000,1.24786,1.24777,1000000,1250000
2017-10-16 00:05:28.434000,1.24786,1.24777,2250000,1250000
2017-10-16 00:05:29.089000,1.24786,1.24776,2250000,1250000
2017-10-16 00:05:30.180000,1.24786,1.24777,2250000,1250000
2017-10-16 00:05:33.553000,1.24786,1.24777,1500000,1000000
2017-10-16 00:05:34.120000,1.24785,1.24777,1000000,1000000
2017-10-16 00:05:34.668000,1.24785,1.24778,1000000,1250000
2017-10-16 00:05:35.507000,1.24785,1.24777,1000000,1000000
2017-10-16 00:05:36.023000,1.24785,1.24778,1000000,1000000
2017-10-16 00:05:37.834000,1.24785,1.24777,1000000,1000000
2017-10-16 00:05:38.625000,1.24786,1.24777,1000000,1440000
2017-10-16 00:05:38.831000,1.24781,1.24774,1000000,1370000
2017-10-16 00:05:38.882000,1.24781,1.24774,1000000,1000000
2017-10-16 00:05:39.407000,1.24780,1.24774,1000000,1000000
2017-10-16 00:05:43.875000,1.24779,1.24774,1000000,1000000
2017-10-16 00:05:44.454000,1.24780,1.24774,1000000,1000000
2017-10-16 00:05:48.699000,1.24781,1.24774,1000000,1250000
2017-10-16 00:05:49.212000,1.24780,1.24774,1000000,1000000
2017-10-16 00:05:49.570000,1.24775,1.24770,1000000,1570000
2017-10-16 00:05:49.622000,1.24776,1.24770,1870000,1000000
2017-10-16 00:05:49.673000,1.24773,1.24765,1000000,1050000
2017-10-16 00:05:49.809000,1.24773,1.24764,1000000,1690000
2017-10-16 00:05:50.566000,1.24773,1.24765,1000000,1250000
2017-10-16 00:05:51.882000,1.24773,1.24764,1000000,1690000
2017-10-16 00:05:54.182000,1.24773,1.24765,1000000,1250000
2017-10-16 00:05:54.874000,1.24772,1.24764,1000000,1870000
2017-10-16 00:05:55.674000,1.24774,1.24765,1000000,1370000
2017-10-16 00:05:55.827000,1.24774,1.24765,1000000,1120000
2017-10-16 00:05:56.030000,1.24774,1.24765,1000000,1370000
2017-10-16 00:05:59.037000,1.24774,1.24766,1000000,1370000
2017-10-16 00:05:59.139000,1.24774,1.24765,1000000,1120000
2017-10-16 00:05:59.342000,1.24774,1.24765,1000000,1370000
2017-10-16 00:06:00.198000,1.24774,1.24764,1000000,1310000
2017-10-16 00:06:00.369000,1.24772,1.24765,1000000,1250000
2017-10-16 00:06:00.897000,1.24773,1.24765,1000000,1440000
2017-10-16 00:06:01.413000,1.24773,1.24766,1000000,1440000
2017-10-16 00:06:03.030000,1.24773,1.24766,1000000,1120000
2017-10-16 00:06:03.933000,1.24773,1.24765,1000000,1250000
2017-10-16 00:06:04.036000,1.24776,1.24765,1500000,1440000
2017-10-16 00:06:05.119000,1.24776,1.24766,1870000,1190000
2017-10-16 00:06:05.678000,1.24776,1.24765,1870000,1440000
2017-10-16 00:06:06.210000,1.24776,1.24765,1870000,1120000
2017-10-16 00:06:06.764000,1.24776,1.24766,1870000,1250000
2017-10-16 00:06:07.461000,1.24776,1.24765,1870000,1120000
2017-10-16 00:06:07.993000,1.24776,1.24766,1870000,1250000
2017-10-16 00:06:10.293000,1.24776,1.24765,1870000,1250000
2017-10-16 00:06:13.280000,1.24776,1.24764,1870000,1250000
2017-10-16 00:06:13.611000,1.24776,1.24766,1120000,1870000
2017-10-16 00:06:14.120000,1.24776,1.24766,1120000,1690000
2017-10-16 00:06:14.690000,1.24776,1.24765,1120000,1870000
2017-10-16 00:06:15.472000,1.24776,1.24765,1870000,1870000
2017-10-16 00:06:17.037000,1.24776,1.24765,1870000,1120000
2017-10-16 00:06:18.549000,1.24776,1.24765,1870000,1440000
2017-10-16 00:06:19.105000,1.24776,1.24765,1500000,1440000
2017-10-16 00:06:19.749000,1.24776,1.24765,1500000,1690000
2017-10-16 00:06:22.731000,1.24776,1.24765,1500000,1000000
2017-10-16 00:06:23.236000,1.24776,1.24765,2620000,1250000
2017-10-16 00:06:26.424000,1.24776,1.24768,2620000,1250000
2017-10-16 00:06:27.031000,1.24776,1.24768,1000000,2250000
2017-10-16 00:06:27.552000,1.24776,1.24768,1000000,2060000
2017-10-16 00:06:29.120000,1.24776,1.24769,1000000,1120000
2017-10-16 00:06:31.069000,1.24776,1.24768,1000000,2250000
2017-10-16 00:06:31.779000,1.24776,1.24768,1000000,2250000
2017-10-16 00:06:32.339000,1.24776,1.24768,1000000,2060000
2017-10-16 00:06:34.876000,1.24776,1.24769,1000000,1000000
2017-10-16 00:06:36.961000,1.24776,1.24768,1000000,2250000
2017-10-16 00:06:41.630000,1.24776,1.24769,1000000,1000000
2017-10-16 00:06:49.838000,1.24779,1.24769,1310000,1500000
2017-10-16 00:06:52.702000,1.24780,1.24769,1870000,1120000
2017-10-16 00:06:53.467000,1.24779,1.24769,1000000,2250000
2017-10-16 00:06:54.312000,1.24779,1.24771,1000000,1000000
2017-10-16 00:06:54.719000,1.24781,1.24777,1000000,1250000
2017-10-16 00:06:54.872000,1.24786,1.24779,1000000,1000000
2017-10-16 00:06:55.447000,1.24786,1.24780,1000000,1000000
2017-10-16 00:06:55.601000,1.24786,1.24778,1000000,1000000
2017-10-16 00:06:56.109000,1.24786,1.24778,1500000,1000000
2017-10-16 00:06:56.711000,1.24786,1.24777,1120000,1500000
2017-10-16 00:06:57.227000,1.24786,1.24777,1370000,1500000
2017-10-16 00:06:57.743000,1.24786,1.24778,1000000,1000000
2017-10-16 00:06:58.187000,1.24784,1.24777,1000000,1000000
2017-10-16 00:06:58.741000,1.24786,1.24776,2250000,1500000
2017-10-16 00:06:59.054000,1.24783,1.24776,1000000,1500000
2017-10-16 00:06:59.540000,1.24785,1.24775,1000000,1690000
2017-10-16 00:06:59.642000,1.24783,1.24775,1000000,1000000
2017-10-16 00:06:59.966000,1.24782,1.24777,1000000,1000000
2017-10-16 00:07:00.476000,1.24783,1.24776,1000000,1000000
2017-10-16 00:07:00.578000,1.24786,1.24777,1690000,1000000
2017-10-16 00:07:01.118000,1.24786,1.24778,1620000,1000000
2017-10-16 00:07:02.499000,1.24786,1.24779,1370000,1000000
2017-10-16 00:07:02.652000,1.24786,1.24781,1250000,1000000
2017-10-16 00:07:02.754000,1.24786,1.24779,1250000,1000000
2017-10-16 00:07:03.466000,1.24786,1.24780,1000000,1000000
2017-10-16 00:07:04.120000,1.24786,1.24779,1440000,1000000
2017-10-16 00:07:04.782000,1.24786,1.24780,1000000,1000000
2017-10-16 00:07:05.627000,1.24786,1.24780,1440000,1000000
2017-10-16 00:07:06.163000,1.24786,1.24779,1250000,1000000
2017-10-16 00:07:06.351000,1.24786,1.24777,1120000,1500000
2017-10-16 00:07:06.453000,1.24786,1.24779,2060000,1000000
2017-10-16 00:07:06.555000,1.24786,1.24776,2250000,2250000
2017-10-16 00:07:07.095000,1.24786,1.24777,2060000,1000000
2017-10-16 00:07:09.607000,1.24786,1.24778,1500000,1000000
2017-10-16 00:07:09.658000,1.24786,1.24776,1500000,1500000
2017-10-16 00:07:09.709000,1.24786,1.24778,1500000,1000000
2017-10-16 00:07:09.811000,1.24785,1.24776,1000000,2250000
2017-10-16 00:07:10.115000,1.24785,1.24778,1000000,1000000
2017-10-16 00:07:10.217000,1.24785,1.24776,1000000,1500000
2017-10-16 00:07:10.825000,1.24785,1.24777,1000000,1000000
2017-10-16 00:07:11.434000,1.24785,1.24776,1000000,1500000
2017-10-16 00:07:11.941000,1.24785,1.24777,1000000,1000000
2017-10-16 00:07:12.593000,1.24785,1.24776,1000000,2250000
2017-10-16 00:07:13.372000,1.24786,1.24776,1690000,2250000
2017-10-16 00:07:13.725000,1.24786,1.24780,2250000,1000000
2017-10-16 00:07:13.827000,1.24786,1.24778,1690000,1000000
2017-10-16 00:07:14.017000,1.24786,1.24776,1370000,1000000
2017-10-16 00:07:14.069000,1.24786,1.24778,1000000,1000000
2017-10-16 00:07:14.221000,1.24786,1.24775,2810000,1000000
2017-10-16 00:07:14.273000,1.24786,1.24777,1390000,1000000
2017-10-16 00:07:14.578000,1.24785,1.24777,1390000,1000000
2017-10-16 00:07:15.036000,1.24786,1.24776,1570000,1000000
2017-10-16 00:07:15.545000,1.24786,1.24775,2510000,1000000
2017-10-16 00:07:16.054000,1.24786,1.24776,2810000,1000000
2017-10-16 00:07:16.309000,1.24786,1.24776,1000000,1000000
2017-10-16 00:07:16.594000,1.24786,1.24777,2810000,1000000
2017-10-16 00:07:16.646000,1.24786,1.24774,1870000,1500000
2017-10-16 00:07:16.697000,1.24786,1.24776,3000000,1000000
2017-10-16 00:07:17.156000,1.24785,1.24774,1690000,1000000
2017-10-16 00:07:17.207000,1.24786,1.24776,1000000,1000000
2017-10-16 00:07:17.309000,1.24786,1.24774,3000000,1500000
2017-10-16 00:07:17.768000,1.24784,1.24774,1370000,1000000
2017-10-16 00:07:21.068000,1.24785,1.24776,1760000,1000000
2017-10-16 00:07:21.223000,1.24786,1.24778,1120000,1000000
2017-10-16 00:07:21.427000,1.24786,1.24776,1000000,1000000
2017-10-16 00:07:21.733000,1.24786,1.24778,1000000,1000000
2017-10-16 00:07:22.038000,1.24786,1.24775,1250000,1120000
2017-10-16 00:07:22.140000,1.24786,1.24777,2060000,1000000
2017-10-16 00:07:22.344000,1.24786,1.24777,1000000,1000000
2017-10-16 00:07:22.599000,1.24786,1.24775,1000000,1000000
2017-10-16 00:07:22.650000,1.24786,1.24777,1250000,1000000
2017-10-16 00:07:22.854000,1.24786,1.24775,1500000,1000000
2017-10-16 00:07:22.956000,1.24786,1.24777,1690000,1000000
2017-10-16 00:07:23.313000,1.24786,1.24775,1690000,1000000
2017-10-16 00:07:23.365000,1.24786,1.24776,1370000,1000000
2017-10-16 00:07:23.518000,1.24786,1.24775,1120000,1000000
2017-10-16 00:07:23.570000,1.24786,1.24778,1250000,1000000
2017-10-16 00:07:23.716000,1.24786,1.24776,1250000,1000000
2017-10-16 00:07:24.073000,1.24786,1.24774,2440000,1000000
2017-10-16 00:07:24.175000,1.24786,1.24774,3560000,1000000
2017-10-16 00:07:24.429000,1.24786,1.24776,1000000,1000000
2017-10-16 00:07:24.938000,1.24786,1.24776,1620000,1000000
2017-10-16 00:07:25.192000,1.24785,1.24774,1000000,1500000
2017-10-16 00:07:25.244000,1.24786,1.24776,1690000,1000000
2017-10-16 00:07:25.770000,1.24786,1.24777,1120000,1000000
2017-10-16 00:07:25.923000,1.24786,1.24775,1250000,1000000
2017-10-16 00:07:26.076000,1.24786,1.24777,1500000,1000000
2017-10-16 00:07:26.330000,1.24786,1.24774,1690000,1500000
2017-10-16 00:07:26.382000,1.24786,1.24776,1000000,1000000
2017-10-16 00:07:26.737000,1.24786,1.24774,1440000,1500000
2017-10-16 00:07:26.992000,1.24786,1.24777,1950000,1000000
2017-10-16 00:07:27.246000,1.24787,1.24778,1310000,1000000
2017-10-16 00:07:27.399000,1.24786,1.24778,1190000,1000000
2017-10-16 00:07:27.946000,1.24787,1.24778,1500000,1000000
2017-10-16 00:07:28.457000,1.24787,1.24778,1250000,1000000
2017-10-16 00:07:28.989000,1.24787,1.24778,1310000,1000000
2017-10-16 00:07:29.499000,1.24787,1.24778,1690000,1000000
2017-10-16 00:07:30.030000,1.24786,1.24778,1310000,1000000
2017-10-16 00:07:30.990000,1.24787,1.24778,2060000,1000000
2017-10-16 00:07:31.498000,1.24786,1.24778,1310000,1000000
2017-10-16 00:07:32.018000,1.24786,1.24778,3190000,1000000
2017-10-16 00:07:32.561000,1.24785,1.24778,1870000,1000000
2017-10-16 00:07:33.762000,1.24786,1.24778,3370000,1000000
2017-10-16 00:07:34.082000,1.24787,1.24778,2060000,1000000
2017-10-16 00:07:34.489000,1.24787,1.24778,1690000,1000000
2017-10-16 00:07:39.191000,1.24785,1.24778,1000000,1000000
2017-10-16 00:07:39.872000,1.24784,1.24778,1000000,1000000
2017-10-16 00:07:42.699000,1.24785,1.24778,1000000,1000000
2017-10-16 00:07:43.822000,1.24787,1.24778,2060000,1000000
2017-10-16 00:07:44.925000,1.24787,1.24778,2060000,1000000
2017-10-16 00:07:47.511000,1.24785,1.24778,1870000,1000000
2017-10-16 00:07:47.897000,1.24783,1.24777,1500000,1000000
2017-10-16 00:07:48.918000,1.24783,1.24778,1870000,1000000
2017-10-16 00:07:49.071000,1.24787,1.24778,1690000,1000000
2017-10-16 00:07:49.326000,1.24786,1.24778,1690000,1000000
2017-10-16 00:07:49.899000,1.24783,1.24778,1000000,1000000
2017-10-16 00:07:50.106000,1.24786,1.24778,1250000,1000000
2017-10-16 00:07:50.668000,1.24786,1.24778,1190000,1000000
2017-10-16 00:07:50.872000,1.24787,1.24778,1010000,1000000
2017-10-16 00:07:51.025000,1.24786,1.24778,2440000,1000000
2017-10-16 00:07:51.555000,1.24787,1.24778,1690000,1000000
2017-10-16 00:07:51.863000,1.24786,1.24778,1310000,1000000
2017-10-16 00:07:52.424000,1.24784,1.24778,1370000,1000000
2017-10-16 00:07:53.913000,1.24784,1.24778,1250000,1000000
2017-10-16 00:07:55.006000,1.24785,1.24778,3000000,1000000
2017-10-16 00:07:56.508000,1.24785,1.24778,1500000,1000000
2017-10-16 00:07:57.039000,1.24785,1.24778,1500000,1000000
2017-10-16 00:07:58.375000,1.24785,1.24778,1440000,1000000
2017-10-16 00:08:04.826000,1.24784,1.24778,1500000,1000000
2017-10-16 00:08:05.609000,1.24785,1.24778,2810000,1000000
2017-10-16 00:08:06.131000,1.24786,1.24778,1690000,1000000
2017-10-16 00:08:08.849000,1.24786,1.24778,2620000,1000000
2017-10-16 00:08:09.401000,1.24785,1.24778,2060000,1000000
2017-10-16 00:08:12.648000,1.24785,1.24778,1870000,1000000
2017-10-16 00:08:13.237000,1.24785,1.24778,1120000,1000000
2017-10-16 00:08:13.928000,1.24786,1.24778,2060000,1000000
2017-10-16 00:08:19.362000,1.24786,1.24778,1560000,1000000
2017-10-16 00:08:19.918000,1.24786,1.24778,1310000,1000000
2017-10-16 00:08:20.239000,1.24787,1.24778,2810000,1000000
2017-10-16 00:08:21.939000,1.24784,1.24778,1500000,1000000
2017-10-16 00:08:26.337000,1.24783,1.24778,1000000,1000000
2017-10-16 00:08:27.172000,1.24784,1.24776,3190000,1000000
2017-10-16 00:08:27.939000,1.24784,1.24775,1620000,1500000
2017-10-16 00:08:28.447000,1.24784,1.24776,1500000,1000000
2017-10-16 00:08:29.212000,1.24784,1.24775,1620000,1000000
2017-10-16 00:08:29.715000,1.24784,1.24775,1120000,1500000
2017-10-16 00:08:30.660000,1.24784,1.24776,1370000,1000000
2017-10-16 00:08:31.191000,1.24783,1.24775,1000000,1000000
2017-10-16 00:08:33.707000,1.24784,1.24776,1620000,1000000
2017-10-16 00:08:34.492000,1.24784,1.24776,1690000,1000000
2017-10-16 00:08:35.012000,1.24784,1.24775,1310000,1000000
2017-10-16 00:08:35.535000,1.24783,1.24776,1250000,1000000
2017-10-16 00:08:37.371000,1.24784,1.24776,2440000,1000000
2017-10-16 00:08:38.084000,1.24784,1.24775,1310000,1000000
2017-10-16 00:08:38.230000,1.24786,1.24775,1120000,1500000
2017-10-16 00:08:38.641000,1.24785,1.24778,1000000,1000000
2017-10-16 00:08:39.049000,1.24788,1.24777,1950000,1000000
2017-10-16 00:08:39.354000,1.24788,1.24775,3370000,1500000
2017-10-16 00:08:39.903000,1.24787,1.24776,1120000,1690000
2017-10-16 00:08:40.433000,1.24788,1.24776,1120000,1000000
2017-10-16 00:08:41.181000,1.24788,1.24776,1370000,1000000
2017-10-16 00:08:41.688000,1.24788,1.24776,1120000,1000000
2017-10-16 00:08:45.087000,1.24785,1.24776,1000000,1000000
2017-10-16 00:08:50.868000,1.24788,1.24778,3750000,1000000
2017-10-16 00:08:50.971000,1.24788,1.24778,1000000,1000000
2017-10-16 00:08:51.022000,1.24788,1.24776,1000000,1000000
2017-10-16 00:08:51.711000,1.24788,1.24776,1370000,1000000
2017-10-16 00:08:53.893000,1.24788,1.24776,2810000,1690000
2017-10-16 00:08:55.896000,1.24788,1.24777,2620000,1000000
2017-10-16 00:08:56.404000,1.24787,1.24777,1870000,1000000
2017-10-16 00:08:56.627000,1.24788,1.24775,4500000,1690000
2017-10-16 00:08:57.356000,1.24785,1.24776,1000000,1250000
2017-10-16 00:08:58.662000,1.24785,1.24779,1000000,1000000
2017-10-16 00:08:58.815000,1.24788,1.24778,1500000,1000000
2017-10-16 00:08:59.052000,1.24787,1.24776,1310000,1690000
2017-10-16 00:08:59.104000,1.24789,1.24778,3820000,1000000
2017-10-16 00:08:59.388000,1.24787,1.24776,2440000,1250000
2017-10-16 00:08:59.441000,1.24787,1.24776,2060000,1500000
2017-10-16 00:08:59.492000,1.24788,1.24776,3190000,1000000
2017-10-16 00:08:59.997000,1.24786,1.24776,1000000,1000000
2017-10-16 00:09:00.119000,1.24786,1.24778,1000000,1000000
2017-10-16 00:09:00.221000,1.24787,1.24776,1000000,1000000
2017-10-16 00:09:00.272000,1.24788,1.24778,2620000,1000000
2017-10-16 00:09:00.377000,1.24787,1.24776,1690000,1500000
2017-10-16 00:09:02.491000,1.24787,1.24780,1870000,1000000
2017-10-16 00:09:03.020000,1.24787,1.24780,1250000,1000000
2017-10-16 00:09:05.118000,1.24787,1.24780,1310000,1000000
2017-10-16 00:09:05.660000,1.24787,1.24780,1250000,1000000
2017-10-16 00:09:06.290000,1.24787,1.24776,1690000,1000000
2017-10-16 00:09:06.930000,1.24787,1.24776,2060000,1000000
2017-10-16 00:09:07.609000,1.24789,1.24777,4760000,1000000
2017-10-16 00:09:07.661000,1.24788,1.24779,2040000,1000000
2017-10-16 00:09:07.713000,1.24789,1.24777,3190000,1870000
2017-10-16 00:09:07.815000,1.24788,1.24778,1120000,1250000
2017-10-16 00:09:08.389000,1.24789,1.24781,1000000,1500000
2017-10-16 00:09:08.544000,1.24793,1.24784,1000000,1500000
2017-10-16 00:09:08.646000,1.24793,1.24784,3190000,1000000
2017-10-16 00:09:08.902000,1.24793,1.24784,5060000,1000000
2017-10-16 00:09:08.953000,1.24793,1.24784,5060000,1000000
2017-10-16 00:09:09.555000,1.24793,1.24784,1620000,1000000
2017-10-16 00:09:10.259000,1.24792,1.24784,1500000,1000000
2017-10-16 00:09:10.622000,1.24793,1.24784,2250000,1000000
2017-10-16 00:09:10.673000,1.24793,1.24784,2250000,1000000
2017-10-16 00:09:11.356000,1.24792,1.24784,2060000,1000000
2017-10-16 00:09:24.601000,1.24791,1.24784,1310000,1000000
2017-10-16 00:09:25.217000,1.24790,1.24784,1000000,1000000
2017-10-16 00:09:28.011000,1.24792,1.24784,2810000,1000000
2017-10-16 00:09:28.367000,1.24791,1.24784,2810000,1000000
2017-10-16 00:09:28.939000,1.24789,1.24784,1000000,1000000
2017-10-16 00:09:29.493000,1.24791,1.24784,2000000,1000000
2017-10-16 00:09:29.595000,1.24790,1.24784,1000000,1000000
2017-10-16 00:09:32.594000,1.24791,1.24784,2440000,1000000
2017-10-16 00:09:36.607000,1.24792,1.24784,3190000,1000000
2017-10-16 00:09:36.730000,1.24792,1.24784,2060000,1000000
2017-10-16 00:09:37.481000,1.24792,1.24784,2250000,1000000
2017-10-16 00:09:39.118000,1.24792,1.24784,1370000,1000000
2017-10-16 00:09:39.221000,1.24792,1.24784,1310000,1000000
2017-10-16 00:09:39.424000,1.24791,1.24784,1500000,1000000
2017-10-16 00:09:39.628000,1.24792,1.24784,1560000,1000000
2017-10-16 00:09:40.136000,1.24792,1.24784,2060000,1000000
2017-10-16 00:09:41.041000,1.24791,1.24784,2810000,1000000
2017-10-16 00:09:41.093000,1.24789,1.24784,1190000,1000000
2017-10-16 00:09:41.145000,1.24788,1.24778,1440000,2250000
2017-10-16 00:09:41.293000,1.24785,1.24778,1000000,1000000
2017-10-16 00:09:42.353000,1.24786,1.24778,1870000,1000000
2017-10-16 00:09:42.658000,1.24788,1.24778,1500000,1000000
2017-10-16 00:09:42.863000,1.24789,1.24778,4690000,1500000
2017-10-16 00:09:42.914000,1.24789,1.24778,3370000,1500000
2017-10-16 00:09:43.148000,1.24787,1.24778,1690000,1000000
2017-10-16 00:09:43.754000,1.24787,1.24778,1500000,1000000
2017-10-16 00:09:44.821000,1.24786,1.24778,1000000,1000000
2017-10-16 00:09:45.460000,1.24788,1.24778,2810000,1000000
2017-10-16 00:09:46.454000,1.24789,1.24778,2250000,1000000
2017-10-16 00:09:46.708000,1.24787,1.24778,1000000,1000000
2017-10-16 00:09:47.445000,1.24787,1.24778,1190000,1000000
2017-10-16 00:09:50.601000,1.24787,1.24778,1120000,1000000
2017-10-16 00:09:51.395000,1.24786,1.24778,1000000,1000000
2017-10-16 00:09:59.367000,1.24785,1.24778,1000000,1000000
2017-10-16 00:10:00.183000,1.24787,1.24778,2440000,1000000
2017-10-16 00:10:00.514000,1.24785,1.24778,1000000,1000000
2017-10-16 00:10:00.667000,1.24787,1.24778,1690000,1000000
2017-10-16 00:10:01.201000,1.24787,1.24778,1370000,1000000
2017-10-16 00:10:01.907000,1.24786,1.24778,1620000,1500000
2017-10-16 00:10:02.058000,1.24787,1.24779,1250000,1000000
2017-10-16 00:10:02.813000,1.24788,1.24779,1310000,1000000
2017-10-16 00:10:03.384000,1.24788,1.24779,1810000,1000000
2017-10-16 00:10:03.892000,1.24789,1.24780,1870000,1000000
2017-10-16 00:10:05.254000,1.24789,1.24780,2810000,1000000
2017-10-16 00:10:07.025000,1.24789,1.24780,1870000,1000000
2017-10-16 00:10:07.356000,1.24789,1.24778,5320000,1000000
2017-10-16 00:10:07.823000,1.24788,1.24778,2250000,1000000
2017-10-16 00:10:10.437000,1.24788,1.24778,3370000,1000000
2017-10-16 00:10:11.844000,1.24788,1.24778,3190000,1000000
2017-10-16 00:10:12.462000,1.24787,1.24778,1000000,1000000
2017-10-16 00:10:13.843000,1.24788,1.24778,3750000,1000000
2017-10-16 00:10:14.516000,1.24788,1.24778,3560000,1000000
2017-10-16 00:10:15.832000,1.24788,1.24778,3750000,1000000
2017-10-16 00:10:18.449000,1.24788,1.24778,1120000,1000000
2017-10-16 00:10:18.980000,1.24788,1.24778,1500000,1000000
2017-10-16 00:10:19.485000,1.24788,1.24779,1870000,1000000
2017-10-16 00:10:20.846000,1.24788,1.24779,1810000,1000000
2017-10-16 00:10:21.615000,1.24786,1.24778,1000000,1000000
2017-10-16 00:10:30.653000,1.24788,1.24778,2060000,1500000
2017-10-16 00:10:31.664000,1.24788,1.24778,1750000,1000000
2017-10-16 00:10:32.831000,1.24786,1.24778,1500000,1000000
2017-10-16 00:10:35.858000,1.24786,1.24778,1000000,1000000
2017-10-16 00:10:37.016000,1.24788,1.24778,4690000,1500000
2017-10-16 00:10:37.381000,1.24787,1.24778,1120000,1500000
2017-10-16 00:10:38.105000,1.24788,1.24778,4690000,1500000
2017-10-16 00:10:38.614000,1.24788,1.24778,3940000,1500000
2017-10-16 00:10:40.384000,1.24786,1.24778,1250000,1500000
2017-10-16 00:10:42.481000,1.24787,1.24778,1310000,1000000
2017-10-16 00:10:43.031000,1.24787,1.24778,1810000,1000000
2017-10-16 00:10:46.371000,1.24788,1.24778,2810000,1000000
2017-10-16 00:10:51.056000,1.24788,1.24778,2510000,1000000
2017-10-16 00:10:52.305000,1.24787,1.24778,1000000,1000000
2017-10-16 00:10:54.697000,1.24789,1.24777,3070000,1000000
2017-10-16 00:10:56.731000,1.24788,1.24777,1250000,1000000
2017-10-16 00:10:57.049000,1.24788,1.24777,3260000,1000000
2017-10-16 00:10:57.550000,1.24788,1.24777,1690000,1000000
2017-10-16 00:10:58.215000,1.24788,1.24777,2810000,1000000
2017-10-16 00:11:01.175000,1.24787,1.24777,1310000,1000000
2017-10-16 00:11:01.714000,1.24787,1.24777,2000000,1000000
2017-10-16 00:11:02.225000,1.24788,1.24777,3560000,1000000
2017-10-16 00:11:02.827000,1.24786,1.24777,1000000,1000000
2017-10-16 00:11:07.017000,1.24787,1.24777,1690000,1000000
2017-10-16 00:11:07.614000,1.24788,1.24777,3640000,1000000
2017-10-16 00:11:09.234000,1.24787,1.24777,1870000,1000000
2017-10-16 00:11:09.471000,1.24786,1.24777,1000000,1000000
2017-10-16 00:11:09.995000,1.24787,1.24777,1120000,1000000
2017-10-16 00:11:10.653000,1.24786,1.24777,1000000,1000000
2017-10-16 00:11:11.324000,1.24787,1.24777,1870000,1000000
2017-10-16 00:11:12.932000,1.24786,1.24777,1000000,1000000
2017-10-16 00:11:13.401000,1.24786,1.24775,1500000,1250000
2017-10-16 00:11:13.916000,1.24786,1.24776,1000000,1250000
2017-10-16 00:11:15.763000,1.24786,1.24775,1000000,1250000
2017-10-16 00:11:17.642000,1.24785,1.24775,1000000,1500000
2017-10-16 00:11:18.162000,1.24786,1.24776,1690000,1000000
2017-10-16 00:11:18.705000,1.24785,1.24775,1000000,1000000
2017-10-16 00:11:22.281000,1.24785,1.24776,1000000,1000000
2017-10-16 00:11:22.916000,1.24785,1.24775,1500000,1000000
2017-10-16 00:11:23.447000,1.24785,1.24775,1120000,1000000
2017-10-16 00:11:25.261000,1.24785,1.24775,1370000,1000000
2017-10-16 00:11:28.367000,1.24785,1.24775,1120000,1000000
2017-10-16 00:11:29.214000,1.24785,1.24776,1000000,1000000
2017-10-16 00:11:30.337000,1.24785,1.24775,1000000,1000000
2017-10-16 00:11:30.906000,1.24786,1.24776,1250000,1000000
2017-10-16 00:11:31.665000,1.24786,1.24775,1000000,1000000
2017-10-16 00:11:32.306000,1.24784,1.24776,1000000,1000000
2017-10-16 00:11:32.814000,1.24784,1.24775,1000000,1000000
2017-10-16 00:11:33.424000,1.24784,1.24776,1000000,1000000
2017-10-16 00:11:33.938000,1.24784,1.24775,1000000,1000000
2017-10-16 00:11:36.417000,1.24784,1.24776,1120000,1000000
2017-10-16 00:11:38.059000,1.24784,1.24775,1000000,1000000
2017-10-16 00:11:39.069000,1.24784,1.24776,1000000,1000000
2017-10-16 00:11:40.068000,1.24784,1.24775,1000000,1000000
2017-10-16 00:11:40.958000,1.24784,1.24776,1000000,1000000
2017-10-16 00:11:41.161000,1.24786,1.24775,1000000,1250000
2017-10-16 00:11:41.850000,1.24786,1.24776,1690000,1000000
2017-10-16 00:11:42.507000,1.24786,1.24776,1000000,1250000
2017-10-16 00:11:43.219000,1.24786,1.24775,1000000,1000000
2017-10-16 00:11:46.059000,1.24786,1.24775,1370000,1000000
2017-10-16 00:11:46.693000,1.24786,1.24776,1310000,1000000
2017-10-16 00:11:49.395000,1.24786,1.24775,1120000,1000000
2017-10-16 00:12:00.432000,1.24786,1.24776,1500000,1250000
2017-10-16 00:12:02.332000,1.24786,1.24775,1500000,1000000
2017-10-16 00:12:03.773000,1.24784,1.24775,1000000,1000000
2017-10-16 00:12:05.149000,1.24784,1.24776,1120000,1000000
2017-10-16 00:12:06.124000,1.24784,1.24775,1120000,1000000
2017-10-16 00:12:07.120000,1.24784,1.24776,1000000,1000000
2017-10-16 00:12:08.154000,1.24784,1.24775,1000000,1000000
2017-10-16 00:12:09.216000,1.24784,1.24776,1000000,1000000
2017-10-16 00:12:09.735000,1.24784,1.24775,1000000,1250000
2017-10-16 00:12:10.404000,1.24784,1.24776,1000000,1250000
2017-10-16 00:12:10.953000,1.24784,1.24775,1000000,1250000
2017-10-16 00:12:11.463000,1.24784,1.24776,1000000,1000000
2017-10-16 00:12:14.331000,1.24785,1.24776,1120000,1000000
2017-10-16 00:12:14.838000,1.24785,1.24775,1120000,1000000
2017-10-16 00:12:17.315000,1.24785,1.24776,1000000,1000000
2017-10-16 00:12:18.281000,1.24784,1.24776,1000000,1000000
2017-10-16 00:12:19.260000,1.24784,1.24775,1000000,1000000
2017-10-16 00:12:23.157000,1.24784,1.24776,1000000,1000000
2017-10-16 00:12:23.706000,1.24784,1.24775,1000000,1250000
2017-10-16 00:12:24.819000,1.24784,1.24776,1000000,1000000
2017-10-16 00:12:25.765000,1.24784,1.24775,1000000,1000000
2017-10-16 00:12:27.124000,1.24784,1.24776,1000000,1250000
2017-10-16 00:12:27.637000,1.24785,1.24775,1000000,1000000
2017-10-16 00:12:30.991000,1.24785,1.24776,1000000,1000000
2017-10-16 00:12:31.498000,1.24785,1.24775,1000000,1000000
2017-10-16 00:12:33.122000,1.24785,1.24776,1000000,1000000
2017-10-16 00:12:33.893000,1.24785,1.24775,1000000,1120000
2017-10-16 00:12:34.440000,1.24785,1.24776,1000000,1000000
2017-10-16 00:12:38.814000,1.24785,1.24775,1000000,1000000
2017-10-16 00:12:41.973000,1.24785,1.24776,1250000,1000000
2017-10-16 00:12:42.484000,1.24786,1.24775,1250000,1000000
2017-10-16 00:12:42.824000,1.24784,1.24775,1000000,1250000
2017-10-16 00:12:43.919000,1.24784,1.24776,1000000,1250000
2017-10-16 00:12:47.324000,1.24784,1.24775,1000000,1000000
2017-10-16 00:12:49.326000,1.24784,1.24776,1000000,1000000
2017-10-16 00:12:49.875000,1.24784,1.24775,1000000,1000000
2017-10-16 00:12:52.893000,1.24786,1.24775,1000000,1250000
2017-10-16 00:12:54.493000,1.24786,1.24776,1310000,1000000
2017-10-16 00:12:56.576000,1.24786,1.24775,1120000,1000000
2017-10-16 00:12:57.083000,1.24785,1.24775,1000000,1000000
2017-10-16 00:13:00.664000,1.24786,1.24775,1000000,1250000
2017-10-16 00:13:01.175000,1.24786,1.24776,1000000,1250000
2017-10-16 00:13:01.998000,1.24786,1.24775,1000000,1250000
2017-10-16 00:13:02.871000,1.24786,1.24776,1250000,1000000
2017-10-16 00:13:05.108000,1.24786,1.24775,1000000,1500000
2017-10-16 00:13:05.757000,1.24786,1.24776,1310000,1000000
2017-10-16 00:13:08.317000,1.24786,1.24775,1120000,1000000
2017-10-16 00:13:10.330000,1.24786,1.24776,1120000,1000000
2017-10-16 00:13:10.894000,1.24786,1.24775,1000000,1000000
2017-10-16 00:13:11.700000,1.24786,1.24776,1000000,1000000
2017-10-16 00:13:12.419000,1.24786,1.24776,1500000,1000000
2017-10-16 00:13:13.020000,1.24786,1.24776,1500000,1000000
2017-10-16 00:13:13.618000,1.24786,1.24775,1500000,1000000
2017-10-16 00:13:15.819000,1.24786,1.24775,1370000,1000000
2017-10-16 00:13:16.253000,1.24787,1.24775,1120000,1120000
2017-10-16 00:13:16.304000,1.24785,1.24776,1000000,1000000
2017-10-16 00:13:16.814000,1.24784,1.24775,1000000,1250000
2017-10-16 00:13:17.317000,1.24784,1.24776,1000000,1250000
2017-10-16 00:13:18.117000,1.24784,1.24775,1000000,1250000
2017-10-16 00:13:21.233000,1.24787,1.24776,1500000,1000000
2017-10-16 00:13:21.745000,1.24786,1.24775,1000000,1250000
2017-10-16 00:13:23.327000,1.24786,1.24776,1000000,1250000
2017-10-16 00:13:23.882000,1.24785,1.24775,1000000,1000000
2017-10-16 00:13:24.470000,1.24785,1.24776,1000000,1000000
2017-10-16 00:13:25.876000,1.24786,1.24775,1000000,1500000
2017-10-16 00:13:26.182000,1.24784,1.24776,1000000,1000000
2017-10-16 00:13:26.903000,1.24784,1.24775,1000000,1000000
2017-10-16 00:13:27.311000,1.24786,1.24776,1120000,1690000
2017-10-16 00:13:27.464000,1.24788,1.24777,1000000,1310000
2017-10-16 00:13:27.617000,1.24786,1.24776,1000000,2440000
2017-10-16 00:13:28.168000,1.24786,1.24776,1310000,1690000
2017-10-16 00:13:28.703000,1.24786,1.24775,1120000,2060000
2017-10-16 00:13:29.263000,1.24786,1.24776,1000000,1690000
2017-10-16 00:13:31.121000,1.24786,1.24775,1000000,1500000
2017-10-16 00:13:31.821000,1.24785,1.24775,1000000,1500000
2017-10-16 00:13:32.327000,1.24785,1.24776,1000000,1000000
2017-10-16 00:13:32.835000,1.24785,1.24775,1000000,1000000
2017-10-16 00:13:34.460000,1.24785,1.24776,1000000,1250000
2017-10-16 00:13:36.058000,1.24786,1.24775,1000000,1500000
2017-10-16 00:13:39.398000,1.24786,1.24776,1000000,1250000
2017-10-16 00:13:40.124000,1.24786,1.24775,1500000,1250000
2017-10-16 00:13:41.547000,1.24786,1.24776,1500000,1250000
2017-10-16 00:13:42.634000,1.24786,1.24775,1500000,1250000
2017-10-16 00:13:43.142000,1.24786,1.24775,1000000,1250000
2017-10-16 00:13:44.564000,1.24786,1.24776,1120000,1250000
2017-10-16 00:13:45.089000,1.24785,1.24775,1000000,1250000
2017-10-16 00:13:47.373000,1.24788,1.24777,1750000,1000000
2017-10-16 00:13:47.476000,1.24788,1.24776,1000000,2060000
2017-10-16 00:13:47.630000,1.24786,1.24775,1000000,2440000
2017-10-16 00:13:47.682000,1.24786,1.24776,1000000,1690000
2017-10-16 00:13:48.326000,1.24786,1.24775,1000000,2060000
2017-10-16 00:13:51.173000,1.24787,1.24775,1690000,1000000
2017-10-16 00:13:52.590000,1.24787,1.24776,1690000,1690000
2017-10-16 00:13:53.115000,1.24786,1.24775,1120000,1250000
2017-10-16 00:14:02.363000,1.24785,1.24775,1000000,1500000
2017-10-16 00:14:02.928000,1.24785,1.24776,1000000,1250000
2017-10-16 00:14:04.006000,1.24785,1.24775,1000000,1250000
2017-10-16 00:14:04.614000,1.24786,1.24775,1750000,1250000
2017-10-16 00:14:10.177000,1.24786,1.24776,2250000,1250000
2017-10-16 00:14:10.878000,1.24786,1.24776,1500000,1250000
2017-10-16 00:14:11.395000,1.24786,1.24775,1500000,1250000
2017-10-16 00:14:12.413000,1.24786,1.24775,1500000,1250000
2017-10-16 00:14:14.326000,1.24786,1.24776,1500000,1250000
2017-10-16 00:14:14.931000,1.24786,1.24775,1370000,1250000
2017-10-16 00:14:15.534000,1.24786,1.24776,1370000,1250000
2017-10-16 00:14:16.122000,1.24786,1.24776,1500000,1250000
2017-10-16 00:14:18.369000,1.24786,1.24775,1500000,1250000
2017-10-16 00:14:18.420000,1.24786,1.24775,1120000,1250000
2017-10-16 00:14:19.729000,1.24786,1.24776,1310000,1000000
2017-10-16 00:14:20.250000,1.24786,1.24775,1500000,1000000
2017-10-16 00:14:22.253000,1.24787,1.24776,2620000,1870000
2017-10-16 00:14:22.406000,1.24788,1.24777,1500000,1440000
2017-10-16 00:14:22.457000,1.24788,1.24776,1870000,1690000
2017-10-16 00:14:22.966000,1.24787,1.24775,1120000,1000000
2017-10-16 00:14:23.298000,1.24786,1.24776,1500000,1000000
2017-10-16 00:14:23.612000,1.24787,1.24775,1500000,1000000
2017-10-16 00:14:24.915000,1.24787,1.24776,1500000,1000000
2017-10-16 00:14:25.519000,1.24787,1.24775,1310000,1000000
2017-10-16 00:14:26.035000,1.24787,1.24775,1500000,1000000
2017-10-16 00:14:26.445000,1.24786,1.24776,2250000,1250000
2017-10-16 00:14:26.839000,1.24786,1.24776,1120000,1250000
2017-10-16 00:14:28.329000,1.24786,1.24775,1120000,1250000
2017-10-16 00:14:28.978000,1.24785,1.24775,1000000,1250000
2017-10-16 00:14:29.481000,1.24785,1.24776,1000000,1250000
2017-10-16 00:14:30.269000,1.24785,1.24775,1000000,1250000
2017-10-16 00:14:30.746000,1.24787,1.24775,1250000,1000000
2017-10-16 00:14:30.848000,1.24785,1.24775,1000000,1000000
2017-10-16 00:14:32.006000,1.24785,1.24776,1120000,1250000
2017-10-16 00:14:32.724000,1.24785,1.24775,1120000,1250000
2017-10-16 00:14:33.519000,1.24785,1.24776,1120000,1000000
2017-10-16 00:14:33.772000,1.24787,1.24775,1690000,1000000
2017-10-16 00:14:33.823000,1.24785,1.24775,1000000,1000000
2017-10-16 00:14:34.457000,1.24785,1.24776,1500000,1250000
2017-10-16 00:14:35.003000,1.24785,1.24775,1000000,1000000
2017-10-16 00:14:35.614000,1.24784,1.24776,1120000,1250000
2017-10-16 00:14:37.310000,1.24785,1.24775,1370000,1000000
2017-10-16 00:14:37.361000,1.24786,1.24776,1310000,1000000
2017-10-16 00:14:38.027000,1.24785,1.24776,1120000,1250000
2017-10-16 00:14:38.574000,1.24785,1.24775,1120000,1250000
2017-10-16 00:14:39.083000,1.24785,1.24776,1120000,1250000
2017-10-16 00:14:39.778000,1.24785,1.24775,1120000,1250000
2017-10-16 00:14:42.006000,1.24785,1.24776,1000000,1000000
2017-10-16 00:14:43.931000,1.24786,1.24776,1000000,1000000
2017-10-16 00:14:44.488000,1.24787,1.24776,1250000,1690000
2017-10-16 00:14:44.639000,1.24786,1.24776,2250000,1000000
2017-10-16 00:14:48.046000,1.24786,1.24775,1500000,1250000
2017-10-16 00:14:48.704000,1.24786,1.24775,1120000,1250000
2017-10-16 00:14:51.875000,1.24786,1.24775,1750000,1250000
2017-10-16 00:14:55.069000,1.24786,1.24775,1000000,1250000
2017-10-16 00:14:55.499000,1.24784,1.24776,1000000,1000000
2017-10-16 00:14:56.244000,1.24784,1.24775,1000000,1250000
2017-10-16 00:14:58.679000,1.24784,1.24776,1000000,1000000
2017-10-16 00:14:58.884000,1.24786,1.24776,1000000,2060000
2017-10-16 00:15:00.687000,1.24786,1.24776,1000000,1440000
2017-10-16 00:15:00.960000,1.24787,1.24775,1310000,1000000
2017-10-16 00:15:01.215000,1.24786,1.24776,1750000,1000000
2017-10-16 00:15:01.700000,1.24786,1.24776,1250000,1000000
2017-10-16 00:15:01.882000,1.24785,1.24775,1500000,1000000
2017-10-16 00:15:02.416000,1.24783,1.24776,1120000,1000000
2017-10-16 00:15:02.963000,1.24783,1.24775,1120000,1000000
2017-10-16 00:15:05.676000,1.24785,1.24775,1500000,1250000
2017-10-16 00:15:06.283000,1.24785,1.24776,1120000,1000000
2017-10-16 00:15:06.875000,1.24785,1.24775,1000000,1250000
2017-10-16 00:15:07.858000,1.24785,1.24776,1250000,1000000
2017-10-16 00:15:08.645000,1.24785,1.24775,1500000,1250000
2017-10-16 00:15:09.736000,1.24785,1.24776,1500000,1000000
2017-10-16 00:15:10.246000,1.24786,1.24775,1000000,1250000
2017-10-16 00:15:10.885000,1.24786,1.24776,1500000,1250000
2017-10-16 00:15:11.776000,1.24786,1.24775,1500000,1250000
2017-10-16 00:15:12.416000,1.24786,1.24776,1250000,1000000
2017-10-16 00:15:12.935000,1.24785,1.24776,1120000,1250000
2017-10-16 00:15:13.547000,1.24785,1.24775,1000000,1250000
2017-10-16 00:15:14.208000,1.24784,1.24776,1000000,1250000
2017-10-16 00:15:14.774000,1.24784,1.24775,1000000,1250000
2017-10-16 00:15:16.731000,1.24786,1.24775,1500000,1000000
2017-10-16 00:15:17.241000,1.24785,1.24775,1000000,1000000
2017-10-16 00:15:17.843000,1.24785,1.24776,1000000,1000000
2017-10-16 00:15:18.351000,1.24785,1.24775,1000000,1000000
2017-10-16 00:15:18.985000,1.24785,1.24775,1500000,1000000
2017-10-16 00:15:19.652000,1.24785,1.24775,1000000,1000000
2017-10-16 00:15:20.323000,1.24785,1.24776,1250000,1000000
2017-10-16 00:15:21.140000,1.24785,1.24776,1690000,1000000
2017-10-16 00:15:22.014000,1.24784,1.24775,1120000,1000000
2017-10-16 00:15:22.618000,1.24784,1.24776,1000000,1000000
2017-10-16 00:15:23.122000,1.24785,1.24775,1500000,1000000
2017-10-16 00:15:23.774000,1.24785,1.24775,1500000,1000000
2017-10-16 00:15:24.318000,1.24784,1.24776,1000000,1000000
2017-10-16 00:15:24.845000,1.24785,1.24776,2000000,1000000
2017-10-16 00:15:26.143000,1.24786,1.24775,1750000,1250000
2017-10-16 00:15:26.348000,1.24785,1.24775,1000000,1000000
2017-10-16 00:15:26.887000,1.24785,1.24775,1370000,1000000
2017-10-16 00:15:27.794000,1.24785,1.24775,1750000,1000000
2017-10-16 00:15:28.308000,1.24785,1.24775,1500000,1000000
2017-10-16 00:15:28.630000,1.24783,1.24775,1000000,1000000
2017-10-16 00:15:29.516000,1.24783,1.24776,1000000,1000000
2017-10-16 00:15:31.315000,1.24783,1.24775,1120000,1000000
2017-10-16 00:15:31.917000,1.24784,1.24775,1000000,1000000
2017-10-16 00:15:32.454000,1.24785,1.24775,1000000,1000000
2017-10-16 00:15:32.820000,1.24782,1.24775,1000000,1000000
2017-10-16 00:15:35.270000,1.24782,1.24776,1000000,1000000
2017-10-16 00:15:35.812000,1.24782,1.24775,1000000,1000000
2017-10-16 00:15:36.563000,1.24782,1.24776,1000000,1000000
2017-10-16 00:15:36.614000,1.24784,1.24776,1120000,1000000
2017-10-16 00:15:37.155000,1.24783,1.24776,1000000,1000000
2017-10-16 00:15:39.161000,1.24783,1.24775,1870000,1000000
2017-10-16 00:15:39.957000,1.24783,1.24776,1500000,1000000
2017-10-16 00:15:40.616000,1.24783,1.24775,1500000,1000000
2017-10-16 00:15:41.229000,1.24783,1.24776,1370000,1000000
2017-10-16 00:15:41.822000,1.24786,1.24776,2250000,1000000
2017-10-16 00:15:41.873000,1.24786,1.24776,2250000,1250000
2017-10-16 00:15:42.409000,1.24785,1.24775,1000000,1000000
2017-10-16 00:15:43.139000,1.24785,1.24775,1870000,1250000
2017-10-16 00:15:43.678000,1.24785,1.24776,1870000,1000000
2017-10-16 00:15:44.273000,1.24786,1.24776,2060000,1000000
2017-10-16 00:15:44.481000,1.24784,1.24776,2060000,1000000
2017-10-16 00:15:44.991000,1.24784,1.24776,1000000,1000000
2017-10-16 00:15:45.569000,1.24784,1.24775,1370000,1000000
2017-10-16 00:15:46.123000,1.24784,1.24776,1000000,1000000
2017-10-16 00:15:46.710000,1.24784,1.24775,1000000,1000000
2017-10-16 00:15:47.287000,1.24784,1.24776,1250000,1000000
2017-10-16 00:15:47.951000,1.24784,1.24775,1000000,1000000
2017-10-16 00:15:48.540000,1.24783,1.24776,1000000,1000000
2017-10-16 00:15:53.291000,1.24785,1.24775,1000000,1000000
2017-10-16 00:15:53.545000,1.24782,1.24775,1000000,1000000
2017-10-16 00:15:53.749000,1.24785,1.24775,2620000,1000000
2017-10-16 00:15:54.257000,1.24785,1.24775,1870000,1000000
2017-10-16 00:15:54.766000,1.24784,1.24776,1120000,1000000
2017-10-16 00:15:55.294000,1.24785,1.24775,1000000,1000000
2017-10-16 00:15:55.802000,1.24784,1.24775,1120000,1000000
2017-10-16 00:16:00.800000,1.24785,1.24776,2250000,1000000
2017-10-16 00:16:01.658000,1.24785,1.24775,1120000,1000000
2017-10-16 00:16:01.710000,1.24785,1.24775,1500000,1000000
2017-10-16 00:16:02.228000,1.24784,1.24775,1000000,1000000
2017-10-16 00:16:02.535000,1.24781,1.24775,1000000,1000000
2017-10-16 00:16:03.040000,1.24782,1.24775,1690000,1000000
2017-10-16 00:16:04.025000,1.24782,1.24775,1620000,1000000
2017-10-16 00:16:04.705000,1.24782,1.24776,1310000,1000000
2017-10-16 00:16:05.323000,1.24781,1.24776,1120000,1000000
2017-10-16 00:16:05.952000,1.24781,1.24775,1120000,1000000
2017-10-16 00:16:06.489000,1.24781,1.24775,1370000,1000000
2017-10-16 00:16:07.001000,1.24780,1.24776,1120000,1000000
2017-10-16 00:16:07.516000,1.24781,1.24775,1000000,1000000
2017-10-16 00:16:08.167000,1.24782,1.24775,1000000,1000000
2017-10-16 00:16:10.497000,1.24782,1.24776,1000000,1000000
2017-10-16 00:16:11.109000,1.24782,1.24775,1000000,1000000
2017-10-16 00:16:12.281000,1.24783,1.24775,1120000,1000000
2017-10-16 00:16:12.738000,1.24783,1.24773,1500000,1870000
2017-10-16 00:16:12.933000,1.24783,1.24776,1500000,1000000
2017-10-16 00:16:13.618000,1.24783,1.24775,1500000,1000000
2017-10-16 00:16:14.833000,1.24783,1.24776,1500000,1000000
2017-10-16 00:16:15.335000,1.24783,1.24775,1370000,1000000
2017-10-16 00:16:15.548000,1.24785,1.24775,1000000,1500000
2017-10-16 00:16:16.153000,1.24785,1.24776,1000000,1250000
2017-10-16 00:16:16.713000,1.24785,1.24775,1000000,1690000
2017-10-16 00:16:20.329000,1.24785,1.24776,1250000,1000000
2017-10-16 00:16:21.049000,1.24785,1.24776,1620000,1000000
2017-10-16 00:16:21.865000,1.24785,1.24776,1690000,1000000
2017-10-16 00:16:25.447000,1.24785,1.24775,1000000,1000000
2017-10-16 00:16:26.005000,1.24785,1.24776,1310000,1000000
2017-10-16 00:16:26.311000,1.24782,1.24775,1000000,1000000
2017-10-16 00:16:26.464000,1.24784,1.24775,1000000,1000000
2017-10-16 00:16:26.995000,1.24785,1.24776,2620000,1000000
2017-10-16 00:16:27.526000,1.24784,1.24775,1000000,1000000
2017-10-16 00:16:28.278000,1.24783,1.24775,1000000,1000000
2017-10-16 00:16:28.889000,1.24784,1.24776,2000000,1000000
2017-10-16 00:16:28.991000,1.24784,1.24776,1250000,1000000
2017-10-16 00:16:29.500000,1.24784,1.24775,1000000,1000000
2017-10-16 00:16:30.194000,1.24786,1.24775,1500000,1000000
2017-10-16 00:16:30.702000,1.24786,1.24776,2060000,1000000
2017-10-16 00:16:30.753000,1.24786,1.24775,1310000,1000000
2017-10-16 00:16:30.906000,1.24785,1.24776,1690000,1000000
2017-10-16 00:16:31.408000,1.24785,1.24776,1250000,1000000
2017-10-16 00:16:32.231000,1.24785,1.24776,2440000,1000000
2017-10-16 00:16:34.321000,1.24785,1.24775,2250000,1000000
2017-10-16 00:16:34.831000,1.24785,1.24775,1500000,1000000
2017-10-16 00:16:35.384000,1.24786,1.24776,1500000,1000000
2017-10-16 00:16:36.422000,1.24786,1.24775,1690000,1000000
2017-10-16 00:16:36.778000,1.24783,1.24775,1000000,1000000
2017-10-16 00:16:37.324000,1.24784,1.24775,1000000,1000000
2017-10-16 00:16:37.899000,1.24784,1.24776,1000000,1000000
2017-10-16 00:16:38.867000,1.24784,1.24775,1000000,1000000
2017-10-16 00:16:41.337000,1.24785,1.24775,1250000,1000000
2017-10-16 00:16:42.544000,1.24785,1.24776,1000000,1000000
2017-10-16 00:16:43.123000,1.24785,1.24775,1000000,1000000
2017-10-16 00:16:44.617000,1.24786,1.24776,1120000,1000000
2017-10-16 00:16:45.125000,1.24785,1.24775,1250000,1000000
2017-10-16 00:16:45.714000,1.24784,1.24775,1000000,1000000
2017-10-16 00:16:47.601000,1.24784,1.24776,1120000,1000000
2017-10-16 00:16:48.501000,1.24784,1.24775,1000000,1000000
2017-10-16 00:16:49.081000,1.24784,1.24776,1000000,1000000
2017-10-16 00:16:49.825000,1.24784,1.24775,1000000,1000000
2017-10-16 00:16:50.773000,1.24784,1.24776,1000000,1000000
2017-10-16 00:16:54.773000,1.24784,1.24775,1000000,1000000
2017-10-16 00:16:55.395000,1.24784,1.24775,1500000,1000000
2017-10-16 00:16:55.908000,1.24785,1.24775,1690000,1000000
2017-10-16 00:16:56.419000,1.24785,1.24775,1120000,1000000
2017-10-16 00:16:56.922000,1.24784,1.24776,1310000,1000000
2017-10-16 00:16:58.192000,1.24784,1.24775,1120000,1000000
2017-10-16 00:16:58.876000,1.24784,1.24776,1250000,1000000
2017-10-16 00:17:00.385000,1.24784,1.24775,1000000,1000000
2017-10-16 00:17:00.588000,1.24786,1.24776,1690000,1000000
2017-10-16 00:17:01.112000,1.24785,1.24776,1310000,1000000
2017-10-16 00:17:02.484000,1.24785,1.24775,1120000,1000000
2017-10-16 00:17:03.096000,1.24785,1.24776,1870000,1000000
2017-10-16 00:17:04.843000,1.24785,1.24776,1000000,1000000
2017-10-16 00:17:05.363000,1.24784,1.24775,1000000,1000000
2017-10-16 00:17:08.414000,1.24784,1.24776,1250000,1000000
2017-10-16 00:17:09.617000,1.24785,1.24775,1000000,1000000
2017-10-16 00:17:10.454000,1.24785,1.24776,1870000,1000000
2017-10-16 00:17:10.989000,1.24785,1.24775,1870000,1000000
2017-10-16 00:17:13.329000,1.24785,1.24776,1250000,1000000
2017-10-16 00:17:14.613000,1.24787,1.24775,1500000,1000000
2017-10-16 00:17:15.746000,1.24785,1.24775,1000000,1500000
2017-10-16 00:17:16.395000,1.24786,1.24776,1690000,1000000
2017-10-16 00:17:16.651000,1.24786,1.24775,1250000,1000000
2017-10-16 00:17:17.653000,1.24784,1.24775,1000000,1000000
2017-10-16 00:17:18.437000,1.24784,1.24776,1000000,1000000
2017-10-16 00:17:18.995000,1.24784,1.24775,1000000,1000000
2017-10-16 00:17:19.685000,1.24784,1.24776,1000000,1000000
2017-10-16 00:17:20.224000,1.24786,1.24776,1120000,1000000
2017-10-16 00:17:20.789000,1.24786,1.24775,1120000,1000000
2017-10-16 00:17:21.634000,1.24786,1.24776,1500000,1000000
2017-10-16 00:17:22.214000,1.24786,1.24776,1870000,1000000
2017-10-16 00:17:25.580000,1.24787,1.24775,2060000,1000000
2017-10-16 00:17:26.105000,1.24785,1.24776,1120000,1000000
2017-10-16 00:17:28.157000,1.24785,1.24775,1120000,1000000
2017-10-16 00:17:29.503000,1.24785,1.24776,1120000,1000000
2017-10-16 00:17:30.008000,1.24785,1.24775,1120000,1000000
2017-10-16 00:17:30.657000,1.24785,1.24776,1120000,1000000
2017-10-16 00:17:31.165000,1.24785,1.24775,1000000,1000000
2017-10-16 00:17:31.470000,1.24784,1.24775,1370000,1000000
2017-10-16 00:17:32.052000,1.24784,1.24775,1000000,1000000
2017-10-16 00:17:32.613000,1.24784,1.24776,1310000,1000000
2017-10-16 00:17:33.118000,1.24784,1.24775,1120000,1000000
2017-10-16 00:17:35.334000,1.24787,1.24775,2250000,1000000
2017-10-16 00:17:36.608000,1.24786,1.24775,1500000,1250000
2017-10-16 00:17:38.247000,1.24786,1.24775,1000000,1000000
2017-10-16 00:17:39.592000,1.24786,1.24776,1310000,1500000
2017-10-16 00:17:40.154000,1.24785,1.24775,1000000,1500000
2017-10-16 00:17:40.205000,1.24787,1.24775,1250000,1500000
2017-10-16 00:17:40.373000,1.24787,1.24776,1690000,1000000
2017-10-16 00:17:40.880000,1.24784,1.24775,1500000,1000000
2017-10-16 00:17:41.443000,1.24784,1.24776,1500000,1000000
2017-10-16 00:17:47.364000,1.24784,1.24775,1000000,1000000
2017-10-16 00:17:48.174000,1.24784,1.24776,1000000,1000000
2017-10-16 00:17:49.873000,1.24784,1.24775,1000000,1000000
2017-10-16 00:17:53.723000,1.24784,1.24776,1500000,1000000
2017-10-16 00:17:54.263000,1.24784,1.24776,1370000,1000000
2017-10-16 00:17:59.375000,1.24785,1.24776,1000000,1000000
2017-10-16 00:18:00.500000,1.24786,1.24776,1500000,1000000
2017-10-16 00:18:00.805000,1.24784,1.24775,1000000,1000000
2017-10-16 00:18:01.313000,1.24787,1.24776,1870000,1000000
2017-10-16 00:18:01.804000,1.24784,1.24775,1000000,1000000
2017-10-16 00:18:02.693000,1.24786,1.24776,1250000,1000000
2017-10-16 00:18:02.795000,1.24786,1.24776,2440000,1500000
2017-10-16 00:18:03.111000,1.24786,1.24775,1120000,2250000
2017-10-16 00:18:03.467000,1.24784,1.24775,1000000,1000000
2017-10-16 00:18:03.973000,1.24785,1.24775,1370000,1000000
2017-10-16 00:18:04.025000,1.24785,1.24775,1000000,1000000
2017-10-16 00:18:05.233000,1.24785,1.24776,1310000,1000000
2017-10-16 00:18:05.954000,1.24785,1.24776,1440000,1000000
2017-10-16 00:18:06.577000,1.24785,1.24775,1000000,1000000
2017-10-16 00:18:07.998000,1.24785,1.24776,1250000,1000000
2017-10-16 00:18:08.384000,1.24782,1.24776,1440000,1000000
2017-10-16 00:18:08.843000,1.24784,1.24775,1500000,1000000
2017-10-16 00:18:09.048000,1.24785,1.24775,1120000,1500000
2017-10-16 00:18:09.580000,1.24785,1.24776,1690000,1000000
2017-10-16 00:18:11.303000,1.24783,1.24775,1120000,1000000
2017-10-16 00:18:11.660000,1.24786,1.24775,2810000,1000000
2017-10-16 00:18:12.170000,1.24785,1.24776,1310000,1000000
2017-10-16 00:18:12.705000,1.24785,1.24776,1440000,1000000
2017-10-16 00:18:13.234000,1.24785,1.24775,1690000,1000000
2017-10-16 00:18:14.145000,1.24785,1.24776,1620000,1000000
2017-10-16 00:18:14.657000,1.24785,1.24775,1500000,1000000
2017-10-16 00:18:15.225000,1.24786,1.24776,3370000,1000000
2017-10-16 00:18:15.734000,1.24783,1.24776,1690000,1000000
2017-10-16 00:18:16.403000,1.24783,1.24775,1120000,1000000
2017-10-16 00:18:16.759000,1.24785,1.24775,1000000,1000000
2017-10-16 00:18:17.953000,1.24784,1.24775,1250000,1000000
2017-10-16 00:18:18.157000,1.24782,1.24775,1000000,1000000
2017-10-16 00:18:20.894000,1.24782,1.24776,1000000,1000000
2017-10-16 00:18:21.530000,1.24782,1.24775,1000000,1000000
2017-10-16 00:18:22.190000,1.24782,1.24776,1000000,1000000
2017-10-16 00:18:22.293000,1.24786,1.24775,2250000,1000000
2017-10-16 00:18:22.851000,1.24785,1.24776,1500000,1000000
2017-10-16 00:18:24.452000,1.24785,1.24775,1250000,1000000
2017-10-16 00:18:25.230000,1.24785,1.24775,1440000,1000000
2017-10-16 00:18:25.485000,1.24783,1.24776,1620000,1000000
2017-10-16 00:18:25.943000,1.24785,1.24776,1250000,1000000
2017-10-16 00:18:26.490000,1.24786,1.24775,2620000,1000000
2017-10-16 00:18:26.694000,1.24782,1.24776,1000000,1000000
2017-10-16 00:18:27.216000,1.24782,1.24775,1000000,1000000
2017-10-16 00:18:27.810000,1.24782,1.24776,1000000,1000000
2017-10-16 00:18:28.871000,1.24782,1.24775,1000000,1000000
2017-10-16 00:18:29.547000,1.24785,1.24776,1370000,1000000
2017-10-16 00:18:29.702000,1.24786,1.24776,1120000,1250000
2017-10-16 00:18:30.230000,1.24786,1.24775,2620000,1000000
2017-10-16 00:18:30.861000,1.24786,1.24775,1250000,1500000
2017-10-16 00:18:31.010000,1.24784,1.24776,1000000,1000000
2017-10-16 00:18:31.557000,1.24785,1.24775,1690000,1000000
2017-10-16 00:18:32.158000,1.24786,1.24776,2440000,1000000
2017-10-16 00:18:32.312000,1.24786,1.24776,2060000,1000000
2017-10-16 00:18:32.824000,1.24784,1.24775,1000000,1000000
2017-10-16 00:18:32.986000,1.24787,1.24775,1870000,1000000
2017-10-16 00:18:33.162000,1.24785,1.24776,1190000,1000000
2017-10-16 00:18:33.691000,1.24786,1.24775,1370000,1120000
2017-10-16 00:18:34.477000,1.24786,1.24775,1500000,1120000
2017-10-16 00:18:38.159000,1.24786,1.24776,1690000,1000000
2017-10-16 00:18:38.767000,1.24786,1.24775,1500000,1120000
2017-10-16 00:18:39.479000,1.24786,1.24776,1690000,1250000
2017-10-16 00:18:40.007000,1.24786,1.24776,1440000,1000000
2017-10-16 00:18:40.140000,1.24787,1.24776,1000000,1250000
2017-10-16 00:18:40.244000,1.24785,1.24775,1000000,1120000
2017-10-16 00:18:41.228000,1.24785,1.24776,1690000,1250000
2017-10-16 00:18:42.124000,1.24785,1.24775,1000000,1310000
2017-10-16 00:18:42.788000,1.24785,1.24776,1250000,1250000
2017-10-16 00:18:43.448000,1.24785,1.24775,1500000,1310000
2017-10-16 00:18:44.110000,1.24785,1.24776,1120000,1250000
2017-10-16 00:18:47.936000,1.24785,1.24775,1120000,1310000
2017-10-16 00:18:49.140000,1.24782,1.24776,1000000,1000000
2017-10-16 00:18:52.920000,1.24782,1.24775,1000000,1000000
2017-10-16 00:18:53.416000,1.24785,1.24776,1120000,1000000
2017-10-16 00:18:54.915000,1.24787,1.24776,2060000,1000000
2017-10-16 00:18:55.170000,1.24786,1.24776,2060000,1000000
2017-10-16 00:18:55.671000,1.24782,1.24775,1120000,1000000
2017-10-16 00:18:57.496000,1.24786,1.24775,3000000,1000000
2017-10-16 00:18:57.700000,1.24786,1.24775,1250000,1500000
2017-10-16 00:18:58.237000,1.24787,1.24775,1000000,2440000
2017-10-16 00:18:58.705000,1.24785,1.24775,1000000,1000000
2017-10-16 00:18:59.409000,1.24785,1.24776,1500000,1000000
2017-10-16 00:19:00.740000,1.24786,1.24775,2620000,1000000
2017-10-16 00:19:00.934000,1.24786,1.24775,1500000,1500000
2017-10-16 00:19:01.444000,1.24786,1.24775,1500000,1000000
2017-10-16 00:19:02.142000,1.24786,1.24776,1870000,1000000
2017-10-16 00:19:03.253000,1.24786,1.24775,1690000,1000000
2017-10-16 00:19:04.117000,1.24785,1.24775,3000000,1000000
2017-10-16 00:19:04.423000,1.24782,1.24776,1000000,1000000
2017-10-16 00:19:06.447000,1.24782,1.24775,1120000,1000000
2017-10-16 00:19:07.022000,1.24785,1.24776,1870000,1000000
2017-10-16 00:19:07.074000,1.24786,1.24775,2060000,1000000
2017-10-16 00:19:07.584000,1.24787,1.24775,1620000,1000000
2017-10-16 00:19:07.636000,1.24787,1.24776,1690000,1000000
2017-10-16 00:19:08.258000,1.24782,1.24775,1000000,1000000
2017-10-16 00:19:08.920000,1.24782,1.24776,1000000,1000000
2017-10-16 00:19:09.712000,1.24784,1.24775,1870000,1000000
2017-10-16 00:19:10.252000,1.24784,1.24776,1440000,1000000
2017-10-16 00:19:10.761000,1.24784,1.24776,1310000,1000000
2017-10-16 00:19:11.269000,1.24783,1.24775,1870000,1000000
2017-10-16 00:19:12.495000,1.24786,1.24775,1620000,1000000
2017-10-16 00:19:13.023000,1.24785,1.24776,1500000,1000000
2017-10-16 00:19:13.282000,1.24786,1.24775,1310000,1000000
2017-10-16 00:19:14.033000,1.24786,1.24776,1000000,1250000
2017-10-16 00:19:14.539000,1.24786,1.24775,1120000,1310000
2017-10-16 00:19:15.087000,1.24786,1.24775,1370000,1310000
2017-10-16 00:19:15.588000,1.24786,1.24775,1000000,1310000
2017-10-16 00:19:16.965000,1.24786,1.24776,1310000,1250000
2017-10-16 00:19:18.149000,1.24786,1.24775,1120000,1310000
2017-10-16 00:19:18.824000,1.24786,1.24776,1250000,1250000
2017-10-16 00:19:19.523000,1.24786,1.24775,1000000,1310000
2017-10-16 00:19:20.146000,1.24786,1.24776,1250000,1250000
2017-10-16 00:19:20.695000,1.24786,1.24775,1000000,1310000
2017-10-16 00:19:21.467000,1.24786,1.24776,1250000,1250000
2017-10-16 00:19:22.124000,1.24786,1.24775,1000000,1310000
2017-10-16 00:19:22.835000,1.24786,1.24776,1000000,1250000
2017-10-16 00:19:23.448000,1.24786,1.24775,1000000,1310000
2017-10-16 00:19:23.974000,1.24786,1.24776,1000000,1250000
2017-10-16 00:19:25.518000,1.24786,1.24775,1310000,1120000
2017-10-16 00:19:25.621000,1.24785,1.24776,1370000,1000000
2017-10-16 00:19:26.199000,1.24785,1.24778,1620000,1000000
2017-10-16 00:19:26.352000,1.24786,1.24778,1500000,1000000
2017-10-16 00:19:26.403000,1.24786,1.24778,1690000,1000000
2017-10-16 00:19:27.330000,1.24786,1.24778,1690000,1000000
2017-10-16 00:19:27.646000,1.24786,1.24778,4120000,1000000
2017-10-16 00:19:27.748000,1.24786,1.24778,1000000,1000000
2017-10-16 00:19:31.463000,1.24787,1.24778,1620000,1000000
2017-10-16 00:19:32.672000,1.24786,1.24778,1000000,1000000
2017-10-16 00:19:33.545000,1.24787,1.24778,2060000,1000000
2017-10-16 00:19:35.515000,1.24788,1.24778,5510000,1000000
2017-10-16 00:19:36.329000,1.24788,1.24778,3750000,1000000
2017-10-16 00:19:36.984000,1.24786,1.24778,1000000,1000000
2017-10-16 00:19:38.857000,1.24787,1.24778,1250000,1000000
2017-10-16 00:19:39.473000,1.24786,1.24778,1000000,1000000
2017-10-16 00:19:41.748000,1.24787,1.24778,1000000,1000000
2017-10-16 00:19:41.951000,1.24787,1.24778,4310000,1000000
2017-10-16 00:19:47.461000,1.24786,1.24778,1000000,1000000
2017-10-16 00:19:55.366000,1.24787,1.24778,1690000,1000000
2017-10-16 00:19:55.886000,1.24787,1.24778,1440000,1000000
2017-10-16 00:19:56.549000,1.24787,1.24778,1620000,1000000
2017-10-16 00:19:58.200000,1.24788,1.24778,4120000,1000000
2017-10-16 00:19:58.309000,1.24786,1.24778,1440000,1000000
2017-10-16 00:19:58.857000,1.24786,1.24778,1690000,1000000
2017-10-16 00:20:01.585000,1.24784,1.24778,1620000,1000000
2017-10-16 00:20:02.095000,1.24782,1.24778,1310000,1000000
2017-10-16 00:20:02.612000,1.24781,1.24777,1000000,1000000
2017-10-16 00:20:03.723000,1.24783,1.24778,1500000,1000000
2017-10-16 00:20:04.219000,1.24786,1.24778,2620000,1000000
2017-10-16 00:20:04.374000,1.24785,1.24778,2250000,1000000
2017-10-16 00:20:04.679000,1.24783,1.24778,1370000,1000000
2017-10-16 00:20:06.416000,1.24786,1.24778,1810000,1000000
2017-10-16 00:20:06.824000,1.24783,1.24778,1000000,1000000
2017-10-16 00:20:06.977000,1.24785,1.24778,1120000,1000000
2017-10-16 00:20:07.232000,1.24784,1.24777,1750000,1000000
2017-10-16 00:20:09.592000,1.24783,1.24778,1000000,1000000
2017-10-16 00:20:10.201000,1.24783,1.24778,2250000,1000000
2017-10-16 00:20:11.909000,1.24783,1.24778,1120000,1000000
2017-10-16 00:20:12.743000,1.24782,1.24778,1000000,1000000
2017-10-16 00:20:13.252000,1.24782,1.24777,1500000,1000000
2017-10-16 00:20:13.803000,1.24783,1.24778,1870000,1000000
2017-10-16 00:20:14.328000,1.24783,1.24778,1000000,1000000
2017-10-16 00:20:16.755000,1.24784,1.24778,1870000,1000000
2017-10-16 00:20:18.012000,1.24783,1.24778,1000000,1000000
2017-10-16 00:20:19.334000,1.24784,1.24778,4500000,1500000
2017-10-16 00:20:19.915000,1.24784,1.24776,4120000,1500000
2017-10-16 00:20:20.434000,1.24781,1.24777,1690000,1000000
2017-10-16 00:20:21.034000,1.24781,1.24776,1440000,1500000
2017-10-16 00:20:21.761000,1.24781,1.24777,1250000,1000000
2017-10-16 00:20:22.465000,1.24782,1.24778,1870000,1000000
2017-10-16 00:20:24.064000,1.24783,1.24778,1000000,1000000
2017-10-16 00:20:24.596000,1.24782,1.24778,1000000,1000000
2017-10-16 00:20:26.129000,1.24783,1.24778,1120000,1000000
2017-10-16 00:20:26.211000,1.24783,1.24776,1120000,1000000
2017-10-16 00:20:26.871000,1.24784,1.24776,6370000,1000000
2017-10-16 00:20:27.559000,1.24784,1.24777,3940000,1000000
2017-10-16 00:20:28.452000,1.24785,1.24778,2440000,1000000
2017-10-16 00:20:28.555000,1.24785,1.24778,1250000,1000000
2017-10-16 00:20:39.340000,1.24785,1.24778,1870000,1000000
2017-10-16 00:20:40.112000,1.24785,1.24778,1190000,1000000
2017-10-16 00:20:40.624000,1.24785,1.24778,1560000,1000000
2017-10-16 00:20:41.822000,1.24785,1.24778,1690000,1000000
2017-10-16 00:20:42.598000,1.24784,1.24778,1310000,1000000
2017-10-16 00:20:42.930000,1.24785,1.24780,2060000,1000000
2017-10-16 00:20:44.074000,1.24785,1.24780,1690000,1000000
2017-10-16 00:20:45.664000,1.24785,1.24780,1690000,1000000
2017-10-16 00:20:49.306000,1.24785,1.24780,1690000,1000000
2017-10-16 00:20:49.866000,1.24785,1.24780,2060000,1000000
2017-10-16 00:20:50.723000,1.24785,1.24780,2060000,1000000
2017-10-16 00:20:51.450000,1.24785,1.24780,2060000,1000000
2017-10-16 00:21:06.368000,1.24785,1.24778,2060000,1000000
2017-10-16 00:21:06.470000,1.24785,1.24780,1000000,1000000
2017-10-16 00:21:22.329000,1.24786,1.24780,2440000,1000000
2017-10-16 00:21:22.868000,1.24786,1.24780,2060000,1000000
2017-10-16 00:21:32.866000,1.24786,1.24778,1690000,1000000
2017-10-16 00:21:38.372000,1.24786,1.24778,1690000,1000000
2017-10-16 00:21:39.890000,1.24786,1.24778,1620000,1000000
2017-10-16 00:21:47.450000,1.24785,1.24778,1190000,1000000
2017-10-16 00:21:48.130000,1.24785,1.24779,1190000,1000000
2017-10-16 00:21:48.665000,1.24785,1.24779,1250000,1000000
2017-10-16 00:21:58.498000,1.24786,1.24779,2440000,1000000
2017-10-16 00:22:00.271000,1.24785,1.24779,1000000,1000000
2017-10-16 00:22:02.252000,1.24786,1.24779,2810000,1000000
2017-10-16 00:22:02.771000,1.24785,1.24779,1000000,1000000
2017-10-16 00:22:03.524000,1.24786,1.24779,2440000,1000000
2017-10-16 00:22:04.336000,1.24786,1.24779,2810000,1000000
2017-10-16 00:22:29.857000,1.24786,1.24779,1500000,1000000
2017-10-16 00:22:29.960000,1.24787,1.24781,1000000,1000000
2017-10-16 00:22:30.104000,1.24790,1.24780,2510000,1000000
2017-10-16 00:22:30.701000,1.24788,1.24779,1250000,1000000
2017-10-16 00:22:30.752000,1.24786,1.24779,1250000,1000000
2017-10-16 00:22:31.160000,1.24788,1.24779,2440000,1500000
2017-10-16 00:22:31.679000,1.24788,1.24779,5060000,1500000
2017-10-16 00:22:32.403000,1.24785,1.24779,1000000,1500000
2017-10-16 00:22:32.982000,1.24784,1.24779,1000000,1500000
2017-10-16 00:22:37.215000,1.24785,1.24779,1000000,1500000
2017-10-16 00:22:39.214000,1.24784,1.24779,1000000,1500000
2017-10-16 00:22:39.872000,1.24785,1.24779,1000000,1500000
2017-10-16 00:22:40.625000,1.24784,1.24779,1000000,1500000
2017-10-16 00:22:41.158000,1.24785,1.24779,1000000,1500000
2017-10-16 00:22:41.748000,1.24784,1.24779,1000000,1000000
2017-10-16 00:22:42.253000,1.24785,1.24779,2250000,1000000
2017-10-16 00:22:43.098000,1.24784,1.24779,1000000,1000000
2017-10-16 00:22:43.616000,1.24785,1.24779,1000000,1000000
2017-10-16 00:22:44.146000,1.24784,1.24779,1000000,1000000
2017-10-16 00:22:45.004000,1.24785,1.24779,1000000,1000000
2017-10-16 00:22:45.576000,1.24784,1.24779,1000000,1000000
2017-10-16 00:22:46.143000,1.24785,1.24779,1000000,1000000
2017-10-16 00:22:46.897000,1.24784,1.24779,1000000,1000000
2017-10-16 00:22:48.218000,1.24784,1.24776,1000000,1000000
2017-10-16 00:22:48.933000,1.24785,1.24776,1000000,1120000
2017-10-16 00:22:49.540000,1.24785,1.24776,1000000,1310000
2017-10-16 00:22:50.199000,1.24784,1.24776,1000000,2060000
2017-10-16 00:22:51.072000,1.24785,1.24776,1000000,1310000
2017-10-16 00:22:51.706000,1.24785,1.24775,1000000,4310000
2017-10-16 00:22:53.222000,1.24784,1.24776,1000000,1000000
2017-10-16 00:22:54.574000,1.24785,1.24775,1000000,4120000
2017-10-16 00:22:56.606000,1.24785,1.24775,1000000,3750000
2017-10-16 00:22:57.109000,1.24784,1.24776,1000000,1120000
2017-10-16 00:22:59.215000,1.24785,1.24776,1000000,1690000
2017-10-16 00:23:01.172000,1.24784,1.24776,1000000,2060000
2017-10-16 00:23:03.215000,1.24785,1.24776,1000000,1310000
2017-10-16 00:23:09.034000,1.24785,1.24775,1000000,4310000
2017-10-16 00:23:09.085000,1.24784,1.24778,1000000,1000000
2017-10-16 00:23:09.614000,1.24785,1.24777,1000000,1250000
2017-10-16 00:23:11.495000,1.24785,1.24776,1000000,2060000
2017-10-16 00:23:12.021000,1.24785,1.24775,1000000,1870000
2017-10-16 00:23:13.218000,1.24784,1.24775,1000000,1870000
2017-10-16 00:23:15.215000,1.24785,1.24775,1000000,1870000
2017-10-16 00:23:16.511000,1.24784,1.24775,1000000,1500000
2017-10-16 00:23:17.125000,1.24785,1.24775,1000000,1500000
2017-10-16 00:23:18.683000,1.24785,1.24776,1250000,1000000
2017-10-16 00:23:20.902000,1.24785,1.24775,1500000,1000000
2017-10-16 00:23:23.185000,1.24785,1.24776,1250000,1000000
2017-10-16 00:23:24.215000,1.24786,1.24776,3000000,1000000
2017-10-16 00:23:24.798000,1.24786,1.24775,2250000,1000000
2017-10-16 00:23:25.613000,1.24786,1.24776,3190000,1000000
2017-10-16 00:23:26.123000,1.24786,1.24775,2440000,1000000
2017-10-16 00:23:26.939000,1.24785,1.24775,1000000,1000000
2017-10-16 00:23:27.649000,1.24785,1.24776,1000000,1000000
2017-10-16 00:23:28.205000,1.24786,1.24776,3190000,1000000
2017-10-16 00:23:29.026000,1.24785,1.24776,1000000,1000000
2017-10-16 00:23:29.581000,1.24785,1.24775,1000000,1000000
2017-10-16 00:23:30.215000,1.24786,1.24775,2250000,1000000
2017-10-16 00:23:30.952000,1.24785,1.24776,1000000,1000000
2017-10-16 00:23:31.458000,1.24785,1.24775,1000000,1000000
2017-10-16 00:23:32.194000,1.24786,1.24775,2250000,1000000
2017-10-16 00:23:32.995000,1.24785,1.24775,1000000,1000000
2017-10-16 00:23:34.205000,1.24786,1.24775,2440000,1000000
2017-10-16 00:23:35.264000,1.24785,1.24775,1000000,1000000
2017-10-16 00:23:35.937000,1.24786,1.24775,2440000,1000000
2017-10-16 00:23:37.322000,1.24785,1.24776,1000000,1000000
2017-10-16 00:23:39.453000,1.24786,1.24775,2440000,1000000
2017-10-16 00:23:39.994000,1.24786,1.24776,2620000,1000000
2017-10-16 00:23:40.566000,1.24786,1.24775,2250000,1000000
2017-10-16 00:23:41.220000,1.24786,1.24776,2620000,1000000
2017-10-16 00:23:41.794000,1.24785,1.24776,1000000,1000000
2017-10-16 00:23:42.307000,1.24786,1.24776,2250000,1000000
2017-10-16 00:23:46.252000,1.24785,1.24776,1000000,1000000
2017-10-16 00:23:46.775000,1.24786,1.24776,2620000,1000000
2017-10-16 00:23:47.081000,1.24798,1.24789,1750000,1000000
2017-10-16 00:23:47.183000,1.24798,1.24789,2060000,1000000
2017-10-16 00:23:48.304000,1.24797,1.24789,1000000,1000000
2017-10-16 00:23:49.030000,1.24798,1.24789,1870000,1000000
2017-10-16 00:23:49.555000,1.24797,1.24789,1000000,1000000
2017-10-16 00:23:51.613000,1.24798,1.24789,1870000,1000000
2017-10-16 00:23:53.082000,1.24800,1.24791,3450000,3000000
2017-10-16 00:23:53.339000,1.24807,1.24798,1870000,1000000
2017-10-16 00:23:53.637000,1.24804,1.24798,1250000,1000000
2017-10-16 00:23:53.943000,1.24800,1.24796,2060000,1000000
2017-10-16 00:23:54.458000,1.24800,1.24796,1690000,1500000
2017-10-16 00:23:55.003000,1.24800,1.24796,2060000,1000000
2017-10-16 00:23:55.882000,1.24800,1.24796,2060000,1000000
2017-10-16 00:23:56.294000,1.24800,1.24794,3190000,1000000
2017-10-16 00:23:56.726000,1.24799,1.24796,1310000,1000000
2017-10-16 00:23:58.160000,1.24799,1.24796,2060000,1000000
2017-10-16 00:23:58.574000,1.24798,1.24794,1000000,1500000
2017-10-16 00:23:59.407000,1.24799,1.24796,1690000,1000000
2017-10-16 00:23:59.458000,1.24800,1.24794,2810000,1000000
2017-10-16 00:23:59.705000,1.24799,1.24795,1000000,1500000
2017-10-16 00:23:59.806000,1.24800,1.24794,2620000,1000000
2017-10-16 00:24:00.079000,1.24800,1.24793,2810000,1000000
2017-10-16 00:24:00.614000,1.24799,1.24794,1690000,1000000
2017-10-16 00:24:01.149000,1.24800,1.24794,2810000,1000000
2017-10-16 00:24:01.722000,1.24799,1.24794,1000000,1000000
2017-10-16 00:24:02.038000,1.24801,1.24794,1250000,1000000
2017-10-16 00:24:02.192000,1.24799,1.24794,1000000,1000000
2017-10-16 00:24:02.244000,1.24797,1.24787,1000000,1000000
2017-10-16 00:24:02.347000,1.24792,1.24783,2440000,3450000
2017-10-16 00:24:02.449000,1.24790,1.24783,1000000,1000000
2017-10-16 00:24:02.737000,1.24792,1.24783,1000000,1250000
2017-10-16 00:24:12.280000,1.24794,1.24783,1310000,1000000
2017-10-16 00:24:13.494000,1.24794,1.24783,3560000,1000000
2017-10-16 00:24:14.117000,1.24794,1.24783,3370000,1000000
2017-10-16 00:24:14.640000,1.24793,1.24783,1120000,1000000
2017-10-16 00:24:15.299000,1.24794,1.24783,3190000,1000000
2017-10-16 00:24:18.897000,1.24792,1.24783,1000000,1000000
2017-10-16 00:24:19.451000,1.24791,1.24783,1000000,1000000
2017-10-16 00:24:19.756000,1.24791,1.24783,2620000,1000000
2017-10-16 00:24:20.098000,1.24786,1.24775,1000000,1500000
2017-10-16 00:24:20.201000,1.24787,1.24774,3560000,2000000
2017-10-16 00:24:20.303000,1.24787,1.24774,2440000,1370000
2017-10-16 00:24:20.456000,1.24787,1.24774,2510000,1120000
2017-10-16 00:24:20.609000,1.24786,1.24774,1250000,1370000
2017-10-16 00:24:21.154000,1.24787,1.24774,2320000,1440000
2017-10-16 00:24:21.670000,1.24786,1.24773,1000000,1500000
2017-10-16 00:24:22.125000,1.24784,1.24773,1000000,1500000
2017-10-16 00:24:23.412000,1.24784,1.24773,1000000,1500000
2017-10-16 00:24:25.744000,1.24784,1.24773,1000000,1500000
2017-10-16 00:24:26.183000,1.24784,1.24773,1000000,1000000
2017-10-16 00:24:26.235000,1.24782,1.24769,1000000,2190000
2017-10-16 00:24:26.338000,1.24782,1.24768,1310000,3560000
2017-10-16 00:24:26.543000,1.24782,1.24769,1010000,1370000
2017-10-16 00:24:27.942000,1.24782,1.24769,1100000,1370000
2017-10-16 00:24:28.580000,1.24782,1.24769,1100000,1370000
2017-10-16 00:24:29.156000,1.24782,1.24769,1010000,1370000
2017-10-16 00:24:29.360000,1.24782,1.24769,1100000,1440000
2017-10-16 00:24:31.531000,1.24782,1.24769,1100000,1190000
2017-10-16 00:24:32.056000,1.24782,1.24769,1100000,1370000
2017-10-16 00:24:32.108000,1.24780,1.24767,1250000,1010000
2017-10-16 00:24:32.262000,1.24778,1.24766,1000000,2250000
2017-10-16 00:24:32.810000,1.24778,1.24767,1000000,1500000
2017-10-16 00:24:33.275000,1.24780,1.24768,1000000,1370000
2017-10-16 00:24:35.485000,1.24780,1.24767,1000000,3370000
2017-10-16 00:24:36.028000,1.24780,1.24768,1000000,1500000
2017-10-16 00:24:39.507000,1.24778,1.24767,1250000,1190000
2017-10-16 00:24:39.711000,1.24777,1.24766,1500000,1000000
2017-10-16 00:24:43.157000,1.24777,1.24766,1870000,1690000
2017-10-16 00:24:46.101000,1.24777,1.24766,2250000,1690000
2017-10-16 00:24:46.612000,1.24777,1.24766,1870000,1370000
2017-10-16 00:24:47.165000,1.24777,1.24766,2250000,1620000
2017-10-16 00:24:47.836000,1.24777,1.24766,1870000,1620000
2017-10-16 00:24:48.825000,1.24777,1.24766,1870000,1750000
2017-10-16 00:24:49.348000,1.24777,1.24766,1870000,1810000
2017-10-16 00:24:49.865000,1.24777,1.24766,1870000,1750000
2017-10-16 00:24:50.553000,1.24777,1.24766,1500000,1500000
2017-10-16 00:24:51.107000,1.24777,1.24766,1500000,1310000
2017-10-16 00:24:54.146000,1.24777,1.24766,1500000,1690000
2017-10-16 00:24:57.144000,1.24777,1.24766,1500000,1250000
2017-10-16 00:24:59.316000,1.24777,1.24766,1690000,1440000
2017-10-16 00:24:59.875000,1.24777,1.24766,1500000,1250000
2017-10-16 00:25:00.505000,1.24777,1.24766,1500000,1620000
2017-10-16 00:25:01.058000,1.24777,1.24766,1000000,1690000
2017-10-16 00:25:01.594000,1.24777,1.24766,1250000,1870000
2017-10-16 00:25:02.172000,1.24777,1.24765,1000000,1560000
2017-10-16 00:25:02.685000,1.24777,1.24766,1000000,1190000
2017-10-16 00:25:03.558000,1.24777,1.24765,1120000,2620000
2017-10-16 00:25:04.061000,1.24777,1.24765,1310000,1750000
2017-10-16 00:25:16.267000,1.24776,1.24765,1620000,1500000
2017-10-16 00:25:16.420000,1.24775,1.24763,2440000,4840000
2017-10-16 00:25:16.873000,1.24774,1.24763,1250000,2020000
2017-10-16 00:25:17.087000,1.24772,1.24763,1690000,1270000
2017-10-16 00:25:17.618000,1.24771,1.24763,1250000,1000000
2017-10-16 00:25:18.302000,1.24773,1.24763,1120000,1250000
2017-10-16 00:25:19.804000,1.24774,1.24763,1690000,1250000
2017-10-16 00:25:19.855000,1.24772,1.24763,1000000,1250000
2017-10-16 00:25:20.944000,1.24773,1.24763,1000000,1250000
2017-10-16 00:25:28.822000,1.24773,1.24763,1120000,1440000
2017-10-16 00:25:29.409000,1.24772,1.24763,1000000,1000000
2017-10-16 00:25:29.941000,1.24773,1.24763,1000000,1440000
2017-10-16 00:25:30.636000,1.24773,1.24763,1120000,1000000
2017-10-16 00:25:31.637000,1.24773,1.24763,1120000,1440000
2017-10-16 00:25:32.201000,1.24773,1.24763,1120000,1250000
2017-10-16 00:25:32.732000,1.24773,1.24763,1120000,1440000
2017-10-16 00:25:33.318000,1.24773,1.24763,1120000,1250000
2017-10-16 00:25:35.925000,1.24773,1.24763,1370000,1000000
2017-10-16 00:25:37.927000,1.24773,1.24763,1120000,1000000
2017-10-16 00:25:39.700000,1.24773,1.24761,1120000,1440000
2017-10-16 00:25:41.259000,1.24773,1.24761,1000000,1620000
2017-10-16 00:25:42.370000,1.24773,1.24761,1000000,1440000
2017-10-16 00:25:43.059000,1.24773,1.24761,1690000,1620000
2017-10-16 00:25:43.837000,1.24773,1.24761,1690000,1620000
2017-10-16 00:25:46.087000,1.24773,1.24761,1120000,1440000
2017-10-16 00:25:58.300000,1.24773,1.24761,1310000,1620000
2017-10-16 00:26:06.094000,1.24774,1.24763,2890000,1250000
2017-10-16 00:26:06.603000,1.24774,1.24763,3560000,1250000
2017-10-16 00:26:07.283000,1.24774,1.24763,1250000,1870000
2017-10-16 00:26:07.386000,1.24777,1.24766,1870000,1870000
2017-10-16 00:26:07.594000,1.24777,1.24769,1120000,1000000
2017-10-16 00:26:12.910000,1.24777,1.24766,1310000,1120000
2017-10-16 00:26:13.617000,1.24777,1.24766,1120000,1870000
2017-10-16 00:26:14.204000,1.24777,1.24766,1120000,1120000
2017-10-16 00:26:18.081000,1.24777,1.24766,1120000,1440000
2017-10-16 00:26:23.969000,1.24777,1.24766,1120000,1870000
2017-10-16 00:26:24.930000,1.24777,1.24767,1120000,1120000
2017-10-16 00:26:34.292000,1.24777,1.24767,1120000,1560000
2017-10-16 00:26:36.031000,1.24777,1.24767,1000000,1310000
2017-10-16 00:26:52.014000,1.24777,1.24767,1000000,1560000
2017-10-16 00:26:52.619000,1.24777,1.24767,1000000,1560000
2017-10-16 00:26:55.637000,1.24777,1.24769,1000000,1310000
2017-10-16 00:26:57.905000,1.24777,1.24769,1000000,1870000
2017-10-16 00:26:58.595000,1.24780,1.24769,1690000,1870000
2017-10-16 00:26:59.139000,1.24780,1.24769,1690000,1250000
2017-10-16 00:26:59.670000,1.24780,1.24769,2440000,1000000
2017-10-16 00:27:05.619000,1.24780,1.24769,2440000,1830000
2017-10-16 00:27:06.220000,1.24781,1.24769,4120000,1120000
2017-10-16 00:27:07.079000,1.24780,1.24769,1750000,2020000
2017-10-16 00:27:07.769000,1.24780,1.24769,1620000,1830000
2017-10-16 00:27:09.425000,1.24780,1.24770,1120000,4270000
2017-10-16 00:27:09.476000,1.24780,1.24773,1120000,1000000
2017-10-16 00:27:09.630000,1.24787,1.24777,1500000,1190000
2017-10-16 00:27:09.851000,1.24786,1.24775,1440000,1080000
2017-10-16 00:27:10.920000,1.24786,1.24775,1120000,1250000
2017-10-16 00:27:15.646000,1.24786,1.24775,1440000,1250000
2017-10-16 00:27:20.140000,1.24785,1.24773,1000000,3000000
2017-10-16 00:27:20.852000,1.24786,1.24774,2810000,1250000
2017-10-16 00:27:21.390000,1.24783,1.24774,1500000,1000000
2017-10-16 00:27:22.173000,1.24784,1.24773,1370000,1000000
2017-10-16 00:27:22.836000,1.24784,1.24774,1370000,1000000
2017-10-16 00:27:23.091000,1.24785,1.24774,1310000,1000000
2017-10-16 00:27:23.617000,1.24785,1.24773,1250000,1000000
2017-10-16 00:27:25.101000,1.24785,1.24774,1250000,1000000
2017-10-16 00:27:25.647000,1.24785,1.24773,1310000,1000000
2017-10-16 00:27:26.215000,1.24785,1.24774,1500000,1250000
2017-10-16 00:27:26.722000,1.24785,1.24773,1310000,1000000
2017-10-16 00:27:27.260000,1.24785,1.24773,1500000,1250000
2017-10-16 00:27:28.406000,1.24785,1.24773,1310000,1000000
2017-10-16 00:27:29.197000,1.24785,1.24772,1310000,4870000
2017-10-16 00:27:30.570000,1.24785,1.24773,1500000,1250000
2017-10-16 00:27:33.217000,1.24786,1.24773,2140000,2060000
2017-10-16 00:27:33.736000,1.24786,1.24774,5320000,1120000
2017-10-16 00:27:35.389000,1.24785,1.24774,1250000,1120000
2017-10-16 00:27:35.970000,1.24786,1.24773,2510000,2620000
2017-10-16 00:27:38.617000,1.24786,1.24773,2700000,2620000
2017-10-16 00:27:39.127000,1.24786,1.24774,2320000,1120000
2017-10-16 00:27:39.232000,1.24786,1.24773,1760000,1870000
2017-10-16 00:27:39.541000,1.24787,1.24777,2140000,1000000
2017-10-16 00:27:39.746000,1.24788,1.24778,1000000,2060000
2017-10-16 00:27:40.410000,1.24788,1.24777,1000000,1250000
2017-10-16 00:27:40.829000,1.24788,1.24776,3000000,1250000
2017-10-16 00:27:41.083000,1.24787,1.24774,1500000,1500000
2017-10-16 00:27:41.134000,1.24788,1.24775,5700000,1250000
2017-10-16 00:27:41.287000,1.24786,1.24774,1000000,1500000
2017-10-16 00:27:41.799000,1.24786,1.24774,1440000,1250000
2017-10-16 00:27:42.483000,1.24786,1.24775,1390000,1000000
2017-10-16 00:27:49.339000,1.24786,1.24775,1200000,1000000
2017-10-16 00:27:50.022000,1.24786,1.24774,1190000,1000000
2017-10-16 00:27:51.030000,1.24786,1.24775,1200000,1000000
2017-10-16 00:27:51.613000,1.24786,1.24774,1200000,1000000
2017-10-16 00:27:53.463000,1.24786,1.24775,1470000,1000000
2017-10-16 00:27:55.619000,1.24786,1.24775,1250000,1000000
2017-10-16 00:27:57.649000,1.24788,1.24776,2510000,1250000
2017-10-16 00:27:58.269000,1.24788,1.24777,2250000,1250000
2017-10-16 00:27:58.793000,1.24788,1.24776,3190000,1000000
2017-10-16 00:27:59.327000,1.24787,1.24776,1000000,1120000
2017-10-16 00:28:00.034000,1.24786,1.24776,1000000,1120000
2017-10-16 00:28:00.435000,1.24786,1.24778,1000000,1250000
2017-10-16 00:28:01.067000,1.24786,1.24777,1000000,1310000
2017-10-16 00:28:01.611000,1.24786,1.24776,1120000,1500000
2017-10-16 00:28:02.127000,1.24786,1.24775,1000000,2440000
2017-10-16 00:28:02.675000,1.24786,1.24776,1000000,1000000
2017-10-16 00:28:03.610000,1.24786,1.24775,1440000,2440000
2017-10-16 00:28:04.274000,1.24786,1.24775,1000000,2810000
2017-10-16 00:28:07.219000,1.24786,1.24775,1000000,1690000
2017-10-16 00:28:07.832000,1.24786,1.24776,1000000,1000000
2017-10-16 00:28:08.588000,1.24786,1.24777,1000000,1310000
2017-10-16 00:28:09.680000,1.24786,1.24778,1000000,1250000
2017-10-16 00:28:12.167000,1.24786,1.24777,1000000,1120000
2017-10-16 00:28:12.710000,1.24786,1.24776,1000000,1250000
2017-10-16 00:28:13.984000,1.24786,1.24777,1000000,1250000
2017-10-16 00:28:14.590000,1.24786,1.24778,1000000,1250000
2017-10-16 00:28:16.789000,1.24786,1.24779,1000000,1000000
2017-10-16 00:28:20.219000,1.24786,1.24776,1000000,2810000
2017-10-16 00:28:22.898000,1.24786,1.24774,1870000,4690000
2017-10-16 00:28:23.517000,1.24786,1.24774,1690000,1000000
2017-10-16 00:28:24.626000,1.24786,1.24775,1000000,1310000
2017-10-16 00:28:27.682000,1.24786,1.24777,1000000,1120000
2017-10-16 00:28:29.836000,1.24786,1.24776,1000000,1500000
2017-10-16 00:28:30.242000,1.24786,1.24778,1000000,1250000
2017-10-16 00:28:31.083000,1.24786,1.24778,1000000,1310000
2017-10-16 00:28:31.670000,1.24786,1.24778,1000000,1250000
2017-10-16 00:28:32.180000,1.24786,1.24778,1000000,1440000
2017-10-16 00:28:32.721000,1.24786,1.24778,1000000,1250000
2017-10-16 00:28:33.263000,1.24786,1.24778,1000000,1440000
2017-10-16 00:28:33.771000,1.24786,1.24778,1000000,1000000
2017-10-16 00:28:45.088000,1.24786,1.24779,1000000,1310000
2017-10-16 00:28:47.735000,1.24786,1.24778,1000000,1870000
2017-10-16 00:28:48.258000,1.24786,1.24779,1000000,1690000
2017-10-16 00:28:51.143000,1.24786,1.24778,1000000,1250000
2017-10-16 00:28:51.677000,1.24786,1.24777,1000000,1250000
2017-10-16 00:29:00.156000,1.24788,1.24777,1190000,1500000
2017-10-16 00:29:02.719000,1.24788,1.24777,1120000,1000000
2017-10-16 00:29:09.536000,1.24788,1.24776,1120000,1000000
2017-10-16 00:29:09.842000,1.24787,1.24775,1690000,1190000
2017-10-16 00:29:10.399000,1.24787,1.24775,1310000,1000000
2017-10-16 00:29:11.133000,1.24787,1.24774,1010000,2060000
2017-10-16 00:29:17.981000,1.24787,1.24774,1660000,1000000
2017-10-16 00:29:18.779000,1.24787,1.24774,1010000,2440000
2017-10-16 00:29:19.085000,1.24788,1.24777,1500000,1440000
2017-10-16 00:29:19.627000,1.24787,1.24777,1000000,2060000
2017-10-16 00:29:20.133000,1.24786,1.24777,1000000,1250000
2017-10-16 00:29:20.676000,1.24787,1.24777,1120000,1250000
2017-10-16 00:29:20.980000,1.24787,1.24779,1120000,1000000
2017-10-16 00:29:24.581000,1.24786,1.24779,1000000,1000000
2017-10-16 00:29:25.230000,1.24787,1.24779,1120000,1000000
2017-10-16 00:29:25.584000,1.24790,1.24778,2320000,2620000
2017-10-16 00:29:26.093000,1.24789,1.24778,1000000,3000000
2017-10-16 00:29:26.772000,1.24790,1.24778,1870000,3190000
2017-10-16 00:29:27.316000,1.24790,1.24778,2810000,2810000
2017-10-16 00:29:27.848000,1.24789,1.24778,1000000,1870000
2017-10-16 00:29:28.374000,1.24790,1.24778,1870000,1870000
2017-10-16 00:29:28.958000,1.24789,1.24778,1000000,1870000
2017-10-16 00:29:29.494000,1.24790,1.24778,1870000,2810000
2017-10-16 00:29:30.028000,1.24789,1.24779,1000000,1310000
2017-10-16 00:29:30.536000,1.24790,1.24778,1870000,2620000
2017-10-16 00:29:31.179000,1.24789,1.24778,1000000,1870000
2017-10-16 00:29:31.856000,1.24790,1.24778,1870000,1870000
2017-10-16 00:29:32.738000,1.24789,1.24778,1000000,2810000
2017-10-16 00:29:33.271000,1.24790,1.24778,2810000,2810000
2017-10-16 00:29:33.852000,1.24789,1.24778,1440000,1370000
2017-10-16 00:29:34.367000,1.24789,1.24778,1690000,1370000
2017-10-16 00:29:35.125000,1.24790,1.24778,3820000,1370000
2017-10-16 00:29:36.124000,1.24789,1.24778,1310000,1370000
2017-10-16 00:29:36.659000,1.24790,1.24778,3820000,1620000
2017-10-16 00:29:37.441000,1.24790,1.24778,2890000,1370000
2017-10-16 00:29:38.127000,1.24790,1.24779,3070000,1500000
2017-10-16 00:29:38.658000,1.24789,1.24778,1000000,3000000
2017-10-16 00:29:39.230000,1.24790,1.24778,2320000,3000000
2017-10-16 00:29:39.906000,1.24789,1.24778,1000000,3000000
2017-10-16 00:29:41.270000,1.24790,1.24778,1870000,1870000
2017-10-16 00:29:41.775000,1.24789,1.24778,1000000,1870000
2017-10-16 00:29:42.817000,1.24789,1.24782,1000000,1000000
2017-10-16 00:29:43.034000,1.24795,1.24786,1200000,1000000
2017-10-16 00:29:43.537000,1.24796,1.24786,1000000,1440000
2017-10-16 00:29:44.079000,1.24796,1.24785,1000000,1870000
2017-10-16 00:30:05.835000,1.24794,1.24784,2620000,1000000
2017-10-16 00:30:06.136000,1.24793,1.24784,1120000,1000000
2017-10-16 00:30:06.289000,1.24794,1.24784,1120000,1000000
2017-10-16 00:30:07.212000,1.24794,1.24784,2620000,1000000
2017-10-16 00:30:07.931000,1.24794,1.24784,2250000,1000000
2017-10-16 00:30:08.814000,1.24794,1.24784,2620000,1000000
2017-10-16 00:30:11.504000,1.24795,1.24784,2440000,1000000
2017-10-16 00:30:12.050000,1.24796,1.24784,3750000,1000000
2017-10-16 00:30:12.589000,1.24795,1.24784,1310000,1000000
2017-10-16 00:30:12.926000,1.24796,1.24784,2060000,1000000
2017-10-16 00:30:13.892000,1.24793,1.24784,1190000,1000000
2017-10-16 00:30:14.521000,1.24794,1.24784,1560000,1000000
2017-10-16 00:30:15.057000,1.24795,1.24784,2060000,1000000
2017-10-16 00:30:15.400000,1.24796,1.24784,1000000,4110000
2017-10-16 00:30:15.606000,1.24796,1.24785,1000000,2420000
2017-10-16 00:30:16.147000,1.24796,1.24785,1000000,1490000
2017-10-16 00:30:16.650000,1.24796,1.24787,1000000,1000000
2017-10-16 00:30:23.617000,1.24796,1.24787,1000000,1170000
2017-10-16 00:30:23.669000,1.24796,1.24786,1000000,2800000
2017-10-16 00:30:24.210000,1.24796,1.24787,1000000,1230000
2017-10-16 00:30:25.845000,1.24796,1.24786,1000000,3170000
2017-10-16 00:30:27.990000,1.24796,1.24787,1000000,1230000
2017-10-16 00:30:28.498000,1.24796,1.24786,1000000,3360000
2017-10-16 00:30:29.976000,1.24796,1.24786,1000000,3360000
2017-10-16 00:30:30.494000,1.24796,1.24786,1000000,1870000
2017-10-16 00:30:42.967000,1.24797,1.24786,1000000,3000000
2017-10-16 00:30:44.183000,1.24796,1.24785,1000000,3000000
2017-10-16 00:30:44.286000,1.24795,1.24783,1870000,2700000
2017-10-16 00:30:44.337000,1.24795,1.24784,3000000,1120000
2017-10-16 00:30:44.440000,1.24793,1.24781,1440000,1690000
2017-10-16 00:30:44.644000,1.24793,1.24780,1690000,2060000
2017-10-16 00:30:45.173000,1.24794,1.24781,3190000,1000000
2017-10-16 00:30:45.795000,1.24794,1.24780,2440000,2060000
2017-10-16 00:30:46.553000,1.24793,1.24780,1190000,3750000
2017-10-16 00:30:47.115000,1.24794,1.24781,2620000,1000000
2017-10-16 00:30:47.832000,1.24794,1.24780,1870000,2250000
2017-10-16 00:30:49.387000,1.24795,1.24783,4690000,1310000
2017-10-16 00:30:49.914000,1.24794,1.24783,1250000,1310000
2017-10-16 00:30:55.581000,1.24794,1.24782,1870000,1370000
2017-10-16 00:30:56.100000,1.24794,1.24782,1870000,2250000
2017-10-16 00:30:56.640000,1.24794,1.24783,1870000,1120000
2017-10-16 00:30:56.949000,1.24800,1.24790,1690000,1000000
2017-10-16 00:30:57.147000,1.24800,1.24791,1760000,1000000
2017-10-16 00:30:57.704000,1.24800,1.24790,1570000,2250000
2017-10-16 00:30:58.361000,1.24799,1.24791,1250000,1000000
2017-10-16 00:30:59.684000,1.24800,1.24790,1690000,2250000
2017-10-16 00:31:00.186000,1.24799,1.24791,1250000,1000000
2017-10-16 00:31:00.376000,1.24799,1.24790,3370000,1500000
2017-10-16 00:31:00.427000,1.24799,1.24790,2250000,1000000
2017-10-16 00:31:01,1.24799,1.24790,1870000,1000000
2017-10-16 00:31:06.570000,1.24797,1.24790,1000000,1000000
2017-10-16 00:31:07.121000,1.24796,1.24790,1000000,1000000
2017-10-16 00:31:07.325000,1.24798,1.24790,1690000,1000000
2017-10-16 00:31:08.065000,1.24797,1.24790,1000000,1500000
2017-10-16 00:31:08.673000,1.24798,1.24790,1500000,1500000
2017-10-16 00:31:10.312000,1.24796,1.24790,1000000,1000000
2017-10-16 00:31:10.934000,1.24797,1.24790,1000000,1000000
2017-10-16 00:31:11.673000,1.24796,1.24790,1000000,1000000
2017-10-16 00:31:12.194000,1.24800,1.24790,4200000,1000000
2017-10-16 00:31:12.246000,1.24801,1.24790,3260000,1000000
2017-10-16 00:31:13.294000,1.24799,1.24790,1000000,1250000
2017-10-16 00:31:13.861000,1.24800,1.24790,1120000,1000000
2017-10-16 00:31:14.588000,1.24799,1.24790,1000000,1000000
2017-10-16 00:31:15.859000,1.24800,1.24790,1120000,1000000
2017-10-16 00:31:16.635000,1.24799,1.24790,1000000,1000000
2017-10-16 00:31:17.821000,1.24800,1.24790,1120000,1000000
2017-10-16 00:31:18.614000,1.24799,1.24790,1000000,1000000
2017-10-16 00:31:19.655000,1.24800,1.24790,2060000,1250000
2017-10-16 00:31:20.167000,1.24799,1.24790,1000000,1250000
2017-10-16 00:31:20.927000,1.24800,1.24790,1120000,1000000
2017-10-16 00:31:21.587000,1.24800,1.24789,1120000,2440000
2017-10-16 00:31:22.325000,1.24799,1.24789,1000000,2440000
2017-10-16 00:31:23.682000,1.24800,1.24789,1120000,2440000
2017-10-16 00:31:26.801000,1.24800,1.24789,2060000,3370000
2017-10-16 00:31:27.562000,1.24800,1.24789,1500000,2440000
2017-10-16 00:31:28.120000,1.24799,1.24789,1120000,3190000
2017-10-16 00:31:28.882000,1.24800,1.24789,1500000,2440000
2017-10-16 00:31:29.393000,1.24800,1.24789,2250000,3190000
2017-10-16 00:31:30.253000,1.24800,1.24789,1500000,2250000
2017-10-16 00:31:32.232000,1.24799,1.24789,1000000,1500000
2017-10-16 00:31:33.121000,1.24800,1.24789,1500000,1500000
2017-10-16 00:31:35.093000,1.24800,1.24789,2250000,2440000
2017-10-16 00:31:36.041000,1.24799,1.24791,1000000,1000000
2017-10-16 00:31:36.669000,1.24800,1.24791,1200000,1000000
2017-10-16 00:31:37.177000,1.24800,1.24791,2320000,1000000
2017-10-16 00:31:37.889000,1.24800,1.24791,2320000,1000000
2017-10-16 00:31:38.094000,1.24796,1.24791,1000000,1000000
2017-10-16 00:31:38.599000,1.24797,1.24791,1000000,1000000
2017-10-16 00:31:39.281000,1.24798,1.24791,1000000,2250000
2017-10-16 00:31:41.191000,1.24797,1.24791,1000000,1500000
2017-10-16 00:31:41.866000,1.24798,1.24791,1000000,1000000
2017-10-16 00:31:43.726000,1.24799,1.24791,1000000,1000000
2017-10-16 00:31:44.391000,1.24798,1.24791,1000000,1000000
2017-10-16 00:31:44.897000,1.24799,1.24791,1000000,1000000
2017-10-16 00:31:46.393000,1.24798,1.24791,1000000,1000000
2017-10-16 00:31:47.304000,1.24799,1.24792,1000000,1000000
2017-10-16 00:31:47.806000,1.24798,1.24792,1000000,1000000
2017-10-16 00:31:49.023000,1.24799,1.24792,1000000,1000000
2017-10-16 00:31:50.396000,1.24798,1.24792,1000000,1000000
2017-10-16 00:31:51.122000,1.24799,1.24792,1000000,1000000
2017-10-16 00:31:51.329000,1.24801,1.24793,1950000,1000000
2017-10-16 00:31:51.381000,1.24803,1.24793,1950000,3000000
2017-10-16 00:31:51.608000,1.24806,1.24797,1120000,2250000
2017-10-16 00:31:52.131000,1.24805,1.24797,1250000,1500000
2017-10-16 00:31:52.679000,1.24807,1.24797,3750000,1000000
2017-10-16 00:31:52.894000,1.24804,1.24797,1250000,1500000
2017-10-16 00:31:53.532000,1.24805,1.24797,1120000,1000000
2017-10-16 00:31:54.087000,1.24804,1.24797,1000000,1000000
2017-10-16 00:31:56.294000,1.24805,1.24797,1500000,1000000
2017-10-16 00:31:56.834000,1.24805,1.24797,1500000,1000000
