time,ask,bid,ask_volume,bid_volume
2021-10-01 12:25:00.010000,1.26748,1.2674,1000000,1000000
2021-10-01 12:25:00.111000,1.2675,1.26741,1200000,1000000
2021-10-01 12:25:00.162000,1.26748,1.26736,1000000,1220000
2021-10-01 12:25:00.213000,1.26749,1.26736,1100000,1970000
2021-10-01 12:25:00.315000,1.26751,1.26737,1500000,1100000
2021-10-01 12:25:00.518000,1.26752,1.26738,1500000,2470000
2021-10-01 12:25:00.568000,1.26753,1.26745,1120000,1000000
2021-10-01 12:25:00.670000,1.26754,1.26746,1120000,1000000
2021-10-01 12:25:00.772000,1.26755,1.26746,1120000,1000000
2021-10-01 12:25:00.923000,1.26754,1.26744,2070000,1000000
2021-10-01 12:25:01.025000,1.26754,1.26744,2770000,1000000
2021-10-01 12:25:01.500000,1.26752,1.26744,1000000,1000000
2021-10-01 12:25:01.702000,1.26754,1.26745,1500000,1000000
2021-10-01 12:25:01.854000,1.26755,1.26746,1950000,1000000
2021-10-01 12:25:02.678000,1.26755,1.26749,1500000,1000000
2021-10-01 12:25:02.829000,1.26756,1.26747,2000000,1000000
2021-10-01 12:25:04.070000,1.26753,1.26747,1000000,1000000
2021-10-01 12:25:04.185000,1.2675,1.26744,1500000,1000000
2021-10-01 12:25:04.339000,1.26751,1.26737,1500000,1600000
2021-10-01 12:25:05.230000,1.26752,1.26745,2370000,1000000
2021-10-01 12:25:05.541000,1.26753,1.26739,1500000,1100000
2021-10-01 12:25:06.374000,1.26754,1.26739,1000000,1600000
2021-10-01 12:25:07.354000,1.26755,1.26739,1500000,1600000
2021-10-01 12:25:09.512000,1.26755,1.26746,1500000,1000000
2021-10-01 12:25:09.724000,1.26755,1.26746,1000000,1000000
2021-10-01 12:25:11.306000,1.26754,1.26746,1000000,1000000
2021-10-01 12:25:12.528000,1.26753,1.26739,1500000,1600000
2021-10-01 12:25:12.742000,1.26754,1.26738,1500000,1100000
2021-10-01 12:25:16.538000,1.26753,1.26746,1500000,1000000
2021-10-01 12:25:17.851000,1.26747,1.26738,2000000,1000000
2021-10-01 12:25:17.901000,1.26748,1.26737,1500000,1000000
2021-10-01 12:25:18.003000,1.26747,1.26738,1000000,1000000
2021-10-01 12:25:19.839000,1.26748,1.26735,1120000,1200000
2021-10-01 12:25:19.941000,1.26749,1.26735,2000000,1000000
2021-10-01 12:25:20.042000,1.26749,1.26734,1500000,1100000
2021-10-01 12:25:20.220000,1.26748,1.26738,1500000,1000000
2021-10-01 12:25:24.177000,1.26747,1.26739,2370000,1000000
2021-10-01 12:25:24.870000,1.26748,1.26732,1500000,1220000
2021-10-01 12:25:25.061000,1.26747,1.26739,1500000,1000000
2021-10-01 12:25:31.175000,1.26747,1.26733,1620000,1100000
2021-10-01 12:25:31.681000,1.26747,1.26733,1500000,1100000
2021-10-01 12:25:33.624000,1.26749,1.26731,3120000,1720000
2021-10-01 12:25:33.675000,1.26749,1.26736,1000000,2720000
2021-10-01 12:25:33.726000,1.2675,1.26738,1200000,2100000
2021-10-01 12:25:33.827000,1.26753,1.26738,1000000,2100000
2021-10-01 12:25:33.929000,1.26752,1.2674,1000000,1100000
2021-10-01 12:25:34.132000,1.26754,1.2674,1000000,1100000
2021-10-01 12:25:36.620000,1.26755,1.26746,3870000,1000000
2021-10-01 12:25:37.430000,1.26756,1.26746,1500000,1000000
2021-10-01 12:25:37.736000,1.26753,1.26747,1000000,1000000
2021-10-01 12:25:40.810000,1.26751,1.2674,1120000,1970000
2021-10-01 12:25:40.911000,1.26752,1.26738,1120000,2100000
2021-10-01 12:25:43.362000,1.26746,1.26735,1120000,1500000
2021-10-01 12:25:43.463000,1.2674,1.26732,1000000,3100000
2021-10-01 12:25:43.514000,1.26744,1.26731,1000000,1600000
2021-10-01 12:25:43.616000,1.26745,1.26731,1000000,1100000
2021-10-01 12:25:43.666000,1.26746,1.26739,2000000,1000000
2021-10-01 12:25:45.949000,1.26747,1.26738,1000000,1000000
2021-10-01 12:25:46,1.26741,1.26731,1620000,1000000
2021-10-01 12:25:46.551000,1.26741,1.26731,1870000,1000000
2021-10-01 12:25:47.122000,1.26739,1.26732,1000000,1000000
2021-10-01 12:25:47.897000,1.26742,1.26733,1500000,1000000
2021-10-01 12:25:47.998000,1.26742,1.26734,1120000,1000000
2021-10-01 12:25:49.125000,1.2674,1.26732,1870000,1000000
2021-10-01 12:25:50.339000,1.2674,1.26731,1000000,1000000
2021-10-01 12:25:50.821000,1.26739,1.2673,2620000,1000000
2021-10-01 12:25:51.023000,1.26735,1.26728,1000000,1000000
2021-10-01 12:25:51.124000,1.26736,1.26728,1000000,1000000
2021-10-01 12:25:51.276000,1.26736,1.26723,1000000,1220000
2021-10-01 12:25:51.378000,1.26739,1.26724,1500000,1100000
2021-10-01 12:25:52.181000,1.26739,1.26724,1500000,1600000
2021-10-01 12:25:52.282000,1.26741,1.26724,3200000,3100000
2021-10-01 12:25:52.434000,1.26741,1.26727,2750000,1000000
2021-10-01 12:25:55.209000,1.26741,1.26731,1600000,1000000
2021-10-01 12:25:55.705000,1.2674,1.26731,1000000,1000000
2021-10-01 12:25:55.873000,1.2674,1.2673,1500000,1000000
2021-10-01 12:25:56.647000,1.26734,1.26726,1120000,1000000
2021-10-01 12:25:56.748000,1.26735,1.26725,1620000,1000000
2021-10-01 12:25:56.950000,1.26734,1.26727,1000000,1000000
2021-10-01 12:25:57.463000,1.26738,1.26722,3200000,1100000
2021-10-01 12:25:57.566000,1.26737,1.26724,1700000,1600000
2021-10-01 12:25:57.668000,1.26738,1.26724,1500000,1100000
2021-10-01 12:25:59.122000,1.26737,1.26724,1000000,1220000
2021-10-01 12:25:59.224000,1.2674,1.2673,1000000,1000000
2021-10-01 12:26:02.013000,1.26743,1.26732,1600000,1000000
2021-10-01 12:26:02.064000,1.26743,1.26733,1200000,1000000
2021-10-01 12:26:02.165000,1.26743,1.26735,1100000,1000000
2021-10-01 12:26:02.269000,1.26745,1.26734,1500000,1000000
2021-10-01 12:26:05.840000,1.26742,1.2673,2000000,1500000
2021-10-01 12:26:05.891000,1.26742,1.2673,2000000,1000000
2021-10-01 12:26:07.961000,1.26739,1.2673,1000000,1000000
2021-10-01 12:26:13.695000,1.2674,1.26729,1620000,1000000
2021-10-01 12:26:28.131000,1.26739,1.26729,1620000,1000000
2021-10-01 12:26:30.185000,1.26734,1.26723,2940000,1120000
2021-10-01 12:26:30.236000,1.26733,1.26721,1120000,1500000
2021-10-01 12:26:30.287000,1.26733,1.26721,1500000,1000000
2021-10-01 12:26:30.388000,1.26735,1.26723,1700000,1000000
2021-10-01 12:26:30.489000,1.26734,1.26725,1500000,1000000
2021-10-01 12:26:30.691000,1.26732,1.26722,1500000,1000000
2021-10-01 12:26:30.742000,1.26734,1.26721,1620000,1100000
2021-10-01 12:26:30.793000,1.26733,1.2672,1500000,1570000
2021-10-01 12:26:30.894000,1.26732,1.26721,2750000,1000000
2021-10-01 12:26:31.300000,1.2673,1.26718,1000000,1000000
2021-10-01 12:26:31.351000,1.2673,1.26718,1000000,1000000
2021-10-01 12:26:33.066000,1.26725,1.26715,2620000,1000000
2021-10-01 12:26:33.168000,1.26724,1.26713,1000000,1000000
2021-10-01 12:26:33.422000,1.26724,1.26712,1620000,1000000
2021-10-01 12:26:35.175000,1.26724,1.26712,1500000,1000000
2021-10-01 12:26:35.846000,1.26725,1.26714,1120000,1000000
2021-10-01 12:26:35.947000,1.26728,1.26716,2820000,1000000
2021-10-01 12:26:37.867000,1.26729,1.26719,1500000,1000000
2021-10-01 12:26:37.918000,1.26729,1.26719,1120000,1000000
2021-10-01 12:26:38.069000,1.26729,1.26719,1500000,1000000
2021-10-01 12:26:38.170000,1.26729,1.26717,1000000,1000000
2021-10-01 12:26:38.221000,1.26728,1.26718,1500000,1000000
2021-10-01 12:26:38.372000,1.26729,1.26718,1000000,1000000
2021-10-01 12:26:38.473000,1.26728,1.26718,1000000,1000000
2021-10-01 12:26:38.574000,1.26729,1.26719,1500000,1000000
2021-10-01 12:26:42.182000,1.2673,1.26718,2000000,1000000
2021-10-01 12:26:43.165000,1.26727,1.26716,2750000,1000000
2021-10-01 12:26:43.878000,1.26727,1.26716,2750000,1000000
2021-10-01 12:26:48.421000,1.26725,1.26713,2750000,1000000
2021-10-01 12:26:48.623000,1.26724,1.26712,1620000,1000000
2021-10-01 12:26:48.776000,1.26723,1.26711,1120000,1000000
2021-10-01 12:26:49.184000,1.26723,1.26711,1500000,1000000
2021-10-01 12:26:52.458000,1.26723,1.26712,1500000,1000000
2021-10-01 12:27:00.461000,1.26723,1.26715,1000000,1000000
2021-10-01 12:27:00.563000,1.26726,1.26718,1000000,1000000
2021-10-01 12:27:00.614000,1.2673,1.26718,1500000,1000000
2021-10-01 12:27:03.709000,1.26727,1.26718,1120000,1000000
2021-10-01 12:27:05.564000,1.26728,1.26718,1120000,1000000
2021-10-01 12:27:17.702000,1.26728,1.26719,1120000,1000000
2021-10-01 12:27:24.537000,1.26729,1.26716,2000000,1000000
2021-10-01 12:27:25.537000,1.26728,1.26716,2000000,1000000
2021-10-01 12:27:25.638000,1.26726,1.26714,1500000,1000000
2021-10-01 12:27:26.866000,1.26725,1.26713,1120000,1000000
2021-10-01 12:27:34.819000,1.26724,1.26711,2000000,1500000
2021-10-01 12:27:35.961000,1.26722,1.26711,1120000,1000000
2021-10-01 12:27:38.675000,1.26723,1.2671,2750000,1000000
2021-10-01 12:27:49.728000,1.26721,1.2671,1000000,1000000
2021-10-01 12:27:50.718000,1.26722,1.2671,1870000,1000000
2021-10-01 12:27:51.797000,1.26721,1.2671,1000000,1000000
2021-10-01 12:27:51.940000,1.26722,1.2671,1870000,1000000
2021-10-01 12:27:53.913000,1.2672,1.26711,1000000,1000000
2021-10-01 12:27:56,1.2672,1.26709,2000000,1000000
2021-10-01 12:27:56.101000,1.2672,1.2671,1500000,1000000
2021-10-01 12:27:56.202000,1.26721,1.2671,1120000,1000000
2021-10-01 12:27:58.154000,1.2672,1.2671,1870000,1000000
2021-10-01 12:27:59.048000,1.26719,1.2671,1000000,1000000
2021-10-01 12:27:59.150000,1.26721,1.26709,1870000,1000000
2021-10-01 12:28:01.177000,1.26722,1.2671,1120000,1000000
2021-10-01 12:28:09.598000,1.26715,1.26703,1500000,1000000
2021-10-01 12:28:09.699000,1.26713,1.26703,1120000,1500000
2021-10-01 12:28:10.304000,1.26712,1.267,1500000,1000000
2021-10-01 12:28:10.405000,1.26711,1.26699,1120000,1000000
2021-10-01 12:28:11.009000,1.26711,1.26698,1120000,1120000
2021-10-01 12:28:12.170000,1.26708,1.26697,1500000,1000000
2021-10-01 12:28:14.212000,1.26709,1.26696,2000000,1000000
2021-10-01 12:28:20.518000,1.2671,1.26701,1670000,1000000
2021-10-01 12:28:22.609000,1.26711,1.26699,3300000,1000000
2021-10-01 12:28:22.862000,1.26711,1.26701,2520000,1000000
2021-10-01 12:28:22.913000,1.26711,1.26701,1000000,1000000
2021-10-01 12:28:24.133000,1.26711,1.267,1000000,1000000
2021-10-01 12:28:24.316000,1.2671,1.26701,1620000,1000000
2021-10-01 12:28:25.291000,1.2671,1.26699,1500000,1000000
2021-10-01 12:28:25.392000,1.2671,1.26699,1600000,1000000
2021-10-01 12:28:25.842000,1.2671,1.26701,1600000,1000000
2021-10-01 12:28:28.301000,1.26712,1.267,1220000,1000000
2021-10-01 12:28:28.352000,1.26713,1.267,1100000,1000000
2021-10-01 12:28:28.504000,1.26716,1.26708,1700000,1000000
2021-10-01 12:28:28.605000,1.2672,1.26704,1720000,1000000
2021-10-01 12:28:28.656000,1.2672,1.26711,1120000,1000000
2021-10-01 12:28:28.757000,1.26721,1.26713,1100000,1000000
2021-10-01 12:28:28.808000,1.26724,1.26714,2720000,1000000
2021-10-01 12:28:32.380000,1.26725,1.26714,2100000,1000000
2021-10-01 12:28:35.676000,1.26725,1.26714,2100000,1000000
2021-10-01 12:28:36.275000,1.26726,1.26714,1600000,1000000
2021-10-01 12:28:36.326000,1.26726,1.26715,1840000,1000000
2021-10-01 12:28:36.478000,1.26729,1.2672,1100000,1000000
2021-10-01 12:28:36.579000,1.26729,1.26721,1310000,1000000
2021-10-01 12:28:36.681000,1.26732,1.26715,2170000,1500000
2021-10-01 12:28:36.934000,1.26732,1.26717,1720000,1000000
2021-10-01 12:28:37.088000,1.26733,1.26723,1600000,1000000
2021-10-01 12:28:37.139000,1.26733,1.26724,1000000,1000000
2021-10-01 12:28:37.190000,1.26735,1.26726,1200000,1000000
2021-10-01 12:28:37.643000,1.26736,1.26727,1600000,1000000
2021-10-01 12:28:37.976000,1.26737,1.26727,1600000,1000000
2021-10-01 12:28:39.576000,1.2674,1.26729,3670000,1000000
2021-10-01 12:28:39.991000,1.2674,1.26728,1720000,1000000
2021-10-01 12:28:40.092000,1.26739,1.26727,1720000,1000000
2021-10-01 12:28:41.216000,1.26736,1.26726,1600000,1000000
2021-10-01 12:28:41.318000,1.26737,1.26727,1600000,1000000
2021-10-01 12:28:41.519000,1.26738,1.26728,1600000,1000000
2021-10-01 12:28:49.676000,1.26738,1.26728,2070000,1000000
2021-10-01 12:28:55.634000,1.26736,1.2673,1120000,1000000
2021-10-01 12:28:57.318000,1.26736,1.26729,1000000,1000000
2021-10-01 12:28:59.755000,1.26738,1.26729,1600000,1000000
2021-10-01 12:29:00.148000,1.26737,1.26729,1600000,1000000
2021-10-01 12:29:01.319000,1.2674,1.26729,1720000,1000000
2021-10-01 12:29:02.088000,1.26739,1.26728,1600000,1000000
2021-10-01 12:29:03.262000,1.26739,1.26729,1600000,1000000
2021-10-01 12:29:04.993000,1.26734,1.26725,1000000,1000000
2021-10-01 12:29:05.044000,1.26736,1.26726,2250000,1000000
2021-10-01 12:29:05.195000,1.26735,1.26726,1000000,1000000
2021-10-01 12:29:05.851000,1.26736,1.26726,1000000,1000000
2021-10-01 12:29:06.462000,1.26737,1.26726,1200000,1000000
2021-10-01 12:29:06.976000,1.26734,1.26727,1000000,1000000
2021-10-01 12:29:10.275000,1.26735,1.26724,1120000,1000000
2021-10-01 12:29:10.391000,1.26735,1.26724,1000000,1000000
2021-10-01 12:29:10.555000,1.26735,1.26724,1000000,1000000
2021-10-01 12:29:10.759000,1.26732,1.26724,1000000,1000000
2021-10-01 12:29:10.860000,1.26733,1.26724,1000000,1000000
2021-10-01 12:29:11.113000,1.2673,1.26722,1000000,1000000
2021-10-01 12:29:11.833000,1.26733,1.26723,1000000,1000000
2021-10-01 12:29:12.984000,1.26733,1.26722,1570000,1000000
2021-10-01 12:29:15.096000,1.26729,1.26718,2750000,1000000
2021-10-01 12:29:15.198000,1.2673,1.26718,1600000,1000000
2021-10-01 12:29:15.300000,1.26728,1.26718,2250000,1000000
2021-10-01 12:29:15.757000,1.26726,1.26718,1000000,1000000
2021-10-01 12:29:15.858000,1.26727,1.26718,2250000,1000000
2021-10-01 12:29:16.081000,1.26727,1.26716,3000000,1000000
2021-10-01 12:29:16.182000,1.26727,1.26717,1000000,1000000
2021-10-01 12:29:16.781000,1.26726,1.26717,1000000,1000000
2021-10-01 12:29:16.832000,1.26728,1.26721,1000000,1000000
2021-10-01 12:29:17.091000,1.26728,1.2672,1620000,1000000
2021-10-01 12:29:19.275000,1.26729,1.26719,1620000,1000000
2021-10-01 12:29:20.128000,1.26723,1.26711,1000000,1100000
2021-10-01 12:29:23.426000,1.26726,1.2671,1000000,1100000
2021-10-01 12:29:24.003000,1.26727,1.26719,1100000,1000000
2021-10-01 12:29:24.974000,1.26728,1.26719,1570000,1000000
2021-10-01 12:29:26.983000,1.26727,1.26719,1000000,1000000
2021-10-01 12:29:28.030000,1.26728,1.26719,1570000,1000000
2021-10-01 12:29:28.568000,1.26726,1.2672,1000000,1000000
2021-10-01 12:29:29.141000,1.26727,1.26718,1100000,1000000
2021-10-01 12:29:29.242000,1.26727,1.26719,1000000,1000000
2021-10-01 12:29:30.174000,1.26728,1.26719,1500000,1000000
2021-10-01 12:29:35.107000,1.26728,1.2672,1000000,1000000
2021-10-01 12:29:38.382000,1.26729,1.2672,1000000,1000000
2021-10-01 12:29:40.157000,1.26728,1.2672,1000000,1000000
2021-10-01 12:29:40.258000,1.26729,1.2672,1000000,1000000
2021-10-01 12:29:40.576000,1.26731,1.2672,1000000,1000000
2021-10-01 12:29:40.678000,1.26734,1.2672,4040000,1000000
2021-10-01 12:29:41.615000,1.26733,1.26723,2060000,1000000
2021-10-01 12:29:41.717000,1.2674,1.26726,1120000,1100000
2021-10-01 12:29:41.818000,1.26742,1.26726,1000000,1100000
2021-10-01 12:29:41.869000,1.26749,1.26735,1810000,1000000
2021-10-01 12:29:45.071000,1.26748,1.26734,1500000,1000000
2021-10-01 12:29:45.172000,1.26747,1.26734,1000000,1000000
2021-10-01 12:29:48.443000,1.26746,1.26734,1000000,1000000
2021-10-01 12:29:48.544000,1.26746,1.26735,1500000,1000000
2021-10-01 12:29:49.454000,1.26746,1.26734,1500000,1000000
2021-10-01 12:29:50.441000,1.26744,1.26731,1000000,1000000
2021-10-01 12:29:50.542000,1.26744,1.2673,1000000,1000000
2021-10-01 12:29:50.863000,1.26745,1.26731,1000000,1000000
2021-10-01 12:29:51.571000,1.26741,1.2673,1120000,1000000
2021-10-01 12:29:51.672000,1.26742,1.2673,1000000,1000000
2021-10-01 12:29:51.773000,1.26742,1.26728,1000000,1000000
2021-10-01 12:29:51.874000,1.2674,1.26726,1000000,1000000
2021-10-01 12:29:52.077000,1.26742,1.26726,1500000,1000000
2021-10-01 12:29:52.237000,1.26741,1.26723,1000000,1000000
2021-10-01 12:29:52.854000,1.26742,1.26721,1000000,1000000
2021-10-01 12:29:53.034000,1.26742,1.26719,1000000,1000000
2021-10-01 12:29:53.983000,1.26742,1.26721,1000000,1000000
2021-10-01 12:29:54.601000,1.26742,1.26722,1000000,1000000
2021-10-01 12:29:55.779000,1.26745,1.26722,3400000,1000000
2021-10-01 12:29:55.880000,1.26745,1.26723,3400000,1000000
2021-10-01 12:29:56.586000,1.26742,1.26724,1000000,1000000
2021-10-01 12:29:57.214000,1.2674,1.26718,1870000,1000000
2021-10-01 12:29:57.315000,1.26737,1.26718,1400000,1000000
2021-10-01 12:29:57.416000,1.26737,1.26717,1400000,1000000
2021-10-01 12:29:59.675000,1.26737,1.26717,2250000,1000000
2021-10-01 12:30:00.194000,1.26736,1.26717,2250000,1000000
2021-10-01 12:30:00.295000,1.26737,1.26717,2250000,1000000
2021-10-01 12:30:00.346000,1.26737,1.26715,2250000,1000000
2021-10-01 12:30:01.161000,1.26736,1.26715,1000000,1000000
2021-10-01 12:30:01.312000,1.26736,1.26713,1000000,1000000
2021-10-01 12:30:02.535000,1.26735,1.26719,1750000,1000000
2021-10-01 12:30:02.585000,1.26735,1.26719,1000000,1000000
2021-10-01 12:30:02.636000,1.26743,1.26719,2300000,1000000
2021-10-01 12:30:02.896000,1.26742,1.26718,1000000,1000000
2021-10-01 12:30:03.835000,1.26738,1.26717,1250000,1000000
2021-10-01 12:30:03.885000,1.26735,1.26709,1000000,2250000
2021-10-01 12:30:03.936000,1.26734,1.26706,1000000,1500000
2021-10-01 12:30:03.986000,1.26737,1.26711,4500000,1000000
2021-10-01 12:30:04.347000,1.26737,1.26715,1000000,1000000
2021-10-01 12:30:04.397000,1.26743,1.2672,8250000,1000000
2021-10-01 12:30:05.395000,1.26738,1.2672,1000000,1000000
2021-10-01 12:30:05.502000,1.26735,1.26718,1000000,1000000
2021-10-01 12:30:05.603000,1.26734,1.26715,1000000,1000000
2021-10-01 12:30:05.704000,1.26735,1.26712,1000000,1000000
2021-10-01 12:30:05.956000,1.26738,1.26715,1000000,1000000
2021-10-01 12:30:06.057000,1.26739,1.26715,1000000,1000000
2021-10-01 12:30:06.158000,1.26739,1.26716,1000000,1000000
2021-10-01 12:30:07.357000,1.26737,1.2672,1000000,1000000
2021-10-01 12:30:07.408000,1.26743,1.26717,1870000,1500000
2021-10-01 12:30:07.459000,1.26742,1.26718,1870000,1700000
2021-10-01 12:30:07.764000,1.26743,1.26721,1000000,1000000
2021-10-01 12:30:08.118000,1.26741,1.26722,1000000,1000000
2021-10-01 12:30:08.220000,1.26742,1.26719,1000000,1200000
2021-10-01 12:30:08.373000,1.26739,1.26718,1000000,1000000
2021-10-01 12:30:08.588000,1.26741,1.26717,1000000,1000000
2021-10-01 12:30:08.695000,1.26743,1.26725,2250000,1000000
2021-10-01 12:30:08.797000,1.26748,1.26724,1000000,1000000
2021-10-01 12:30:09.216000,1.26749,1.26725,2060000,1000000
2021-10-01 12:30:09.418000,1.2675,1.26726,1500000,1000000
2021-10-01 12:30:09.587000,1.26749,1.26733,1000000,1000000
2021-10-01 12:30:09.990000,1.2675,1.26733,1000000,1000000
2021-10-01 12:30:10.346000,1.26749,1.26735,1000000,1000000
2021-10-01 12:30:10.920000,1.2675,1.26732,1000000,1000000
2021-10-01 12:30:11.172000,1.26749,1.2674,1000000,1000000
2021-10-01 12:30:11.274000,1.2675,1.26736,1000000,1000000
2021-10-01 12:30:12.244000,1.26749,1.26735,1000000,1000000
2021-10-01 12:30:15.170000,1.2675,1.26741,1000000,1000000
2021-10-01 12:30:15.272000,1.26749,1.2674,1000000,2000000
2021-10-01 12:30:15.323000,1.26759,1.26739,5750000,2000000
2021-10-01 12:30:15.373000,1.26758,1.26749,4120000,1000000
2021-10-01 12:30:15.475000,1.26761,1.26748,1750000,1000000
2021-10-01 12:30:16.057000,1.26763,1.26748,1000000,1000000
2021-10-01 12:30:16.158000,1.26763,1.26747,1000000,1000000
2021-10-01 12:30:16.435000,1.2676,1.26744,1750000,1000000
2021-10-01 12:30:16.536000,1.26757,1.26743,1000000,1000000
2021-10-01 12:30:17.403000,1.26759,1.26745,1500000,1000000
2021-10-01 12:30:18.244000,1.26759,1.26746,2000000,1000000
2021-10-01 12:30:18.976000,1.2676,1.26744,2000000,1000000
2021-10-01 12:30:21.424000,1.26761,1.26746,1500000,1000000
2021-10-01 12:30:21.475000,1.26761,1.26747,1500000,1000000
2021-10-01 12:30:22.215000,1.26763,1.26748,1500000,1000000
2021-10-01 12:30:22.518000,1.26764,1.26746,2000000,1000000
2021-10-01 12:30:22.670000,1.26763,1.26747,1500000,1000000
2021-10-01 12:30:22.771000,1.26763,1.26746,2000000,1000000
2021-10-01 12:30:28.673000,1.26762,1.26745,1500000,1000000
2021-10-01 12:30:31.095000,1.2676,1.26746,1500000,1220000
2021-10-01 12:30:31.196000,1.26764,1.26749,1900000,1100000
2021-10-01 12:30:31.298000,1.26765,1.2675,1500000,1100000
2021-10-01 12:30:31.450000,1.26764,1.26751,1500000,1100000
2021-10-01 12:30:32.065000,1.26764,1.2675,1500000,1570000
2021-10-01 12:30:32.166000,1.26762,1.26746,1500000,1500000
2021-10-01 12:30:34.292000,1.26759,1.26744,1500000,1500000
2021-10-01 12:30:34.343000,1.26762,1.26746,1500000,1000000
2021-10-01 12:30:34.444000,1.26759,1.26745,1120000,1500000
2021-10-01 12:30:34.898000,1.26759,1.26744,1120000,1000000
2021-10-01 12:30:35.075000,1.2676,1.26744,1500000,2100000
2021-10-01 12:30:35.176000,1.26759,1.2675,1000000,1100000
2021-10-01 12:30:35.227000,1.26765,1.2675,1500000,1500000
2021-10-01 12:30:35.529000,1.26766,1.26751,1500000,1000000
2021-10-01 12:30:35.630000,1.26766,1.26753,1750000,1000000
2021-10-01 12:30:35.731000,1.26768,1.26752,1120000,1000000
2021-10-01 12:30:35.782000,1.26767,1.26752,1620000,1000000
2021-10-01 12:30:35.883000,1.26767,1.26752,1750000,1000000
2021-10-01 12:30:36.187000,1.26767,1.26751,1620000,1000000
2021-10-01 12:30:36.993000,1.26765,1.2675,1500000,1500000
2021-10-01 12:30:37.637000,1.26765,1.2675,1500000,1500000
2021-10-01 12:30:39.637000,1.26767,1.2675,5340000,1500000
2021-10-01 12:30:41.048000,1.26764,1.2675,1000000,1000000
2021-10-01 12:30:41.099000,1.26766,1.2675,3010000,1970000
2021-10-01 12:30:41.200000,1.26766,1.26754,1100000,1000000
2021-10-01 12:30:41.251000,1.26768,1.26755,1700000,1000000
2021-10-01 12:30:43.148000,1.26767,1.26754,1500000,1000000
2021-10-01 12:30:43.249000,1.26766,1.26754,1500000,1000000
2021-10-01 12:30:43.350000,1.2677,1.26754,4900000,1000000
2021-10-01 12:30:43.452000,1.2677,1.26755,3200000,1000000
2021-10-01 12:30:43.886000,1.26769,1.26756,2000000,1000000
2021-10-01 12:30:43.987000,1.2677,1.26755,2000000,1000000
2021-10-01 12:30:44.260000,1.26772,1.26757,1620000,1000000
2021-10-01 12:30:44.463000,1.26774,1.26764,1000000,1000000
2021-10-01 12:30:44.514000,1.26775,1.26761,1000000,1000000
2021-10-01 12:30:44.564000,1.26774,1.26764,1000000,1000000
2021-10-01 12:30:44.665000,1.26776,1.26764,5620000,1000000
2021-10-01 12:30:44.817000,1.26777,1.26762,3370000,1500000
2021-10-01 12:30:44.918000,1.26776,1.26764,1870000,1000000
2021-10-01 12:30:45.019000,1.26777,1.26762,1870000,1500000
2021-10-01 12:30:45.233000,1.26777,1.26763,1870000,1000000
2021-10-01 12:30:45.335000,1.26777,1.26767,1500000,1100000
2021-10-01 12:30:45.387000,1.2678,1.26767,1600000,1600000
2021-10-01 12:30:46.241000,1.26783,1.26771,1000000,1120000
2021-10-01 12:30:46.342000,1.2679,1.26775,2750000,1000000
2021-10-01 12:30:46.695000,1.26791,1.26775,3000000,1000000
2021-10-01 12:30:46.746000,1.26792,1.2678,1000000,1000000
2021-10-01 12:30:46.796000,1.26795,1.26782,1000000,1100000
2021-10-01 12:30:46.847000,1.26797,1.26782,1500000,1220000
2021-10-01 12:30:46.898000,1.26797,1.26785,1000000,1000000
2021-10-01 12:30:46.999000,1.26799,1.26786,1000000,1000000
2021-10-01 12:30:47.378000,1.26798,1.26785,1500000,1100000
2021-10-01 12:30:47.479000,1.26799,1.26786,1000000,1000000
2021-10-01 12:30:47.530000,1.26802,1.26786,3200000,1000000
2021-10-01 12:30:47.636000,1.268,1.26786,1000000,1000000
2021-10-01 12:30:47.782000,1.26798,1.26787,1000000,1000000
2021-10-01 12:30:47.934000,1.26797,1.26786,1000000,1000000
2021-10-01 12:30:48.237000,1.26798,1.2679,1000000,1000000
2021-10-01 12:30:48.338000,1.26798,1.26789,1000000,1000000
2021-10-01 12:30:48.441000,1.26802,1.26789,1000000,1000000
2021-10-01 12:30:50.288000,1.26802,1.2679,1000000,1220000
2021-10-01 12:30:50.338000,1.26804,1.26791,1120000,1970000
2021-10-01 12:30:50.389000,1.26801,1.26793,1000000,1220000
2021-10-01 12:30:50.440000,1.26809,1.26796,1000000,1000000
2021-10-01 12:30:50.591000,1.2681,1.26796,1000000,1570000
2021-10-01 12:30:50.923000,1.26812,1.26796,1500000,1000000
2021-10-01 12:30:51.024000,1.26813,1.26797,1620000,1000000
2021-10-01 12:30:51.177000,1.26809,1.26798,1000000,1000000
2021-10-01 12:30:51.278000,1.26806,1.26796,1950000,1000000
2021-10-01 12:30:51.328000,1.26806,1.26791,1000000,1600000
2021-10-01 12:30:51.379000,1.26803,1.26791,1000000,1100000
2021-10-01 12:30:51.480000,1.26803,1.26792,1000000,1000000
2021-10-01 12:30:51.581000,1.26807,1.26793,1000000,1100000
2021-10-01 12:30:51.709000,1.26806,1.26791,1000000,1570000
2021-10-01 12:30:51.760000,1.26804,1.26791,1000000,1000000
2021-10-01 12:30:52.419000,1.26802,1.26788,1500000,1000000
2021-10-01 12:30:52.520000,1.268,1.26787,1000000,1100000
2021-10-01 12:30:52.910000,1.26801,1.26791,1000000,1000000
2021-10-01 12:30:53.011000,1.26802,1.26791,1000000,1000000
2021-10-01 12:30:53.112000,1.26802,1.26792,1000000,1000000
2021-10-01 12:30:54.252000,1.26801,1.26792,1000000,1000000
2021-10-01 12:30:54.440000,1.26802,1.2679,1000000,1120000
2021-10-01 12:30:54.490000,1.26806,1.2679,1620000,1120000
2021-10-01 12:30:54.642000,1.26801,1.26791,1000000,1120000
2021-10-01 12:30:55.214000,1.26802,1.26789,1000000,1950000
2021-10-01 12:30:55.477000,1.26799,1.26787,1000000,1570000
2021-10-01 12:30:55.837000,1.26802,1.26786,1500000,1500000
2021-10-01 12:30:56.039000,1.26799,1.26786,1000000,1000000
2021-10-01 12:30:56.140000,1.26799,1.26785,1000000,1570000
2021-10-01 12:30:57.484000,1.268,1.26785,1000000,1500000
2021-10-01 12:30:59.825000,1.26799,1.26784,1570000,1000000
2021-10-01 12:30:59.926000,1.26787,1.26776,1000000,1500000
2021-10-01 12:31:00.027000,1.2679,1.26775,1100000,1000000
2021-10-01 12:31:00.128000,1.2679,1.26774,1600000,1000000
2021-10-01 12:31:00.532000,1.26789,1.26775,1000000,1570000
2021-10-01 12:31:00.684000,1.26789,1.26776,1000000,1000000
2021-10-01 12:31:00.886000,1.2679,1.26774,1000000,2320000
2021-10-01 12:31:01.513000,1.26789,1.26774,1000000,1570000
2021-10-01 12:31:01.862000,1.26789,1.26775,1000000,1000000
2021-10-01 12:31:02.064000,1.26788,1.26775,1000000,1570000
2021-10-01 12:31:02.225000,1.2679,1.26774,1000000,1570000
2021-10-01 12:31:02.326000,1.26789,1.26776,1000000,1000000
2021-10-01 12:31:02.949000,1.26783,1.26771,1000000,1000000
2021-10-01 12:31:03.151000,1.26783,1.26767,1000000,2700000
2021-10-01 12:31:03.958000,1.26781,1.26768,1000000,1500000
2021-10-01 12:31:04.009000,1.26779,1.26764,1000000,1500000
2021-10-01 12:31:04.110000,1.26771,1.26761,1000000,1000000
2021-10-01 12:31:04.211000,1.26771,1.26762,1000000,1000000
2021-10-01 12:31:04.262000,1.26771,1.26757,1000000,1600000
2021-10-01 12:31:04.363000,1.2677,1.26757,1000000,1600000
2021-10-01 12:31:04.665000,1.26771,1.26755,1500000,1950000
2021-10-01 12:31:04.817000,1.26769,1.26755,1000000,2100000
2021-10-01 12:31:04.868000,1.26765,1.2675,1000000,1500000
2021-10-01 12:31:04.969000,1.26766,1.2675,1000000,1000000
2021-10-01 12:31:05.120000,1.26765,1.2675,1000000,1000000
2021-10-01 12:31:06.134000,1.26761,1.26749,1000000,1100000
2021-10-01 12:31:06.235000,1.26758,1.26745,1000000,1000000
2021-10-01 12:31:06.336000,1.26758,1.26742,1000000,2100000
2021-10-01 12:31:06.538000,1.26757,1.26743,1000000,1200000
2021-10-01 12:31:07.124000,1.26756,1.26742,1000000,1600000
2021-10-01 12:31:07.226000,1.26758,1.26742,1000000,1100000
2021-10-01 12:31:07.327000,1.26758,1.26743,1000000,1100000
2021-10-01 12:31:11.063000,1.26758,1.26743,1000000,1100000
2021-10-01 12:31:11.215000,1.26757,1.26743,1000000,1220000
2021-10-01 12:31:11.823000,1.26757,1.26741,1000000,1970000
2021-10-01 12:31:11.924000,1.26754,1.26741,1000000,1100000
2021-10-01 12:31:12.025000,1.26754,1.26738,1500000,2100000
2021-10-01 12:31:12.076000,1.26754,1.26738,3690000,1000000
2021-10-01 12:31:12.127000,1.26749,1.26737,1000000,1000000
2021-10-01 12:31:12.177000,1.2675,1.26734,1000000,1100000
2021-10-01 12:31:18.020000,1.26749,1.26736,1000000,1000000
2021-10-01 12:31:18.214000,1.2675,1.26734,1000000,1570000
2021-10-01 12:31:19.258000,1.26747,1.26735,1000000,1000000
2021-10-01 12:31:19.460000,1.26748,1.26732,1000000,2100000
2021-10-01 12:31:20.127000,1.26748,1.26732,1870000,1950000
2021-10-01 12:31:20.229000,1.26748,1.26734,1570000,1100000
2021-10-01 12:31:20.380000,1.26748,1.26732,1570000,2070000
2021-10-01 12:31:24.124000,1.26749,1.26735,1000000,1600000
2021-10-01 12:31:24.225000,1.26746,1.2673,1000000,1600000
2021-10-01 12:31:24.326000,1.26747,1.26731,1570000,2100000
2021-10-01 12:31:31.273000,1.26743,1.2673,1000000,1870000
2021-10-01 12:31:31.324000,1.26742,1.26726,1870000,2000000
2021-10-01 12:31:31.374000,1.26743,1.26729,1000000,3600000
2021-10-01 12:31:31.425000,1.26745,1.26733,1000000,1600000
2021-10-01 12:31:31.526000,1.26747,1.26732,1500000,1600000
2021-10-01 12:31:33.344000,1.26743,1.26732,1760000,1500000
2021-10-01 12:31:33.395000,1.26742,1.2673,1000000,1000000
2021-10-01 12:31:33.496000,1.2674,1.26729,1000000,1720000
2021-10-01 12:31:33.597000,1.2674,1.2673,1000000,1720000
2021-10-01 12:31:34.811000,1.26739,1.2673,1500000,1720000
2021-10-01 12:31:35.114000,1.26745,1.26733,1000000,1370000
2021-10-01 12:31:35.165000,1.26747,1.26733,1200000,1750000
2021-10-01 12:31:35.216000,1.26748,1.26736,2100000,1120000
2021-10-01 12:31:35.317000,1.26747,1.26736,1000000,1600000
2021-10-01 12:31:35.418000,1.26749,1.26736,1500000,1120000
2021-10-01 12:31:36.032000,1.26745,1.26737,1000000,1000000
2021-10-01 12:31:36.083000,1.26748,1.26735,1870000,1000000
2021-10-01 12:31:36.185000,1.26747,1.26733,1000000,1600000
2021-10-01 12:31:36.510000,1.26746,1.26732,1120000,1200000
2021-10-01 12:31:36.712000,1.26744,1.26731,1000000,2100000
2021-10-01 12:31:36.864000,1.26744,1.26729,1000000,3820000
2021-10-01 12:31:36.979000,1.26744,1.26729,1000000,1720000
2021-10-01 12:31:37.081000,1.26742,1.2673,1000000,1720000
2021-10-01 12:31:38.341000,1.26745,1.2673,1870000,1100000
2021-10-01 12:31:38.442000,1.26745,1.26732,1500000,1570000
2021-10-01 12:31:38.593000,1.26745,1.26732,1500000,2350000
2021-10-01 12:31:40.133000,1.26746,1.26735,1000000,1500000
2021-10-01 12:31:40.184000,1.26748,1.26733,1950000,1950000
2021-10-01 12:31:40.336000,1.26748,1.26732,1970000,2070000
2021-10-01 12:31:40.487000,1.26748,1.26732,1950000,2100000
2021-10-01 12:31:41.674000,1.26748,1.26734,1200000,1000000
2021-10-01 12:31:42.283000,1.26745,1.26733,1100000,1120000
2021-10-01 12:31:42.687000,1.26745,1.2673,1000000,2850000
2021-10-01 12:31:45.724000,1.26746,1.26733,1200000,2070000
2021-10-01 12:31:51.716000,1.26748,1.26737,1000000,1600000
2021-10-01 12:31:51.817000,1.26745,1.26736,1000000,1000000
2021-10-01 12:31:51.868000,1.26746,1.26733,1200000,1500000
2021-10-01 12:31:51.969000,1.26746,1.26733,1000000,1200000
2021-10-01 12:31:52.780000,1.26747,1.26733,1200000,1200000
2021-10-01 12:31:53.084000,1.26746,1.26732,1000000,2100000
2021-10-01 12:31:53.286000,1.26747,1.26732,1200000,1600000
2021-10-01 12:31:53.690000,1.26745,1.26734,1500000,1100000
2021-10-01 12:31:53.791000,1.26747,1.26733,1200000,1200000
2021-10-01 12:31:54.296000,1.26746,1.26737,1200000,1000000
2021-10-01 12:31:54.397000,1.26752,1.26737,2100000,1000000
2021-10-01 12:31:54.498000,1.26749,1.26738,1000000,1000000
2021-10-01 12:31:54.549000,1.26753,1.26738,1870000,1600000
2021-10-01 12:31:54.701000,1.26753,1.2674,1870000,1000000
2021-10-01 12:31:55.158000,1.26752,1.26742,1000000,1120000
2021-10-01 12:31:55.259000,1.26757,1.26742,1000000,1970000
2021-10-01 12:31:55.360000,1.26756,1.26746,1000000,1000000
2021-10-01 12:31:55.512000,1.26757,1.26746,1000000,1000000
2021-10-01 12:31:56.067000,1.26758,1.26746,1000000,1000000
2021-10-01 12:31:56.198000,1.26758,1.26747,1000000,1000000
2021-10-01 12:31:56.400000,1.26758,1.26745,1000000,1000000
2021-10-01 12:31:56.502000,1.26763,1.26747,1100000,2070000
2021-10-01 12:31:56.552000,1.26763,1.26749,1000000,1100000
2021-10-01 12:31:56.603000,1.26765,1.2675,1100000,1100000
2021-10-01 12:31:56.755000,1.26764,1.26749,1720000,1000000
2021-10-01 12:31:56.856000,1.26756,1.26746,1000000,1000000
2021-10-01 12:31:56.907000,1.26757,1.26747,1100000,1000000
2021-10-01 12:31:57.008000,1.26758,1.26745,1100000,1000000
2021-10-01 12:31:57.059000,1.26758,1.26742,1100000,1720000
2021-10-01 12:31:57.110000,1.26758,1.26742,1000000,1720000
2021-10-01 12:31:57.212000,1.26758,1.26747,1000000,1000000
2021-10-01 12:31:57.313000,1.26754,1.26748,1000000,1000000
2021-10-01 12:31:57.364000,1.26754,1.26743,1000000,1000000
2021-10-01 12:31:57.415000,1.26754,1.26741,1000000,1120000
2021-10-01 12:31:57.465000,1.26749,1.26741,1000000,1000000
2021-10-01 12:31:57.667000,1.26749,1.26737,1000000,1000000
2021-10-01 12:31:57.769000,1.2675,1.26736,1100000,1000000
2021-10-01 12:31:57.870000,1.2675,1.26737,1100000,1000000
2021-10-01 12:31:59.113000,1.26748,1.26737,1200000,1000000
2021-10-01 12:31:59.164000,1.26747,1.26735,1000000,1000000
2021-10-01 12:31:59.928000,1.26747,1.26733,1100000,1000000
2021-10-01 12:32:00.383000,1.26747,1.26731,1100000,2100000
2021-10-01 12:32:00.484000,1.26746,1.26731,1000000,2100000
2021-10-01 12:32:00.586000,1.26748,1.26734,1970000,1950000
2021-10-01 12:32:00.687000,1.26749,1.26734,1570000,1570000
2021-10-01 12:32:00.889000,1.26749,1.26735,1570000,1000000
2021-10-01 12:32:01.091000,1.26749,1.26734,1570000,1570000
2021-10-01 12:32:01.242000,1.26749,1.26734,1500000,1600000
2021-10-01 12:32:01.765000,1.26752,1.26738,1500000,2070000
2021-10-01 12:32:01.866000,1.26751,1.26741,1000000,2850000
2021-10-01 12:32:01.968000,1.26761,1.26747,1100000,1000000
2021-10-01 12:32:02.019000,1.26763,1.26748,1000000,2100000
2021-10-01 12:32:02.121000,1.26768,1.26754,1500000,1220000
2021-10-01 12:32:02.223000,1.2677,1.26757,1200000,1200000
2021-10-01 12:32:02.274000,1.26772,1.26757,1000000,1220000
2021-10-01 12:32:02.375000,1.26773,1.26758,1600000,1100000
2021-10-01 12:32:02.476000,1.26773,1.26758,1100000,1570000
2021-10-01 12:32:03.210000,1.26771,1.26758,1000000,1500000
2021-10-01 12:32:03.361000,1.26771,1.26756,1000000,2100000
2021-10-01 12:32:03.512000,1.26772,1.26756,1100000,2850000
2021-10-01 12:32:03.614000,1.26772,1.26757,1000000,1220000
2021-10-01 12:32:03.765000,1.26772,1.26759,1000000,1000000
2021-10-01 12:32:03.967000,1.26772,1.26758,1000000,1200000
2021-10-01 12:32:04.472000,1.26772,1.26758,1000000,1220000
2021-10-01 12:32:05.074000,1.26772,1.26758,1000000,1950000
2021-10-01 12:32:05.478000,1.26776,1.26761,2100000,1000000
2021-10-01 12:32:05.579000,1.26768,1.26756,1000000,1950000
2021-10-01 12:32:05.680000,1.2677,1.26756,1000000,1600000
2021-10-01 12:32:05.781000,1.2677,1.26758,1000000,1000000
2021-10-01 12:32:07.264000,1.2677,1.26757,1000000,1100000
2021-10-01 12:32:08.106000,1.26771,1.26757,1000000,1570000
2021-10-01 12:32:08.308000,1.2677,1.26757,1000000,1000000
2021-10-01 12:32:08.460000,1.26769,1.26756,1100000,1950000
2021-10-01 12:32:08.662000,1.26765,1.26756,1000000,1000000
2021-10-01 12:32:08.763000,1.26764,1.26754,1000000,1000000
2021-10-01 12:32:08.865000,1.26764,1.26753,1000000,1000000
2021-10-01 12:32:09.067000,1.26767,1.26752,1220000,2250000
2021-10-01 12:32:09.168000,1.26767,1.26753,1100000,1000000
2021-10-01 12:32:09.370000,1.26768,1.26755,1000000,1970000
2021-10-01 12:32:10.476000,1.26768,1.26757,1000000,1000000
2021-10-01 12:32:10.628000,1.26768,1.26758,1000000,1000000
2021-10-01 12:32:10.856000,1.26768,1.26757,1000000,1100000
2021-10-01 12:32:12.291000,1.2677,1.26756,1000000,1100000
2021-10-01 12:32:12.927000,1.26764,1.26755,1100000,1000000
2021-10-01 12:32:13.029000,1.26761,1.26751,1000000,1000000
2021-10-01 12:32:13.130000,1.26761,1.26749,1100000,1500000
2021-10-01 12:32:13.760000,1.26762,1.26747,1100000,2700000
2021-10-01 12:32:14.021000,1.26761,1.26746,1970000,1000000
2021-10-01 12:32:14.122000,1.26758,1.26746,1000000,1100000
2021-10-01 12:32:16.695000,1.2676,1.26745,1950000,1100000
2021-10-01 12:32:17.556000,1.26758,1.26746,1000000,1100000
2021-10-01 12:32:17.766000,1.2676,1.26745,1950000,1100000
2021-10-01 12:32:17.897000,1.26759,1.26745,1000000,1100000
2021-10-01 12:32:18.638000,1.2676,1.26745,1200000,1100000
2021-10-01 12:32:20.176000,1.26761,1.26747,1500000,1100000
2021-10-01 12:32:20.327000,1.2676,1.26748,1000000,2070000
2021-10-01 12:32:20.430000,1.26762,1.2675,1600000,1000000
2021-10-01 12:32:20.531000,1.26763,1.26749,1000000,1950000
2021-10-01 12:32:20.632000,1.26762,1.26751,2250000,1100000
2021-10-01 12:32:24.210000,1.26763,1.26748,3070000,2070000
2021-10-01 12:32:24.312000,1.26759,1.26747,1200000,1000000
2021-10-01 12:32:24.362000,1.26757,1.26743,1600000,1500000
2021-10-01 12:32:24.413000,1.26756,1.26741,2070000,2700000
2021-10-01 12:32:24.717000,1.26752,1.26742,1000000,1120000
2021-10-01 12:32:24.818000,1.26755,1.2674,1600000,1000000
2021-10-01 12:32:24.932000,1.26751,1.26741,1000000,1000000
2021-10-01 12:32:25.762000,1.26752,1.2674,1000000,1500000
2021-10-01 12:32:26.695000,1.26747,1.26734,1100000,1000000
2021-10-01 12:32:26.797000,1.26747,1.26732,1600000,1100000
2021-10-01 12:32:26.898000,1.26745,1.26732,1000000,1100000
2021-10-01 12:32:27,1.26747,1.26732,2070000,1570000
2021-10-01 12:32:28.101000,1.26747,1.26732,1950000,1950000
2021-10-01 12:32:28.785000,1.26747,1.26732,1970000,1120000
2021-10-01 12:32:29.217000,1.26747,1.26732,1950000,1950000
2021-10-01 12:32:29.665000,1.26747,1.26732,1970000,1120000
2021-10-01 12:32:30.202000,1.26747,1.26732,2100000,1500000
2021-10-01 12:32:30.455000,1.26747,1.26735,1000000,1600000
2021-10-01 12:32:30.556000,1.26749,1.26738,1000000,1200000
2021-10-01 12:32:30.707000,1.2675,1.26739,1000000,1120000
2021-10-01 12:32:30.809000,1.26752,1.2674,1000000,2070000
2021-10-01 12:32:30.910000,1.26753,1.2674,1000000,2070000
2021-10-01 12:32:32.735000,1.26755,1.2674,1600000,2070000
2021-10-01 12:32:33.501000,1.26752,1.26741,1000000,1500000
2021-10-01 12:32:33.552000,1.26752,1.2674,1970000,1120000
2021-10-01 12:32:33.603000,1.26751,1.26736,1100000,1950000
2021-10-01 12:32:33.704000,1.2675,1.26737,1100000,1870000
2021-10-01 12:32:33.805000,1.26749,1.26734,1600000,1870000
2021-10-01 12:32:33.906000,1.26746,1.26733,1220000,1000000
2021-10-01 12:32:33.957000,1.26744,1.26729,1100000,2000000
2021-10-01 12:32:34.008000,1.26743,1.26728,1100000,1100000
2021-10-01 12:32:34.209000,1.26742,1.26727,1000000,1970000
2021-10-01 12:32:36.369000,1.26741,1.26728,1000000,1000000
2021-10-01 12:32:37.553000,1.26741,1.26727,1100000,2620000
2021-10-01 12:32:37.755000,1.26742,1.26732,1000000,1120000
2021-10-01 12:32:37.806000,1.26744,1.26733,1000000,1000000
2021-10-01 12:32:38.108000,1.26744,1.26732,1000000,1200000
2021-10-01 12:32:39.826000,1.26747,1.26732,1600000,1200000
2021-10-01 12:32:40.195000,1.26743,1.26733,1000000,1120000
2021-10-01 12:32:40.546000,1.26746,1.26732,1600000,1120000
2021-10-01 12:32:42.099000,1.26748,1.26735,1120000,1000000
2021-10-01 12:32:42.315000,1.26748,1.26734,1200000,1000000
2021-10-01 12:32:44.458000,1.26748,1.26735,1000000,1120000
2021-10-01 12:32:44.559000,1.26748,1.26736,1000000,1000000
2021-10-01 12:32:44.675000,1.26747,1.26736,1000000,1120000
2021-10-01 12:32:46.531000,1.26749,1.26735,1500000,1120000
2021-10-01 12:32:47.012000,1.26747,1.26739,1000000,1950000
2021-10-01 12:32:47.113000,1.26752,1.26741,1000000,2000000
2021-10-01 12:32:47.214000,1.26754,1.26742,2000000,1120000
2021-10-01 12:32:50.720000,1.26755,1.26746,1000000,1870000
2021-10-01 12:32:50.821000,1.2676,1.26749,1000000,1120000
2021-10-01 12:32:50.922000,1.26763,1.26749,1500000,1120000
2021-10-01 12:32:50.974000,1.26763,1.26751,1000000,1100000
2021-10-01 12:32:51.024000,1.26764,1.26752,1000000,1000000
2021-10-01 12:32:51.379000,1.26766,1.26752,2370000,1000000
2021-10-01 12:32:52.029000,1.26768,1.26754,1120000,1500000
2021-10-01 12:32:52.080000,1.26763,1.26754,1500000,1000000
2021-10-01 12:32:52.181000,1.26762,1.26749,1870000,1950000
2021-10-01 12:32:53.073000,1.26763,1.2675,1000000,1100000
2021-10-01 12:32:53.225000,1.26765,1.26751,1500000,1000000
2021-10-01 12:32:53.493000,1.26766,1.26752,2000000,1000000
2021-10-01 12:32:53.800000,1.26766,1.26751,2000000,1570000
2021-10-01 12:32:56.070000,1.26763,1.26751,1500000,1000000
2021-10-01 12:32:56.120000,1.26763,1.26749,1500000,1000000
2021-10-01 12:32:56.285000,1.26763,1.26748,1600000,1870000
2021-10-01 12:32:56.900000,1.26764,1.26749,1870000,1970000
2021-10-01 12:32:57.001000,1.26765,1.2675,2000000,1600000
2021-10-01 12:32:58.175000,1.26765,1.26751,1000000,1570000
2021-10-01 12:32:58.293000,1.26766,1.26751,1120000,2320000
2021-10-01 12:32:58.494000,1.26768,1.26754,1120000,1120000
2021-10-01 12:32:58.696000,1.2677,1.2676,1000000,1600000
2021-10-01 12:32:58.797000,1.2677,1.26763,1000000,1000000
2021-10-01 12:32:58.848000,1.26775,1.26762,1120000,1000000
2021-10-01 12:32:58.899000,1.26778,1.26765,1500000,1000000
2021-10-01 12:32:59,1.2678,1.26765,1870000,1200000
2021-10-01 12:32:59.101000,1.26779,1.26765,1000000,1870000
2021-10-01 12:32:59.152000,1.26782,1.26768,1000000,1700000
2021-10-01 12:32:59.253000,1.26779,1.26767,1620000,1100000
2021-10-01 12:32:59.354000,1.26782,1.26767,1600000,1500000
2021-10-01 12:32:59.455000,1.26779,1.26767,1000000,1000000
2021-10-01 12:32:59.506000,1.26781,1.26767,1120000,1000000
2021-10-01 12:32:59.557000,1.26784,1.26772,1000000,1500000
2021-10-01 12:32:59.658000,1.26785,1.26773,1000000,1000000
2021-10-01 12:32:59.709000,1.26789,1.26774,1600000,1100000
2021-10-01 12:32:59.763000,1.2679,1.26776,1100000,1000000
2021-10-01 12:32:59.915000,1.26789,1.2678,1000000,1120000
2021-10-01 12:32:59.965000,1.26794,1.26782,1950000,1000000
2021-10-01 12:33:00.218000,1.26794,1.26783,1000000,1000000
2021-10-01 12:33:00.319000,1.26795,1.26781,1000000,1000000
2021-10-01 12:33:00.522000,1.26795,1.2678,1000000,1570000
2021-10-01 12:33:00.623000,1.26794,1.26781,1000000,1970000
2021-10-01 12:33:00.674000,1.26797,1.26782,1000000,1100000
2021-10-01 12:33:00.776000,1.268,1.26787,1000000,1000000
2021-10-01 12:33:00.877000,1.26795,1.26781,1000000,1100000
2021-10-01 12:33:01.331000,1.26794,1.26781,1000000,2700000
2021-10-01 12:33:01.584000,1.26789,1.26778,1120000,3120000
2021-10-01 12:33:01.634000,1.26789,1.26775,1950000,1500000
2021-10-01 12:33:01.685000,1.26786,1.26775,1000000,1000000
2021-10-01 12:33:01.787000,1.26783,1.2677,1100000,1500000
2021-10-01 12:33:01.837000,1.2678,1.2677,1570000,1000000
2021-10-01 12:33:01.938000,1.26779,1.26764,1000000,1200000
2021-10-01 12:33:02.384000,1.26775,1.2676,1000000,1600000
2021-10-01 12:33:02.485000,1.26772,1.26758,1100000,1000000
2021-10-01 12:33:02.536000,1.26768,1.26755,1000000,1870000
2021-10-01 12:33:02.587000,1.26766,1.26754,1000000,1100000
2021-10-01 12:33:02.688000,1.26765,1.26752,1000000,1570000
2021-10-01 12:33:02.738000,1.26768,1.26753,1000000,1100000
2021-10-01 12:33:02.940000,1.26767,1.26754,1000000,1100000
2021-10-01 12:33:03.323000,1.26768,1.26753,1000000,1100000
2021-10-01 12:33:03.435000,1.26767,1.26754,1000000,1100000
2021-10-01 12:33:03.536000,1.26768,1.26753,1000000,1100000
2021-10-01 12:33:03.637000,1.26765,1.26752,1600000,1000000
2021-10-01 12:33:03.687000,1.26763,1.2675,1100000,1000000
2021-10-01 12:33:03.839000,1.26764,1.26751,1570000,1000000
2021-10-01 12:33:03.940000,1.26766,1.26751,1000000,1100000
2021-10-01 12:33:04.192000,1.26768,1.26757,1500000,1000000
2021-10-01 12:33:04.243000,1.26771,1.26756,1100000,1000000
2021-10-01 12:33:04.495000,1.26771,1.26756,1000000,1600000
2021-10-01 12:33:04.546000,1.26772,1.2676,1500000,1100000
2021-10-01 12:33:04.648000,1.26776,1.26764,1000000,1000000
2021-10-01 12:33:04.698000,1.26779,1.26764,1000000,1100000
2021-10-01 12:33:04.749000,1.2678,1.26769,1000000,1100000
2021-10-01 12:33:04.850000,1.26787,1.26772,1570000,1000000
2021-10-01 12:33:05.102000,1.26786,1.26771,1000000,1570000
2021-10-01 12:33:05.808000,1.26784,1.2677,1570000,1000000
2021-10-01 12:33:05.909000,1.26781,1.26769,2320000,1000000
2021-10-01 12:33:05.960000,1.2678,1.26766,1000000,1000000
2021-10-01 12:33:06.062000,1.2678,1.26765,1600000,1000000
2021-10-01 12:33:06.221000,1.26779,1.26766,1100000,1000000
2021-10-01 12:33:06.646000,1.2678,1.26765,1100000,1000000
2021-10-01 12:33:06.747000,1.26778,1.26764,1000000,1000000
2021-10-01 12:33:06.798000,1.26776,1.26761,1000000,1100000
2021-10-01 12:33:08.608000,1.26774,1.26761,1000000,1000000
2021-10-01 12:33:09.975000,1.26771,1.26759,1600000,1000000
2021-10-01 12:33:10.076000,1.26766,1.26756,1000000,1000000
2021-10-01 12:33:10.126000,1.26766,1.26751,1000000,1100000
2021-10-01 12:33:10.903000,1.26767,1.26752,1100000,1000000
2021-10-01 12:33:11.004000,1.26768,1.26753,1000000,1100000
2021-10-01 12:33:11.105000,1.2677,1.26755,1100000,1000000
2021-10-01 12:33:11.206000,1.26771,1.26758,1970000,1000000
2021-10-01 12:33:11.559000,1.26772,1.26757,1950000,1000000
2021-10-01 12:33:11.761000,1.26772,1.26757,2350000,1000000
2021-10-01 12:33:12.233000,1.26772,1.26757,1950000,1000000
2021-10-01 12:33:13.096000,1.26773,1.26758,3570000,1000000
2021-10-01 12:33:13.815000,1.26772,1.2676,1000000,1100000
2021-10-01 12:33:13.916000,1.26772,1.26761,1500000,1100000
2021-10-01 12:33:14.017000,1.26774,1.2676,1000000,1000000
2021-10-01 12:33:14.118000,1.26775,1.2676,1200000,1000000
2021-10-01 12:33:14.270000,1.26773,1.26758,1600000,1000000
2021-10-01 12:33:14.371000,1.26774,1.26759,1950000,1000000
2021-10-01 12:33:16.560000,1.26772,1.26759,1000000,1200000
2021-10-01 12:33:16.661000,1.26774,1.26759,1950000,1000000
2021-10-01 12:33:18.680000,1.26774,1.2676,1500000,1600000
2021-10-01 12:33:18.781000,1.26774,1.26763,1000000,1000000
2021-10-01 12:33:18.882000,1.26773,1.2676,1010000,1000000
2021-10-01 12:33:18.983000,1.26772,1.2676,1600000,1000000
2021-10-01 12:33:19.135000,1.26774,1.26759,2070000,1000000
2021-10-01 12:33:19.236000,1.26772,1.26759,1000000,1000000
2021-10-01 12:33:19.337000,1.26772,1.26763,1000000,1000000
2021-10-01 12:33:19.388000,1.26775,1.26763,1000000,1000000
2021-10-01 12:33:19.439000,1.26775,1.26766,1000000,1120000
2021-10-01 12:33:19.489000,1.26779,1.26767,1000000,1000000
2021-10-01 12:33:23.430000,1.26779,1.26768,1000000,1000000
2021-10-01 12:33:24.326000,1.26779,1.26764,1000000,1200000
2021-10-01 12:33:24.528000,1.26774,1.26762,2000000,1500000
2021-10-01 12:33:24.629000,1.26773,1.26762,1600000,1000000
2021-10-01 12:33:24.680000,1.26772,1.2676,1120000,1000000
2021-10-01 12:33:24.781000,1.26771,1.26756,1000000,1600000
2021-10-01 12:33:25.159000,1.26771,1.26756,1200000,1000000
2021-10-01 12:33:25.361000,1.26769,1.26754,1000000,1600000
2021-10-01 12:33:25.462000,1.26768,1.26755,1000000,1200000
2021-10-01 12:33:25.563000,1.2677,1.26757,1120000,1100000
2021-10-01 12:33:27.913000,1.26768,1.26755,1000000,1600000
2021-10-01 12:33:29.209000,1.26767,1.26753,1000000,1600000
2021-10-01 12:33:30.201000,1.26766,1.26751,1120000,2070000
2021-10-01 12:33:31.410000,1.26763,1.26748,1000000,1600000
2021-10-01 12:33:31.511000,1.2676,1.26748,1000000,1600000
2021-10-01 12:33:33.693000,1.2676,1.26748,1000000,1600000
2021-10-01 12:33:34.797000,1.26762,1.26748,1000000,1600000
2021-10-01 12:33:34.898000,1.26761,1.26748,1000000,1600000
2021-10-01 12:33:35.674000,1.26761,1.26747,1000000,1600000
2021-10-01 12:33:36.839000,1.26763,1.26751,1000000,1720000
2021-10-01 12:33:36.890000,1.26766,1.26753,1000000,1600000
2021-10-01 12:33:36.940000,1.26767,1.26754,1500000,2850000
2021-10-01 12:33:37.041000,1.26769,1.26757,1000000,1600000
2021-10-01 12:33:37.295000,1.26771,1.26757,1000000,2850000
2021-10-01 12:33:37.396000,1.26771,1.26758,1000000,1600000
2021-10-01 12:33:37.964000,1.2677,1.26758,1000000,1600000
2021-10-01 12:33:38.066000,1.26771,1.26759,1000000,1600000
2021-10-01 12:33:38.688000,1.26771,1.26758,1000000,2100000
2021-10-01 12:33:39.237000,1.26772,1.26757,1000000,2470000
2021-10-01 12:33:39.287000,1.26773,1.26762,1000000,1720000
2021-10-01 12:33:39.439000,1.26775,1.26761,1000000,1600000
2021-10-01 12:33:40.235000,1.26774,1.26762,1000000,2850000
2021-10-01 12:33:40.336000,1.26776,1.26761,1000000,3600000
2021-10-01 12:33:42.660000,1.26776,1.26762,1000000,1220000
2021-10-01 12:33:43.628000,1.26776,1.26762,1000000,1950000
2021-10-01 12:33:44.088000,1.26776,1.26762,1000000,2070000
2021-10-01 12:33:44.189000,1.26777,1.26763,1000000,2070000
2021-10-01 12:33:46.567000,1.26777,1.26764,1000000,1220000
2021-10-01 12:33:46.777000,1.26777,1.26764,1000000,1200000
2021-10-01 12:33:47.031000,1.26776,1.26762,1000000,1600000
2021-10-01 12:33:47.235000,1.26777,1.26762,1000000,1600000
2021-10-01 12:33:48.212000,1.26779,1.26769,1000000,1600000
2021-10-01 12:33:48.313000,1.26775,1.26764,1000000,1700000
2021-10-01 12:33:48.415000,1.26775,1.26762,1000000,1600000
2021-10-01 12:33:48.516000,1.26777,1.26762,1870000,2100000
2021-10-01 12:33:48.874000,1.2677,1.26759,1000000,1000000
2021-10-01 12:33:48.975000,1.26768,1.26755,1000000,1600000
2021-10-01 12:33:49.597000,1.26769,1.26754,1000000,2100000
2021-10-01 12:33:49.900000,1.26769,1.26754,1000000,1600000
2021-10-01 12:33:50.386000,1.26768,1.26755,1000000,1600000
2021-10-01 12:33:51.106000,1.2677,1.26756,1000000,1600000
2021-10-01 12:33:51.207000,1.2677,1.26756,1000000,1600000
2021-10-01 12:33:51.358000,1.26771,1.26756,1000000,2850000
2021-10-01 12:33:51.611000,1.26771,1.26761,1000000,2850000
2021-10-01 12:33:51.712000,1.26776,1.26761,1000000,5100000
2021-10-01 12:33:53.459000,1.26778,1.26764,1000000,2100000
2021-10-01 12:33:53.561000,1.26777,1.26765,1000000,1600000
2021-10-01 12:33:53.971000,1.26778,1.26765,1500000,2100000
2021-10-01 12:33:54.693000,1.26778,1.26763,1120000,2100000
2021-10-01 12:33:54.794000,1.26778,1.26763,1120000,2100000
2021-10-01 12:33:55.909000,1.26776,1.26764,1000000,1600000
2021-10-01 12:33:57.952000,1.26776,1.26761,1000000,2100000
2021-10-01 12:33:58.445000,1.26777,1.26762,1000000,1600000
2021-10-01 12:34:02.155000,1.26775,1.26763,1000000,2820000
2021-10-01 12:34:03.059000,1.26776,1.26763,1000000,1220000
2021-10-01 12:34:03.160000,1.26779,1.26769,1000000,1950000
2021-10-01 12:34:03.261000,1.26786,1.26775,1000000,1000000
2021-10-01 12:34:03.362000,1.26787,1.26775,1000000,1200000
2021-10-01 12:34:03.463000,1.26788,1.26774,1000000,4350000
2021-10-01 12:34:03.565000,1.26787,1.26776,1000000,1100000
2021-10-01 12:34:03.615000,1.26786,1.26775,1000000,1000000
2021-10-01 12:34:03.666000,1.26785,1.26774,1000000,3450000
2021-10-01 12:34:03.767000,1.26785,1.26772,1000000,1600000
2021-10-01 12:34:03.970000,1.26786,1.26773,1000000,1200000
2021-10-01 12:34:05.381000,1.26786,1.26774,1000000,1220000
2021-10-01 12:34:05.432000,1.26791,1.26776,1000000,3600000
2021-10-01 12:34:05.533000,1.26791,1.26779,1500000,1600000
2021-10-01 12:34:06.528000,1.26793,1.26778,1500000,2100000
2021-10-01 12:34:07.083000,1.26792,1.26781,1000000,2850000
2021-10-01 12:34:07.134000,1.26794,1.26783,1500000,1100000
2021-10-01 12:34:07.689000,1.26794,1.26783,1000000,1100000
2021-10-01 12:34:08.496000,1.26796,1.26782,1000000,2100000
2021-10-01 12:34:08.597000,1.26796,1.26784,1000000,1000000
2021-10-01 12:34:08.799000,1.26796,1.26783,1000000,1570000
2021-10-01 12:34:09.102000,1.26796,1.26784,1000000,1970000
2021-10-01 12:34:09.203000,1.26797,1.26783,1000000,1200000
2021-10-01 12:34:09.879000,1.26798,1.26786,1000000,1100000
2021-10-01 12:34:09.980000,1.26796,1.26783,1000000,1200000
2021-10-01 12:34:10.232000,1.26798,1.26786,1500000,2070000
2021-10-01 12:34:10.333000,1.26793,1.2678,1120000,2720000
2021-10-01 12:34:10.434000,1.26794,1.26779,1120000,2720000
2021-10-01 12:34:10.939000,1.26795,1.26781,1000000,3600000
2021-10-01 12:34:11.040000,1.26796,1.26782,1000000,1970000
2021-10-01 12:34:11.677000,1.26796,1.26783,1000000,1220000
2021-10-01 12:34:12.632000,1.26796,1.26784,1000000,2720000
2021-10-01 12:34:13.216000,1.26794,1.26783,1000000,1000000
2021-10-01 12:34:13.468000,1.26794,1.26781,1000000,1600000
2021-10-01 12:34:13.943000,1.26793,1.26781,1120000,1000000
2021-10-01 12:34:14.044000,1.26794,1.26782,1000000,1100000
2021-10-01 12:34:14.146000,1.26793,1.26781,1000000,1600000
2021-10-01 12:34:14.247000,1.26792,1.26779,1000000,2070000
2021-10-01 12:34:14.650000,1.26792,1.26779,1000000,1600000
2021-10-01 12:34:14.751000,1.26791,1.26779,1000000,1600000
2021-10-01 12:34:16.076000,1.26787,1.26778,1000000,1000000
2021-10-01 12:34:16.177000,1.26787,1.26775,3000000,1000000
2021-10-01 12:34:16.227000,1.26782,1.26773,1000000,2850000
2021-10-01 12:34:16.278000,1.26786,1.26772,1000000,4220000
2021-10-01 12:34:16.430000,1.26785,1.26775,1000000,1100000
2021-10-01 12:34:19.798000,1.26786,1.26775,1000000,1120000
2021-10-01 12:34:19.849000,1.26788,1.26777,1000000,1120000
2021-10-01 12:34:19.899000,1.26791,1.26778,1120000,2850000
2021-10-01 12:34:20.565000,1.2679,1.26779,1000000,1120000
2021-10-01 12:34:20.666000,1.26789,1.26777,1120000,1000000
2021-10-01 12:34:20.767000,1.26789,1.26776,1120000,1870000
2021-10-01 12:34:20.818000,1.26787,1.26781,1000000,1000000
2021-10-01 12:34:20.869000,1.26793,1.26785,1000000,1000000
2021-10-01 12:34:20.970000,1.26797,1.26789,1000000,1000000
2021-10-01 12:34:21.021000,1.26801,1.26792,4120000,2070000
2021-10-01 12:34:21.122000,1.26807,1.26794,1000000,1000000
2021-10-01 12:34:21.223000,1.26807,1.26795,1000000,1000000
2021-10-01 12:34:21.324000,1.26807,1.26796,1000000,1000000
2021-10-01 12:34:21.375000,1.26808,1.26797,1000000,1000000
2021-10-01 12:34:21.526000,1.26809,1.26797,1000000,1000000
2021-10-01 12:34:22.991000,1.26809,1.26795,1000000,1600000
2021-10-01 12:34:24.010000,1.26809,1.26797,1000000,2250000
2021-10-01 12:34:25.644000,1.26808,1.26797,1470000,1000000
2021-10-01 12:34:25.694000,1.26802,1.2679,1000000,1000000
2021-10-01 12:34:25.796000,1.26801,1.2679,1000000,1500000
2021-10-01 12:34:26.100000,1.26799,1.2679,1000000,1000000
2021-10-01 12:34:26.201000,1.26798,1.2679,1000000,1000000
2021-10-01 12:34:26.598000,1.26798,1.2679,1000000,1500000
2021-10-01 12:34:26.649000,1.26804,1.2679,1000000,2350000
2021-10-01 12:34:26.750000,1.26807,1.26797,1000000,1000000
2021-10-01 12:34:27.053000,1.26808,1.26797,1000000,1000000
2021-10-01 12:34:27.154000,1.26808,1.26799,1000000,1500000
2021-10-01 12:34:27.205000,1.2681,1.26798,1000000,1500000
2021-10-01 12:34:27.306000,1.2681,1.26799,1000000,1000000
2021-10-01 12:34:27.458000,1.26809,1.26799,1000000,1000000
2021-10-01 12:34:27.769000,1.2681,1.26799,1000000,1000000
2021-10-01 12:34:28.581000,1.26808,1.26799,1000000,1000000
2021-10-01 12:34:28.631000,1.26808,1.26797,1000000,1000000
2021-10-01 12:34:28.884000,1.26806,1.26798,1000000,1000000
2021-10-01 12:34:28.986000,1.26799,1.26793,1250000,1000000
2021-10-01 12:34:29.037000,1.26803,1.26793,1120000,1000000
2021-10-01 12:34:29.088000,1.26794,1.26787,1000000,1270000
2021-10-01 12:34:29.190000,1.26793,1.26784,1000000,1000000
2021-10-01 12:34:29.291000,1.26792,1.26783,1000000,1000000
2021-10-01 12:34:29.426000,1.26792,1.26782,1000000,1000000
2021-10-01 12:34:29.779000,1.26792,1.26784,1000000,1000000
2021-10-01 12:34:29.931000,1.26793,1.26781,1000000,1000000
2021-10-01 12:34:30.334000,1.26793,1.26782,1000000,1000000
2021-10-01 12:34:30.637000,1.26793,1.26781,1000000,1000000
2021-10-01 12:34:33.076000,1.26793,1.26782,1000000,1000000
2021-10-01 12:34:33.127000,1.26799,1.26786,1000000,1200000
2021-10-01 12:34:33.228000,1.26799,1.26787,1000000,1120000
2021-10-01 12:34:33.330000,1.26794,1.26784,1000000,1000000
2021-10-01 12:34:33.431000,1.26794,1.26783,1000000,1000000
2021-10-01 12:34:33.532000,1.26791,1.26781,1000000,1570000
2021-10-01 12:34:33.633000,1.26793,1.26784,1120000,1000000
2021-10-01 12:34:33.734000,1.26792,1.26784,1000000,1000000
2021-10-01 12:34:34.138000,1.26793,1.26779,1000000,1720000
2021-10-01 12:34:34.524000,1.26792,1.2678,1000000,1970000
2021-10-01 12:34:34.625000,1.26792,1.26782,1000000,1000000
2021-10-01 12:34:35.356000,1.26791,1.26781,1000000,1000000
2021-10-01 12:34:35.457000,1.26789,1.2678,1000000,1000000
2021-10-01 12:34:35.508000,1.26787,1.26777,1000000,1000000
2021-10-01 12:34:35.762000,1.26787,1.26776,1000000,1000000
2021-10-01 12:34:36.592000,1.26791,1.26778,1000000,1200000
2021-10-01 12:34:36.643000,1.26793,1.26779,1000000,1200000
2021-10-01 12:34:36.694000,1.26793,1.26781,1000000,3470000
2021-10-01 12:34:36.795000,1.26794,1.26783,1000000,1000000
2021-10-01 12:34:37.089000,1.26794,1.26781,1000000,1600000
2021-10-01 12:34:37.996000,1.26801,1.26793,1000000,1500000
2021-10-01 12:34:38.047000,1.26805,1.26793,1500000,1000000
2021-10-01 12:34:39.365000,1.26809,1.26795,1500000,3070000
2021-10-01 12:34:39.466000,1.2681,1.26796,1000000,1570000
2021-10-01 12:34:39.567000,1.26809,1.26797,1000000,2350000
2021-10-01 12:34:39.668000,1.2681,1.26796,1000000,2320000
2021-10-01 12:34:39.820000,1.2681,1.26797,1000000,1000000
2021-10-01 12:34:40.014000,1.2681,1.26796,1000000,1200000
2021-10-01 12:34:40.498000,1.2681,1.26797,1000000,1000000
2021-10-01 12:34:40.649000,1.26813,1.26799,1120000,1100000
2021-10-01 12:34:40.700000,1.26809,1.26796,1000000,1600000
2021-10-01 12:34:40.801000,1.26808,1.26799,1000000,1000000
2021-10-01 12:34:40.992000,1.26811,1.268,1000000,1000000
2021-10-01 12:34:41.093000,1.26812,1.26799,1000000,1100000
2021-10-01 12:34:43.226000,1.26817,1.26803,1500000,2290000
2021-10-01 12:34:43.277000,1.26819,1.26805,1000000,1950000
2021-10-01 12:34:43.378000,1.26819,1.26805,1000000,2720000
2021-10-01 12:34:43.999000,1.26818,1.26805,1000000,1950000
2021-10-01 12:34:44.100000,1.26816,1.26804,1000000,3300000
2021-10-01 12:34:44.151000,1.26816,1.26806,1000000,1000000
2021-10-01 12:34:44.252000,1.26816,1.26805,1000000,1000000
2021-10-01 12:34:44.404000,1.26815,1.26804,1000000,1120000
2021-10-01 12:34:44.555000,1.26816,1.26805,1000000,1000000
2021-10-01 12:34:44.861000,1.26816,1.26804,1000000,2720000
2021-10-01 12:34:45.469000,1.26817,1.26805,1000000,1500000
2021-10-01 12:34:45.520000,1.26819,1.26805,1000000,2850000
2021-10-01 12:34:45.671000,1.2682,1.26807,1000000,1570000
2021-10-01 12:34:45.722000,1.26824,1.26811,1000000,1390000
2021-10-01 12:34:45.823000,1.26824,1.26813,1000000,1000000
2021-10-01 12:34:46.641000,1.26821,1.26813,1120000,1000000
2021-10-01 12:34:46.692000,1.26817,1.26805,1000000,1000000
2021-10-01 12:34:46.743000,1.26817,1.26804,1000000,1100000
2021-10-01 12:34:47.884000,1.26817,1.26803,1000000,1950000
2021-10-01 12:34:48.139000,1.26816,1.26804,1000000,3470000
2021-10-01 12:34:48.458000,1.26817,1.26803,1000000,3100000
2021-10-01 12:34:48.559000,1.26817,1.26804,1000000,1200000
2021-10-01 12:34:49.848000,1.26816,1.26803,1000000,1600000
2021-10-01 12:34:49.949000,1.26816,1.26803,1500000,1000000
2021-10-01 12:34:50.050000,1.26809,1.26799,1000000,1500000
2021-10-01 12:34:50.101000,1.26809,1.26797,1000000,1000000
2021-10-01 12:34:50.152000,1.26809,1.26795,1000000,1950000
2021-10-01 12:34:50.304000,1.26808,1.26796,2000000,1950000
2021-10-01 12:34:50.354000,1.26802,1.26793,1000000,1000000
2021-10-01 12:34:50.405000,1.26802,1.26789,1000000,1100000
2021-10-01 12:34:50.506000,1.26804,1.26794,1000000,1600000
2021-10-01 12:34:50.557000,1.26809,1.26795,1000000,2350000
2021-10-01 12:34:50.658000,1.26811,1.26797,1000000,2350000
2021-10-01 12:34:53.385000,1.2681,1.26798,1500000,1100000
2021-10-01 12:34:53.486000,1.26808,1.26797,1120000,1100000
2021-10-01 12:34:54.147000,1.26809,1.26795,1120000,2720000
2021-10-01 12:34:54.426000,1.26812,1.26799,1000000,3100000
2021-10-01 12:34:54.527000,1.26816,1.26802,1500000,1570000
2021-10-01 12:34:54.628000,1.26816,1.26802,1500000,1100000
2021-10-01 12:34:54.814000,1.26817,1.26803,1120000,1600000
2021-10-01 12:34:55.319000,1.26816,1.26802,1000000,2720000
2021-10-01 12:34:55.561000,1.26813,1.26803,1000000,1570000
2021-10-01 12:34:55.611000,1.26815,1.26803,1120000,2720000
2021-10-01 12:34:55.914000,1.26813,1.26802,1500000,1000000
2021-10-01 12:34:56.015000,1.26811,1.26798,1120000,1100000
2021-10-01 12:34:58.742000,1.26813,1.268,1000000,2220000
2021-10-01 12:34:58.793000,1.26815,1.26803,1870000,1790000
2021-10-01 12:34:58.895000,1.26817,1.26803,1120000,1100000
2021-10-01 12:35:00.551000,1.26817,1.26804,1000000,2720000
2021-10-01 12:35:00.602000,1.26821,1.26808,2750000,1220000
2021-10-01 12:35:00.703000,1.26824,1.2681,1120000,1570000
2021-10-01 12:35:00.804000,1.26825,1.26811,1120000,1220000
2021-10-01 12:35:00.956000,1.26827,1.26818,1000000,1000000
2021-10-01 12:35:01.006000,1.26827,1.26815,1000000,1000000
2021-10-01 12:35:01.107000,1.26828,1.26815,1120000,1000000
2021-10-01 12:35:01.408000,1.26831,1.26818,1120000,1570000
2021-10-01 12:35:01.509000,1.26832,1.26821,1000000,1100000
2021-10-01 12:35:04.387000,1.26832,1.26821,1120000,1100000
2021-10-01 12:35:04.804000,1.26833,1.26821,1120000,1000000
2021-10-01 12:35:05.619000,1.26833,1.2682,1120000,1100000
2021-10-01 12:35:05.820000,1.26833,1.26821,1120000,1000000
2021-10-01 12:35:05.921000,1.26833,1.26821,1000000,1100000
2021-10-01 12:35:08.157000,1.26832,1.26821,1000000,1950000
2021-10-01 12:35:08.892000,1.26832,1.2682,1000000,1100000
2021-10-01 12:35:09.086000,1.26832,1.2682,1000000,1220000
2021-10-01 12:35:09.187000,1.26835,1.26823,1120000,1100000
2021-10-01 12:35:09.288000,1.26834,1.26823,1000000,1000000
2021-10-01 12:35:09.389000,1.26834,1.26822,1000000,1570000
2021-10-01 12:35:10.209000,1.26833,1.26822,1000000,1500000
2021-10-01 12:35:10.411000,1.26832,1.26821,1000000,2070000
2021-10-01 12:35:12.219000,1.26831,1.26821,1000000,1500000
2021-10-01 12:35:13.218000,1.26832,1.26819,1000000,2070000
2021-10-01 12:35:13.369000,1.26832,1.2682,1000000,2070000
2021-10-01 12:35:13.420000,1.26833,1.26823,1000000,1500000
2021-10-01 12:35:13.521000,1.26832,1.26824,1000000,2720000
2021-10-01 12:35:13.572000,1.26835,1.26824,1000000,1000000
2021-10-01 12:35:13.622000,1.26836,1.26826,1000000,1000000
2021-10-01 12:35:15.127000,1.26838,1.26828,1000000,2100000
2021-10-01 12:35:15.744000,1.26839,1.26828,1000000,1200000
2021-10-01 12:35:16.077000,1.26842,1.2683,1000000,1100000
2021-10-01 12:35:16.330000,1.26842,1.2683,1000000,1100000
2021-10-01 12:35:16.738000,1.26841,1.26831,1000000,1100000
2021-10-01 12:35:17.721000,1.26842,1.26829,1000000,1950000
2021-10-01 12:35:17.822000,1.26841,1.26829,1000000,1870000
2021-10-01 12:35:19.832000,1.26842,1.26833,1500000,1000000
2021-10-01 12:35:19.933000,1.26843,1.26834,1000000,1200000
2021-10-01 12:35:19.984000,1.26846,1.26835,1000000,1000000
2021-10-01 12:35:20.035000,1.26848,1.26835,1500000,1200000
2021-10-01 12:35:20.186000,1.26848,1.26836,1000000,1000000
2021-10-01 12:35:20.874000,1.26848,1.26836,1000000,1100000
2021-10-01 12:35:20.925000,1.2685,1.26836,1120000,2720000
2021-10-01 12:35:21.534000,1.26849,1.26837,1000000,1500000
2021-10-01 12:35:21.686000,1.26849,1.26836,1000000,1200000
2021-10-01 12:35:21.827000,1.26849,1.26837,1000000,1100000
2021-10-01 12:35:21.979000,1.26847,1.26835,1000000,1500000
2021-10-01 12:35:22.080000,1.26849,1.26835,2070000,1200000
2021-10-01 12:35:22.823000,1.26844,1.26833,1500000,1000000
2021-10-01 12:35:23.076000,1.26844,1.2683,1600000,1950000
2021-10-01 12:35:23.378000,1.26845,1.26832,1000000,2470000
2021-10-01 12:35:23.580000,1.26845,1.26834,1000000,1600000
2021-10-01 12:35:23.999000,1.26847,1.26834,1000000,1600000
2021-10-01 12:35:24.403000,1.26848,1.26839,1000000,1000000
2021-10-01 12:35:24.505000,1.26848,1.2684,1000000,1000000
2021-10-01 12:35:24.606000,1.26852,1.26838,1500000,1950000
2021-10-01 12:35:24.939000,1.26852,1.26841,1870000,1950000
2021-10-01 12:35:25.041000,1.26852,1.26843,1000000,1200000
2021-10-01 12:35:25.142000,1.26855,1.26842,1120000,1200000
2021-10-01 12:35:28.623000,1.26856,1.26843,1000000,2070000
2021-10-01 12:35:29.403000,1.26857,1.26844,1120000,1200000
2021-10-01 12:35:32.082000,1.26857,1.26843,2250000,2250000
2021-10-01 12:35:32.183000,1.26851,1.26841,1600000,1500000
2021-10-01 12:35:32.334000,1.26852,1.26838,1600000,1950000
2021-10-01 12:35:32.691000,1.26851,1.26839,1120000,1000000
2021-10-01 12:35:33.575000,1.26853,1.26839,1500000,2820000
2021-10-01 12:35:33.676000,1.26856,1.26842,1500000,1200000
2021-10-01 12:35:33.777000,1.26855,1.26844,1120000,1120000
2021-10-01 12:35:33.929000,1.26856,1.26844,1500000,1970000
2021-10-01 12:35:34.674000,1.26856,1.26845,1120000,1200000
2021-10-01 12:35:36.398000,1.26857,1.26845,1120000,1000000
2021-10-01 12:35:36.449000,1.26862,1.26849,1000000,2070000
2021-10-01 12:35:36.550000,1.26862,1.26851,1000000,1570000
2021-10-01 12:35:36.652000,1.26865,1.26851,1500000,2320000
2021-10-01 12:35:37.707000,1.26865,1.26851,1120000,2820000
2021-10-01 12:35:37.858000,1.26866,1.26853,1500000,1000000
2021-10-01 12:35:38.009000,1.26866,1.26853,1000000,2070000
2021-10-01 12:35:38.111000,1.26866,1.26855,1000000,1120000
2021-10-01 12:35:38.363000,1.26866,1.26854,1120000,1570000
2021-10-01 12:35:38.802000,1.26867,1.26854,1120000,1000000
2021-10-01 12:35:38.903000,1.26866,1.26854,1000000,1000000
2021-10-01 12:35:39.005000,1.26867,1.26854,1120000,1000000
2021-10-01 12:35:39.209000,1.26867,1.26853,1120000,1570000
2021-10-01 12:35:39.360000,1.26866,1.26853,1500000,1000000
2021-10-01 12:35:39.462000,1.26865,1.26853,1500000,2320000
2021-10-01 12:35:39.615000,1.26866,1.26853,1500000,1000000
2021-10-01 12:35:40.026000,1.26866,1.26855,1500000,1000000
2021-10-01 12:35:40.616000,1.26866,1.26854,1500000,1950000
2021-10-01 12:35:40.843000,1.26867,1.26854,1500000,1000000
2021-10-01 12:35:41.044000,1.26867,1.26853,1500000,2700000
2021-10-01 12:35:41.674000,1.26866,1.26853,1500000,1000000
2021-10-01 12:35:45.637000,1.26867,1.26854,1120000,1120000
2021-10-01 12:35:46.042000,1.26867,1.26856,1500000,1000000
2021-10-01 12:35:47.296000,1.26868,1.26856,1500000,1000000
2021-10-01 12:35:47.645000,1.26872,1.26862,1120000,1000000
2021-10-01 12:35:47.696000,1.26875,1.26862,1120000,1570000
2021-10-01 12:35:47.747000,1.26878,1.26866,1000000,1510000
2021-10-01 12:35:47.848000,1.26878,1.26868,1000000,1000000
2021-10-01 12:35:47.949000,1.26877,1.26868,1000000,1950000
2021-10-01 12:35:48.050000,1.26878,1.26869,1000000,2320000
2021-10-01 12:35:48.252000,1.26878,1.2687,1000000,1000000
2021-10-01 12:35:48.454000,1.26878,1.26869,1000000,1100000
2021-10-01 12:35:48.505000,1.26881,1.26869,1000000,1100000
2021-10-01 12:35:48.656000,1.26882,1.26869,1120000,1100000
2021-10-01 12:35:48.815000,1.26883,1.2687,1500000,1100000
2021-10-01 12:35:48.966000,1.26886,1.26874,1120000,1950000
2021-10-01 12:35:49.068000,1.26888,1.26876,1000000,1000000
2021-10-01 12:35:49.169000,1.26888,1.26877,1120000,1570000
2021-10-01 12:35:49.472000,1.26889,1.26877,1120000,1000000
2021-10-01 12:35:49.859000,1.26888,1.26877,1120000,1100000
2021-10-01 12:35:50.325000,1.26889,1.26877,1120000,1000000
2021-10-01 12:35:52.460000,1.26893,1.26879,1120000,1220000
2021-10-01 12:35:52.561000,1.26893,1.26881,1870000,1500000
2021-10-01 12:35:52.662000,1.26894,1.26881,1500000,2250000
2021-10-01 12:35:52.763000,1.26889,1.2688,1120000,1000000
2021-10-01 12:35:52.914000,1.2689,1.26877,1120000,1500000
2021-10-01 12:35:55.228000,1.2689,1.26877,1500000,1500000
2021-10-01 12:35:55.329000,1.26883,1.26872,1120000,1000000
2021-10-01 12:35:55.430000,1.26882,1.26868,1500000,2320000
2021-10-01 12:35:55.531000,1.2688,1.2687,1120000,1000000
2021-10-01 12:35:55.819000,1.26884,1.26871,1600000,1000000
2021-10-01 12:35:56.021000,1.26883,1.26869,1500000,2320000
2021-10-01 12:35:56.441000,1.2688,1.26869,1120000,1500000
2021-10-01 12:35:56.542000,1.26881,1.26868,1500000,1500000
2021-10-01 12:35:56.643000,1.26881,1.26869,1120000,1000000
2021-10-01 12:35:56.744000,1.26882,1.26868,1600000,1500000
2021-10-01 12:35:56.946000,1.26881,1.26867,1200000,2620000
2021-10-01 12:35:57.355000,1.26874,1.26868,1000000,1000000
2021-10-01 12:35:57.406000,1.26874,1.26864,1600000,1000000
2021-10-01 12:35:57.557000,1.26874,1.26863,1600000,1000000
2021-10-01 12:35:57.658000,1.26872,1.26862,1120000,1500000
2021-10-01 12:35:57.760000,1.26872,1.26861,1600000,1000000
2021-10-01 12:35:57.861000,1.26872,1.26861,1120000,1100000
2021-10-01 12:35:57.962000,1.26874,1.26861,1600000,1000000
2021-10-01 12:35:58.405000,1.26873,1.26859,1200000,1950000
2021-10-01 12:35:58.506000,1.26873,1.2686,1200000,1000000
2021-10-01 12:35:58.607000,1.26873,1.26859,1200000,1950000
2021-10-01 12:35:58.708000,1.2687,1.26859,2000000,1500000
2021-10-01 12:35:58.759000,1.26869,1.26857,1600000,1000000
2021-10-01 12:35:58.910000,1.2687,1.26856,1600000,1570000
2021-10-01 12:35:59.507000,1.26868,1.26854,1500000,1570000
2021-10-01 12:35:59.609000,1.26867,1.26855,1500000,1500000
2021-10-01 12:35:59.710000,1.26867,1.26856,1000000,1850000
2021-10-01 12:35:59.811000,1.26872,1.26862,1000000,1500000
2021-10-01 12:35:59.912000,1.26877,1.26865,2000000,1000000
2021-10-01 12:36:00.013000,1.26877,1.26866,1500000,1000000
2021-10-01 12:36:00.114000,1.26877,1.26865,2370000,1000000
2021-10-01 12:36:00.165000,1.26876,1.26864,4700000,1000000
2021-10-01 12:36:00.266000,1.26872,1.26861,1500000,1500000
2021-10-01 12:36:00.367000,1.26874,1.26861,1600000,1000000
2021-10-01 12:36:00.469000,1.26875,1.26861,1720000,1000000
2021-10-01 12:36:01.935000,1.26875,1.26862,1600000,1000000
2021-10-01 12:36:02.036000,1.26875,1.26863,1600000,1000000
2021-10-01 12:36:02.087000,1.26877,1.26869,1000000,1000000
2021-10-01 12:36:02.137000,1.26878,1.26867,1600000,1000000
2021-10-01 12:36:02.188000,1.26881,1.26868,2000000,1000000
2021-10-01 12:36:02.239000,1.26882,1.2687,2100000,1000000
2021-10-01 12:36:03.207000,1.26884,1.26871,1600000,1000000
2021-10-01 12:36:03.610000,1.26887,1.26876,1870000,1000000
2021-10-01 12:36:03.711000,1.26886,1.26878,1000000,1000000
2021-10-01 12:36:03.762000,1.2689,1.26878,2100000,1000000
2021-10-01 12:36:04.218000,1.26888,1.26874,1600000,1500000
2021-10-01 12:36:04.530000,1.2689,1.26877,1600000,1000000
2021-10-01 12:36:04.984000,1.26889,1.26876,1120000,1500000
2021-10-01 12:36:05.192000,1.26887,1.26876,1500000,1000000
2021-10-01 12:36:05.293000,1.26887,1.26874,1500000,1000000
2021-10-01 12:36:05.815000,1.26886,1.26874,1500000,1000000
2021-10-01 12:36:05.916000,1.26885,1.26874,1500000,1000000
2021-10-01 12:36:08.165000,1.2689,1.26876,2370000,1000000
2021-10-01 12:36:08.217000,1.26889,1.26878,1500000,1000000
2021-10-01 12:36:08.369000,1.2689,1.26877,2070000,1000000
2021-10-01 12:36:08.471000,1.26889,1.26875,1500000,1500000
2021-10-01 12:36:08.522000,1.26891,1.26877,1600000,1000000
2021-10-01 12:36:08.674000,1.2689,1.26876,1500000,1500000
2021-10-01 12:36:09.284000,1.26889,1.26878,1500000,1000000
2021-10-01 12:36:10.848000,1.2689,1.26878,1500000,1500000
2021-10-01 12:36:12.278000,1.26892,1.26878,1600000,1000000
2021-10-01 12:36:13.460000,1.26894,1.26881,1600000,1000000
2021-10-01 12:36:13.561000,1.26895,1.26884,1000000,1000000
2021-10-01 12:36:13.612000,1.26896,1.26885,1200000,1000000
2021-10-01 12:36:13.714000,1.26897,1.26885,1200000,1000000
2021-10-01 12:36:14.435000,1.26896,1.26887,1120000,1000000
2021-10-01 12:36:15.016000,1.26895,1.26885,1500000,1000000
2021-10-01 12:36:15.117000,1.26896,1.26885,2850000,1000000
2021-10-01 12:36:15.218000,1.26896,1.26882,3600000,1000000
2021-10-01 12:36:15.788000,1.26892,1.26878,1600000,1000000
2021-10-01 12:36:15.839000,1.26889,1.26877,1500000,1000000
2021-10-01 12:36:15.889000,1.26888,1.26875,2070000,1000000
2021-10-01 12:36:15.940000,1.26887,1.26873,1500000,1500000
2021-10-01 12:36:16.779000,1.26887,1.26873,1500000,1000000
2021-10-01 12:36:16.830000,1.26883,1.26871,2100000,1000000
2021-10-01 12:36:16.880000,1.26882,1.26868,1600000,1000000
2021-10-01 12:36:17.658000,1.26883,1.26869,2070000,1000000
2021-10-01 12:36:17.759000,1.26882,1.26871,1500000,1000000
2021-10-01 12:36:17.860000,1.26884,1.2687,1500000,1000000
2021-10-01 12:36:17.911000,1.26883,1.26871,1000000,1000000
2021-10-01 12:36:18.767000,1.26883,1.26869,1000000,1000000
2021-10-01 12:36:19.020000,1.26882,1.2687,2070000,1000000
2021-10-01 12:36:19.985000,1.26882,1.26868,1870000,1000000
2021-10-01 12:36:20.222000,1.26883,1.26869,1950000,1000000
2021-10-01 12:36:20.323000,1.26882,1.26868,1120000,1000000
2021-10-01 12:36:20.526000,1.26883,1.26869,2070000,1000000
2021-10-01 12:36:20.627000,1.26882,1.26868,1120000,1000000
2021-10-01 12:36:21.534000,1.26883,1.26869,1600000,1000000
2021-10-01 12:36:22.585000,1.26876,1.26869,1600000,1000000
2021-10-01 12:36:22.686000,1.26875,1.26863,1500000,1000000
2021-10-01 12:36:24.058000,1.26875,1.26863,1500000,1000000
2021-10-01 12:36:24.209000,1.26877,1.26863,1870000,1000000
2021-10-01 12:36:25.121000,1.26879,1.26865,1500000,2100000
2021-10-01 12:36:25.222000,1.26882,1.26873,1000000,1000000
2021-10-01 12:36:25.273000,1.26885,1.26873,1500000,2700000
2021-10-01 12:36:25.324000,1.26883,1.26871,1000000,1500000
2021-10-01 12:36:25.425000,1.26884,1.2687,1120000,1000000
2021-10-01 12:36:25.828000,1.26883,1.2687,1000000,1000000
2021-10-01 12:36:26.100000,1.26883,1.26872,1000000,1000000
2021-10-01 12:36:26.201000,1.26882,1.26874,1000000,1100000
2021-10-01 12:36:26.252000,1.26884,1.26874,1000000,1100000
2021-10-01 12:36:26.960000,1.26886,1.26876,1000000,1120000
2021-10-01 12:36:27.011000,1.26886,1.26872,1500000,1100000
2021-10-01 12:36:27.112000,1.26885,1.26873,1000000,1100000
2021-10-01 12:36:27.214000,1.26887,1.26873,1000000,1100000
2021-10-01 12:36:27.315000,1.26886,1.26873,1000000,1100000
2021-10-01 12:36:27.757000,1.26883,1.26872,1000000,1000000
2021-10-01 12:36:27.808000,1.26882,1.2687,1000000,1200000
2021-10-01 12:36:28.508000,1.26883,1.2687,1000000,1000000
2021-10-01 12:36:28.609000,1.26884,1.26871,1000000,1000000
2021-10-01 12:36:28.765000,1.26884,1.26872,1000000,1000000
2021-10-01 12:36:28.866000,1.26884,1.26873,1000000,1000000
2021-10-01 12:36:29.083000,1.26885,1.26873,1000000,1000000
2021-10-01 12:36:30.398000,1.26886,1.26873,1200000,1000000
2021-10-01 12:36:31.461000,1.26883,1.26871,1500000,1120000
2021-10-01 12:36:31.969000,1.26884,1.2687,1500000,1000000
2021-10-01 12:36:32.157000,1.26883,1.26871,1500000,1120000
2021-10-01 12:36:33.140000,1.26885,1.26871,1620000,1000000
2021-10-01 12:36:33.633000,1.26885,1.26871,1120000,1120000
2021-10-01 12:36:33.683000,1.26886,1.26874,2000000,1000000
2021-10-01 12:36:33.784000,1.26886,1.26873,1120000,1120000
2021-10-01 12:36:36.458000,1.26887,1.26878,1000000,1000000
2021-10-01 12:36:36.609000,1.2689,1.26878,1200000,1120000
2021-10-01 12:36:36.761000,1.26892,1.26878,2070000,1000000
2021-10-01 12:36:40.630000,1.26893,1.2688,1120000,1100000
2021-10-01 12:36:40.731000,1.26897,1.26884,1600000,1000000
2021-10-01 12:36:41.131000,1.26897,1.26885,1500000,1000000
2021-10-01 12:36:41.233000,1.26896,1.26885,1500000,1000000
2021-10-01 12:36:43.495000,1.26897,1.26885,1500000,1000000
2021-10-01 12:36:43.648000,1.26897,1.26885,1000000,1120000
2021-10-01 12:36:45.145000,1.26896,1.26887,1000000,1000000
2021-10-01 12:36:45.978000,1.26899,1.26887,2100000,1000000
2021-10-01 12:36:46.616000,1.269,1.26888,1120000,1000000
2021-10-01 12:36:46.717000,1.26901,1.26888,1000000,1500000
2021-10-01 12:36:46.920000,1.26902,1.26888,1950000,1500000
2021-10-01 12:36:47.323000,1.26902,1.26889,1500000,1000000
2021-10-01 12:36:48.584000,1.26899,1.26888,1100000,1500000
2021-10-01 12:36:49.835000,1.26896,1.26884,1000000,1000000
2021-10-01 12:36:49.885000,1.26891,1.2688,2250000,1000000
2021-10-01 12:36:49.986000,1.26889,1.26878,1600000,1000000
2021-10-01 12:36:50.037000,1.26888,1.26877,2450000,1000000
2021-10-01 12:36:50.138000,1.26889,1.26875,2450000,1500000
2021-10-01 12:36:50.593000,1.26888,1.26874,1200000,1000000
2021-10-01 12:36:50.853000,1.26885,1.26873,2820000,1000000
2021-10-01 12:36:50.904000,1.26884,1.26872,2070000,1000000
2021-10-01 12:36:51.559000,1.26884,1.26874,1000000,1000000
2021-10-01 12:36:51.660000,1.26884,1.26875,1000000,1120000
2021-10-01 12:36:51.711000,1.26891,1.26877,1600000,1000000
2021-10-01 12:36:53.766000,1.2689,1.26876,1120000,1500000
2021-10-01 12:36:54.747000,1.26891,1.26878,1500000,1000000
2021-10-01 12:36:55.253000,1.26891,1.26881,1000000,1120000
2021-10-01 12:36:55.354000,1.26894,1.26881,1500000,1000000
2021-10-01 12:36:55.455000,1.26896,1.26883,1000000,1120000
2021-10-01 12:36:55.506000,1.26896,1.26886,1000000,1000000
2021-10-01 12:36:55.556000,1.26899,1.26886,1000000,1000000
2021-10-01 12:36:55.657000,1.269,1.26886,1950000,1000000
2021-10-01 12:36:56.885000,1.26899,1.26886,2070000,1000000
2021-10-01 12:36:56.987000,1.26897,1.26885,1120000,1000000
2021-10-01 12:36:57.189000,1.26895,1.26883,1200000,1000000
2021-10-01 12:36:57.290000,1.26895,1.26881,1120000,1570000
2021-10-01 12:36:57.795000,1.26896,1.26882,1100000,1120000
2021-10-01 12:36:57.897000,1.26898,1.26886,2700000,1000000
2021-10-01 12:36:58.115000,1.26896,1.26885,1100000,1000000
2021-10-01 12:36:58.217000,1.26897,1.26884,1600000,1000000
2021-10-01 12:36:58.318000,1.26897,1.26883,1600000,1000000
2021-10-01 12:36:59.697000,1.26897,1.26883,2100000,1000000
2021-10-01 12:37:00.135000,1.26891,1.26882,2070000,1000000
2021-10-01 12:37:00.286000,1.26891,1.26877,2070000,1120000
2021-10-01 12:37:01.676000,1.2689,1.26879,1120000,1120000
2021-10-01 12:37:02.956000,1.2689,1.26879,1500000,1000000
2021-10-01 12:37:03.057000,1.2689,1.26878,1120000,1120000
2021-10-01 12:37:05.079000,1.26892,1.26878,1500000,1000000
2021-10-01 12:37:05.230000,1.26894,1.2688,1870000,1120000
2021-10-01 12:37:08.078000,1.26895,1.26881,1500000,1870000
2021-10-01 12:37:09.903000,1.26891,1.26879,1120000,1120000
2021-10-01 12:37:10.004000,1.26891,1.26878,1000000,1120000
2021-10-01 12:37:10.206000,1.26892,1.26877,1950000,2000000
2021-10-01 12:37:10.307000,1.26891,1.26877,1000000,2000000
2021-10-01 12:37:10.458000,1.26891,1.26878,1950000,2000000
2021-10-01 12:37:10.610000,1.26891,1.26877,1000000,2000000
2021-10-01 12:37:11.064000,1.26891,1.26877,1500000,1000000
2021-10-01 12:37:11.273000,1.26891,1.26877,1000000,1500000
2021-10-01 12:37:11.636000,1.2689,1.26878,1500000,1120000
2021-10-01 12:37:11.687000,1.26886,1.26876,1500000,1000000
2021-10-01 12:37:11.738000,1.26882,1.26873,1000000,1000000
2021-10-01 12:37:11.839000,1.26883,1.2687,1000000,1500000
2021-10-01 12:37:11.890000,1.26883,1.26869,1500000,1120000
2021-10-01 12:37:13.099000,1.26883,1.26869,1120000,3790000
2021-10-01 12:37:13.200000,1.26885,1.26873,2000000,1120000
2021-10-01 12:37:13.402000,1.26888,1.26875,1120000,1120000
2021-10-01 12:37:13.504000,1.2689,1.26876,1500000,1120000
2021-10-01 12:37:15.125000,1.26886,1.26874,1500000,1500000
2021-10-01 12:37:17.266000,1.26889,1.26875,1500000,1120000
2021-10-01 12:37:17.367000,1.2689,1.26876,2000000,1200000
2021-10-01 12:37:20.149000,1.26891,1.26878,1120000,1120000
2021-10-01 12:37:20.603000,1.26893,1.26881,1120000,1000000
2021-10-01 12:37:20.654000,1.26897,1.26883,2070000,1120000
2021-10-01 12:37:20.755000,1.26897,1.26883,1120000,1500000
2021-10-01 12:37:21.095000,1.26895,1.26881,1500000,2320000
2021-10-01 12:37:21.246000,1.26897,1.26883,2000000,1000000
2021-10-01 12:37:21.347000,1.26896,1.26884,2000000,1120000
2021-10-01 12:37:21.448000,1.26897,1.26885,1870000,1600000
2021-10-01 12:37:21.549000,1.26896,1.26884,1120000,2070000
2021-10-01 12:37:22.003000,1.26898,1.26886,2000000,1120000
2021-10-01 12:37:22.105000,1.26899,1.26886,1500000,1000000
2021-10-01 12:37:22.206000,1.26899,1.26884,2000000,1600000
2021-10-01 12:37:24.617000,1.26896,1.26882,2000000,1500000
2021-10-01 12:37:24.718000,1.26894,1.26882,1120000,1120000
2021-10-01 12:37:24.819000,1.26897,1.26885,2000000,1120000
2021-10-01 12:37:24.971000,1.26899,1.26891,1000000,1000000
2021-10-01 12:37:25.021000,1.26905,1.26892,1120000,1200000
2021-10-01 12:37:25.324000,1.26906,1.26894,2000000,1000000
2021-10-01 12:37:25.526000,1.26906,1.26894,1870000,1120000
2021-10-01 12:37:25.627000,1.26904,1.26893,1000000,1000000
2021-10-01 12:37:25.728000,1.26904,1.26892,1870000,1500000
2021-10-01 12:37:25.829000,1.26903,1.26889,1120000,2000000
2021-10-01 12:37:26.764000,1.26904,1.26892,1000000,1870000
2021-10-01 12:37:26.866000,1.2691,1.26898,1120000,1000000
2021-10-01 12:37:26.967000,1.26911,1.26899,2000000,1000000
2021-10-01 12:37:27.516000,1.26912,1.26898,1500000,1000000
2021-10-01 12:37:27.617000,1.26912,1.269,1000000,1000000
2021-10-01 12:37:27.718000,1.26912,1.26901,1000000,1000000
2021-10-01 12:37:27.769000,1.26913,1.26902,1000000,1000000
2021-10-01 12:37:27.870000,1.26913,1.26899,1870000,1000000
2021-10-01 12:37:27.971000,1.26913,1.26899,2070000,1000000
2021-10-01 12:37:29.635000,1.26911,1.26899,1120000,1000000
2021-10-01 12:37:30.008000,1.26911,1.26898,1000000,1000000
2021-10-01 12:37:31.055000,1.2691,1.26896,1000000,1120000
2021-10-01 12:37:31.797000,1.2691,1.26897,1870000,1950000
2021-10-01 12:37:32.880000,1.26912,1.26901,1500000,1100000
2021-10-01 12:37:32.982000,1.26912,1.26902,1000000,1600000
2021-10-01 12:37:33.134000,1.26914,1.26902,1000000,1120000
2021-10-01 12:37:35.726000,1.26914,1.26903,1000000,1600000
2021-10-01 12:37:35.827000,1.26915,1.26903,1000000,1220000
2021-10-01 12:37:35.929000,1.26916,1.26903,1120000,1220000
2021-10-01 12:37:36.182000,1.26914,1.26903,1000000,1600000
2021-10-01 12:37:36.284000,1.26914,1.26903,1000000,1600000
2021-10-01 12:37:36.486000,1.26913,1.269,1000000,2820000
2021-10-01 12:37:36.588000,1.26907,1.26897,1000000,1200000
2021-10-01 12:37:36.690000,1.26904,1.26893,1000000,2810000
2021-10-01 12:37:36.791000,1.26901,1.26891,2470000,1000000
2021-10-01 12:37:36.945000,1.269,1.2689,1600000,1000000
2021-10-01 12:37:36.996000,1.26895,1.26882,1000000,1600000
2021-10-01 12:37:37.098000,1.26896,1.26882,1000000,2850000
2021-10-01 12:37:38.388000,1.2689,1.2688,1000000,1500000
2021-10-01 12:37:38.489000,1.2689,1.26876,1000000,2450000
2021-10-01 12:37:38.590000,1.26889,1.26876,1000000,2450000
2021-10-01 12:37:38.692000,1.2689,1.26876,1000000,2100000
2021-10-01 12:37:39.106000,1.26889,1.26876,1000000,1600000
2021-10-01 12:37:39.497000,1.26887,1.26874,1000000,1600000
2021-10-01 12:37:39.598000,1.26887,1.26874,1500000,1500000
2021-10-01 12:37:39.700000,1.26888,1.26874,1500000,2850000
2021-10-01 12:37:42.206000,1.26888,1.26874,1000000,3600000
2021-10-01 12:37:43.017000,1.26889,1.26875,1000000,2070000
2021-10-01 12:37:43.225000,1.26888,1.26874,1000000,3450000
2021-10-01 12:37:44.442000,1.26889,1.26875,1000000,1570000
2021-10-01 12:37:46.734000,1.26887,1.26876,1000000,1000000
2021-10-01 12:37:46.835000,1.26888,1.26874,1000000,2700000
2021-10-01 12:37:46.936000,1.26889,1.26875,1500000,1100000
2021-10-01 12:37:49.346000,1.26889,1.26875,1000000,2350000
2021-10-01 12:37:49.868000,1.26891,1.26882,1000000,1870000
2021-10-01 12:37:49.919000,1.26896,1.26882,1000000,2850000
2021-10-01 12:37:49.970000,1.26897,1.26884,1870000,1600000
2021-10-01 12:37:50.495000,1.269,1.26885,2070000,1500000
2021-10-01 12:37:50.864000,1.26898,1.26885,1000000,1500000
2021-10-01 12:37:54.576000,1.26898,1.26886,1120000,1850000
2021-10-01 12:37:55.626000,1.26897,1.26886,1000000,1600000
2021-10-01 12:37:55.727000,1.26896,1.26886,1000000,1500000
2021-10-01 12:37:55.828000,1.26898,1.26884,1000000,2100000
2021-10-01 12:37:56.190000,1.26897,1.26884,1000000,1600000
2021-10-01 12:37:56.520000,1.26898,1.26884,1000000,2070000
2021-10-01 12:37:56.621000,1.26899,1.26885,1120000,2070000
2021-10-01 12:37:57.738000,1.26898,1.26885,1000000,2850000
2021-10-01 12:37:58.268000,1.26898,1.26887,1870000,1200000
2021-10-01 12:37:58.784000,1.26899,1.26887,1000000,1120000
2021-10-01 12:37:58.886000,1.26903,1.26897,1000000,1000000
2021-10-01 12:37:58.936000,1.26905,1.26896,1000000,1750000
2021-10-01 12:37:59.037000,1.26907,1.26893,1000000,2350000
2021-10-01 12:37:59.138000,1.26907,1.26897,1000000,1200000
2021-10-01 12:37:59.249000,1.26908,1.26897,1120000,1200000
2021-10-01 12:37:59.428000,1.26912,1.26897,1500000,1350000
2021-10-01 12:37:59.530000,1.26912,1.269,1000000,1200000
2021-10-01 12:37:59.631000,1.26914,1.26901,1000000,1200000
2021-10-01 12:38:00.655000,1.26914,1.26902,1000000,1500000
2021-10-01 12:38:00.756000,1.26915,1.26902,1000000,1500000
2021-10-01 12:38:01.842000,1.26917,1.26907,1000000,1100000
2021-10-01 12:38:01.944000,1.2692,1.26907,1000000,1220000
2021-10-01 12:38:02.635000,1.2692,1.26909,1000000,1000000
2021-10-01 12:38:02.737000,1.2692,1.26913,1000000,1500000
2021-10-01 12:38:02.888000,1.26921,1.2691,1000000,1950000
2021-10-01 12:38:03.191000,1.26921,1.26908,1000000,2700000
2021-10-01 12:38:03.901000,1.26919,1.26908,3000000,1000000
2021-10-01 12:38:03.952000,1.26915,1.26903,1000000,1000000
2021-10-01 12:38:04.003000,1.26912,1.26904,1000000,1000000
2021-10-01 12:38:04.104000,1.26913,1.269,1000000,1950000
2021-10-01 12:38:04.356000,1.26912,1.269,1000000,2700000
2021-10-01 12:38:05.408000,1.26913,1.269,1000000,1000000
2021-10-01 12:38:07.664000,1.26914,1.26904,1000000,1500000
2021-10-01 12:38:07.715000,1.26917,1.26904,1000000,1000000
2021-10-01 12:38:07.816000,1.26916,1.26904,1000000,1000000
2021-10-01 12:38:07.917000,1.26916,1.26903,1000000,1870000
2021-10-01 12:38:08.797000,1.26915,1.26907,1000000,1000000
2021-10-01 12:38:08.949000,1.26915,1.26904,1000000,1000000
2021-10-01 12:38:08.999000,1.26914,1.26905,1000000,1000000
2021-10-01 12:38:09.100000,1.26916,1.26905,1000000,1000000
2021-10-01 12:38:09.151000,1.26917,1.26906,1000000,1000000
2021-10-01 12:38:09.252000,1.26917,1.26907,1000000,1000000
2021-10-01 12:38:10.729000,1.26917,1.26906,1000000,1000000
2021-10-01 12:38:11.337000,1.26916,1.26905,1000000,1120000
2021-10-01 12:38:11.438000,1.26915,1.26904,1000000,1000000
2021-10-01 12:38:11.792000,1.26915,1.26906,1000000,1000000
2021-10-01 12:38:11.893000,1.26913,1.26901,1000000,1500000
2021-10-01 12:38:12.489000,1.2691,1.269,1120000,1000000
2021-10-01 12:38:12.540000,1.26909,1.26899,1120000,1000000
2021-10-01 12:38:12.641000,1.26905,1.26897,1000000,1000000
2021-10-01 12:38:12.691000,1.26904,1.26894,1000000,1570000
2021-10-01 12:38:12.867000,1.26903,1.26894,1000000,1000000
2021-10-01 12:38:12.918000,1.26903,1.26892,1000000,1200000
2021-10-01 12:38:13.019000,1.26903,1.26891,1000000,1500000
2021-10-01 12:38:13.120000,1.26901,1.26892,1000000,1000000
2021-10-01 12:38:13.221000,1.26902,1.2689,1000000,1500000
2021-10-01 12:38:13.322000,1.26902,1.26889,1000000,1200000
2021-10-01 12:38:15.441000,1.26901,1.26891,1000000,1570000
2021-10-01 12:38:15.542000,1.26902,1.2689,1000000,1600000
2021-10-01 12:38:16.862000,1.26902,1.2689,1000000,1200000
2021-10-01 12:38:17.164000,1.26902,1.26892,1000000,1570000
2021-10-01 12:38:17.462000,1.269,1.26892,1000000,1570000
2021-10-01 12:38:17.664000,1.26902,1.26891,1000000,1570000
2021-10-01 12:38:18.118000,1.26902,1.26892,1000000,1570000
2021-10-01 12:38:21.563000,1.26904,1.26893,2250000,1570000
2021-10-01 12:38:22.325000,1.26902,1.26894,1000000,1570000
2021-10-01 12:38:22.426000,1.26902,1.26893,1000000,1570000
2021-10-01 12:38:23.387000,1.26902,1.26895,1000000,2320000
2021-10-01 12:38:23.438000,1.26907,1.26897,1000000,1570000
2021-10-01 12:38:23.540000,1.26906,1.26896,1000000,1570000
2021-10-01 12:38:23.641000,1.26907,1.26896,1000000,1570000
2021-10-01 12:38:23.792000,1.26905,1.26896,2250000,1570000
2021-10-01 12:38:24.095000,1.26905,1.26894,1000000,1570000
2021-10-01 12:38:28.976000,1.26904,1.26894,1000000,1570000
2021-10-01 12:38:30.169000,1.26903,1.26894,1000000,1570000
2021-10-01 12:38:32.457000,1.26907,1.26899,1500000,1570000
2021-10-01 12:38:32.508000,1.26914,1.26903,1120000,1570000
2021-10-01 12:38:32.558000,1.26913,1.26905,1000000,1570000
2021-10-01 12:38:32.609000,1.26914,1.26906,1000000,1570000
2021-10-01 12:38:32.660000,1.26916,1.26907,1870000,1570000
2021-10-01 12:38:32.862000,1.26915,1.26906,1120000,1570000
2021-10-01 12:38:33.621000,1.26914,1.26906,1000000,1570000
2021-10-01 12:38:34.126000,1.26916,1.26905,1120000,1570000
2021-10-01 12:38:34.228000,1.26917,1.26906,1120000,2320000
2021-10-01 12:38:34.329000,1.26916,1.26908,1120000,1570000
2021-10-01 12:38:36.065000,1.26915,1.26905,1000000,1570000
2021-10-01 12:38:36.964000,1.26907,1.26896,1000000,2320000
2021-10-01 12:38:37.065000,1.26906,1.26895,1500000,2320000
2021-10-01 12:38:37.166000,1.26905,1.26895,1500000,1570000
2021-10-01 12:38:38.143000,1.26902,1.26893,1000000,2350000
2021-10-01 12:38:38.597000,1.26905,1.26893,2000000,1600000
2021-10-01 12:38:38.698000,1.26905,1.26894,1500000,1600000
2021-10-01 12:38:39.221000,1.26904,1.26895,1120000,1600000
2021-10-01 12:38:39.764000,1.26905,1.26893,1120000,1600000
2021-10-01 12:38:40.165000,1.26904,1.26895,1120000,1600000
2021-10-01 12:38:40.367000,1.26905,1.26897,1000000,1600000
2021-10-01 12:38:40.468000,1.26908,1.26896,1000000,1970000
2021-10-01 12:38:40.570000,1.26908,1.26898,1870000,1600000
2021-10-01 12:38:40.671000,1.26908,1.26897,1120000,1600000
2021-10-01 12:38:42.436000,1.26908,1.26896,1120000,1600000
2021-10-01 12:38:42.650000,1.26908,1.26897,1120000,1600000
2021-10-01 12:38:43.640000,1.2691,1.269,1000000,1570000
2021-10-01 12:38:43.690000,1.26912,1.26901,1000000,1570000
2021-10-01 12:38:43.792000,1.26916,1.26908,1870000,1570000
2021-10-01 12:38:43.893000,1.26918,1.26906,1500000,1570000
2021-10-01 12:38:43.994000,1.26919,1.26909,1000000,1570000
2021-10-01 12:38:44.045000,1.26921,1.2691,1870000,1570000
2021-10-01 12:38:44.196000,1.2692,1.26911,2000000,1570000
2021-10-01 12:38:44.297000,1.26921,1.26909,1870000,1600000
2021-10-01 12:38:44.398000,1.26921,1.26908,1870000,3100000
2021-10-01 12:38:44.500000,1.26919,1.26909,1120000,2350000
2021-10-01 12:38:44.757000,1.26921,1.26908,1870000,2350000
2021-10-01 12:38:44.914000,1.26919,1.2691,1120000,1600000
2021-10-01 12:38:45.015000,1.2692,1.26908,1500000,1600000
2021-10-01 12:38:45.116000,1.26919,1.26907,1000000,1600000
2021-10-01 12:38:45.570000,1.2692,1.26909,1000000,1600000
2021-10-01 12:38:45.671000,1.26921,1.2691,1870000,1600000
2021-10-01 12:38:45.772000,1.2692,1.2691,1870000,1600000
2021-10-01 12:38:45.873000,1.26921,1.2691,1870000,1600000
2021-10-01 12:38:46.075000,1.26921,1.26909,1870000,1600000
2021-10-01 12:38:46.177000,1.2692,1.26909,1120000,1600000
2021-10-01 12:38:46.429000,1.26921,1.2691,2000000,1600000
2021-10-01 12:38:47.232000,1.2692,1.26909,1120000,1600000
2021-10-01 12:38:47.333000,1.26921,1.2691,2000000,1600000
2021-10-01 12:38:47.434000,1.26921,1.26909,2000000,1600000
2021-10-01 12:38:47.585000,1.26921,1.2691,2000000,1600000
2021-10-01 12:38:47.737000,1.26921,1.26908,2000000,2350000
2021-10-01 12:38:48.187000,1.2692,1.2691,2000000,1600000
2021-10-01 12:38:48.288000,1.26919,1.26909,1120000,1600000
2021-10-01 12:38:48.339000,1.26916,1.26906,1500000,1600000
2021-10-01 12:38:48.390000,1.26913,1.26904,1120000,1100000
2021-10-01 12:38:49.952000,1.26914,1.26904,1120000,1600000
2021-10-01 12:38:50.473000,1.26916,1.26907,1000000,1600000
2021-10-01 12:38:50.524000,1.26917,1.26908,1000000,1600000
2021-10-01 12:38:50.574000,1.26919,1.26909,1120000,1600000
2021-10-01 12:38:50.625000,1.26915,1.26908,1120000,1600000
2021-10-01 12:38:50.676000,1.26916,1.26905,1120000,1600000
2021-10-01 12:38:50.727000,1.26916,1.26908,1000000,1600000
2021-10-01 12:38:50.778000,1.26919,1.26907,1870000,1600000
2021-10-01 12:38:50.879000,1.26919,1.26909,1120000,1600000
2021-10-01 12:38:51.030000,1.2692,1.26909,1120000,1600000
2021-10-01 12:38:56.885000,1.26916,1.26908,1500000,1500000
2021-10-01 12:38:56.936000,1.26914,1.26904,1500000,2320000
2021-10-01 12:38:57.138000,1.26913,1.26902,1120000,1570000
2021-10-01 12:38:57.592000,1.26913,1.26904,1000000,1570000
2021-10-01 12:38:57.694000,1.26914,1.26906,1500000,1570000
2021-10-01 12:39:00.081000,1.26914,1.26905,1500000,1570000
2021-10-01 12:39:00.182000,1.26914,1.26903,1500000,1570000
2021-10-01 12:39:00.622000,1.26914,1.26904,1000000,1570000
2021-10-01 12:39:03.248000,1.26915,1.26904,1120000,1570000
2021-10-01 12:39:03.349000,1.26914,1.26903,1120000,1570000
2021-10-01 12:39:07.499000,1.26912,1.26903,1000000,1600000
2021-10-01 12:39:11.712000,1.26917,1.26906,1000000,2100000
2021-10-01 12:39:11.763000,1.26919,1.26907,1000000,2100000
2021-10-01 12:39:11.864000,1.26919,1.26908,1000000,1970000
2021-10-01 12:39:11.965000,1.26919,1.26909,1000000,1600000
2021-10-01 12:39:12.066000,1.2692,1.26909,1000000,1600000
2021-10-01 12:39:12.470000,1.2692,1.2691,1870000,1600000
2021-10-01 12:39:14.178000,1.2692,1.2691,2000000,1600000
2021-10-01 12:39:14.229000,1.26916,1.26904,1120000,2720000
2021-10-01 12:39:14.330000,1.26915,1.26903,1120000,1970000
2021-10-01 12:39:14.957000,1.26915,1.26902,1120000,2100000
2021-10-01 12:39:15.058000,1.26915,1.26902,1500000,1600000
2021-10-01 12:39:16.899000,1.26914,1.26903,1120000,1600000
2021-10-01 12:39:17.122000,1.26917,1.26908,1000000,1570000
2021-10-01 12:39:17.224000,1.26917,1.26909,1000000,1570000
2021-10-01 12:39:17.325000,1.26919,1.26911,1120000,1570000
2021-10-01 12:39:18.804000,1.26921,1.26911,1500000,1570000
2021-10-01 12:39:19.056000,1.26921,1.2691,1500000,1570000
2021-10-01 12:39:20.530000,1.2692,1.26914,1000000,1120000
2021-10-01 12:39:20.631000,1.26928,1.26918,1500000,1570000
2021-10-01 12:39:20.733000,1.2693,1.2692,1120000,1570000
2021-10-01 12:39:20.834000,1.26931,1.26925,1000000,1570000
2021-10-01 12:39:20.884000,1.26935,1.26925,1000000,1570000
2021-10-01 12:39:21.187000,1.26934,1.26925,1000000,1570000
2021-10-01 12:39:21.640000,1.26935,1.26924,1000000,1600000
2021-10-01 12:39:21.892000,1.26933,1.26923,1000000,1600000
2021-10-01 12:39:21.993000,1.26934,1.26924,1000000,1600000
2021-10-01 12:39:22.094000,1.26931,1.26922,1000000,1600000
2021-10-01 12:39:23.489000,1.26931,1.2692,1000000,1600000
2021-10-01 12:39:23.902000,1.2693,1.26919,1000000,1600000
2021-10-01 12:39:24.038000,1.2693,1.2692,1000000,1600000
2021-10-01 12:39:24.509000,1.26934,1.26923,1000000,1600000
2021-10-01 12:39:24.611000,1.26935,1.26925,1000000,1600000
2021-10-01 12:39:24.913000,1.26937,1.26927,1000000,1600000
2021-10-01 12:39:25.064000,1.26937,1.26929,1120000,1600000
2021-10-01 12:39:27.360000,1.26941,1.2693,1000000,1970000
2021-10-01 12:39:27.461000,1.26941,1.26932,1500000,1600000
2021-10-01 12:39:27.562000,1.26941,1.2693,1000000,1600000
2021-10-01 12:39:27.663000,1.26939,1.2693,1000000,1100000
2021-10-01 12:39:28.663000,1.26938,1.26928,1000000,1600000
2021-10-01 12:39:29.002000,1.26938,1.26926,1000000,2720000
2021-10-01 12:39:30.017000,1.26937,1.26928,1120000,1600000
2021-10-01 12:39:30.982000,1.26938,1.26926,1120000,1600000
2021-10-01 12:39:31.084000,1.26936,1.26925,1000000,2720000
2021-10-01 12:39:31.980000,1.26936,1.26925,1120000,1100000
2021-10-01 12:39:32.081000,1.2693,1.2692,1000000,1100000
2021-10-01 12:39:32.182000,1.26929,1.26918,1000000,1600000
2021-10-01 12:39:32.485000,1.26928,1.26918,1000000,2350000
2021-10-01 12:39:36.691000,1.26928,1.26916,1000000,1220000
2021-10-01 12:39:36.792000,1.26928,1.26916,1000000,1970000
2021-10-01 12:39:36.944000,1.26928,1.26917,1000000,1600000
2021-10-01 12:39:37.671000,1.26928,1.26916,1000000,1970000
2021-10-01 12:39:39.122000,1.26933,1.26922,1000000,1970000
2021-10-01 12:39:39.223000,1.26935,1.26923,1000000,2850000
2021-10-01 12:39:39.324000,1.26935,1.26924,1000000,1970000
2021-10-01 12:39:39.650000,1.26936,1.26926,1000000,1970000
2021-10-01 12:39:40.644000,1.26937,1.26924,1000000,2850000
2021-10-01 12:39:42.111000,1.26934,1.26924,1000000,2720000
2021-10-01 12:39:42.478000,1.26934,1.26925,1000000,1600000
2021-10-01 12:39:42.897000,1.26936,1.26925,1120000,1600000
2021-10-01 12:39:43.351000,1.26936,1.26924,1000000,1970000
2021-10-01 12:39:43.731000,1.26936,1.26925,1000000,1600000
2021-10-01 12:39:44.170000,1.26936,1.26924,1000000,1970000
2021-10-01 12:39:44.429000,1.26936,1.26925,1000000,1600000
2021-10-01 12:39:44.681000,1.26935,1.26927,1000000,1600000
2021-10-01 12:39:44.782000,1.26936,1.26927,1120000,1600000
2021-10-01 12:39:45.169000,1.26937,1.26925,1120000,3100000
2021-10-01 12:39:46.111000,1.26936,1.26925,1870000,1970000
2021-10-01 12:39:46.212000,1.26936,1.26924,1000000,1970000
2021-10-01 12:39:46.466000,1.26937,1.26925,1000000,1970000
2021-10-01 12:39:47.711000,1.26938,1.26926,1120000,1600000
2021-10-01 12:39:48.530000,1.26939,1.26927,1000000,1100000
2021-10-01 12:39:48.580000,1.26935,1.26926,1120000,1000000
2021-10-01 12:39:48.631000,1.26934,1.26923,1120000,1100000
2021-10-01 12:39:48.732000,1.26935,1.26922,1120000,3470000
2021-10-01 12:39:51.321000,1.26935,1.26924,1500000,1600000
2021-10-01 12:39:51.623000,1.26936,1.26924,1120000,3100000
2021-10-01 12:39:52.587000,1.26935,1.26924,1120000,2720000
2021-10-01 12:39:53.404000,1.26936,1.26922,1120000,2850000
2021-10-01 12:39:53.823000,1.26936,1.26923,1120000,1970000
2021-10-01 12:40:00.391000,1.26929,1.26922,1000000,1000000
2021-10-01 12:40:00.442000,1.2693,1.26918,1500000,1600000
2021-10-01 12:40:00.593000,1.2693,1.26917,1500000,1100000
2021-10-01 12:40:00.795000,1.26931,1.26919,1500000,1220000
2021-10-01 12:40:01.256000,1.26933,1.26921,1000000,4220000
2021-10-01 12:40:01.357000,1.26939,1.26929,1500000,2540000
2021-10-01 12:40:01.458000,1.26942,1.2693,1870000,3100000
2021-10-01 12:40:01.559000,1.26943,1.26931,1120000,1600000
2021-10-01 12:40:02.728000,1.26943,1.26933,1000000,1220000
2021-10-01 12:40:02.830000,1.26943,1.26933,1000000,2720000
2021-10-01 12:40:02.931000,1.26945,1.26932,1120000,2350000
2021-10-01 12:40:06.801000,1.2695,1.26938,2250000,1970000
2021-10-01 12:40:06.902000,1.26951,1.26938,1120000,3470000
2021-10-01 12:40:07.004000,1.26944,1.26935,1000000,1220000
2021-10-01 12:40:07.110000,1.26945,1.26934,1120000,1100000
2021-10-01 12:40:07.488000,1.26946,1.26934,1000000,3100000
2021-10-01 12:40:08.121000,1.26946,1.26933,1120000,1970000
2021-10-01 12:40:09.107000,1.26946,1.26933,1120000,4220000
2021-10-01 12:40:09.309000,1.26946,1.26933,1120000,2720000
2021-10-01 12:40:09.562000,1.26947,1.26934,1000000,1220000
2021-10-01 12:40:09.828000,1.26945,1.26934,1120000,1970000
2021-10-01 12:40:09.929000,1.26945,1.26933,1000000,1970000
2021-10-01 12:40:10.503000,1.26944,1.26933,1120000,1100000
2021-10-01 12:40:10.825000,1.26944,1.26932,1120000,1600000
2021-10-01 12:40:12.311000,1.26945,1.26932,1120000,1720000
2021-10-01 12:40:12.845000,1.26945,1.26935,1000000,2720000
2021-10-01 12:40:13.434000,1.26946,1.26934,1000000,1100000
2021-10-01 12:40:13.535000,1.26945,1.26933,1120000,1600000
2021-10-01 12:40:13.737000,1.26939,1.26933,1000000,1000000
2021-10-01 12:40:13.789000,1.26938,1.26929,1000000,1100000
2021-10-01 12:40:13.890000,1.26937,1.26927,1000000,1220000
2021-10-01 12:40:14.142000,1.26939,1.26927,1120000,1100000
2021-10-01 12:40:14.243000,1.2694,1.26928,1120000,1100000
2021-10-01 12:40:14.345000,1.26939,1.26929,1120000,1100000
2021-10-01 12:40:14.395000,1.26941,1.2693,1120000,1600000
2021-10-01 12:40:14.496000,1.26942,1.2693,1120000,1970000
2021-10-01 12:40:16.302000,1.26944,1.26931,1500000,2720000
2021-10-01 12:40:16.403000,1.26944,1.26931,1120000,2850000
2021-10-01 12:40:17.307000,1.26947,1.26937,1000000,1720000
2021-10-01 12:40:17.358000,1.26949,1.26938,1000000,1600000
2021-10-01 12:40:17.459000,1.26951,1.26937,1120000,4350000
2021-10-01 12:40:17.560000,1.26952,1.26941,1500000,1100000
2021-10-01 12:40:18.082000,1.26953,1.2694,1120000,1100000
2021-10-01 12:40:22.062000,1.26952,1.2694,1120000,2100000
2021-10-01 12:40:22.717000,1.26949,1.26941,1000000,1000000
2021-10-01 12:40:22.767000,1.26948,1.26938,1120000,1000000
2021-10-01 12:40:22.868000,1.26947,1.26938,1120000,1000000
2021-10-01 12:40:22.919000,1.26947,1.26934,1120000,1100000
2021-10-01 12:40:23.764000,1.26945,1.26934,1120000,1100000
2021-10-01 12:40:23.865000,1.26945,1.26932,1500000,1100000
2021-10-01 12:40:24.337000,1.26944,1.26933,1500000,1000000
2021-10-01 12:40:24.388000,1.2694,1.26927,1500000,1220000
2021-10-01 12:40:24.490000,1.26939,1.26927,1500000,1100000
2021-10-01 12:40:24.642000,1.26939,1.26926,1500000,1100000
2021-10-01 12:40:27.623000,1.26938,1.26926,1120000,1100000
2021-10-01 12:40:28.266000,1.26936,1.26924,1120000,1100000
2021-10-01 12:40:28.619000,1.26937,1.26924,1500000,3100000
2021-10-01 12:40:28.720000,1.26937,1.26924,1500000,3850000
2021-10-01 12:40:28.821000,1.26937,1.26923,1500000,2720000
2021-10-01 12:40:29.629000,1.26939,1.26927,1500000,1100000
2021-10-01 12:40:32.412000,1.26941,1.26932,1120000,1000000
2021-10-01 12:40:32.463000,1.26942,1.2693,1120000,2850000
2021-10-01 12:40:32.564000,1.26942,1.26931,1500000,1100000
2021-10-01 12:40:32.665000,1.26943,1.2693,1500000,1100000
2021-10-01 12:40:33.085000,1.26941,1.26929,1500000,1100000
2021-10-01 12:40:33.186000,1.26939,1.26927,1120000,1100000
2021-10-01 12:40:33.439000,1.26939,1.26927,1120000,1100000
2021-10-01 12:40:35.708000,1.26941,1.26928,1000000,3970000
2021-10-01 12:40:35.809000,1.26942,1.2693,1000000,1100000
2021-10-01 12:40:35.910000,1.26943,1.26929,1120000,4220000
2021-10-01 12:40:36.011000,1.26945,1.26932,1000000,3790000
2021-10-01 12:40:36.315000,1.2695,1.26937,2250000,1600000
2021-10-01 12:40:36.417000,1.26946,1.26936,1000000,2720000
2021-10-01 12:40:36.888000,1.26947,1.26935,1000000,1220000
2021-10-01 12:40:36.989000,1.26946,1.26934,1000000,2720000
2021-10-01 12:40:37.090000,1.26947,1.26934,1120000,1970000
2021-10-01 12:40:38.177000,1.26945,1.26933,1000000,1220000
2021-10-01 12:40:38.279000,1.26944,1.26932,1000000,4720000
2021-10-01 12:40:39.221000,1.26949,1.26935,1500000,1220000
2021-10-01 12:40:39.272000,1.26948,1.26937,1000000,3470000
2021-10-01 12:40:39.323000,1.26949,1.26935,1000000,2100000
2021-10-01 12:40:39.424000,1.26947,1.26937,1120000,1100000
2021-10-01 12:40:39.575000,1.26946,1.26936,1000000,1220000
2021-10-01 12:40:40.545000,1.26949,1.26936,1120000,1100000
2021-10-01 12:40:40.595000,1.26948,1.26934,1500000,1220000
2021-10-01 12:40:41.909000,1.26948,1.26936,1000000,1100000
2021-10-01 12:40:43.045000,1.26951,1.26938,1120000,1220000
2021-10-01 12:40:43.146000,1.26952,1.26942,1000000,1100000
