time,ask,bid,ask_volume,bid_volume
2023-01-19 13:25:00.093000,1.35063,1.35046,1200000,2100000
2023-01-19 13:25:00.195000,1.35064,1.35048,1200000,1200000
2023-01-19 13:25:00.296000,1.35064,1.35047,1200000,1200000
2023-01-19 13:25:00.725000,1.35063,1.35046,1200000,1200000
2023-01-19 13:25:00.862000,1.35063,1.35047,1200000,1200000
2023-01-19 13:25:01.409000,1.35062,1.35048,1200000,1600000
2023-01-19 13:25:01.511000,1.35063,1.35047,1200000,1200000
2023-01-19 13:25:02.908000,1.35062,1.35049,1200000,1200000
2023-01-19 13:25:03.732000,1.35062,1.35049,1200000,1600000
2023-01-19 13:25:05.538000,1.35064,1.3505,1200000,1200000
2023-01-19 13:25:06.144000,1.35063,1.3505,1200000,1200000
2023-01-19 13:25:06.751000,1.35063,1.3505,1200000,1600000
2023-01-19 13:25:06.853000,1.35064,1.3505,1200000,2100000
2023-01-19 13:25:07.005000,1.35066,1.35053,1200000,1600000
2023-01-19 13:25:07.106000,1.35066,1.35059,1200000,1200000
2023-01-19 13:25:07.157000,1.35075,1.35058,1200000,1800000
2023-01-19 13:25:07.259000,1.35075,1.35059,1200000,1200000
2023-01-19 13:25:09.530000,1.35074,1.35059,1200000,1350000
2023-01-19 13:25:14.178000,1.35072,1.35059,1200000,1200000
2023-01-19 13:25:14.355000,1.35072,1.3506,1200000,1200000
2023-01-19 13:25:15.555000,1.3507,1.3506,1200000,1200000
2023-01-19 13:25:15.657000,1.35073,1.35057,1200000,1200000
2023-01-19 13:25:15.758000,1.35074,1.35057,1120000,1200000
2023-01-19 13:25:16.873000,1.35073,1.35058,1320000,1200000
2023-01-19 13:25:17.840000,1.35074,1.35056,1320000,1800000
2023-01-19 13:25:18.184000,1.35073,1.35057,1120000,1800000
2023-01-19 13:25:18.286000,1.35071,1.35056,1120000,1200000
2023-01-19 13:25:18.337000,1.35067,1.35053,1320000,1200000
2023-01-19 13:25:18.938000,1.35063,1.35051,1200000,1200000
2023-01-19 13:25:18.989000,1.35066,1.35051,1200000,1200000
2023-01-19 13:25:19.040000,1.35068,1.35052,1200000,1200000
2023-01-19 13:25:19.243000,1.35068,1.35052,1720000,1200000
2023-01-19 13:25:19.714000,1.35067,1.35053,1620000,1200000
2023-01-19 13:25:19.765000,1.35066,1.35051,1200000,1200000
2023-01-19 13:25:19.816000,1.35062,1.35052,1200000,1200000
2023-01-19 13:25:19.867000,1.35064,1.3505,1200000,1600000
2023-01-19 13:25:19.968000,1.35067,1.35051,1320000,1200000
2023-01-19 13:25:20.071000,1.35067,1.35054,1200000,1200000
2023-01-19 13:25:20.172000,1.35066,1.35054,1200000,1200000
2023-01-19 13:25:20.908000,1.35069,1.35053,1720000,1200000
2023-01-19 13:25:22.033000,1.35068,1.35054,1620000,1200000
2023-01-19 13:25:25.062000,1.35067,1.35054,1440000,1200000
2023-01-19 13:25:25.347000,1.35068,1.35053,1240000,1200000
2023-01-19 13:25:25.469000,1.35068,1.35053,1440000,1200000
2023-01-19 13:25:29.058000,1.35063,1.35052,1720000,1200000
2023-01-19 13:25:29.160000,1.35063,1.35047,1200000,1600000
2023-01-19 13:25:29.211000,1.3506,1.35047,1200000,1600000
2023-01-19 13:25:29.313000,1.35068,1.35051,1620000,1200000
2023-01-19 13:25:29.414000,1.35066,1.3505,1700000,1200000
2023-01-19 13:25:30.662000,1.35066,1.3505,1440000,1200000
2023-01-19 13:25:31.242000,1.35066,1.35052,1440000,1200000
2023-01-19 13:25:31.476000,1.35068,1.35052,1720000,1200000
2023-01-19 13:25:31.647000,1.35068,1.35052,1350000,1200000
2023-01-19 13:25:31.749000,1.35067,1.35055,1350000,1200000
2023-01-19 13:25:37.343000,1.35067,1.35054,1350000,1200000
2023-01-19 13:25:37.495000,1.35067,1.35054,1600000,1200000
2023-01-19 13:25:37.597000,1.35068,1.35052,1720000,1200000
2023-01-19 13:25:38.071000,1.35067,1.35051,1990000,1200000
2023-01-19 13:25:38.655000,1.35064,1.35051,1320000,1200000
2023-01-19 13:25:39.566000,1.35064,1.3505,1200000,1200000
2023-01-19 13:25:39.857000,1.35067,1.3505,1700000,1800000
2023-01-19 13:25:39.958000,1.35067,1.35051,1700000,1200000
2023-01-19 13:25:40.009000,1.35069,1.35052,1600000,1800000
2023-01-19 13:25:40.111000,1.35068,1.35054,1440000,1200000
2023-01-19 13:25:40.212000,1.35068,1.35054,1700000,1200000
2023-01-19 13:25:40.866000,1.35068,1.35054,1440000,1200000
2023-01-19 13:25:41.033000,1.35067,1.35054,1200000,1200000
2023-01-19 13:25:43.533000,1.35068,1.35054,1200000,1200000
2023-01-19 13:25:45.029000,1.35068,1.35055,1440000,1200000
2023-01-19 13:25:45.437000,1.35069,1.35057,1200000,1200000
2023-01-19 13:25:45.488000,1.35072,1.35057,1800000,1200000
2023-01-19 13:25:46.050000,1.35074,1.35057,1720000,1200000
2023-01-19 13:25:46.564000,1.35072,1.35057,2920000,1200000
2023-01-19 13:25:46.665000,1.35069,1.35056,1200000,1200000
2023-01-19 13:25:46.767000,1.35069,1.35055,1200000,1200000
2023-01-19 13:25:49.383000,1.35068,1.35055,1200000,1200000
2023-01-19 13:25:49.522000,1.35069,1.35055,1200000,1200000
2023-01-19 13:25:49.583000,1.35069,1.35053,1800000,1350000
2023-01-19 13:25:50.413000,1.35069,1.35055,1200000,1200000
2023-01-19 13:25:50.545000,1.35069,1.35054,1200000,1200000
2023-01-19 13:25:50.693000,1.35068,1.35056,1200000,1200000
2023-01-19 13:25:50.875000,1.35068,1.35055,1200000,1200000
2023-01-19 13:25:52.515000,1.35068,1.35055,2170000,1200000
2023-01-19 13:25:52.616000,1.35068,1.35054,2170000,1200000
2023-01-19 13:25:52.981000,1.35068,1.35052,1350000,1800000
2023-01-19 13:25:54.047000,1.35069,1.35053,1700000,1200000
2023-01-19 13:25:54.595000,1.35069,1.35052,1720000,1800000
2023-01-19 13:25:55.100000,1.35068,1.35052,1720000,1800000
2023-01-19 13:25:55.202000,1.35066,1.35051,1320000,1200000
2023-01-19 13:25:55.303000,1.35066,1.35052,1200000,1800000
2023-01-19 13:25:55.405000,1.35068,1.35051,1200000,2250000
2023-01-19 13:25:57.045000,1.35066,1.35052,1200000,1800000
2023-01-19 13:25:57.396000,1.35068,1.35052,2250000,1200000
2023-01-19 13:25:57.498000,1.35067,1.35054,2250000,1200000
2023-01-19 13:25:59.915000,1.35069,1.35053,1800000,1200000
2023-01-19 13:26:00.053000,1.35068,1.35053,1200000,1200000
2023-01-19 13:26:02.170000,1.35069,1.35054,1200000,2850000
2023-01-19 13:26:02.272000,1.35072,1.35056,1200000,1200000
2023-01-19 13:26:02.373000,1.35072,1.35057,1200000,1800000
2023-01-19 13:26:02.475000,1.35073,1.35056,1200000,2100000
2023-01-19 13:26:02.627000,1.35073,1.35056,1200000,1800000
2023-01-19 13:26:03.125000,1.35073,1.35056,1200000,1600000
2023-01-19 13:26:03.226000,1.35074,1.35059,1200000,1350000
2023-01-19 13:26:05.966000,1.35076,1.3506,1200000,1200000
2023-01-19 13:26:07.593000,1.35076,1.3506,1200000,2100000
2023-01-19 13:26:12.521000,1.35076,1.3506,1890000,1350000
2023-01-19 13:26:12.572000,1.35075,1.35059,1120000,1350000
2023-01-19 13:26:12.673000,1.35075,1.35059,1320000,1200000
2023-01-19 13:26:12.775000,1.35074,1.35058,1200000,1350000
2023-01-19 13:26:12.927000,1.35071,1.35056,1200000,1350000
2023-01-19 13:26:13.028000,1.35068,1.35055,1200000,2100000
2023-01-19 13:26:13.233000,1.35069,1.35054,1200000,1800000
2023-01-19 13:26:13.652000,1.35068,1.35054,1200000,1200000
2023-01-19 13:26:14.059000,1.35067,1.35054,1200000,1200000
2023-01-19 13:26:14.413000,1.35069,1.35054,2490000,1200000
2023-01-19 13:26:14.515000,1.35065,1.35052,1320000,1200000
2023-01-19 13:26:14.566000,1.35063,1.35052,2120000,1200000
2023-01-19 13:26:14.617000,1.3506,1.35046,1120000,1200000
2023-01-19 13:26:14.718000,1.35059,1.35044,1200000,1200000
2023-01-19 13:26:14.769000,1.35057,1.35044,1200000,1200000
2023-01-19 13:26:14.871000,1.35057,1.35043,1200000,1200000
2023-01-19 13:26:15.207000,1.35056,1.35042,1200000,1200000
2023-01-19 13:26:15.426000,1.35058,1.35041,1200000,1200000
2023-01-19 13:26:15.752000,1.35058,1.35041,1200000,1600000
2023-01-19 13:26:16.209000,1.35056,1.35041,1200000,1350000
2023-01-19 13:26:16.311000,1.35053,1.35039,1200000,2700000
2023-01-19 13:26:16.412000,1.35052,1.35037,1200000,1200000
2023-01-19 13:26:16.514000,1.35052,1.35038,1200000,1200000
2023-01-19 13:26:16.833000,1.3505,1.35036,1120000,1200000
2023-01-19 13:26:16.935000,1.35045,1.35034,1200000,1200000
2023-01-19 13:26:16.986000,1.35045,1.3503,1200000,1200000
2023-01-19 13:26:17.087000,1.35046,1.3503,1200000,1200000
2023-01-19 13:26:19.065000,1.35045,1.3503,1200000,1200000
2023-01-19 13:26:19.269000,1.35044,1.3503,1200000,1200000
2023-01-19 13:26:19.524000,1.35045,1.3503,1320000,1200000
2023-01-19 13:26:23.726000,1.35045,1.35029,1200000,2250000
2023-01-19 13:26:24.505000,1.35046,1.35033,1200000,1200000
2023-01-19 13:26:24.606000,1.35049,1.35034,1200000,1200000
2023-01-19 13:26:25.543000,1.35049,1.35035,1350000,1200000
2023-01-19 13:26:25.661000,1.3505,1.35033,1350000,2250000
2023-01-19 13:26:26.819000,1.35049,1.35033,1200000,1350000
2023-01-19 13:26:27.795000,1.35049,1.35033,1200000,1600000
2023-01-19 13:26:30.997000,1.35049,1.35033,1200000,1350000
2023-01-19 13:26:34.789000,1.35047,1.35033,1200000,1350000
2023-01-19 13:26:34.891000,1.35045,1.35032,1320000,1200000
2023-01-19 13:26:34.992000,1.35044,1.35031,1200000,1350000
2023-01-19 13:26:35.352000,1.35044,1.35029,1200000,1200000
2023-01-19 13:26:35.453000,1.35042,1.35026,1200000,1350000
2023-01-19 13:26:35.504000,1.35042,1.35028,1200000,1800000
2023-01-19 13:26:35.555000,1.35044,1.3503,1800000,1350000
2023-01-19 13:26:35.657000,1.35045,1.3503,1200000,1200000
2023-01-19 13:26:35.809000,1.35045,1.35032,1200000,1200000
2023-01-19 13:26:35.860000,1.35048,1.35032,1200000,1350000
2023-01-19 13:26:37.396000,1.35045,1.35032,1240000,1800000
2023-01-19 13:26:37.447000,1.35045,1.35032,1800000,1800000
2023-01-19 13:26:37.498000,1.35043,1.35028,1200000,1200000
2023-01-19 13:26:37.599000,1.35045,1.35027,1440000,1350000
2023-01-19 13:26:38.022000,1.35045,1.35027,1320000,1600000
2023-01-19 13:26:38.225000,1.35046,1.35029,1720000,1350000
2023-01-19 13:26:38.326000,1.35047,1.35033,1200000,1350000
2023-01-19 13:26:40.286000,1.35048,1.35034,1350000,1200000
2023-01-19 13:26:40.438000,1.35049,1.35035,1200000,1600000
2023-01-19 13:26:41.168000,1.35051,1.35039,1200000,2470000
2023-01-19 13:26:41.270000,1.35057,1.35042,1200000,1200000
2023-01-19 13:26:41.372000,1.35057,1.35043,1200000,1800000
2023-01-19 13:26:42.078000,1.35057,1.35042,1320000,1350000
2023-01-19 13:26:42.273000,1.35056,1.35042,1200000,1350000
2023-01-19 13:26:42.425000,1.35056,1.35041,1200000,1200000
2023-01-19 13:26:42.527000,1.35056,1.3504,1200000,2250000
2023-01-19 13:26:42.630000,1.35057,1.35041,1200000,1200000
2023-01-19 13:26:42.732000,1.35056,1.35043,1200000,1200000
2023-01-19 13:26:42.833000,1.35057,1.35041,1200000,1200000
2023-01-19 13:26:44.541000,1.35056,1.35041,1200000,1200000
2023-01-19 13:26:44.647000,1.35055,1.3504,1200000,2250000
2023-01-19 13:26:45.886000,1.35057,1.3504,1350000,1800000
2023-01-19 13:26:46.089000,1.35056,1.35042,1200000,1350000
2023-01-19 13:26:47.588000,1.35055,1.35041,1200000,1200000
2023-01-19 13:26:48.644000,1.35055,1.3504,1200000,1800000
2023-01-19 13:26:49.194000,1.35054,1.3504,1200000,1200000
2023-01-19 13:26:50.625000,1.35056,1.35041,2250000,1800000
2023-01-19 13:26:50.676000,1.35056,1.35043,1200000,1200000
2023-01-19 13:26:51.615000,1.35058,1.35042,1440000,1200000
2023-01-19 13:26:51.863000,1.35058,1.35041,2340000,2250000
2023-01-19 13:26:51.964000,1.35057,1.35043,1200000,1350000
2023-01-19 13:26:52.704000,1.35059,1.35042,1890000,2250000
2023-01-19 13:26:53.267000,1.35059,1.35044,1800000,1200000
2023-01-19 13:26:53.925000,1.35059,1.35045,1800000,1200000
2023-01-19 13:26:54.859000,1.35059,1.35044,1200000,1200000
2023-01-19 13:26:55.131000,1.35058,1.35044,1800000,1200000
2023-01-19 13:26:55.233000,1.35058,1.35045,1200000,1200000
2023-01-19 13:26:55.418000,1.35059,1.35043,1800000,1800000
2023-01-19 13:26:56.981000,1.35058,1.35043,1200000,1200000
2023-01-19 13:27:00.232000,1.35057,1.35043,1200000,1200000
2023-01-19 13:27:00.627000,1.35056,1.35042,1200000,1200000
2023-01-19 13:27:02.837000,1.35056,1.35042,1200000,2250000
2023-01-19 13:27:03.041000,1.35056,1.35041,1200000,1800000
2023-01-19 13:27:03.143000,1.35056,1.35039,1800000,2100000
2023-01-19 13:27:08.105000,1.35056,1.35039,1800000,2250000
2023-01-19 13:27:08.604000,1.35055,1.35042,1200000,1200000
2023-01-19 13:27:09.210000,1.35057,1.35041,1200000,1200000
2023-01-19 13:27:09.653000,1.35056,1.35041,1800000,1200000
2023-01-19 13:27:09.755000,1.35056,1.35043,1200000,1200000
2023-01-19 13:27:09.856000,1.35054,1.35041,1200000,1200000
2023-01-19 13:27:10.910000,1.35055,1.35039,1200000,2250000
2023-01-19 13:27:11.914000,1.35053,1.35039,1200000,1200000
2023-01-19 13:27:12.015000,1.3505,1.35037,1200000,2250000
2023-01-19 13:27:12.218000,1.3505,1.35035,1200000,1600000
2023-01-19 13:27:13.498000,1.35049,1.35036,1200000,3150000
2023-01-19 13:27:14.458000,1.3505,1.3504,1200000,1800000
2023-01-19 13:27:14.559000,1.35054,1.35039,1200000,1800000
2023-01-19 13:27:14.661000,1.35057,1.35041,1350000,1800000
2023-01-19 13:27:14.854000,1.35056,1.35043,1350000,1200000
2023-01-19 13:27:15.141000,1.35054,1.35043,1200000,1200000
2023-01-19 13:27:15.344000,1.35057,1.35042,1200000,1200000
2023-01-19 13:27:16.142000,1.35057,1.35043,1200000,1200000
2023-01-19 13:27:16.294000,1.35056,1.35043,1200000,1800000
2023-01-19 13:27:17.319000,1.35056,1.35041,1200000,2250000
2023-01-19 13:27:17.420000,1.35058,1.35044,1200000,1200000
2023-01-19 13:27:17.770000,1.35058,1.35043,1200000,1200000
2023-01-19 13:27:17.893000,1.35057,1.35043,1200000,1200000
2023-01-19 13:27:19.082000,1.35055,1.35044,1200000,1200000
2023-01-19 13:27:19.414000,1.35055,1.35041,2120000,1200000
2023-01-19 13:27:19.516000,1.35051,1.35036,2100000,1200000
2023-01-19 13:27:19.617000,1.3505,1.35037,2250000,1200000
2023-01-19 13:27:19.719000,1.35051,1.35037,1350000,1200000
2023-01-19 13:27:20.931000,1.35052,1.35038,1800000,1200000
2023-01-19 13:27:24.052000,1.35051,1.35039,1200000,1200000
2023-01-19 13:27:25.035000,1.35053,1.35038,1350000,1200000
2023-01-19 13:27:27.065000,1.35052,1.35038,1200000,1200000
2023-01-19 13:27:27.589000,1.35052,1.35036,1800000,1800000
2023-01-19 13:27:28.370000,1.35051,1.35036,1200000,1200000
2023-01-19 13:27:28.695000,1.3505,1.35035,1200000,2250000
2023-01-19 13:27:29.302000,1.3505,1.35036,1200000,1200000
2023-01-19 13:27:29.572000,1.3505,1.35035,1200000,1350000
2023-01-19 13:27:31.445000,1.35049,1.35034,1200000,1700000
2023-01-19 13:27:31.967000,1.35048,1.35035,1200000,1200000
2023-01-19 13:27:32.119000,1.35048,1.35034,1320000,1200000
2023-01-19 13:27:32.203000,1.35045,1.35034,1200000,1200000
2023-01-19 13:27:32.305000,1.35041,1.35027,1200000,1120000
2023-01-19 13:27:32.789000,1.3504,1.35025,1200000,1440000
2023-01-19 13:27:32.890000,1.3504,1.35024,1200000,1440000
2023-01-19 13:27:34.194000,1.3504,1.35025,1200000,1200000
2023-01-19 13:27:34.630000,1.35041,1.35026,1200000,1200000
2023-01-19 13:27:34.732000,1.35041,1.35026,1200000,1600000
2023-01-19 13:27:34.833000,1.35042,1.35026,1800000,1600000
2023-01-19 13:27:35.341000,1.35043,1.35028,1200000,2200000
2023-01-19 13:27:35.443000,1.35047,1.3503,1200000,1700000
2023-01-19 13:27:35.628000,1.35048,1.35033,1200000,1200000
2023-01-19 13:27:35.729000,1.35049,1.35033,1350000,1200000
2023-01-19 13:27:37.431000,1.35049,1.35034,1350000,1200000
2023-01-19 13:27:37.892000,1.35049,1.35033,1200000,1350000
2023-01-19 13:27:40.558000,1.35048,1.35033,1200000,1350000
2023-01-19 13:27:40.939000,1.35048,1.3503,1800000,2100000
2023-01-19 13:27:42.119000,1.35046,1.35029,2340000,1200000
2023-01-19 13:27:42.221000,1.35045,1.35031,1200000,1200000
2023-01-19 13:27:42.323000,1.35046,1.3503,1200000,2100000
2023-01-19 13:27:43.477000,1.35043,1.3503,1200000,1200000
2023-01-19 13:27:43.578000,1.35041,1.35025,1200000,2250000
2023-01-19 13:27:43.680000,1.35039,1.35022,1800000,2120000
2023-01-19 13:27:43.882000,1.35039,1.35025,1200000,1200000
2023-01-19 13:27:44.193000,1.3504,1.35023,1200000,1440000
2023-01-19 13:27:49.257000,1.3504,1.35024,1200000,1200000
2023-01-19 13:27:49.806000,1.35038,1.35023,1200000,1600000
2023-01-19 13:27:49.908000,1.35039,1.35024,1200000,1200000
2023-01-19 13:27:50.110000,1.35039,1.35027,1800000,1200000
2023-01-19 13:27:50.464000,1.3504,1.35025,1890000,1200000
2023-01-19 13:27:50.566000,1.35039,1.35024,1200000,1200000
2023-01-19 13:27:50.668000,1.35033,1.35022,1200000,1200000
2023-01-19 13:27:51.366000,1.35034,1.35021,1240000,1200000
2023-01-19 13:27:51.417000,1.35032,1.35015,1200000,1440000
2023-01-19 13:27:51.519000,1.3503,1.35015,1200000,1600000
2023-01-19 13:27:55.997000,1.3503,1.35016,1200000,1700000
2023-01-19 13:27:58.353000,1.35031,1.35012,2120000,1200000
2023-01-19 13:27:58.404000,1.35028,1.35012,1200000,1720000
2023-01-19 13:27:58.455000,1.35027,1.35013,1200000,1720000
2023-01-19 13:27:58.506000,1.35029,1.35015,1200000,1350000
2023-01-19 13:27:58.561000,1.35031,1.35015,1800000,1350000
2023-01-19 13:27:58.612000,1.35031,1.35017,1200000,1200000
2023-01-19 13:27:58.713000,1.35032,1.35019,1350000,1200000
2023-01-19 13:27:59.320000,1.35033,1.35018,1200000,1700000
2023-01-19 13:27:59.422000,1.35035,1.35018,1200000,1600000
2023-01-19 13:27:59.523000,1.35035,1.3502,1200000,1350000
2023-01-19 13:28:00.029000,1.35035,1.35019,1200000,1600000
2023-01-19 13:28:00.080000,1.35036,1.35019,1200000,2200000
2023-01-19 13:28:00.181000,1.35037,1.35023,1200000,1350000
2023-01-19 13:28:00.283000,1.3504,1.35023,1200000,2340000
2023-01-19 13:28:00.385000,1.35041,1.35024,1350000,1200000
2023-01-19 13:28:00.486000,1.35041,1.35023,1350000,2250000
2023-01-19 13:28:01.026000,1.3504,1.35026,1200000,1350000
2023-01-19 13:28:01.356000,1.35041,1.35026,1200000,1200000
2023-01-19 13:28:01.582000,1.35041,1.35031,1200000,1440000
2023-01-19 13:28:01.633000,1.35047,1.35032,1200000,1200000
2023-01-19 13:28:01.734000,1.35047,1.35034,1200000,1200000
2023-01-19 13:28:02.255000,1.35048,1.35031,1200000,1350000
2023-01-19 13:28:02.991000,1.35046,1.35031,1200000,1200000
2023-01-19 13:28:03.041000,1.35045,1.35029,1200000,1600000
2023-01-19 13:28:04.233000,1.35046,1.3503,1200000,1200000
2023-01-19 13:28:04.385000,1.35047,1.3503,1200000,1350000
2023-01-19 13:28:04.895000,1.35046,1.35032,1200000,1200000
2023-01-19 13:28:05.377000,1.35045,1.35032,1200000,1200000
2023-01-19 13:28:05.479000,1.35047,1.35029,1200000,1600000
2023-01-19 13:28:06.392000,1.35047,1.35029,1200000,1350000
2023-01-19 13:28:06.822000,1.35046,1.35028,1200000,1600000
2023-01-19 13:28:06.986000,1.35047,1.35028,2700000,1600000
2023-01-19 13:28:08.940000,1.35046,1.35029,1200000,2250000
2023-01-19 13:28:11.093000,1.35046,1.3503,1200000,1200000
2023-01-19 13:28:13.263000,1.35046,1.35029,2700000,1200000
2023-01-19 13:28:14.514000,1.35045,1.35029,1200000,1200000
2023-01-19 13:28:15.066000,1.35044,1.35029,1200000,1200000
2023-01-19 13:28:15.258000,1.35044,1.35028,1200000,1350000
2023-01-19 13:28:18.437000,1.35043,1.3503,1800000,1200000
2023-01-19 13:28:20.170000,1.35044,1.35028,1800000,1200000
2023-01-19 13:28:20.221000,1.35043,1.35029,2170000,1200000
2023-01-19 13:28:20.322000,1.35035,1.3502,1200000,3970000
2023-01-19 13:28:20.373000,1.35036,1.35019,1200000,1800000
2023-01-19 13:28:20.475000,1.35034,1.35019,1200000,1350000
2023-01-19 13:28:21.310000,1.35033,1.35017,1350000,1350000
2023-01-19 13:28:21.412000,1.35032,1.35017,1200000,1350000
2023-01-19 13:28:21.665000,1.35032,1.35016,1200000,1350000
2023-01-19 13:28:22.874000,1.35032,1.35015,1200000,1350000
2023-01-19 13:28:23.357000,1.35032,1.35014,1350000,1350000
2023-01-19 13:28:23.836000,1.35032,1.35016,1350000,1200000
2023-01-19 13:28:24.195000,1.35032,1.35017,1200000,1200000
2023-01-19 13:28:24.555000,1.35032,1.35016,1800000,1350000
2023-01-19 13:28:25.240000,1.35033,1.35015,2170000,1350000
2023-01-19 13:28:27.247000,1.35031,1.35015,1700000,1200000
2023-01-19 13:28:27.403000,1.35031,1.35013,1350000,1350000
2023-01-19 13:28:29.326000,1.35031,1.35014,1350000,1200000
2023-01-19 13:28:29.766000,1.3503,1.35014,1700000,1200000
2023-01-19 13:28:29.817000,1.35029,1.35012,1350000,1200000
2023-01-19 13:28:32.296000,1.35028,1.35012,1200000,1200000
2023-01-19 13:28:32.936000,1.35027,1.35012,1200000,1200000
2023-01-19 13:28:33.307000,1.35027,1.35011,1200000,1350000
2023-01-19 13:28:34.900000,1.35025,1.35011,1200000,1600000
2023-01-19 13:28:35.034000,1.35025,1.3501,1200000,1200000
2023-01-19 13:28:35.473000,1.35024,1.3501,1200000,1200000
2023-01-19 13:28:36.307000,1.35023,1.3501,1200000,1800000
2023-01-19 13:28:36.841000,1.35023,1.35008,1800000,1350000
2023-01-19 13:28:36.892000,1.35023,1.35007,1600000,1200000
2023-01-19 13:28:36.993000,1.35024,1.35009,1200000,1200000
2023-01-19 13:28:37.095000,1.35022,1.35007,1800000,1350000
2023-01-19 13:28:37.383000,1.35023,1.35006,2100000,1200000
2023-01-19 13:28:38.312000,1.35022,1.35005,2250000,1350000
2023-01-19 13:28:38.997000,1.35022,1.35005,2100000,1200000
2023-01-19 13:28:39.309000,1.35022,1.35006,1600000,1200000
2023-01-19 13:28:40.308000,1.35022,1.35005,2100000,1200000
2023-01-19 13:28:41.336000,1.35022,1.35006,2100000,1200000
2023-01-19 13:28:42.101000,1.35022,1.35006,1800000,1200000
2023-01-19 13:28:43.313000,1.35021,1.35006,1800000,1350000
2023-01-19 13:28:44.318000,1.35022,1.35006,1200000,1200000
2023-01-19 13:28:51.159000,1.35021,1.35006,1200000,1200000
2023-01-19 13:28:51.362000,1.35021,1.35005,1200000,1350000
2023-01-19 13:28:52.758000,1.3502,1.35005,1200000,1350000
2023-01-19 13:28:53.011000,1.35021,1.35005,1800000,1200000
2023-01-19 13:28:55.380000,1.3502,1.35007,1200000,1200000
2023-01-19 13:28:56.210000,1.35023,1.35006,1800000,2250000
2023-01-19 13:28:56.261000,1.35022,1.35009,1200000,1200000
2023-01-19 13:28:57.299000,1.35023,1.35007,1200000,1200000
2023-01-19 13:28:58.204000,1.35024,1.35012,1800000,1800000
2023-01-19 13:28:58.305000,1.35033,1.35014,1800000,1600000
2023-01-19 13:28:58.356000,1.35033,1.35018,1200000,1200000
2023-01-19 13:28:58.458000,1.35032,1.35017,1200000,2100000
2023-01-19 13:28:58.560000,1.35034,1.35016,1200000,2100000
2023-01-19 13:28:58.661000,1.35034,1.35017,1200000,2850000
2023-01-19 13:28:58.763000,1.35036,1.35017,2250000,1600000
2023-01-19 13:28:59.294000,1.35035,1.35017,1200000,2100000
2023-01-19 13:28:59.395000,1.35036,1.35017,1350000,2100000
2023-01-19 13:28:59.520000,1.35037,1.35019,1600000,1800000
2023-01-19 13:28:59.907000,1.35037,1.35019,1200000,2100000
2023-01-19 13:29:00.009000,1.35038,1.35019,1350000,4350000
2023-01-19 13:29:00.110000,1.35038,1.35023,1320000,1200000
2023-01-19 13:29:00.212000,1.35038,1.35021,1620000,1200000
2023-01-19 13:29:00.313000,1.35036,1.35019,1240000,1200000
2023-01-19 13:29:00.415000,1.35038,1.35019,1700000,1200000
2023-01-19 13:29:00.516000,1.35039,1.3502,1700000,1200000
2023-01-19 13:29:00.830000,1.35034,1.35019,1200000,1350000
2023-01-19 13:29:00.981000,1.35034,1.3502,1200000,1200000
2023-01-19 13:29:01.083000,1.35035,1.35018,1200000,1350000
2023-01-19 13:29:01.634000,1.35036,1.35018,1350000,1350000
2023-01-19 13:29:02.382000,1.35036,1.35019,2250000,1200000
2023-01-19 13:29:03.095000,1.35036,1.35019,1990000,1200000
2023-01-19 13:29:04.011000,1.35035,1.3502,1700000,1200000
2023-01-19 13:29:07.020000,1.35035,1.3502,1320000,1200000
2023-01-19 13:29:07.344000,1.35035,1.35019,1320000,1200000
2023-01-19 13:29:07.562000,1.35035,1.3502,1320000,1200000
2023-01-19 13:29:07.714000,1.35034,1.3502,1320000,1200000
2023-01-19 13:29:07.866000,1.35035,1.35018,1320000,1200000
2023-01-19 13:29:07.967000,1.35033,1.35017,1200000,1200000
2023-01-19 13:29:09.375000,1.35033,1.35018,1200000,1200000
2023-01-19 13:29:12.392000,1.35033,1.35017,1200000,1200000
2023-01-19 13:29:15.025000,1.35032,1.35017,1200000,1200000
2023-01-19 13:29:15.926000,1.35032,1.35018,1200000,1200000
2023-01-19 13:29:16.035000,1.35034,1.35017,1200000,1200000
2023-01-19 13:29:16.994000,1.35033,1.35017,1200000,1200000
2023-01-19 13:29:17.096000,1.3503,1.35016,1200000,1200000
2023-01-19 13:29:17.197000,1.35031,1.35016,1200000,1200000
2023-01-19 13:29:17.248000,1.35029,1.35012,1200000,1200000
2023-01-19 13:29:17.501000,1.35028,1.35012,1200000,1200000
2023-01-19 13:29:17.552000,1.35027,1.35011,1800000,1200000
2023-01-19 13:29:17.603000,1.35026,1.35008,1800000,1800000
2023-01-19 13:29:18.598000,1.35026,1.35007,1200000,1200000
2023-01-19 13:29:18.649000,1.35026,1.35009,1200000,1200000
2023-01-19 13:29:18.902000,1.35024,1.3501,1200000,1200000
2023-01-19 13:29:19.006000,1.35024,1.35007,1200000,1200000
2023-01-19 13:29:20.244000,1.35024,1.35008,1200000,1200000
2023-01-19 13:29:20.424000,1.35026,1.35008,1800000,1200000
2023-01-19 13:29:20.970000,1.35024,1.35008,1200000,1200000
2023-01-19 13:29:21.071000,1.35023,1.35007,1800000,1200000
2023-01-19 13:29:21.363000,1.35023,1.35006,1200000,1200000
2023-01-19 13:29:22.063000,1.35022,1.35008,1200000,1200000
2023-01-19 13:29:23.383000,1.35023,1.35008,1800000,1200000
2023-01-19 13:29:23.663000,1.35022,1.35005,1800000,1200000
2023-01-19 13:29:23.765000,1.35019,1.35006,1200000,1200000
2023-01-19 13:29:23.816000,1.35019,1.35002,1200000,1200000
2023-01-19 13:29:23.867000,1.35019,1.35004,1200000,1200000
2023-01-19 13:29:23.918000,1.35018,1.35003,1200000,1200000
2023-01-19 13:29:23.969000,1.35021,1.35002,1200000,1200000
2023-01-19 13:29:24.073000,1.3502,1.35002,1200000,1800000
2023-01-19 13:29:24.305000,1.35018,1.35003,1200000,1200000
2023-01-19 13:29:24.558000,1.35016,1.35003,1200000,1200000
2023-01-19 13:29:24.710000,1.35017,1.35003,1200000,1200000
2023-01-19 13:29:24.857000,1.35019,1.35003,1200000,1200000
2023-01-19 13:29:27.701000,1.35016,1.34998,1200000,1200000
2023-01-19 13:29:27.803000,1.35018,1.35,1890000,1200000
2023-01-19 13:29:28.718000,1.35018,1.35003,1200000,1200000
2023-01-19 13:29:29.513000,1.35019,1.35,1200000,1200000
2023-01-19 13:29:29.665000,1.35018,1.35,1200000,1200000
2023-01-19 13:29:30.232000,1.35018,1.34998,1200000,1200000
2023-01-19 13:29:30.333000,1.35017,1.34998,1200000,1200000
2023-01-19 13:29:30.575000,1.35018,1.34998,1200000,1200000
2023-01-19 13:29:31.388000,1.35018,1.34998,1200000,1200000
2023-01-19 13:29:32.396000,1.35019,1.34998,1320000,1200000
2023-01-19 13:29:32.804000,1.35017,1.34997,1200000,1200000
2023-01-19 13:29:33.184000,1.35016,1.34996,1200000,1800000
2023-01-19 13:29:34.121000,1.35018,1.34997,1320000,1200000
2023-01-19 13:29:34.534000,1.35017,1.34996,1200000,1800000
2023-01-19 13:29:35.246000,1.35017,1.34996,1200000,3120000
2023-01-19 13:29:35.797000,1.35017,1.34996,1320000,1120000
2023-01-19 13:29:36.607000,1.35017,1.34996,1320000,1120000
2023-01-19 13:29:37.004000,1.35019,1.34996,1120000,1620000
2023-01-19 13:29:37.064000,1.35019,1.34995,1120000,1620000
2023-01-19 13:29:37.981000,1.35019,1.34996,1200000,1240000
2023-01-19 13:29:38.144000,1.35019,1.34996,1120000,1240000
2023-01-19 13:29:38.453000,1.35019,1.34995,1120000,1620000
2023-01-19 13:29:38.881000,1.35018,1.34995,1120000,1200000
2023-01-19 13:29:38.982000,1.35018,1.34995,1320000,1620000
2023-01-19 13:29:39.084000,1.35019,1.34995,1320000,2120000
2023-01-19 13:29:39.814000,1.3502,1.34997,1620000,1240000
2023-01-19 13:29:40.140000,1.35021,1.34995,1890000,2850000
2023-01-19 13:29:40.241000,1.3502,1.34995,1800000,1600000
2023-01-19 13:29:40.343000,1.35021,1.34995,1800000,2870000
2023-01-19 13:29:40.652000,1.35021,1.34995,1320000,2120000
2023-01-19 13:29:41.364000,1.35019,1.34997,1200000,1240000
2023-01-19 13:29:41.523000,1.35018,1.34996,1320000,1620000
2023-01-19 13:29:41.574000,1.35019,1.34994,1120000,1440000
2023-01-19 13:29:41.726000,1.35018,1.34994,1320000,1800000
2023-01-19 13:29:41.777000,1.35018,1.34994,1320000,1440000
2023-01-19 13:29:42.288000,1.35019,1.34994,1120000,1240000
2023-01-19 13:29:43.384000,1.3502,1.34994,1890000,1840000
2023-01-19 13:29:43.486000,1.35019,1.34996,1120000,1200000
2023-01-19 13:29:43.587000,1.3502,1.34995,1120000,1700000
2023-01-19 13:29:43.688000,1.3502,1.34995,1320000,1720000
2023-01-19 13:29:44.184000,1.35018,1.34995,1200000,1720000
2023-01-19 13:29:44.420000,1.35019,1.34995,1200000,1720000
2023-01-19 13:29:45.728000,1.35018,1.34995,1320000,1200000
2023-01-19 13:29:45.830000,1.35018,1.34994,1200000,1200000
2023-01-19 13:29:46.032000,1.35019,1.34995,1200000,1700000
2023-01-19 13:29:46.134000,1.35019,1.34996,1200000,1700000
2023-01-19 13:29:46.566000,1.35019,1.34996,1200000,1200000
2023-01-19 13:29:46.667000,1.35018,1.34996,1200000,1200000
2023-01-19 13:29:46.769000,1.35018,1.34996,1200000,1720000
2023-01-19 13:29:47.253000,1.35019,1.34995,1200000,1620000
2023-01-19 13:29:47.355000,1.35019,1.34995,1200000,1720000
2023-01-19 13:29:47.887000,1.35019,1.35001,1200000,1200000
2023-01-19 13:29:47.988000,1.35022,1.34997,1200000,1320000
2023-01-19 13:29:48.217000,1.35021,1.34996,1200000,1240000
2023-01-19 13:29:49.052000,1.3502,1.34996,1200000,1240000
2023-01-19 13:29:49.326000,1.3502,1.34995,1320000,1720000
2023-01-19 13:29:49.895000,1.3502,1.34996,1890000,1620000
2023-01-19 13:29:49.946000,1.35021,1.35,1200000,1200000
2023-01-19 13:29:49.997000,1.35021,1.34997,1200000,1200000
2023-01-19 13:29:50.098000,1.35021,1.34995,1620000,1120000
2023-01-19 13:29:50.200000,1.3502,1.34994,1120000,1620000
2023-01-19 13:29:50.251000,1.35018,1.34994,1120000,1320000
2023-01-19 13:29:50.800000,1.35018,1.34992,1200000,1620000
2023-01-19 13:29:50.901000,1.35019,1.34995,1200000,1700000
2023-01-19 13:29:51.003000,1.35019,1.34996,1200000,1200000
2023-01-19 13:29:51.104000,1.3502,1.34994,1200000,2970000
2023-01-19 13:29:51.206000,1.35021,1.34996,1200000,1440000
2023-01-19 13:29:51.307000,1.35021,1.34997,1200000,1350000
2023-01-19 13:29:51.422000,1.3502,1.34996,1200000,2170000
2023-01-19 13:29:52.152000,1.35021,1.34995,1120000,3620000
2023-01-19 13:29:52.461000,1.35021,1.34995,1120000,1120000
2023-01-19 13:29:52.838000,1.35021,1.34995,1620000,2370000
2023-01-19 13:29:55.024000,1.3502,1.34997,1200000,1120000
2023-01-19 13:29:55.126000,1.3502,1.34996,1800000,1200000
2023-01-19 13:29:55.227000,1.35018,1.34996,1200000,1200000
2023-01-19 13:29:55.279000,1.35018,1.34994,1200000,1800000
2023-01-19 13:29:55.837000,1.35018,1.34995,1200000,1320000
2023-01-19 13:29:55.888000,1.35019,1.34996,1200000,1200000
2023-01-19 13:29:55.939000,1.3502,1.34997,1200000,1200000
2023-01-19 13:29:56.062000,1.35021,1.34992,1200000,1620000
2023-01-19 13:29:56.163000,1.35022,1.34993,1200000,1200000
2023-01-19 13:29:56.281000,1.35021,1.34998,1200000,1200000
2023-01-19 13:29:56.598000,1.3502,1.34998,1200000,1200000
2023-01-19 13:29:56.700000,1.35022,1.34997,1200000,1200000
2023-01-19 13:29:57.099000,1.35023,1.34997,1200000,1200000
2023-01-19 13:29:57.363000,1.35024,1.35001,1200000,1200000
2023-01-19 13:29:57.464000,1.35024,1.35002,1200000,1200000
2023-01-19 13:29:57.677000,1.35022,1.35002,1200000,1200000
2023-01-19 13:29:57.728000,1.35022,1.35,1200000,1200000
2023-01-19 13:29:57.830000,1.35024,1.35001,1200000,1200000
2023-01-19 13:29:57.958000,1.35023,1.35001,1200000,1200000
2023-01-19 13:29:58.078000,1.3502,1.35,1200000,1200000
2023-01-19 13:29:58.129000,1.35025,1.35001,1200000,1200000
2023-01-19 13:29:58.230000,1.35024,1.35002,1200000,1200000
2023-01-19 13:29:58.281000,1.3502,1.35003,1200000,1200000
2023-01-19 13:29:58.332000,1.35022,1.34999,1200000,1200000
2023-01-19 13:29:58.382000,1.35017,1.34999,1200000,1200000
2023-01-19 13:29:58.433000,1.35016,1.34994,1200000,1200000
2023-01-19 13:29:58.534000,1.35013,1.34992,1200000,1200000
2023-01-19 13:29:58.658000,1.35015,1.34991,1200000,1200000
2023-01-19 13:29:58.767000,1.35014,1.34989,1200000,1200000
2023-01-19 13:29:58.954000,1.35011,1.34987,1200000,1200000
2023-01-19 13:29:59.212000,1.35012,1.34985,1200000,1200000
2023-01-19 13:29:59.263000,1.35005,1.34984,1200000,1200000
2023-01-19 13:29:59.390000,1.35005,1.34983,1200000,1200000
2023-01-19 13:29:59.491000,1.35008,1.34987,1200000,1200000
2023-01-19 13:29:59.592000,1.35006,1.34988,1200000,1200000
2023-01-19 13:29:59.643000,1.35007,1.34985,1200000,1200000
2023-01-19 13:30:00.095000,1.35005,1.34986,1200000,1200000
2023-01-19 13:30:00.197000,1.34992,1.34984,1200000,1200000
2023-01-19 13:30:00.298000,1.34994,1.34964,1200000,1200000
2023-01-19 13:30:00.399000,1.34995,1.34964,1800000,1200000
2023-01-19 13:30:00.675000,1.34992,1.34965,1200000,1200000
2023-01-19 13:30:01.005000,1.34993,1.34966,1200000,1200000
2023-01-19 13:30:01.106000,1.34994,1.34966,1800000,1200000
2023-01-19 13:30:01.904000,1.3509,1.35029,1200000,900000
2023-01-19 13:30:01.955000,1.35001,1.34983,1800000,1200000
2023-01-19 13:30:02.006000,1.35052,1.34982,900000,1200000
2023-01-19 13:30:02.107000,1.35021,1.34983,900000,1600000
2023-01-19 13:30:02.210000,1.35078,1.35038,900000,1200000
2023-01-19 13:30:02.261000,1.35081,1.35046,1200000,1200000
2023-01-19 13:30:02.362000,1.35081,1.3505,1200000,1800000
2023-01-19 13:30:02.463000,1.35081,1.35053,1200000,1200000
2023-01-19 13:30:02.841000,1.35079,1.35051,1260000,1800000
2023-01-19 13:30:02.993000,1.35078,1.35056,1200000,1200000
2023-01-19 13:30:03.044000,1.35079,1.35052,1200000,1800000
2023-01-19 13:30:03.145000,1.35084,1.35045,1200000,1200000
2023-01-19 13:30:03.730000,1.35081,1.35044,1200000,1200000
2023-01-19 13:30:03.832000,1.3508,1.35044,1200000,1200000
2023-01-19 13:30:04.048000,1.35079,1.35044,1200000,1200000
2023-01-19 13:30:04.150000,1.35071,1.35035,1200000,1200000
2023-01-19 13:30:04.312000,1.35064,1.35035,1200000,1200000
2023-01-19 13:30:04.363000,1.35063,1.35032,1200000,1200000
2023-01-19 13:30:04.419000,1.35063,1.35029,1200000,1200000
2023-01-19 13:30:04.470000,1.35069,1.35031,1800000,1200000
2023-01-19 13:30:04.521000,1.35069,1.35035,1200000,1200000
2023-01-19 13:30:04.636000,1.35071,1.35049,1200000,1200000
2023-01-19 13:30:04.742000,1.35072,1.35049,1200000,1200000
2023-01-19 13:30:04.852000,1.35069,1.35049,1200000,1200000
2023-01-19 13:30:04.903000,1.35068,1.35048,1200000,1200000
2023-01-19 13:30:05.004000,1.35071,1.35047,1200000,1200000
2023-01-19 13:30:05.055000,1.3508,1.35049,2700000,1200000
2023-01-19 13:30:05.106000,1.35075,1.35041,1600000,1200000
2023-01-19 13:30:05.156000,1.35068,1.35041,1200000,1200000
2023-01-19 13:30:05.207000,1.35068,1.35039,1200000,1200000
2023-01-19 13:30:05.321000,1.35068,1.35051,1200000,900000
2023-01-19 13:30:05.372000,1.35076,1.35052,1800000,1200000
2023-01-19 13:30:05.423000,1.35076,1.35058,1800000,1200000
2023-01-19 13:30:05.474000,1.35086,1.35057,1080000,1200000
2023-01-19 13:30:05.525000,1.35085,1.3506,1080000,1200000
2023-01-19 13:30:05.576000,1.35093,1.3506,1600000,1200000
2023-01-19 13:30:05.677000,1.35092,1.3506,1600000,1200000
2023-01-19 13:30:05.989000,1.35092,1.35059,1600000,1200000
2023-01-19 13:30:06.351000,1.35094,1.35062,2100000,1200000
2023-01-19 13:30:06.452000,1.35094,1.35066,1600000,1200000
2023-01-19 13:30:06.553000,1.35094,1.35067,1600000,1200000
2023-01-19 13:30:06.655000,1.35074,1.35065,900000,1200000
2023-01-19 13:30:06.756000,1.35098,1.35073,1200000,1200000
2023-01-19 13:30:06.858000,1.351,1.35071,1800000,1200000
2023-01-19 13:30:06.959000,1.35102,1.35078,1200000,1200000
2023-01-19 13:30:07.060000,1.35105,1.35074,1350000,1200000
2023-01-19 13:30:07.123000,1.35105,1.35074,1240000,1200000
2023-01-19 13:30:07.174000,1.35105,1.35075,1240000,1200000
2023-01-19 13:30:07.276000,1.35102,1.35075,1320000,1200000
2023-01-19 13:30:07.428000,1.35102,1.35075,1120000,1200000
2023-01-19 13:30:07.529000,1.35102,1.35078,1120000,1200000
2023-01-19 13:30:07.641000,1.35103,1.35076,1120000,1200000
2023-01-19 13:30:08.052000,1.35105,1.3508,1620000,1200000
2023-01-19 13:30:08.103000,1.35105,1.3508,1800000,1350000
2023-01-19 13:30:08.154000,1.35115,1.35092,1200000,1200000
2023-01-19 13:30:08.256000,1.35119,1.35092,1820000,1200000
2023-01-19 13:30:08.357000,1.35119,1.35087,1200000,1200000
2023-01-19 13:30:08.738000,1.35122,1.35087,1620000,1200000
2023-01-19 13:30:08.840000,1.35122,1.35089,1120000,1200000
2023-01-19 13:30:08.941000,1.35122,1.3509,2370000,1200000
2023-01-19 13:30:09.043000,1.35122,1.35089,2370000,1200000
2023-01-19 13:30:09.378000,1.35122,1.35087,2370000,1200000
2023-01-19 13:30:09.494000,1.35121,1.35089,2370000,1200000
2023-01-19 13:30:09.545000,1.35122,1.35088,1320000,1200000
2023-01-19 13:30:09.646000,1.35123,1.35094,1120000,1200000
2023-01-19 13:30:09.748000,1.35123,1.35093,1320000,1200000
2023-01-19 13:30:09.849000,1.35123,1.35094,1320000,1200000
2023-01-19 13:30:10.102000,1.35122,1.35094,1120000,1200000
2023-01-19 13:30:10.204000,1.35122,1.35089,1620000,1200000
2023-01-19 13:30:10.662000,1.35122,1.35093,1320000,1600000
2023-01-19 13:30:10.764000,1.35121,1.35094,1120000,1200000
2023-01-19 13:30:10.815000,1.35124,1.35094,1120000,1200000
2023-01-19 13:30:10.916000,1.35128,1.35093,3490000,1200000
2023-01-19 13:30:11.018000,1.35128,1.35093,4070000,1200000
2023-01-19 13:30:11.069000,1.35127,1.35106,1200000,2370000
2023-01-19 13:30:11.120000,1.35128,1.35104,1200000,1600000
2023-01-19 13:30:11.171000,1.35128,1.35112,1200000,1200000
2023-01-19 13:30:11.222000,1.35141,1.35113,1600000,1200000
2023-01-19 13:30:11.323000,1.35145,1.35113,1200000,1200000
2023-01-19 13:30:11.374000,1.35146,1.35114,1620000,1200000
2023-01-19 13:30:11.476000,1.35146,1.35114,1620000,1200000
2023-01-19 13:30:11.526000,1.35145,1.35118,1620000,2250000
2023-01-19 13:30:11.628000,1.35143,1.35118,1200000,1200000
2023-01-19 13:30:11.729000,1.35142,1.35119,1200000,1120000
2023-01-19 13:30:11.830000,1.35143,1.35118,1200000,1200000
2023-01-19 13:30:11.932000,1.35144,1.35119,1320000,1200000
2023-01-19 13:30:12.134000,1.35146,1.35121,1620000,1200000
2023-01-19 13:30:12.236000,1.35146,1.3512,2220000,1200000
2023-01-19 13:30:12.337000,1.35145,1.35119,2220000,1200000
2023-01-19 13:30:12.438000,1.35146,1.3512,2220000,1200000
2023-01-19 13:30:12.540000,1.35146,1.35119,2220000,1200000
2023-01-19 13:30:12.641000,1.35146,1.35121,2120000,1200000
2023-01-19 13:30:12.743000,1.35145,1.35123,1620000,1200000
2023-01-19 13:30:12.794000,1.35146,1.35123,1200000,1200000
2023-01-19 13:30:12.845000,1.35148,1.35127,2100000,1200000
2023-01-19 13:30:12.946000,1.35146,1.35124,1200000,1200000
2023-01-19 13:30:13.047000,1.35146,1.35122,1200000,1200000
2023-01-19 13:30:13.149000,1.35145,1.35123,1200000,1200000
2023-01-19 13:30:13.250000,1.35147,1.35122,1320000,1200000
2023-01-19 13:30:13.352000,1.35146,1.35123,1120000,1200000
2023-01-19 13:30:13.453000,1.35146,1.35122,1240000,1200000
2023-01-19 13:30:13.504000,1.35144,1.35118,1350000,1350000
2023-01-19 13:30:13.605000,1.35141,1.35117,1600000,1200000
2023-01-19 13:30:13.707000,1.3514,1.35114,1200000,1600000
2023-01-19 13:30:13.808000,1.3514,1.35114,1720000,1600000
2023-01-19 13:30:13.910000,1.35128,1.3511,1200000,1200000
2023-01-19 13:30:14.113000,1.35131,1.35111,1100000,1200000
2023-01-19 13:30:14.214000,1.3513,1.35109,1200000,1600000
2023-01-19 13:30:14.316000,1.3514,1.35115,1600000,1200000
2023-01-19 13:30:14.468000,1.35142,1.35117,2570000,1200000
2023-01-19 13:30:14.569000,1.35134,1.35107,1200000,3700000
2023-01-19 13:30:14.721000,1.35132,1.35107,1200000,2250000
2023-01-19 13:30:14.772000,1.3513,1.35107,1200000,1800000
2023-01-19 13:30:14.874000,1.35129,1.35104,1700000,1200000
2023-01-19 13:30:14.925000,1.35129,1.35104,1200000,1200000
2023-01-19 13:30:14.976000,1.35128,1.35104,1620000,1200000
2023-01-19 13:30:15.077000,1.35118,1.35103,1200000,1200000
2023-01-19 13:30:15.128000,1.35109,1.35095,1200000,1200000
2023-01-19 13:30:15.179000,1.35119,1.35098,2570000,1200000
2023-01-19 13:30:15.230000,1.35119,1.35098,1200000,1200000
2023-01-19 13:30:15.281000,1.35119,1.351,1200000,1200000
2023-01-19 13:30:15.332000,1.35121,1.351,1200000,1200000
2023-01-19 13:30:15.383000,1.35122,1.35096,1440000,1200000
2023-01-19 13:30:15.484000,1.35124,1.35106,1200000,1200000
2023-01-19 13:30:15.586000,1.35119,1.35096,1200000,1200000
2023-01-19 13:30:15.687000,1.35122,1.35102,1200000,1200000
2023-01-19 13:30:15.789000,1.35125,1.35106,1200000,1200000
2023-01-19 13:30:15.890000,1.35125,1.35102,1200000,1200000
2023-01-19 13:30:15.941000,1.35114,1.35103,2700000,1200000
2023-01-19 13:30:15.992000,1.35113,1.35093,1200000,1200000
2023-01-19 13:30:16.094000,1.35108,1.35088,1200000,1200000
2023-01-19 13:30:16.195000,1.35104,1.35079,1200000,3600000
2023-01-19 13:30:16.246000,1.35104,1.35091,1200000,1350000
2023-01-19 13:30:16.348000,1.35118,1.35098,1200000,1200000
2023-01-19 13:30:16.399000,1.35118,1.35101,1200000,1200000
2023-01-19 13:30:16.500000,1.35118,1.35096,1700000,1200000
2023-01-19 13:30:16.551000,1.35117,1.35097,1440000,1200000
2023-01-19 13:30:16.602000,1.35113,1.35092,1200000,1200000
2023-01-19 13:30:16.704000,1.35108,1.35087,1200000,1200000
2023-01-19 13:30:16.805000,1.35106,1.35083,1200000,1200000
2023-01-19 13:30:16.856000,1.35114,1.35083,1120000,1200000
2023-01-19 13:30:16.958000,1.35109,1.35083,1120000,1200000
2023-01-19 13:30:17.009000,1.35108,1.35081,1120000,1200000
2023-01-19 13:30:17.061000,1.35106,1.35082,1120000,1200000
2023-01-19 13:30:17.162000,1.35097,1.35078,2250000,1200000
2023-01-19 13:30:17.213000,1.35097,1.35072,2250000,3340000
2023-01-19 13:30:17.264000,1.351,1.35073,1800000,1240000
2023-01-19 13:30:17.315000,1.351,1.35076,1200000,1320000
2023-01-19 13:30:17.416000,1.35109,1.35083,3600000,1200000
2023-01-19 13:30:17.518000,1.35109,1.35082,1600000,1200000
2023-01-19 13:30:17.569000,1.35108,1.35081,2100000,1200000
2023-01-19 13:30:17.670000,1.35106,1.35077,1200000,1240000
2023-01-19 13:30:17.773000,1.35102,1.35077,1200000,1320000
2023-01-19 13:30:17.875000,1.351,1.35075,1800000,1200000
2023-01-19 13:30:17.977000,1.35104,1.35075,1600000,1320000
2023-01-19 13:30:18.078000,1.35098,1.35074,1200000,1320000
2023-01-19 13:30:18.180000,1.35073,1.35054,1200000,1720000
2023-01-19 13:30:18.282000,1.35081,1.35059,1440000,1200000
2023-01-19 13:30:18.333000,1.35081,1.35054,1440000,1120000
2023-01-19 13:30:18.384000,1.35082,1.35052,1990000,1120000
2023-01-19 13:30:18.536000,1.3508,1.35051,1200000,1120000
2023-01-19 13:30:18.587000,1.35082,1.35052,1440000,1120000
2023-01-19 13:30:18.738000,1.35081,1.35053,1240000,1120000
2023-01-19 13:30:18.890000,1.35082,1.35051,2740000,1120000
2023-01-19 13:30:18.992000,1.35082,1.35056,3150000,1120000
2023-01-19 13:30:19.093000,1.35081,1.35057,1440000,1200000
2023-01-19 13:30:19.194000,1.35082,1.35056,1350000,1120000
2023-01-19 13:30:19.296000,1.35082,1.35056,1350000,1320000
2023-01-19 13:30:19.397000,1.35086,1.35057,1440000,1120000
2023-01-19 13:30:19.448000,1.35089,1.35059,1350000,1120000
2023-01-19 13:30:19.550000,1.3509,1.35065,1440000,1440000
2023-01-19 13:30:19.601000,1.35093,1.35071,1700000,1200000
2023-01-19 13:30:19.651000,1.35095,1.3507,1120000,1200000
2023-01-19 13:30:19.753000,1.35096,1.35071,1120000,1200000
2023-01-19 13:30:19.854000,1.35095,1.3507,1120000,1200000
2023-01-19 13:30:19.905000,1.3509,1.35066,1720000,1200000
2023-01-19 13:30:20.007000,1.35088,1.35065,2170000,1200000
2023-01-19 13:30:20.108000,1.35091,1.35068,1440000,1200000
2023-01-19 13:30:20.159000,1.35094,1.35068,1320000,1200000
2023-01-19 13:30:20.261000,1.35095,1.35069,1120000,1200000
2023-01-19 13:30:20.363000,1.35093,1.35069,1320000,1200000
2023-01-19 13:30:20.414000,1.35097,1.35071,1240000,1200000
2023-01-19 13:30:20.516000,1.35096,1.35072,1320000,1200000
2023-01-19 13:30:20.617000,1.351,1.35072,3120000,1200000
2023-01-19 13:30:20.718000,1.35098,1.35074,1120000,1200000
2023-01-19 13:30:20.820000,1.351,1.35073,1240000,1200000
2023-01-19 13:30:20.922000,1.35098,1.35071,1620000,1200000
2023-01-19 13:30:21.023000,1.35094,1.35067,1200000,1200000
2023-01-19 13:30:21.309000,1.35094,1.35068,1320000,1320000
2023-01-19 13:30:21.410000,1.35093,1.35067,1200000,1200000
2023-01-19 13:30:21.511000,1.35091,1.35067,1320000,1600000
2023-01-19 13:30:21.613000,1.3509,1.35066,1200000,1600000
2023-01-19 13:30:21.937000,1.3509,1.3507,1200000,1200000
2023-01-19 13:30:22.038000,1.35099,1.35076,2490000,1200000
2023-01-19 13:30:22.140000,1.35096,1.35075,1320000,1200000
2023-01-19 13:30:22.241000,1.351,1.35074,2490000,1200000
2023-01-19 13:30:22.343000,1.351,1.35075,1120000,1200000
2023-01-19 13:30:22.444000,1.35101,1.35076,2250000,1200000
2023-01-19 13:30:22.546000,1.35101,1.35081,1200000,1200000
2023-01-19 13:30:22.597000,1.35107,1.35081,1740000,1200000
2023-01-19 13:30:22.698000,1.35108,1.35082,1620000,1350000
2023-01-19 13:30:22.749000,1.35108,1.35084,1120000,1200000
2023-01-19 13:30:22.851000,1.35107,1.35086,1120000,1200000
2023-01-19 13:30:22.952000,1.35108,1.35084,1120000,1200000
2023-01-19 13:30:23.104000,1.35107,1.35085,1620000,1200000
2023-01-19 13:30:23.205000,1.35106,1.35084,1120000,1200000
2023-01-19 13:30:23.307000,1.35108,1.35084,1720000,1200000
2023-01-19 13:30:23.408000,1.35108,1.35085,1720000,1200000
2023-01-19 13:30:23.510000,1.35106,1.35084,1240000,1200000
2023-01-19 13:30:23.915000,1.35108,1.35083,1720000,1200000
2023-01-19 13:30:24.016000,1.35109,1.35091,1200000,2250000
2023-01-19 13:30:24.118000,1.35117,1.351,1200000,1200000
2023-01-19 13:30:24.169000,1.35122,1.35099,1800000,1200000
2023-01-19 13:30:24.270000,1.35124,1.35101,1200000,1350000
2023-01-19 13:30:24.321000,1.35125,1.35103,1320000,1200000
2023-01-19 13:30:24.473000,1.35126,1.35101,1320000,1200000
2023-01-19 13:30:24.575000,1.35126,1.35102,1240000,1200000
2023-01-19 13:30:24.626000,1.35125,1.35103,1890000,1200000
2023-01-19 13:30:24.676000,1.35125,1.35106,1890000,1200000
2023-01-19 13:30:24.778000,1.35125,1.35104,1120000,1200000
2023-01-19 13:30:24.957000,1.35126,1.35102,1120000,1200000
2023-01-19 13:30:25.159000,1.35123,1.35102,1320000,1200000
2023-01-19 13:30:25.261000,1.35115,1.35095,1200000,2470000
2023-01-19 13:30:25.487000,1.35117,1.35094,1200000,2470000
2023-01-19 13:30:25.538000,1.35117,1.35094,1200000,1350000
2023-01-19 13:30:25.589000,1.35109,1.35094,1200000,1200000
2023-01-19 13:30:25.690000,1.35111,1.35091,1200000,3600000
2023-01-19 13:30:26.831000,1.35114,1.35094,1200000,1350000
2023-01-19 13:30:26.882000,1.35113,1.35095,1200000,2470000
2023-01-19 13:30:26.933000,1.35117,1.35094,1200000,2100000
2023-01-19 13:30:27.035000,1.35116,1.35094,1200000,1600000
2023-01-19 13:30:27.136000,1.35116,1.35095,1200000,2100000
2023-01-19 13:30:27.440000,1.35116,1.35094,1200000,1200000
2023-01-19 13:30:27.491000,1.35115,1.35092,1200000,4050000
2023-01-19 13:30:27.542000,1.3511,1.35091,1200000,2250000
2023-01-19 13:30:27.643000,1.35108,1.35093,1200000,1600000
2023-01-19 13:30:27.745000,1.35106,1.35091,1200000,1350000
2023-01-19 13:30:27.846000,1.35108,1.35088,1200000,2250000
2023-01-19 13:30:27.948000,1.35104,1.35092,1200000,1350000
2023-01-19 13:30:27.999000,1.35105,1.35088,1200000,1200000
2023-01-19 13:30:28.050000,1.35099,1.35081,1200000,1720000
2023-01-19 13:30:28.101000,1.35099,1.35081,1200000,1200000
2023-01-19 13:30:28.152000,1.35093,1.35079,1200000,1200000
2023-01-19 13:30:28.203000,1.3509,1.35074,1200000,1200000
2023-01-19 13:30:28.254000,1.35084,1.35073,1200000,1200000
2023-01-19 13:30:28.305000,1.35084,1.35069,1200000,1200000
2023-01-19 13:30:28.356000,1.35081,1.35066,1200000,1200000
2023-01-19 13:30:28.457000,1.35085,1.35066,1200000,2100000
2023-01-19 13:30:28.559000,1.35078,1.35066,1200000,1200000
2023-01-19 13:30:28.610000,1.35077,1.35061,1200000,1800000
2023-01-19 13:30:28.661000,1.35081,1.3506,1200000,1800000
2023-01-19 13:30:28.762000,1.35078,1.35061,1200000,1200000
2023-01-19 13:30:28.864000,1.35077,1.35061,1200000,1200000
2023-01-19 13:30:28.965000,1.35081,1.35059,1200000,1200000
2023-01-19 13:30:29.067000,1.35082,1.35059,1200000,1200000
2023-01-19 13:30:29.118000,1.35082,1.35059,1200000,1600000
2023-01-19 13:30:29.219000,1.35083,1.35059,1200000,1600000
2023-01-19 13:30:29.338000,1.3508,1.3506,1200000,1350000
2023-01-19 13:30:29.439000,1.35078,1.35059,1200000,1350000
2023-01-19 13:30:29.591000,1.35078,1.35057,1200000,1200000
2023-01-19 13:30:29.693000,1.35071,1.3505,1200000,1600000
2023-01-19 13:30:29.794000,1.3507,1.35049,1200000,2470000
2023-01-19 13:30:29.997000,1.35069,1.35049,1200000,1350000
2023-01-19 13:30:30.252000,1.35068,1.35049,1200000,1200000
2023-01-19 13:30:30.354000,1.3506,1.35043,1200000,1700000
2023-01-19 13:30:30.405000,1.35059,1.35044,1200000,1320000
2023-01-19 13:30:30.456000,1.35063,1.35043,1200000,1320000
2023-01-19 13:30:30.558000,1.35064,1.35044,1200000,1240000
2023-01-19 13:30:30.676000,1.35064,1.35043,1200000,1320000
2023-01-19 13:30:30.828000,1.35064,1.35044,1200000,1200000
2023-01-19 13:30:30.879000,1.35064,1.35043,1200000,1720000
2023-01-19 13:30:30.981000,1.35063,1.35043,1200000,1200000
2023-01-19 13:30:31.032000,1.35061,1.35043,1200000,1200000
2023-01-19 13:30:31.083000,1.3506,1.3504,1200000,1200000
2023-01-19 13:30:31.134000,1.35057,1.35039,1200000,1800000
2023-01-19 13:30:31.185000,1.35056,1.35038,1200000,1890000
2023-01-19 13:30:31.236000,1.35057,1.35037,1200000,2370000
2023-01-19 13:30:31.337000,1.35058,1.35037,1200000,1620000
2023-01-19 13:30:31.388000,1.35058,1.35037,1200000,1890000
2023-01-19 13:30:31.489000,1.35057,1.35037,1200000,1890000
2023-01-19 13:30:31.641000,1.35054,1.35037,1200000,1800000
2023-01-19 13:30:31.844000,1.35054,1.35037,1200000,1620000
2023-01-19 13:30:31.945000,1.35057,1.35035,1200000,2250000
2023-01-19 13:30:32.047000,1.35053,1.35036,1200000,1240000
2023-01-19 13:30:32.148000,1.35053,1.35036,1200000,1800000
2023-01-19 13:30:32.250000,1.3506,1.35039,1200000,2550000
2023-01-19 13:30:32.353000,1.35061,1.35039,1200000,2590000
2023-01-19 13:30:32.454000,1.35062,1.35039,1200000,1200000
2023-01-19 13:30:32.555000,1.3506,1.35039,1200000,1320000
2023-01-19 13:30:32.831000,1.3506,1.3504,1200000,1320000
2023-01-19 13:30:32.933000,1.35058,1.35037,1200000,1800000
2023-01-19 13:30:33.085000,1.35057,1.35037,1200000,1720000
2023-01-19 13:30:33.255000,1.35058,1.35038,1200000,1600000
2023-01-19 13:30:33.508000,1.35058,1.35039,1200000,1700000
2023-01-19 13:30:33.632000,1.35058,1.35039,1200000,1620000
2023-01-19 13:30:33.733000,1.3506,1.35039,1200000,1200000
2023-01-19 13:30:33.784000,1.35062,1.35039,1200000,1200000
2023-01-19 13:30:33.886000,1.35061,1.35039,1200000,1200000
2023-01-19 13:30:33.987000,1.35064,1.3504,1200000,2970000
2023-01-19 13:30:34.038000,1.35063,1.35047,1200000,2550000
2023-01-19 13:30:34.140000,1.35067,1.3505,1200000,1220000
2023-01-19 13:30:34.191000,1.3507,1.35049,1200000,1220000
2023-01-19 13:30:34.242000,1.35071,1.35049,1200000,1220000
2023-01-19 13:30:34.293000,1.35072,1.3505,1200000,1840000
2023-01-19 13:30:34.394000,1.35073,1.35051,1200000,1120000
2023-01-19 13:30:34.445000,1.35072,1.35056,1200000,1350000
2023-01-19 13:30:34.747000,1.35075,1.3506,1200000,1700000
2023-01-19 13:30:34.849000,1.35081,1.35064,1200000,1350000
2023-01-19 13:30:34.950000,1.35086,1.35065,1200000,1600000
2023-01-19 13:30:35.052000,1.35087,1.35065,1200000,1600000
2023-01-19 13:30:35.248000,1.35087,1.35065,1200000,1350000
2023-01-19 13:30:35.349000,1.35086,1.35064,1200000,2570000
2023-01-19 13:30:35.502000,1.35086,1.35064,1200000,1600000
2023-01-19 13:30:35.553000,1.3508,1.35063,1200000,1350000
2023-01-19 13:30:35.604000,1.3508,1.35058,1200000,1100000
2023-01-19 13:30:35.655000,1.35078,1.35059,1200000,1100000
2023-01-19 13:30:35.950000,1.35078,1.35057,1200000,2250000
2023-01-19 13:30:36.052000,1.35071,1.35057,1200000,1350000
2023-01-19 13:30:36.567000,1.35071,1.35055,1200000,1800000
2023-01-19 13:30:36.706000,1.3507,1.35055,1200000,1200000
2023-01-19 13:30:36.807000,1.3507,1.35052,1200000,1700000
2023-01-19 13:30:36.909000,1.35073,1.35051,1200000,1700000
2023-01-19 13:30:37.111000,1.35074,1.35051,1200000,1700000
2023-01-19 13:30:37.780000,1.35073,1.35051,1200000,1700000
2023-01-19 13:30:37.882000,1.35072,1.35051,1200000,1700000
2023-01-19 13:30:38.357000,1.35071,1.35051,1200000,1350000
2023-01-19 13:30:38.459000,1.35063,1.35047,1200000,1200000
2023-01-19 13:30:38.560000,1.35064,1.35047,1200000,1350000
2023-01-19 13:30:38.661000,1.35066,1.35046,1200000,1350000
2023-01-19 13:30:39.107000,1.35071,1.35051,1200000,1720000
2023-01-19 13:30:39.209000,1.35073,1.35054,1800000,1720000
2023-01-19 13:30:39.310000,1.35075,1.35053,1200000,1700000
2023-01-19 13:30:39.412000,1.35076,1.35053,1200000,1700000
2023-01-19 13:30:39.715000,1.35076,1.35058,1200000,1200000
2023-01-19 13:30:39.817000,1.35079,1.35065,1200000,1350000
2023-01-19 13:30:39.868000,1.35083,1.35064,1200000,1350000
2023-01-19 13:30:39.919000,1.35083,1.35064,1200000,2570000
2023-01-19 13:30:40.020000,1.3509,1.35075,1200000,1600000
2023-01-19 13:30:40.071000,1.35093,1.3507,1200000,1350000
2023-01-19 13:30:40.173000,1.35088,1.35067,1200000,1200000
2023-01-19 13:30:40.274000,1.35086,1.35068,1200000,1200000
2023-01-19 13:30:40.376000,1.35084,1.35066,1200000,1200000
2023-01-19 13:30:40.477000,1.35078,1.35067,1200000,1200000
2023-01-19 13:30:40.528000,1.35079,1.35059,1200000,1200000
2023-01-19 13:30:40.629000,1.35078,1.35055,1200000,2550000
2023-01-19 13:30:40.680000,1.35074,1.35056,1200000,2470000
2023-01-19 13:30:40.731000,1.35075,1.35055,1200000,1800000
2023-01-19 13:30:40.834000,1.35074,1.35055,1200000,1890000
2023-01-19 13:30:40.935000,1.35074,1.35056,1200000,1800000
2023-01-19 13:30:40.986000,1.35071,1.35054,1200000,1200000
2023-01-19 13:30:41.088000,1.35065,1.3505,1200000,1120000
2023-01-19 13:30:41.189000,1.35071,1.35051,1200000,1440000
2023-01-19 13:30:41.653000,1.35068,1.35052,1200000,1350000
2023-01-19 13:30:41.755000,1.35068,1.35051,1200000,1350000
2023-01-19 13:30:41.907000,1.35069,1.35051,1200000,1350000
2023-01-19 13:30:42.059000,1.35069,1.35052,1200000,1350000
2023-01-19 13:30:42.413000,1.35068,1.35052,1200000,1350000
2023-01-19 13:30:42.667000,1.3507,1.35051,1200000,1440000
2023-01-19 13:30:42.772000,1.35073,1.35051,1200000,1440000
2023-01-19 13:30:42.873000,1.35069,1.35051,1200000,1350000
2023-01-19 13:30:43.151000,1.35065,1.35052,1200000,1350000
2023-01-19 13:30:43.253000,1.35065,1.35049,1200000,1200000
2023-01-19 13:30:43.355000,1.35067,1.35049,1200000,1200000
2023-01-19 13:30:43.456000,1.35064,1.35044,1200000,1350000
2023-01-19 13:30:43.558000,1.3506,1.35044,1200000,1200000
2023-01-19 13:30:43.659000,1.3506,1.35045,1320000,1200000
2023-01-19 13:30:43.710000,1.3506,1.35041,1440000,1200000
2023-01-19 13:30:43.761000,1.35057,1.35035,1200000,1350000
2023-01-19 13:30:43.812000,1.35057,1.35039,1200000,1200000
2023-01-19 13:30:43.913000,1.35058,1.3504,1200000,1700000
2023-01-19 13:30:43.964000,1.35062,1.35038,1200000,2570000
2023-01-19 13:30:44.015000,1.35061,1.35037,1200000,1820000
2023-01-19 13:30:44.617000,1.3506,1.35038,1200000,1820000
2023-01-19 13:30:44.668000,1.3506,1.35036,1320000,1700000
2023-01-19 13:30:44.719000,1.35057,1.35037,1200000,1200000
2023-01-19 13:30:44.995000,1.35055,1.35035,1200000,1350000
2023-01-19 13:30:45.096000,1.35056,1.35035,1200000,1700000
2023-01-19 13:30:45.272000,1.35057,1.35035,1200000,1700000
2023-01-19 13:30:45.486000,1.35055,1.35035,1200000,1700000
2023-01-19 13:30:45.588000,1.35058,1.3504,1200000,2550000
2023-01-19 13:30:45.689000,1.35061,1.35039,1200000,2470000
2023-01-19 13:30:45.740000,1.35061,1.35039,1200000,2470000
2023-01-19 13:30:45.862000,1.35061,1.3504,1200000,2470000
2023-01-19 13:30:45.963000,1.35063,1.35039,1200000,2470000
2023-01-19 13:30:46.065000,1.35063,1.35039,1200000,1800000
2023-01-19 13:30:46.166000,1.3506,1.35039,1200000,2550000
2023-01-19 13:30:46.506000,1.35061,1.35039,1200000,1800000
2023-01-19 13:30:47.240000,1.35061,1.35042,1200000,1600000
2023-01-19 13:30:47.594000,1.35066,1.35049,1200000,1320000
2023-01-19 13:30:47.695000,1.35067,1.35058,1200000,1240000
2023-01-19 13:30:47.746000,1.35078,1.35058,1200000,1620000
2023-01-19 13:30:47.848000,1.35079,1.35059,1200000,1320000
2023-01-19 13:30:47.999000,1.35079,1.35059,1200000,1700000
2023-01-19 13:30:48.203000,1.35081,1.35059,1200000,1700000
2023-01-19 13:30:48.304000,1.3508,1.35059,1200000,1600000
2023-01-19 13:30:48.406000,1.35079,1.3506,1200000,1600000
2023-01-19 13:30:48.507000,1.35081,1.35059,1200000,1600000
2023-01-19 13:30:48.659000,1.35082,1.35059,1200000,1600000
2023-01-19 13:30:48.830000,1.35082,1.35059,1200000,1600000
2023-01-19 13:30:49.465000,1.3508,1.35061,1200000,1200000
2023-01-19 13:30:49.567000,1.3508,1.35061,1200000,1600000
2023-01-19 13:30:49.714000,1.35081,1.3506,1200000,1200000
2023-01-19 13:30:50.066000,1.3508,1.35061,1200000,1600000
2023-01-19 13:30:50.218000,1.35082,1.35061,1200000,1200000
2023-01-19 13:30:50.319000,1.35083,1.35061,1200000,1350000
2023-01-19 13:30:50.421000,1.35079,1.35062,1200000,1200000
2023-01-19 13:30:50.522000,1.35079,1.35061,1200000,1200000
2023-01-19 13:30:50.623000,1.35078,1.35061,1200000,1200000
2023-01-19 13:30:50.775000,1.35078,1.35062,1200000,1200000
2023-01-19 13:30:51.339000,1.35078,1.3506,1200000,1350000
2023-01-19 13:30:51.769000,1.35078,1.35059,1200000,1350000
2023-01-19 13:30:51.870000,1.35076,1.3506,1200000,1350000
2023-01-19 13:30:52.022000,1.35077,1.35059,1600000,1200000
2023-01-19 13:30:52.073000,1.35069,1.3506,1200000,1200000
2023-01-19 13:30:52.124000,1.3507,1.35051,1200000,1350000
2023-01-19 13:30:52.175000,1.35068,1.35051,1200000,1350000
2023-01-19 13:30:52.456000,1.35067,1.35051,1200000,1350000
2023-01-19 13:30:52.557000,1.35069,1.35057,1200000,1720000
2023-01-19 13:30:52.659000,1.35076,1.35058,1200000,1100000
2023-01-19 13:30:52.764000,1.35077,1.35058,1200000,1720000
2023-01-19 13:30:53.458000,1.35077,1.35059,1200000,1720000
2023-01-19 13:30:53.559000,1.35078,1.35058,1200000,1720000
2023-01-19 13:30:53.631000,1.35078,1.35058,1200000,1800000
2023-01-19 13:30:54.036000,1.35076,1.35059,1200000,1200000
2023-01-19 13:30:54.087000,1.35076,1.35059,1200000,1100000
2023-01-19 13:30:54.188000,1.35078,1.35058,1200000,1800000
2023-01-19 13:30:54.487000,1.35077,1.35058,1200000,1200000
2023-01-19 13:30:54.688000,1.35078,1.35058,1200000,1200000
2023-01-19 13:30:54.789000,1.35076,1.35059,1200000,1350000
2023-01-19 13:30:54.840000,1.35075,1.35058,1200000,1200000
2023-01-19 13:30:54.942000,1.35072,1.35058,1200000,1200000
2023-01-19 13:30:54.993000,1.35072,1.35054,1200000,1200000
2023-01-19 13:30:55.094000,1.35072,1.35053,1200000,1200000
2023-01-19 13:30:55.545000,1.3507,1.3505,1200000,1200000
2023-01-19 13:30:55.596000,1.35064,1.3505,1200000,1200000
2023-01-19 13:30:55.747000,1.35063,1.3504,1200000,1600000
2023-01-19 13:30:55.849000,1.35062,1.35039,1200000,1100000
2023-01-19 13:30:56.051000,1.35061,1.35038,1200000,1720000
2023-01-19 13:30:56.574000,1.35059,1.35037,1200000,2100000
2023-01-19 13:30:56.675000,1.35057,1.35038,1200000,1200000
2023-01-19 13:30:56.917000,1.35058,1.35038,1200000,1200000
2023-01-19 13:30:57.117000,1.35058,1.35039,1200000,1350000
2023-01-19 13:30:57.219000,1.3506,1.35041,1200000,1200000
2023-01-19 13:30:57.421000,1.35061,1.35042,1200000,1600000
2023-01-19 13:30:58.206000,1.35063,1.35041,1200000,1600000
2023-01-19 13:30:58.733000,1.35061,1.35042,1200000,1600000
2023-01-19 13:30:59.058000,1.3506,1.35042,1200000,1600000
2023-01-19 13:30:59.429000,1.3506,1.35041,1200000,1200000
2023-01-19 13:30:59.581000,1.35059,1.35041,1200000,1350000
2023-01-19 13:30:59.706000,1.3506,1.35041,1200000,1350000
2023-01-19 13:31:00.068000,1.35059,1.35041,1200000,1350000
2023-01-19 13:31:00.169000,1.35057,1.35039,1200000,1600000
2023-01-19 13:31:00.582000,1.35058,1.35038,1200000,1600000
2023-01-19 13:31:00.633000,1.35055,1.35038,1200000,1600000
2023-01-19 13:31:00.691000,1.35058,1.35038,1200000,1600000
2023-01-19 13:31:00.843000,1.35056,1.35039,1200000,1600000
2023-01-19 13:31:00.945000,1.35058,1.35039,1200000,1100000
2023-01-19 13:31:01.148000,1.35059,1.3504,1200000,1720000
2023-01-19 13:31:01.651000,1.3506,1.3504,1200000,1720000
2023-01-19 13:31:01.702000,1.35063,1.35039,1200000,1720000
2023-01-19 13:31:01.753000,1.35062,1.3505,1200000,1100000
2023-01-19 13:31:01.804000,1.35067,1.35056,1200000,1820000
2023-01-19 13:31:01.929000,1.35072,1.35055,1200000,1820000
2023-01-19 13:31:01.983000,1.35076,1.35055,1200000,1820000
2023-01-19 13:31:02.250000,1.35076,1.35057,1320000,1200000
2023-01-19 13:31:02.301000,1.35076,1.35054,2220000,1200000
2023-01-19 13:31:02.403000,1.35063,1.3505,1200000,1200000
2023-01-19 13:31:02.505000,1.35065,1.35049,1200000,1200000
2023-01-19 13:31:02.555000,1.35065,1.35045,1200000,1350000
2023-01-19 13:31:02.820000,1.35065,1.35045,1200000,1600000
2023-01-19 13:31:02.871000,1.35064,1.35048,1200000,1600000
2023-01-19 13:31:03.023000,1.35067,1.35047,1200000,1600000
2023-01-19 13:31:03.254000,1.35067,1.35049,1200000,1350000
2023-01-19 13:31:03.356000,1.35069,1.35048,1200000,1600000
2023-01-19 13:31:03.457000,1.3507,1.35047,1200000,1600000
2023-01-19 13:31:03.626000,1.35071,1.35049,1200000,1600000
2023-01-19 13:31:03.728000,1.35085,1.35062,1200000,2570000
2023-01-19 13:31:03.829000,1.35088,1.3507,1200000,1200000
2023-01-19 13:31:03.880000,1.3509,1.35071,1800000,1200000
2023-01-19 13:31:03.982000,1.3509,1.35068,1200000,1600000
2023-01-19 13:31:04.134000,1.35092,1.35068,1200000,1700000
2023-01-19 13:31:04.286000,1.35092,1.35068,1200000,1620000
2023-01-19 13:31:04.388000,1.35093,1.35073,1800000,1700000
2023-01-19 13:31:04.590000,1.35096,1.35073,1200000,3340000
2023-01-19 13:31:04.806000,1.35097,1.35073,1200000,4090000
2023-01-19 13:31:05.071000,1.35097,1.35074,1200000,1700000
2023-01-19 13:31:05.176000,1.35097,1.35074,1200000,1700000
2023-01-19 13:31:05.336000,1.35095,1.35073,1200000,1600000
2023-01-19 13:31:05.387000,1.35094,1.35074,1600000,1200000
2023-01-19 13:31:05.439000,1.35089,1.35066,1200000,1620000
2023-01-19 13:31:05.551000,1.35088,1.35066,1350000,1600000
2023-01-19 13:31:05.602000,1.35085,1.35066,1200000,1600000
2023-01-19 13:31:05.653000,1.35085,1.35066,1200000,1350000
2023-01-19 13:31:05.754000,1.35084,1.35064,1200000,1220000
2023-01-19 13:31:05.856000,1.35085,1.35064,1200000,1200000
2023-01-19 13:31:06.092000,1.35086,1.35064,1200000,1820000
2023-01-19 13:31:06.193000,1.35087,1.35065,1200000,3320000
2023-01-19 13:31:06.271000,1.35089,1.35065,1200000,3320000
2023-01-19 13:31:06.731000,1.3509,1.35067,1200000,1200000
2023-01-19 13:31:06.782000,1.35088,1.35067,1350000,1200000
2023-01-19 13:31:06.833000,1.35088,1.35064,1240000,1600000
2023-01-19 13:31:06.885000,1.35085,1.35062,1320000,1200000
2023-01-19 13:31:06.986000,1.35083,1.35058,1200000,1720000
2023-01-19 13:31:07.087000,1.35082,1.35059,1200000,1720000
2023-01-19 13:31:07.239000,1.35083,1.3506,1200000,1100000
2023-01-19 13:31:07.341000,1.35087,1.35064,1200000,1720000
2023-01-19 13:31:07.442000,1.35082,1.35062,1200000,1200000
2023-01-19 13:31:07.544000,1.35083,1.3506,1200000,1350000
2023-01-19 13:31:07.645000,1.35082,1.35059,1200000,1600000
2023-01-19 13:31:07.746000,1.35082,1.35059,1200000,1600000
2023-01-19 13:31:07.797000,1.35081,1.35059,1200000,1350000
2023-01-19 13:31:07.848000,1.35081,1.35059,1200000,1600000
2023-01-19 13:31:07.950000,1.35082,1.35059,1200000,1350000
2023-01-19 13:31:08.152000,1.35081,1.35059,1350000,1350000
2023-01-19 13:31:08.254000,1.35079,1.35059,1200000,1200000
2023-01-19 13:31:08.355000,1.35079,1.35059,1200000,1100000
2023-01-19 13:31:08.994000,1.3508,1.3506,1200000,1350000
2023-01-19 13:31:09.095000,1.35081,1.35059,1200000,1600000
2023-01-19 13:31:09.858000,1.35079,1.35061,1200000,1350000
2023-01-19 13:31:10.263000,1.35081,1.3506,1200000,1350000
2023-01-19 13:31:10.364000,1.35079,1.35061,1200000,1350000
2023-01-19 13:31:10.567000,1.35081,1.3506,1200000,1350000
2023-01-19 13:31:10.669000,1.35081,1.35061,1200000,1200000
2023-01-19 13:31:10.770000,1.3508,1.35061,1200000,1200000
2023-01-19 13:31:11.078000,1.35082,1.35066,1200000,1720000
2023-01-19 13:31:11.180000,1.35086,1.35064,1200000,1350000
2023-01-19 13:31:11.231000,1.35085,1.35065,1200000,2470000
2023-01-19 13:31:11.358000,1.35084,1.35065,1200000,2470000
2023-01-19 13:31:11.628000,1.35085,1.35067,1200000,1200000
2023-01-19 13:31:11.679000,1.35087,1.35067,1200000,1720000
2023-01-19 13:31:11.781000,1.35088,1.35067,1200000,1720000
2023-01-19 13:31:11.983000,1.35087,1.35068,1200000,1720000
2023-01-19 13:31:12.085000,1.35088,1.3507,1200000,1720000
2023-01-19 13:31:12.966000,1.35089,1.35073,1200000,1350000
2023-01-19 13:31:13.068000,1.35091,1.35073,1200000,1600000
2023-01-19 13:31:13.119000,1.35091,1.35073,1200000,1350000
2023-01-19 13:31:13.220000,1.3509,1.35073,1200000,1200000
2023-01-19 13:31:13.322000,1.35091,1.35073,1200000,1200000
2023-01-19 13:31:14.386000,1.3509,1.35073,1200000,1200000
2023-01-19 13:31:14.515000,1.35089,1.35071,1200000,1350000
2023-01-19 13:31:14.617000,1.35088,1.35071,1200000,1350000
2023-01-19 13:31:14.718000,1.35089,1.35071,1200000,1200000
2023-01-19 13:31:15.330000,1.3509,1.3507,1200000,1600000
2023-01-19 13:31:15.482000,1.3509,1.3507,1200000,1350000
2023-01-19 13:31:15.634000,1.3509,1.35072,1200000,1350000
2023-01-19 13:31:15.836000,1.35089,1.35073,1200000,1600000
2023-01-19 13:31:15.938000,1.35092,1.35072,1200000,1600000
2023-01-19 13:31:16.039000,1.35091,1.35076,1200000,1350000
2023-01-19 13:31:16.141000,1.35093,1.35076,1200000,1200000
2023-01-19 13:31:16.192000,1.35094,1.35076,1200000,1100000
2023-01-19 13:31:16.243000,1.35098,1.35078,1200000,1600000
2023-01-19 13:31:16.350000,1.35099,1.35077,1200000,2100000
2023-01-19 13:31:16.642000,1.35098,1.35077,1200000,2100000
2023-01-19 13:31:16.693000,1.35098,1.35077,1200000,2100000
2023-01-19 13:31:16.744000,1.35098,1.35078,1200000,1600000
2023-01-19 13:31:16.845000,1.35098,1.35079,1200000,1600000
2023-01-19 13:31:16.946000,1.35099,1.35081,1200000,1350000
2023-01-19 13:31:17.149000,1.35101,1.35082,1350000,1350000
2023-01-19 13:31:17.250000,1.351,1.3508,1200000,1600000
2023-01-19 13:31:18.105000,1.35101,1.35082,1200000,1720000
2023-01-19 13:31:18.207000,1.35105,1.35088,1200000,1800000
2023-01-19 13:31:18.308000,1.35108,1.35088,1200000,1800000
2023-01-19 13:31:18.409000,1.35107,1.3509,1200000,1200000
2023-01-19 13:31:18.511000,1.35108,1.35088,1200000,1350000
2023-01-19 13:31:18.612000,1.35108,1.35089,1200000,2250000
2023-01-19 13:31:18.714000,1.35109,1.35088,1200000,2100000
2023-01-19 13:31:18.805000,1.35108,1.35089,1200000,2250000
2023-01-19 13:31:18.856000,1.35108,1.35089,1200000,2100000
2023-01-19 13:31:18.907000,1.35109,1.35088,1200000,2250000
2023-01-19 13:31:18.957000,1.35107,1.35088,1200000,1350000
2023-01-19 13:31:19.156000,1.35108,1.35088,1200000,2250000
2023-01-19 13:31:19.258000,1.35107,1.35089,1200000,1200000
2023-01-19 13:31:19.359000,1.35107,1.35089,1200000,1600000
2023-01-19 13:31:19.461000,1.35106,1.3509,1200000,1200000
2023-01-19 13:31:19.643000,1.35108,1.35091,1200000,1720000
2023-01-19 13:31:19.745000,1.35115,1.35099,1200000,1200000
2023-01-19 13:31:19.796000,1.35118,1.35098,1200000,1200000
2023-01-19 13:31:19.846000,1.35117,1.35099,1200000,1600000
2023-01-19 13:31:19.897000,1.35118,1.35098,1200000,1200000
2023-01-19 13:31:19.999000,1.35119,1.35098,1200000,1600000
2023-01-19 13:31:20.050000,1.35119,1.35101,1200000,1720000
2023-01-19 13:31:20.101000,1.35124,1.35106,1200000,1200000
2023-01-19 13:31:20.152000,1.35126,1.35107,1200000,1200000
2023-01-19 13:31:20.253000,1.35128,1.35105,1350000,1350000
2023-01-19 13:31:20.355000,1.35126,1.35106,1200000,1350000
2023-01-19 13:31:20.521000,1.35127,1.35105,1200000,1600000
2023-01-19 13:31:20.779000,1.35127,1.35108,1200000,2250000
2023-01-19 13:31:20.982000,1.35126,1.35108,1200000,1350000
2023-01-19 13:31:21.184000,1.35127,1.35107,1200000,1600000
2023-01-19 13:31:21.286000,1.35127,1.35112,1200000,1100000
2023-01-19 13:31:21.337000,1.35133,1.35115,1200000,1200000
2023-01-19 13:31:21.438000,1.35136,1.35115,1200000,2470000
2023-01-19 13:31:21.540000,1.35137,1.35119,1200000,1200000
2023-01-19 13:31:21.793000,1.35138,1.35115,1200000,1600000
2023-01-19 13:31:22.204000,1.35137,1.35116,1120000,1600000
2023-01-19 13:31:22.306000,1.35138,1.35115,1700000,1200000
2023-01-19 13:31:22.357000,1.35133,1.35115,1200000,1200000
2023-01-19 13:31:22.408000,1.35131,1.35113,1350000,1800000
2023-01-19 13:31:22.459000,1.35129,1.35112,1200000,1200000
2023-01-19 13:31:22.510000,1.35129,1.35108,1200000,1200000
2023-01-19 13:31:22.611000,1.35128,1.35108,1200000,1200000
2023-01-19 13:31:22.814000,1.3513,1.35109,1350000,1200000
2023-01-19 13:31:22.915000,1.35132,1.35107,2170000,1350000
2023-01-19 13:31:23.489000,1.35131,1.35106,1440000,1200000
2023-01-19 13:31:23.590000,1.35131,1.35105,1240000,1350000
2023-01-19 13:31:23.695000,1.35131,1.35105,1700000,1350000
2023-01-19 13:31:23.796000,1.35131,1.35106,1600000,1200000
2023-01-19 13:31:23.847000,1.3513,1.35107,1440000,1600000
2023-01-19 13:31:23.949000,1.35131,1.35107,1440000,1200000
2023-01-19 13:31:24.103000,1.3513,1.35106,1200000,1200000
2023-01-19 13:31:24.205000,1.35132,1.35107,1720000,1350000
2023-01-19 13:31:24.306000,1.35132,1.35108,1700000,1200000
2023-01-19 13:31:25.097000,1.35131,1.35109,1350000,1200000
2023-01-19 13:31:25.198000,1.35131,1.35111,1200000,1350000
2023-01-19 13:31:25.300000,1.35132,1.35111,1200000,2250000
2023-01-19 13:31:25.401000,1.35132,1.35112,1200000,1200000
2023-01-19 13:31:25.594000,1.35132,1.35109,1600000,1350000
2023-01-19 13:31:25.746000,1.35131,1.35111,1600000,1350000
2023-01-19 13:31:25.797000,1.35132,1.35112,1200000,1100000
2023-01-19 13:31:25.848000,1.35137,1.35115,1350000,1200000
2023-01-19 13:31:26.154000,1.35133,1.35116,1220000,1200000
2023-01-19 13:31:26.205000,1.35135,1.35114,1620000,1200000
2023-01-19 13:31:26.256000,1.35132,1.3511,1200000,2250000
2023-01-19 13:31:26.526000,1.35133,1.35111,1200000,1600000
2023-01-19 13:31:26.628000,1.35133,1.35111,1200000,1350000
2023-01-19 13:31:27.111000,1.35132,1.3511,1200000,2470000
2023-01-19 13:31:27.212000,1.35133,1.3511,1200000,2470000
2023-01-19 13:31:27.314000,1.35133,1.35112,1200000,1200000
2023-01-19 13:31:27.416000,1.35134,1.35112,1350000,1200000
2023-01-19 13:31:27.618000,1.35134,1.35112,1840000,1350000
2023-01-19 13:31:27.720000,1.35131,1.35111,1240000,1200000
2023-01-19 13:31:27.771000,1.35128,1.3511,1600000,1200000
2023-01-19 13:31:27.872000,1.35129,1.35108,1600000,1200000
2023-01-19 13:31:27.923000,1.35129,1.3511,1200000,1200000
2023-01-19 13:31:28.033000,1.3513,1.3511,1600000,1200000
2023-01-19 13:31:29.009000,1.35132,1.35109,1350000,1200000
2023-01-19 13:31:29.235000,1.35132,1.35111,1700000,1200000
2023-01-19 13:31:30.060000,1.3513,1.3511,1320000,1200000
2023-01-19 13:31:30.111000,1.35128,1.35109,1200000,1200000
2023-01-19 13:31:30.162000,1.35127,1.35107,1350000,1200000
2023-01-19 13:31:30.213000,1.35127,1.35107,1600000,1200000
2023-01-19 13:31:31.266000,1.35125,1.35107,1600000,1200000
2023-01-19 13:31:31.633000,1.35125,1.35109,1200000,1200000
2023-01-19 13:31:31.734000,1.3513,1.35111,1600000,1200000
2023-01-19 13:31:31.886000,1.35132,1.3511,1600000,1200000
2023-01-19 13:31:32.022000,1.35133,1.35111,2100000,1200000
2023-01-19 13:31:32.131000,1.35132,1.35113,2100000,1200000
2023-01-19 13:31:34.142000,1.35133,1.35111,1720000,1800000
2023-01-19 13:31:34.243000,1.35132,1.35113,1800000,1200000
2023-01-19 13:31:34.446000,1.35132,1.35112,1200000,1200000
2023-01-19 13:31:34.548000,1.35131,1.35111,1800000,1200000
2023-01-19 13:31:34.649000,1.35131,1.35112,1200000,1200000
2023-01-19 13:31:35.762000,1.35131,1.35111,1350000,1200000
2023-01-19 13:31:35.863000,1.35131,1.35112,1350000,1200000
2023-01-19 13:31:35.993000,1.35131,1.35111,1350000,1200000
2023-01-19 13:31:36.095000,1.3513,1.35112,1600000,1200000
2023-01-19 13:31:36.196000,1.35129,1.35109,1800000,2250000
2023-01-19 13:31:36.298000,1.35129,1.3511,1800000,1200000
2023-01-19 13:31:36.511000,1.3513,1.35111,1600000,1200000
2023-01-19 13:31:37.122000,1.3513,1.3511,1600000,1800000
2023-01-19 13:31:37.224000,1.3513,1.35111,1600000,1200000
2023-01-19 13:31:37.341000,1.3513,1.35112,1600000,1200000
2023-01-19 13:31:37.652000,1.3513,1.35111,1600000,1200000
2023-01-19 13:31:38.027000,1.35129,1.3511,1350000,1800000
2023-01-19 13:31:38.948000,1.35129,1.35111,1350000,1200000
2023-01-19 13:31:39.050000,1.35128,1.3511,1200000,1200000
2023-01-19 13:31:39.206000,1.35128,1.35109,1800000,1350000
2023-01-19 13:31:39.468000,1.35127,1.35112,1200000,1200000
2023-01-19 13:31:40.236000,1.35128,1.3511,1200000,1200000
2023-01-19 13:31:40.356000,1.35127,1.35109,1200000,1350000
2023-01-19 13:31:40.598000,1.35125,1.3511,1200000,1350000
2023-01-19 13:31:40.750000,1.35125,1.35109,1200000,1200000
2023-01-19 13:31:40.800000,1.35124,1.35107,1350000,1200000
2023-01-19 13:31:40.851000,1.35121,1.35106,1200000,1200000
2023-01-19 13:31:41.128000,1.35123,1.35106,1200000,2200000
2023-01-19 13:31:41.230000,1.35126,1.35109,1200000,1200000
2023-01-19 13:31:41.608000,1.35126,1.3511,1200000,1200000
2023-01-19 13:31:41.710000,1.35128,1.35109,1200000,1200000
2023-01-19 13:31:42.437000,1.35129,1.35109,1800000,2250000
2023-01-19 13:31:42.564000,1.35129,1.3511,1800000,1200000
2023-01-19 13:31:42.786000,1.35126,1.35111,1200000,1200000
2023-01-19 13:31:42.913000,1.35129,1.3511,1800000,1200000
2023-01-19 13:31:43.365000,1.35129,1.3511,2100000,1200000
2023-01-19 13:31:43.820000,1.35129,1.3511,1350000,1350000
2023-01-19 13:31:43.921000,1.35129,1.35111,1350000,1200000
2023-01-19 13:31:44.023000,1.35129,1.3511,1350000,2250000
2023-01-19 13:31:44.683000,1.35129,1.3511,1600000,2250000
2023-01-19 13:31:44.835000,1.35129,1.35112,1600000,1200000
2023-01-19 13:31:44.936000,1.35128,1.35112,1600000,1200000
2023-01-19 13:31:46.451000,1.35127,1.35111,1200000,1200000
2023-01-19 13:31:46.502000,1.35128,1.35112,2250000,1200000
2023-01-19 13:31:46.926000,1.35128,1.35113,1350000,1200000
2023-01-19 13:31:48.516000,1.3513,1.35112,1350000,1350000
2023-01-19 13:31:49.812000,1.35129,1.35114,1350000,1200000
2023-01-19 13:31:51.280000,1.35133,1.35113,1200000,2200000
2023-01-19 13:31:51.381000,1.35132,1.35117,1200000,1200000
2023-01-19 13:31:51.685000,1.35133,1.35116,1600000,1200000
2023-01-19 13:31:51.786000,1.35133,1.35115,1600000,1200000
2023-01-19 13:31:51.989000,1.3513,1.35118,1200000,1200000
2023-01-19 13:31:52.090000,1.35128,1.35119,1200000,1200000
2023-01-19 13:31:52.191000,1.35129,1.35114,1350000,1200000
2023-01-19 13:31:53.294000,1.35129,1.35113,1800000,1200000
2023-01-19 13:31:53.718000,1.35128,1.35113,1350000,1200000
2023-01-19 13:31:54.263000,1.35124,1.3511,1200000,1200000
2023-01-19 13:31:54.364000,1.35124,1.35109,1200000,1200000
2023-01-19 13:31:54.466000,1.35123,1.35109,1200000,1200000
2023-01-19 13:31:54.982000,1.35122,1.35106,1600000,1200000
2023-01-19 13:31:55.084000,1.35111,1.35101,1200000,1200000
2023-01-19 13:31:55.135000,1.3511,1.35099,1350000,1200000
2023-01-19 13:31:55.186000,1.3511,1.35093,1200000,1200000
2023-01-19 13:31:55.388000,1.35109,1.35093,1800000,1200000
2023-01-19 13:31:55.490000,1.35108,1.35092,1200000,1200000
2023-01-19 13:31:55.616000,1.35108,1.35093,1200000,1200000
2023-01-19 13:31:55.718000,1.35109,1.35093,1200000,1600000
2023-01-19 13:31:55.769000,1.35114,1.35097,2250000,1200000
2023-01-19 13:31:55.870000,1.35115,1.35098,1200000,1200000
2023-01-19 13:31:56.123000,1.35116,1.351,1800000,1200000
2023-01-19 13:31:56.225000,1.3512,1.35101,1800000,1200000
2023-01-19 13:31:56.326000,1.3512,1.35102,1200000,1200000
2023-01-19 13:31:56.438000,1.35119,1.35101,1200000,1200000
2023-01-19 13:31:56.539000,1.35119,1.351,1200000,1200000
2023-01-19 13:31:56.641000,1.35119,1.35099,1200000,1200000
2023-01-19 13:31:57.383000,1.35117,1.351,1200000,1200000
2023-01-19 13:31:57.485000,1.35118,1.35099,1200000,1200000
2023-01-19 13:31:58.151000,1.35117,1.35099,1200000,1350000
2023-01-19 13:31:58.252000,1.35118,1.35099,1200000,1200000
2023-01-19 13:31:58.353000,1.35118,1.35098,1200000,1350000
2023-01-19 13:31:58.455000,1.35117,1.351,1200000,1200000
2023-01-19 13:31:58.556000,1.35119,1.35099,1200000,1350000
2023-01-19 13:31:58.759000,1.3512,1.35098,1200000,2220000
2023-01-19 13:31:59.272000,1.3512,1.35101,1200000,1200000
2023-01-19 13:31:59.453000,1.35119,1.35101,1200000,1200000
2023-01-19 13:31:59.555000,1.3512,1.35101,1200000,1200000
2023-01-19 13:31:59.879000,1.3512,1.351,1200000,1440000
2023-01-19 13:31:59.981000,1.3512,1.35101,1200000,1200000
2023-01-19 13:32:00.083000,1.3512,1.35103,1200000,1890000
2023-01-19 13:32:00.184000,1.35129,1.35111,1200000,1320000
2023-01-19 13:32:00.286000,1.35135,1.35116,1200000,1200000
2023-01-19 13:32:00.388000,1.35137,1.35117,1200000,1320000
2023-01-19 13:32:00.439000,1.35137,1.35117,1200000,1120000
2023-01-19 13:32:00.540000,1.35138,1.35119,1200000,1840000
2023-01-19 13:32:00.641000,1.35139,1.35121,1200000,1700000
2023-01-19 13:32:00.692000,1.35141,1.35122,1200000,1700000
2023-01-19 13:32:00.794000,1.35144,1.35126,1200000,1200000
2023-01-19 13:32:00.895000,1.35144,1.35127,1200000,1200000
2023-01-19 13:32:00.997000,1.35144,1.35126,1200000,1200000
2023-01-19 13:32:01.098000,1.35144,1.35128,1200000,1200000
2023-01-19 13:32:01.199000,1.35147,1.35129,1200000,1200000
2023-01-19 13:32:01.301000,1.35145,1.3513,1200000,1200000
2023-01-19 13:32:01.734000,1.35146,1.35131,1200000,1200000
2023-01-19 13:32:01.838000,1.35146,1.35132,1200000,1320000
2023-01-19 13:32:01.889000,1.35151,1.35134,1200000,1320000
2023-01-19 13:32:01.990000,1.35151,1.35136,1200000,1320000
2023-01-19 13:32:02.091000,1.35154,1.35137,1200000,1200000
2023-01-19 13:32:02.477000,1.35153,1.35137,1200000,1200000
2023-01-19 13:32:02.578000,1.35153,1.35136,1200000,1440000
2023-01-19 13:32:02.832000,1.35154,1.35137,1200000,1200000
2023-01-19 13:32:02.934000,1.35152,1.35136,1200000,1320000
2023-01-19 13:32:03.043000,1.35154,1.35134,1200000,1120000
2023-01-19 13:32:03.195000,1.35152,1.35134,1200000,2340000
2023-01-19 13:32:03.347000,1.35152,1.35132,1200000,1720000
2023-01-19 13:32:03.550000,1.35154,1.35133,1200000,1240000
2023-01-19 13:32:03.653000,1.35155,1.35136,1200000,1120000
2023-01-19 13:32:03.755000,1.35156,1.35136,1200000,1200000
2023-01-19 13:32:03.856000,1.35156,1.35135,1200000,1200000
2023-01-19 13:32:04.003000,1.35155,1.35135,1200000,1200000
2023-01-19 13:32:04.105000,1.35155,1.35136,1200000,1200000
2023-01-19 13:32:04.206000,1.35154,1.35136,1200000,1200000
2023-01-19 13:32:04.435000,1.35154,1.35135,1200000,1320000
2023-01-19 13:32:04.789000,1.35152,1.35135,1720000,1200000
2023-01-19 13:32:04.840000,1.35147,1.35131,1200000,1200000
2023-01-19 13:32:04.942000,1.35147,1.35126,1200000,1600000
2023-01-19 13:32:05.043000,1.35141,1.35126,1200000,1200000
2023-01-19 13:32:05.347000,1.35141,1.35125,1200000,1200000
2023-01-19 13:32:05.499000,1.35139,1.35124,1350000,1200000
2023-01-19 13:32:05.600000,1.35139,1.3512,1200000,1240000
2023-01-19 13:32:05.703000,1.35139,1.35123,1200000,1200000
2023-01-19 13:32:05.926000,1.35141,1.35124,1200000,1200000
2023-01-19 13:32:06.027000,1.35141,1.35123,1200000,1200000
2023-01-19 13:32:06.230000,1.35139,1.35124,1200000,1200000
2023-01-19 13:32:06.331000,1.35139,1.35121,1200000,1200000
2023-01-19 13:32:06.433000,1.35139,1.3512,1200000,1200000
2023-01-19 13:32:06.585000,1.35138,1.3512,1200000,1200000
2023-01-19 13:32:06.686000,1.35136,1.35118,1200000,1200000
2023-01-19 13:32:06.788000,1.35133,1.35117,1200000,1200000
2023-01-19 13:32:06.889000,1.35135,1.35118,1200000,1200000
2023-01-19 13:32:06.991000,1.3514,1.35122,1200000,1200000
2023-01-19 13:32:07.259000,1.3514,1.35123,1200000,1200000
2023-01-19 13:32:07.415000,1.35139,1.35122,1200000,1200000
2023-01-19 13:32:07.517000,1.3514,1.35122,1200000,1200000
2023-01-19 13:32:07.618000,1.35143,1.35125,1200000,1200000
2023-01-19 13:32:07.720000,1.35144,1.35127,1350000,1200000
2023-01-19 13:32:07.822000,1.35143,1.35126,1200000,1200000
2023-01-19 13:32:07.923000,1.35142,1.35124,1200000,1200000
2023-01-19 13:32:08.188000,1.3514,1.35125,1200000,1200000
2023-01-19 13:32:08.339000,1.35142,1.35123,1200000,1200000
2023-01-19 13:32:08.441000,1.35141,1.35123,1200000,1200000
2023-01-19 13:32:08.593000,1.3514,1.35122,1200000,1200000
2023-01-19 13:32:08.694000,1.35138,1.35122,1350000,1200000
2023-01-19 13:32:08.796000,1.35137,1.35121,1200000,1200000
2023-01-19 13:32:08.897000,1.35138,1.3512,1200000,1200000
2023-01-19 13:32:09.100000,1.35139,1.35123,1200000,1200000
2023-01-19 13:32:09.201000,1.35141,1.35125,1200000,1200000
2023-01-19 13:32:09.303000,1.35141,1.35126,1200000,1200000
2023-01-19 13:32:09.624000,1.35142,1.35126,1200000,1200000
2023-01-19 13:32:09.790000,1.35142,1.35124,1800000,1200000
2023-01-19 13:32:09.891000,1.3514,1.35125,1200000,1200000
2023-01-19 13:32:10.043000,1.35141,1.35125,1800000,1200000
2023-01-19 13:32:10.145000,1.35141,1.35127,1200000,1200000
2023-01-19 13:32:10.196000,1.35146,1.35126,1600000,1200000
2023-01-19 13:32:10.297000,1.35146,1.35124,2470000,1200000
2023-01-19 13:32:10.449000,1.35145,1.35126,1600000,1200000
2023-01-19 13:32:10.652000,1.35147,1.35126,1350000,1200000
2023-01-19 13:32:10.703000,1.35147,1.35126,1600000,1200000
2023-01-19 13:32:10.804000,1.35147,1.35125,1600000,1200000
2023-01-19 13:32:10.906000,1.35147,1.35128,1200000,1800000
2023-01-19 13:32:11.007000,1.35152,1.35133,1600000,1200000
2023-01-19 13:32:11.108000,1.35152,1.35131,2550000,1200000
2023-01-19 13:32:11.210000,1.35149,1.35129,1600000,1200000
2023-01-19 13:32:11.261000,1.35149,1.35129,1600000,1200000
2023-01-19 13:32:11.376000,1.35149,1.35127,2100000,1200000
2023-01-19 13:32:11.528000,1.35148,1.35127,1600000,1200000
2023-01-19 13:32:11.630000,1.35146,1.35126,2470000,1200000
2023-01-19 13:32:11.732000,1.35143,1.35124,1100000,1200000
2023-01-19 13:32:11.833000,1.35143,1.35122,1720000,1800000
2023-01-19 13:32:11.936000,1.35142,1.35122,1720000,1200000
2023-01-19 13:32:11.987000,1.35142,1.35121,1700000,1200000
2023-01-19 13:32:12.038000,1.35138,1.3512,1600000,1200000
2023-01-19 13:32:12.139000,1.35137,1.35117,1200000,1200000
2023-01-19 13:32:12.241000,1.35137,1.35117,2100000,1200000
2023-01-19 13:32:12.342000,1.35137,1.35116,2470000,1200000
2023-01-19 13:32:13.264000,1.35138,1.35117,2100000,1200000
2023-01-19 13:32:13.365000,1.35139,1.35117,1600000,1200000
2023-01-19 13:32:13.517000,1.35136,1.35117,1200000,1200000
2023-01-19 13:32:13.669000,1.35135,1.35117,1200000,1200000
2023-01-19 13:32:13.720000,1.35136,1.35116,1600000,1200000
2023-01-19 13:32:13.872000,1.35136,1.35116,2100000,1200000
2023-01-19 13:32:13.975000,1.35133,1.35114,1600000,1200000
2023-01-19 13:32:14.077000,1.35132,1.35114,2100000,1200000
2023-01-19 13:32:14.476000,1.35128,1.35113,1800000,1200000
2023-01-19 13:32:14.577000,1.35127,1.35111,1600000,1200000
2023-01-19 13:32:14.720000,1.35126,1.35111,1600000,1200000
2023-01-19 13:32:14.821000,1.3513,1.35111,1600000,1200000
2023-01-19 13:32:14.923000,1.35131,1.35112,2100000,1200000
2023-01-19 13:32:15.737000,1.35124,1.35111,1200000,1200000
2023-01-19 13:32:15.839000,1.35125,1.35108,1600000,1200000
2023-01-19 13:32:15.890000,1.35126,1.35107,1600000,1200000
2023-01-19 13:32:15.991000,1.35125,1.35106,1720000,1200000
2023-01-19 13:32:16.042000,1.35125,1.35108,1100000,1200000
2023-01-19 13:32:16.852000,1.35124,1.35107,1720000,1200000
2023-01-19 13:32:16.953000,1.35123,1.35106,1200000,1200000
2023-01-19 13:32:17.055000,1.35124,1.35107,2250000,1200000
2023-01-19 13:32:17.409000,1.35123,1.35108,2100000,1200000
2023-01-19 13:32:17.511000,1.35115,1.35107,1100000,1200000
2023-01-19 13:32:17.562000,1.35116,1.35102,1200000,1200000
2023-01-19 13:32:17.663000,1.35116,1.35097,1800000,1200000
2023-01-19 13:32:17.815000,1.35113,1.35095,1350000,1200000
2023-01-19 13:32:17.917000,1.35107,1.3509,1200000,1200000
2023-01-19 13:32:18.018000,1.35109,1.35089,2470000,1200000
2023-01-19 13:32:18.069000,1.35108,1.3509,1200000,1200000
2023-01-19 13:32:18.120000,1.3511,1.3509,1200000,1200000
2023-01-19 13:32:18.171000,1.35113,1.3509,1350000,1200000
2023-01-19 13:32:18.222000,1.35111,1.35091,1200000,1200000
2023-01-19 13:32:18.425000,1.35111,1.35091,1600000,1200000
2023-01-19 13:32:18.526000,1.35109,1.3509,1720000,1200000
2023-01-19 13:32:18.577000,1.35111,1.3509,1800000,1200000
2023-01-19 13:32:18.679000,1.35111,1.35089,1200000,1440000
2023-01-19 13:32:18.730000,1.3511,1.35099,1200000,1200000
2023-01-19 13:32:18.831000,1.35118,1.35099,1100000,1200000
2023-01-19 13:32:18.983000,1.35119,1.351,1600000,1200000
2023-01-19 13:32:19.085000,1.3512,1.351,1600000,1200000
2023-01-19 13:32:19.186000,1.3512,1.35099,1600000,1200000
2023-01-19 13:32:19.288000,1.3512,1.35099,1600000,1200000
2023-01-19 13:32:19.389000,1.35123,1.351,1600000,1200000
2023-01-19 13:32:19.490000,1.35123,1.35099,1700000,1200000
2023-01-19 13:32:19.904000,1.35122,1.35102,1800000,1200000
2023-01-19 13:32:19.955000,1.35122,1.351,1800000,1200000
2023-01-19 13:32:20.071000,1.35118,1.351,1100000,1200000
2023-01-19 13:32:20.172000,1.35118,1.35098,1600000,1200000
2023-01-19 13:32:20.278000,1.35118,1.35098,2200000,1200000
2023-01-19 13:32:20.380000,1.35116,1.35096,1720000,1200000
2023-01-19 13:32:20.482000,1.35116,1.35096,1350000,1200000
2023-01-19 13:32:20.533000,1.35117,1.35095,1600000,1200000
2023-01-19 13:32:20.634000,1.35118,1.35097,1600000,1200000
2023-01-19 13:32:21.078000,1.35117,1.35098,1350000,1200000
2023-01-19 13:32:21.392000,1.35116,1.35096,1600000,1200000
2023-01-19 13:32:21.494000,1.35116,1.35097,1600000,1200000
2023-01-19 13:32:21.595000,1.35116,1.35096,1600000,1200000
2023-01-19 13:32:21.705000,1.35115,1.35098,1350000,1200000
2023-01-19 13:32:21.807000,1.35115,1.35095,1720000,1200000
2023-01-19 13:32:21.908000,1.35115,1.35097,1600000,1200000
2023-01-19 13:32:22.010000,1.35109,1.35091,1350000,1200000
2023-01-19 13:32:22.112000,1.35107,1.35088,1350000,1200000
2023-01-19 13:32:22.226000,1.35107,1.35087,1350000,1200000
2023-01-19 13:32:22.378000,1.35107,1.35087,1720000,1200000
2023-01-19 13:32:22.895000,1.35106,1.3509,1200000,1200000
2023-01-19 13:32:23.449000,1.35107,1.35089,1600000,1200000
2023-01-19 13:32:23.555000,1.35107,1.35088,1720000,1200000
2023-01-19 13:32:23.909000,1.35107,1.35088,1200000,1200000
2023-01-19 13:32:24.463000,1.35107,1.35089,1200000,1200000
2023-01-19 13:32:24.514000,1.35111,1.3509,1200000,1200000
2023-01-19 13:32:24.565000,1.35107,1.35091,1100000,1800000
2023-01-19 13:32:24.667000,1.35109,1.35089,1720000,1200000
2023-01-19 13:32:24.869000,1.35109,1.3509,2470000,1200000
2023-01-19 13:32:25.021000,1.35109,1.35089,2470000,1200000
2023-01-19 13:32:25.274000,1.35108,1.3509,1350000,1200000
2023-01-19 13:32:25.376000,1.35109,1.35088,1350000,1200000
2023-01-19 13:32:25.583000,1.35109,1.35088,2470000,1200000
2023-01-19 13:32:27.556000,1.35107,1.35089,1200000,1200000
2023-01-19 13:32:27.872000,1.35107,1.35087,1350000,1200000
2023-01-19 13:32:28.812000,1.35106,1.35089,1350000,1200000
2023-01-19 13:32:28.913000,1.35106,1.35088,1200000,1200000
2023-01-19 13:32:29.438000,1.35105,1.35088,1350000,1200000
2023-01-19 13:32:29.769000,1.35106,1.35088,1350000,1200000
2023-01-19 13:32:29.973000,1.35104,1.35086,1200000,2250000
2023-01-19 13:32:30.075000,1.35099,1.35087,1720000,1200000
2023-01-19 13:32:30.176000,1.351,1.35086,2470000,1200000
2023-01-19 13:32:30.227000,1.35098,1.35079,1200000,1200000
2023-01-19 13:32:30.329000,1.35098,1.35078,1200000,1350000
2023-01-19 13:32:30.964000,1.35097,1.35079,1100000,1200000
2023-01-19 13:32:31.066000,1.35099,1.35081,1100000,1200000
2023-01-19 13:32:31.117000,1.35101,1.3508,1200000,1200000
2023-01-19 13:32:31.223000,1.35102,1.3508,1200000,1350000
2023-01-19 13:32:31.325000,1.35104,1.35081,1600000,1200000
2023-01-19 13:32:31.426000,1.35104,1.35079,1600000,1720000
2023-01-19 13:32:32.256000,1.35103,1.35081,1350000,1200000
2023-01-19 13:32:32.780000,1.351,1.35082,1200000,1800000
2023-01-19 13:32:33.275000,1.35099,1.35081,1700000,1200000
2023-01-19 13:32:33.377000,1.35087,1.35079,1200000,1200000
2023-01-19 13:32:33.428000,1.35088,1.35071,1820000,1200000
2023-01-19 13:32:33.479000,1.35084,1.35061,1440000,1200000
2023-01-19 13:32:33.530000,1.35082,1.35061,1200000,1200000
2023-01-19 13:32:33.632000,1.35079,1.3506,1200000,1800000
2023-01-19 13:32:33.683000,1.35076,1.35055,1200000,1350000
2023-01-19 13:32:33.784000,1.35078,1.35058,1600000,1200000
2023-01-19 13:32:33.886000,1.35079,1.35057,1600000,1890000
2023-01-19 13:32:33.937000,1.35081,1.35057,1600000,1800000
2023-01-19 13:32:34.038000,1.35081,1.3506,1800000,1720000
2023-01-19 13:32:34.140000,1.35081,1.35059,1600000,1350000
2023-01-19 13:32:34.241000,1.35081,1.35057,1700000,1350000
2023-01-19 13:32:34.342000,1.35079,1.35057,1200000,1200000
2023-01-19 13:32:34.444000,1.35077,1.35057,1600000,1200000
2023-01-19 13:32:34.596000,1.35078,1.35057,1350000,1720000
2023-01-19 13:32:34.697000,1.35079,1.35058,1350000,1350000
2023-01-19 13:32:34.748000,1.3508,1.35061,1700000,1200000
2023-01-19 13:32:34.900000,1.35081,1.35058,1600000,1200000
2023-01-19 13:32:35.001000,1.3508,1.35059,1600000,1350000
2023-01-19 13:32:35.052000,1.3508,1.35061,1600000,1200000
2023-01-19 13:32:35.367000,1.3508,1.35059,1440000,1350000
2023-01-19 13:32:35.475000,1.3508,1.35059,1240000,1200000
2023-01-19 13:32:35.576000,1.3508,1.35059,1700000,1200000
2023-01-19 13:32:35.627000,1.3508,1.35058,2120000,1200000
2023-01-19 13:32:35.788000,1.35081,1.35057,2200000,1200000
2023-01-19 13:32:35.890000,1.35079,1.35057,1200000,1200000
2023-01-19 13:32:36.023000,1.35077,1.35057,1220000,1200000
2023-01-19 13:32:36.074000,1.35071,1.35051,1720000,1350000
2023-01-19 13:32:36.327000,1.35069,1.3505,1200000,1200000
2023-01-19 13:32:36.378000,1.35069,1.35052,1120000,1200000
2023-01-19 13:32:36.480000,1.3507,1.35048,1840000,1200000
2023-01-19 13:32:36.581000,1.35069,1.35048,1740000,1200000
2023-01-19 13:32:36.632000,1.35064,1.35047,1740000,1200000
2023-01-19 13:32:36.683000,1.35064,1.35044,1820000,1800000
2023-01-19 13:32:36.784000,1.3506,1.35044,1320000,1200000
2023-01-19 13:32:36.886000,1.35063,1.35043,2570000,1200000
2023-01-19 13:32:37.209000,1.3506,1.3504,1220000,1200000
2023-01-19 13:32:37.310000,1.35061,1.35038,1220000,1200000
2023-01-19 13:32:37.614000,1.35062,1.35038,1720000,1200000
2023-01-19 13:32:37.664000,1.35062,1.3504,1720000,1200000
2023-01-19 13:32:37.821000,1.35062,1.35042,1700000,1200000
2023-01-19 13:32:38.094000,1.3506,1.35041,1220000,1200000
2023-01-19 13:32:38.195000,1.3506,1.35039,2120000,1200000
2023-01-19 13:32:38.297000,1.35055,1.35034,1740000,1200000
2023-01-19 13:32:38.398000,1.3505,1.35032,1320000,1200000
2023-01-19 13:32:38.501000,1.35049,1.3503,1120000,1200000
2023-01-19 13:32:38.603000,1.35046,1.35024,1700000,1200000
2023-01-19 13:32:38.654000,1.35048,1.35024,1800000,1200000
2023-01-19 13:32:38.705000,1.35049,1.35025,1700000,1200000
2023-01-19 13:32:38.756000,1.35048,1.35026,1240000,1200000
2023-01-19 13:32:38.857000,1.35049,1.35026,1440000,1200000
2023-01-19 13:32:38.959000,1.35049,1.35028,1350000,1200000
2023-01-19 13:32:39.060000,1.35051,1.35034,1350000,1200000
2023-01-19 13:32:39.356000,1.35052,1.35034,1200000,1200000
2023-01-19 13:32:39.413000,1.35059,1.35038,1700000,1200000
2023-01-19 13:32:39.514000,1.35059,1.35037,1700000,1200000
2023-01-19 13:32:39.616000,1.35059,1.35037,2950000,1200000
2023-01-19 13:32:39.803000,1.3506,1.35038,2200000,1200000
2023-01-19 13:32:39.904000,1.35059,1.35038,2200000,1200000
2023-01-19 13:32:40.087000,1.3506,1.35039,1600000,1200000
2023-01-19 13:32:40.138000,1.35059,1.35038,2250000,1350000
2023-01-19 13:32:40.189000,1.3506,1.3504,1800000,1200000
2023-01-19 13:32:40.493000,1.35061,1.3504,1890000,1200000
2023-01-19 13:32:40.594000,1.3506,1.35041,1620000,1200000
2023-01-19 13:32:40.696000,1.3506,1.3504,1890000,1200000
2023-01-19 13:32:41.069000,1.35061,1.35041,1200000,1200000
2023-01-19 13:32:41.271000,1.35061,1.3504,1350000,1200000
2023-01-19 13:32:41.373000,1.35061,1.35041,1350000,1200000
2023-01-19 13:32:41.424000,1.35063,1.35041,1200000,1200000
2023-01-19 13:32:41.475000,1.35062,1.35045,1200000,1200000
2023-01-19 13:32:41.576000,1.35063,1.35043,1200000,1200000
2023-01-19 13:32:41.678000,1.35063,1.35044,1200000,1200000
2023-01-19 13:32:41.830000,1.35063,1.35043,1320000,1200000
2023-01-19 13:32:41.982000,1.35063,1.35042,1200000,1200000
2023-01-19 13:32:42.084000,1.35063,1.35044,1200000,1200000
2023-01-19 13:32:42.239000,1.35066,1.35045,1440000,1200000
2023-01-19 13:32:42.391000,1.35066,1.35045,1720000,1200000
2023-01-19 13:32:42.493000,1.35066,1.35044,1700000,1200000
2023-01-19 13:32:42.594000,1.35065,1.35045,1600000,1200000
2023-01-19 13:32:42.950000,1.35063,1.35044,1200000,1200000
2023-01-19 13:32:43.052000,1.3506,1.35043,1350000,1200000
2023-01-19 13:32:43.204000,1.35059,1.35043,1200000,1200000
2023-01-19 13:32:43.305000,1.3506,1.3504,1200000,1200000
2023-01-19 13:32:43.407000,1.3506,1.35042,1200000,1200000
2023-01-19 13:32:43.509000,1.3506,1.35041,1200000,1200000
2023-01-19 13:32:44.007000,1.35059,1.35042,1600000,1200000
2023-01-19 13:32:44.109000,1.35055,1.35038,1820000,1200000
2023-01-19 13:32:44.160000,1.35052,1.35033,1820000,1200000
2023-01-19 13:32:44.211000,1.35046,1.35033,1700000,1200000
2023-01-19 13:32:44.262000,1.35046,1.35027,1800000,1200000
2023-01-19 13:32:44.313000,1.35047,1.35024,1100000,1320000
2023-01-19 13:32:44.364000,1.35047,1.35027,1100000,1200000
2023-01-19 13:32:44.465000,1.35046,1.35025,1800000,1200000
2023-01-19 13:32:44.566000,1.35046,1.35026,2250000,1200000
2023-01-19 13:32:44.674000,1.35046,1.35025,1200000,1200000
2023-01-19 13:32:44.725000,1.35046,1.35025,1600000,1200000
2023-01-19 13:32:44.827000,1.35043,1.35024,1100000,1200000
2023-01-19 13:32:44.878000,1.35043,1.35022,1800000,1200000
2023-01-19 13:32:44.929000,1.35042,1.35022,1700000,1200000
2023-01-19 13:32:44.980000,1.35042,1.3502,1700000,1200000
2023-01-19 13:32:45.132000,1.35042,1.35019,1700000,1200000
2023-01-19 13:32:45.233000,1.35041,1.3502,1700000,1200000
2023-01-19 13:32:45.747000,1.35039,1.3502,1200000,1200000
2023-01-19 13:32:45.798000,1.35041,1.35021,1350000,1350000
2023-01-19 13:32:45.849000,1.35041,1.35023,1350000,1200000
2023-01-19 13:32:46.110000,1.35044,1.35023,1350000,1700000
2023-01-19 13:32:46.212000,1.35048,1.35026,1600000,1200000
2023-01-19 13:32:46.263000,1.35048,1.35027,1350000,1200000
2023-01-19 13:32:46.415000,1.35048,1.35029,1200000,1200000
2023-01-19 13:32:46.516000,1.35048,1.3503,1200000,1200000
2023-01-19 13:32:46.922000,1.3505,1.35031,1200000,1200000
2023-01-19 13:32:47.023000,1.3505,1.35032,1350000,1200000
2023-01-19 13:32:47.124000,1.35049,1.35032,1350000,1200000
2023-01-19 13:32:47.499000,1.35049,1.3503,1350000,1200000
2023-01-19 13:32:47.787000,1.3505,1.35029,1600000,1200000
2023-01-19 13:32:48.096000,1.3505,1.35029,1350000,1200000
2023-01-19 13:32:48.267000,1.35052,1.35032,1350000,1200000
2023-01-19 13:32:48.369000,1.35052,1.35034,1350000,1200000
2023-01-19 13:32:48.470000,1.35053,1.35031,1600000,1200000
2023-01-19 13:32:48.572000,1.35051,1.35031,1100000,1200000
2023-01-19 13:32:48.892000,1.3505,1.3503,1200000,1200000
2023-01-19 13:32:49.198000,1.3505,1.35031,1200000,1200000
2023-01-19 13:32:49.249000,1.35054,1.35031,1600000,2170000
2023-01-19 13:32:49.300000,1.35053,1.35035,1200000,1200000
2023-01-19 13:32:49.351000,1.35058,1.35035,1600000,1200000
2023-01-19 13:32:49.452000,1.35058,1.35034,1700000,1200000
2023-01-19 13:32:49.604000,1.35056,1.35035,1200000,1200000
2023-01-19 13:32:50.163000,1.35056,1.35037,1200000,2170000
2023-01-19 13:32:50.214000,1.3506,1.35039,1200000,1600000
2023-01-19 13:32:50.265000,1.35061,1.35042,1200000,1200000
2023-01-19 13:32:50.805000,1.35061,1.35041,1350000,1200000
2023-01-19 13:32:51.109000,1.35061,1.3504,1800000,1200000
2023-01-19 13:32:51.210000,1.35057,1.35038,1350000,1200000
2023-01-19 13:32:51.497000,1.35058,1.35041,1200000,1200000
2023-01-19 13:32:51.599000,1.35058,1.35042,1200000,1200000
2023-01-19 13:32:51.902000,1.35061,1.35042,1600000,1200000
2023-01-19 13:32:52.004000,1.35061,1.35041,1600000,1200000
2023-01-19 13:32:52.209000,1.3506,1.35043,1600000,1200000
2023-01-19 13:32:52.515000,1.35061,1.35041,1600000,1200000
2023-01-19 13:32:52.641000,1.35061,1.35042,1350000,1200000
2023-01-19 13:32:52.692000,1.35061,1.35044,1200000,1200000
2023-01-19 13:32:52.743000,1.35066,1.35044,1600000,1200000
2023-01-19 13:32:52.794000,1.35065,1.35047,1200000,1200000
2023-01-19 13:32:53.648000,1.35066,1.35047,1200000,1200000
2023-01-19 13:32:53.851000,1.35067,1.35047,1200000,1200000
2023-01-19 13:32:54.395000,1.35067,1.35048,1200000,1200000
2023-01-19 13:32:54.497000,1.35067,1.3505,1200000,1200000
2023-01-19 13:32:54.599000,1.35069,1.35051,1600000,1200000
2023-01-19 13:32:54.750000,1.35069,1.3505,1600000,1200000
2023-01-19 13:32:54.971000,1.35069,1.35049,1600000,1200000
2023-01-19 13:32:55.345000,1.35068,1.35051,1600000,1200000
2023-01-19 13:32:56.346000,1.35069,1.35051,1350000,1200000
2023-01-19 13:32:56.652000,1.3507,1.35052,1350000,1200000
2023-01-19 13:32:56.753000,1.3507,1.35053,1200000,1200000
2023-01-19 13:32:57.006000,1.35071,1.35054,1200000,2100000
2023-01-19 13:32:57.107000,1.35075,1.35057,1200000,1200000
2023-01-19 13:32:57.158000,1.35077,1.35058,1350000,1200000
2023-01-19 13:32:57.260000,1.35076,1.35056,1200000,1200000
2023-01-19 13:32:57.361000,1.35076,1.35057,1200000,1200000
2023-01-19 13:32:57.555000,1.35076,1.35058,1200000,1200000
2023-01-19 13:32:57.804000,1.35078,1.3506,1350000,1200000
2023-01-19 13:32:57.906000,1.35078,1.35061,1200000,1200000
2023-01-19 13:32:58.007000,1.35082,1.35063,1350000,1200000
2023-01-19 13:32:58.109000,1.35082,1.35065,1200000,1800000
2023-01-19 13:32:58.366000,1.35083,1.35065,1200000,1200000
2023-01-19 13:32:58.698000,1.35082,1.35067,1200000,1200000
2023-01-19 13:32:58.866000,1.35083,1.35065,1200000,1200000
2023-01-19 13:32:59.101000,1.35084,1.35066,1200000,1800000
2023-01-19 13:32:59.303000,1.35084,1.35069,1200000,1200000
2023-01-19 13:32:59.354000,1.35087,1.35069,1200000,2100000
2023-01-19 13:32:59.405000,1.35088,1.35073,1200000,1200000
2023-01-19 13:32:59.456000,1.35091,1.35074,1440000,1200000
2023-01-19 13:32:59.557000,1.35091,1.35073,1440000,1200000
2023-01-19 13:32:59.760000,1.35091,1.35074,1200000,1200000
2023-01-19 13:33:00.063000,1.35093,1.35073,1200000,1800000
2023-01-19 13:33:00.114000,1.35094,1.35077,1200000,1200000
2023-01-19 13:33:00.216000,1.35096,1.35078,1200000,1200000
2023-01-19 13:33:00.418000,1.35096,1.35079,1200000,1200000
2023-01-19 13:33:00.836000,1.35096,1.35078,1440000,1200000
2023-01-19 13:33:00.938000,1.35096,1.35079,1200000,1200000
2023-01-19 13:33:01.647000,1.35097,1.35079,1350000,1200000
2023-01-19 13:33:01.749000,1.35095,1.35078,4450000,1200000
2023-01-19 13:33:01.800000,1.35095,1.35073,5200000,1200000
2023-01-19 13:33:01.901000,1.3509,1.35072,1200000,1200000
2023-01-19 13:33:02.003000,1.35089,1.35074,1200000,1200000
2023-01-19 13:33:02.104000,1.35096,1.35078,1350000,1200000
2023-01-19 13:33:02.596000,1.35096,1.35077,1700000,1200000
2023-01-19 13:33:02.698000,1.35096,1.35074,1700000,1200000
2023-01-19 13:33:02.799000,1.35095,1.35077,1600000,1200000
2023-01-19 13:33:03.002000,1.35096,1.35077,1720000,1200000
2023-01-19 13:33:03.103000,1.35096,1.35073,1700000,1200000
2023-01-19 13:33:03.205000,1.35095,1.35073,1200000,1800000
2023-01-19 13:33:03.357000,1.35095,1.35073,1200000,3600000
2023-01-19 13:33:03.459000,1.35097,1.35078,1600000,1200000
2023-01-19 13:33:03.936000,1.35096,1.35079,1200000,1200000
2023-01-19 13:33:04.385000,1.35096,1.35079,1600000,1200000
2023-01-19 13:33:04.638000,1.35099,1.3508,1200000,1600000
2023-01-19 13:33:04.740000,1.35099,1.35079,1600000,1200000
2023-01-19 13:33:04.841000,1.35096,1.35078,1200000,1200000
2023-01-19 13:33:05.073000,1.35096,1.35077,1200000,1200000
2023-01-19 13:33:05.174000,1.35095,1.35078,1600000,1200000
2023-01-19 13:33:05.630000,1.35095,1.35078,1200000,1200000
2023-01-19 13:33:05.859000,1.35096,1.35078,1350000,1200000
2023-01-19 13:33:06.463000,1.35097,1.35077,1600000,1200000
2023-01-19 13:33:06.564000,1.35096,1.35077,1700000,1200000
2023-01-19 13:33:06.914000,1.35095,1.35077,3240000,1200000
2023-01-19 13:33:07.015000,1.35089,1.3507,1350000,1200000
2023-01-19 13:33:07.117000,1.35088,1.3507,1440000,1800000
2023-01-19 13:33:07.218000,1.35086,1.35069,1350000,1200000
2023-01-19 13:33:07.320000,1.35086,1.35067,1350000,1200000
2023-01-19 13:33:07.421000,1.35085,1.3507,1200000,1200000
2023-01-19 13:33:07.573000,1.35088,1.3507,1320000,1200000
2023-01-19 13:33:08,1.35088,1.3507,1600000,1200000
2023-01-19 13:33:08.101000,1.35087,1.3507,1200000,1200000
2023-01-19 13:33:08.203000,1.35088,1.35069,1600000,1800000
2023-01-19 13:33:08.304000,1.35088,1.3507,1200000,1200000
2023-01-19 13:33:08.355000,1.35089,1.35072,1200000,1200000
2023-01-19 13:33:08.406000,1.35094,1.35072,1350000,1200000
2023-01-19 13:33:08.508000,1.35093,1.35073,1350000,1600000
2023-01-19 13:33:08.802000,1.35097,1.35075,1200000,1200000
2023-01-19 13:33:08.903000,1.35098,1.35076,1820000,1200000
2023-01-19 13:33:09.004000,1.351,1.35076,2570000,1350000
2023-01-19 13:33:09.106000,1.35099,1.35078,1820000,1200000
2023-01-19 13:33:09.207000,1.351,1.35077,1820000,1350000
2023-01-19 13:33:09.258000,1.35102,1.35081,1350000,1600000
2023-01-19 13:33:09.360000,1.35105,1.35085,1600000,1200000
2023-01-19 13:33:09.461000,1.35105,1.35084,1350000,1350000
2023-01-19 13:33:09.563000,1.35105,1.35083,2870000,1200000
2023-01-19 13:33:09.664000,1.35102,1.35081,1720000,1200000
2023-01-19 13:33:09.766000,1.35101,1.35081,1720000,1200000
2023-01-19 13:33:09.817000,1.35102,1.35081,1200000,1720000
2023-01-19 13:33:09.918000,1.35106,1.35084,1700000,1350000
2023-01-19 13:33:10.020000,1.35107,1.35087,1820000,1200000
2023-01-19 13:33:10.071000,1.35107,1.35085,1820000,1200000
2023-01-19 13:33:10.173000,1.35103,1.35087,1350000,1200000
2023-01-19 13:33:10.274000,1.35107,1.35085,2550000,1200000
