time,ask,bid,ask_volume,bid_volume
2023-02-21 14:25:00.150000,1.35017,1.35002,1200000,1200000
2023-02-21 14:25:00.201000,1.35017,1.35004,1200000,1800000
2023-02-21 14:25:00.302000,1.35017,1.35004,1200000,3970000
2023-02-21 14:25:00.404000,1.35018,1.35003,1200000,1350000
2023-02-21 14:25:00.994000,1.35019,1.35004,1200000,2700000
2023-02-21 14:25:01.096000,1.3502,1.35005,1200000,2100000
2023-02-21 14:25:02.733000,1.35019,1.35005,1200000,1600000
2023-02-21 14:25:02.784000,1.35019,1.35003,1200000,3220000
2023-02-21 14:25:02.886000,1.35017,1.35003,1350000,1600000
2023-02-21 14:25:02.988000,1.35014,1.34999,1200000,4720000
2023-02-21 14:25:03.089000,1.35016,1.34999,1200000,1100000
2023-02-21 14:25:08.319000,1.35014,1.35001,1200000,1350000
2023-02-21 14:25:09.030000,1.35017,1.35001,1200000,1200000
2023-02-21 14:25:10.177000,1.35015,1.35001,1200000,1200000
2023-02-21 14:25:11,1.35016,1.35001,1200000,1200000
2023-02-21 14:25:12.458000,1.35016,1.35002,1200000,1800000
2023-02-21 14:25:12.560000,1.35018,1.35006,1800000,2850000
2023-02-21 14:25:12.663000,1.35019,1.35006,1350000,3600000
2023-02-21 14:25:13.041000,1.35021,1.35008,1200000,1200000
2023-02-21 14:25:13.143000,1.35021,1.3501,1200000,2700000
2023-02-21 14:25:13.245000,1.35024,1.35013,1200000,2700000
2023-02-21 14:25:13.296000,1.35028,1.35013,1600000,2700000
2023-02-21 14:25:13.347000,1.35028,1.35013,1200000,2700000
2023-02-21 14:25:13.448000,1.35027,1.35013,1200000,1200000
2023-02-21 14:25:13.499000,1.35024,1.35011,1200000,4350000
2023-02-21 14:25:13.601000,1.35025,1.3501,1350000,1600000
2023-02-21 14:25:13.753000,1.35025,1.3501,1350000,1350000
2023-02-21 14:25:13.905000,1.35022,1.35011,1200000,1350000
2023-02-21 14:25:14.057000,1.35023,1.35008,1200000,1350000
2023-02-21 14:25:14.159000,1.35022,1.35006,1200000,2100000
2023-02-21 14:25:14.260000,1.35021,1.35006,1200000,1600000
2023-02-21 14:25:14.768000,1.35022,1.35006,1200000,1600000
2023-02-21 14:25:14.920000,1.35022,1.35006,1200000,1600000
2023-02-21 14:25:15.275000,1.35023,1.35007,1200000,3970000
2023-02-21 14:25:15.376000,1.35024,1.35009,1200000,4500000
2023-02-21 14:25:17.340000,1.35023,1.35011,1200000,1200000
2023-02-21 14:25:17.612000,1.35026,1.35011,1200000,3600000
2023-02-21 14:25:17.714000,1.35027,1.35011,1350000,1800000
2023-02-21 14:25:17.815000,1.35027,1.35012,1200000,1200000
2023-02-21 14:25:18.323000,1.35026,1.35014,1200000,4050000
2023-02-21 14:25:18.425000,1.35027,1.35014,1200000,3150000
2023-02-21 14:25:18.526000,1.35027,1.35016,1200000,2700000
2023-02-21 14:25:18.577000,1.3503,1.35015,1200000,2700000
2023-02-21 14:25:20.505000,1.35029,1.35015,4050000,1350000
2023-02-21 14:25:20.556000,1.35027,1.35012,1200000,1600000
2023-02-21 14:25:20.607000,1.35027,1.35012,1200000,1200000
2023-02-21 14:25:20.810000,1.35027,1.35012,1200000,1600000
2023-02-21 14:25:21.227000,1.35026,1.35015,1200000,1200000
2023-02-21 14:25:21.328000,1.35026,1.35016,1200000,2250000
2023-02-21 14:25:21.379000,1.3503,1.35015,1200000,4050000
2023-02-21 14:25:21.531000,1.35029,1.35016,1200000,4350000
2023-02-21 14:25:22.276000,1.3503,1.35017,1200000,1200000
2023-02-21 14:25:22.327000,1.35032,1.35017,1200000,1200000
2023-02-21 14:25:22.429000,1.35032,1.35017,1200000,2100000
2023-02-21 14:25:22.935000,1.35032,1.35017,1200000,1350000
2023-02-21 14:25:23.138000,1.35031,1.35018,1200000,1600000
2023-02-21 14:25:24.969000,1.3503,1.35016,1200000,1600000
2023-02-21 14:25:25.121000,1.3503,1.35016,1200000,1350000
2023-02-21 14:25:25.172000,1.35026,1.35017,1200000,1350000
2023-02-21 14:25:26.925000,1.35027,1.35017,1200000,1200000
2023-02-21 14:25:27.974000,1.35026,1.35016,1200000,1200000
2023-02-21 14:25:34.244000,1.35025,1.35016,1200000,1800000
2023-02-21 14:25:34.346000,1.35023,1.35014,1200000,1320000
2023-02-21 14:25:34.904000,1.35028,1.35015,1200000,1200000
2023-02-21 14:25:35.005000,1.35028,1.35018,1800000,1200000
2023-02-21 14:25:35.213000,1.35028,1.35018,2100000,1200000
2023-02-21 14:25:35.809000,1.35029,1.35017,1800000,1200000
2023-02-21 14:25:35.961000,1.35029,1.35019,1200000,1200000
2023-02-21 14:25:38.453000,1.35028,1.35014,1200000,1320000
2023-02-21 14:25:39.995000,1.35027,1.35014,1200000,1890000
2023-02-21 14:25:41.192000,1.35027,1.35013,1200000,1890000
2023-02-21 14:25:42.216000,1.35028,1.35013,1200000,1200000
2023-02-21 14:25:43.268000,1.35028,1.35012,2250000,1200000
2023-02-21 14:25:43.872000,1.35026,1.35012,1200000,1200000
2023-02-21 14:25:44.551000,1.35025,1.35014,1200000,1890000
2023-02-21 14:25:44.652000,1.35025,1.35014,1200000,1620000
2023-02-21 14:25:44.763000,1.35026,1.35013,1200000,1890000
2023-02-21 14:25:45.068000,1.35027,1.35014,1200000,3600000
2023-02-21 14:25:45.170000,1.35028,1.35015,1200000,4590000
2023-02-21 14:25:45.518000,1.35028,1.35014,1200000,1200000
2023-02-21 14:25:45.620000,1.35027,1.35012,1200000,2250000
2023-02-21 14:25:46.040000,1.35024,1.35011,1200000,2250000
2023-02-21 14:25:47.177000,1.35023,1.35009,1200000,1200000
2023-02-21 14:25:47.278000,1.35023,1.35008,1200000,2250000
2023-02-21 14:25:47.711000,1.35022,1.35009,1600000,1800000
2023-02-21 14:25:48.695000,1.35022,1.35009,1350000,1200000
2023-02-21 14:25:53.062000,1.3502,1.35009,1600000,1200000
2023-02-21 14:25:53.113000,1.3502,1.35007,1600000,1800000
2023-02-21 14:25:53.215000,1.35019,1.35004,1800000,1600000
2023-02-21 14:25:53.316000,1.35018,1.35004,1200000,1320000
2023-02-21 14:25:53.957000,1.35017,1.35005,1200000,2370000
2023-02-21 14:25:54.494000,1.35017,1.35005,1200000,3150000
2023-02-21 14:25:54.900000,1.35019,1.35004,1200000,3150000
2023-02-21 14:25:55.989000,1.35017,1.35003,1200000,1350000
2023-02-21 14:25:56.091000,1.35017,1.35002,1350000,1200000
2023-02-21 14:25:56.193000,1.35016,1.35002,1200000,1200000
2023-02-21 14:25:56.310000,1.35015,1.35001,1200000,1200000
2023-02-21 14:26:00.785000,1.35012,1.35002,1200000,1350000
2023-02-21 14:26:02.112000,1.35015,1.35004,1200000,1200000
2023-02-21 14:26:02.213000,1.35016,1.35004,1200000,1890000
2023-02-21 14:26:02.474000,1.35016,1.35004,1200000,2920000
2023-02-21 14:26:02.576000,1.35018,1.35005,1200000,2170000
2023-02-21 14:26:02.876000,1.35019,1.35006,1200000,1700000
2023-02-21 14:26:02.927000,1.35021,1.35006,1200000,2170000
2023-02-21 14:26:03.282000,1.35021,1.35006,1200000,2340000
2023-02-21 14:26:07.490000,1.35021,1.35007,1200000,1200000
2023-02-21 14:26:07.592000,1.3502,1.35007,1720000,1200000
2023-02-21 14:26:07.693000,1.35016,1.35001,1200000,1350000
2023-02-21 14:26:07.795000,1.35015,1.35,1200000,2170000
2023-02-21 14:26:07.947000,1.35014,1.35001,1200000,1890000
2023-02-21 14:26:08.514000,1.35014,1.35,1200000,1200000
2023-02-21 14:26:08.616000,1.35013,1.34998,1200000,2550000
2023-02-21 14:26:08.717000,1.35013,1.34998,1200000,6840000
2023-02-21 14:26:12.505000,1.35012,1.34998,1200000,1890000
2023-02-21 14:26:13.671000,1.3501,1.34996,1350000,1800000
2023-02-21 14:26:13.772000,1.35007,1.34995,1200000,1600000
2023-02-21 14:26:13.874000,1.35005,1.3499,1200000,2170000
2023-02-21 14:26:14.077000,1.35005,1.3499,1200000,1440000
2023-02-21 14:26:15.355000,1.35003,1.34991,1200000,1350000
2023-02-21 14:26:15.457000,1.35002,1.34987,1600000,4720000
2023-02-21 14:26:15.559000,1.34998,1.34982,1200000,1200000
2023-02-21 14:26:15.660000,1.34995,1.34983,1200000,1200000
2023-02-21 14:26:15.775000,1.34994,1.34982,1200000,1200000
2023-02-21 14:26:16.348000,1.34995,1.34982,1200000,1800000
2023-02-21 14:26:25.350000,1.34995,1.34981,1200000,1350000
2023-02-21 14:26:25.451000,1.34994,1.34979,1200000,1800000
2023-02-21 14:26:25.654000,1.34992,1.34979,1600000,1200000
2023-02-21 14:26:25.756000,1.34988,1.34974,1200000,1200000
2023-02-21 14:26:25.857000,1.34988,1.34976,1200000,1200000
2023-02-21 14:26:26.313000,1.34987,1.34973,1200000,1890000
2023-02-21 14:26:26.414000,1.34985,1.34974,1200000,1320000
2023-02-21 14:26:26.859000,1.34987,1.34973,1200000,1800000
2023-02-21 14:26:27.062000,1.34984,1.34971,1200000,1200000
2023-02-21 14:26:27.164000,1.34985,1.34971,1200000,1320000
2023-02-21 14:26:27.764000,1.34981,1.34971,2250000,1200000
2023-02-21 14:26:27.866000,1.34978,1.34967,1200000,1600000
2023-02-21 14:26:27.917000,1.34977,1.34964,1200000,1320000
2023-02-21 14:26:28.221000,1.34976,1.34963,1200000,1800000
2023-02-21 14:26:28.322000,1.34977,1.34964,1200000,1200000
2023-02-21 14:26:28.598000,1.34975,1.34963,1200000,1800000
2023-02-21 14:26:28.699000,1.34976,1.34964,1200000,1200000
2023-02-21 14:26:28.801000,1.34975,1.34963,1200000,1800000
2023-02-21 14:26:28.902000,1.34975,1.34962,1200000,1440000
2023-02-21 14:26:34.201000,1.34974,1.34961,1200000,2100000
2023-02-21 14:26:34.302000,1.34972,1.34959,1200000,1600000
2023-02-21 14:26:34.404000,1.34972,1.34959,1200000,1200000
2023-02-21 14:26:34.663000,1.34971,1.34957,1200000,1600000
2023-02-21 14:26:34.765000,1.34968,1.34957,1200000,1200000
2023-02-21 14:26:34.816000,1.34968,1.34955,1200000,1200000
2023-02-21 14:26:34.917000,1.34967,1.34955,1200000,1800000
2023-02-21 14:26:34.969000,1.34966,1.34953,1200000,2340000
2023-02-21 14:26:35.809000,1.34964,1.34953,1200000,1350000
2023-02-21 14:26:35.860000,1.34964,1.34951,1200000,1200000
2023-02-21 14:26:35.911000,1.3496,1.34947,1200000,1320000
2023-02-21 14:26:36.265000,1.34958,1.34947,1800000,1200000
2023-02-21 14:26:36.367000,1.34952,1.34938,1200000,3300000
2023-02-21 14:26:36.418000,1.34952,1.34939,1200000,3690000
2023-02-21 14:26:36.520000,1.34953,1.34939,1200000,2700000
2023-02-21 14:26:36.621000,1.34954,1.3494,1200000,2970000
2023-02-21 14:26:36.723000,1.34955,1.34942,1200000,3720000
2023-02-21 14:26:36.774000,1.34956,1.34943,1200000,1840000
2023-02-21 14:26:36.875000,1.34955,1.34942,1200000,3790000
2023-02-21 14:26:37.198000,1.34955,1.34942,1200000,2340000
2023-02-21 14:26:37.350000,1.34955,1.34942,1200000,1990000
2023-02-21 14:26:38.316000,1.34957,1.34944,1200000,1320000
2023-02-21 14:26:38.418000,1.34958,1.34944,1200000,1080000
2023-02-21 14:26:42.083000,1.34957,1.34944,1200000,1890000
2023-02-21 14:26:42.547000,1.34955,1.34945,1200000,1320000
2023-02-21 14:26:42.800000,1.34956,1.34942,1200000,2340000
2023-02-21 14:26:43.132000,1.34954,1.34942,1200000,1200000
2023-02-21 14:26:43.233000,1.34953,1.34941,1200000,1700000
2023-02-21 14:26:43.335000,1.34954,1.3494,1200000,1320000
2023-02-21 14:26:44.211000,1.34953,1.3494,1200000,1440000
2023-02-21 14:26:44.728000,1.34954,1.3494,1200000,3670000
2023-02-21 14:26:44.829000,1.34952,1.34939,1200000,1600000
2023-02-21 14:26:44.931000,1.34949,1.34935,1200000,1890000
2023-02-21 14:26:46.195000,1.34948,1.34936,1200000,2070000
2023-02-21 14:26:46.297000,1.34951,1.3494,1200000,1200000
2023-02-21 14:26:47.956000,1.34949,1.34941,1200000,1200000
2023-02-21 14:26:48.517000,1.34951,1.34941,1200000,3400000
2023-02-21 14:26:48.568000,1.34952,1.34941,1200000,1980000
2023-02-21 14:26:48.670000,1.34949,1.34941,1200000,1350000
2023-02-21 14:26:48.771000,1.34948,1.34939,1200000,1200000
2023-02-21 14:26:48.873000,1.34949,1.34936,1200000,2550000
2023-02-21 14:26:48.974000,1.34948,1.34937,1200000,2790000
2023-02-21 14:26:49.278000,1.34947,1.34935,1200000,3000000
2023-02-21 14:26:49.380000,1.34945,1.34933,1200000,2550000
2023-02-21 14:26:50.530000,1.34946,1.34934,1200000,1320000
2023-02-21 14:26:50.631000,1.34944,1.34935,1200000,1200000
2023-02-21 14:26:50.834000,1.34944,1.34934,1200000,1200000
2023-02-21 14:26:50.885000,1.34944,1.34932,1200000,1200000
2023-02-21 14:26:50.936000,1.34941,1.34928,1200000,1700000
2023-02-21 14:26:51.088000,1.3494,1.34927,1200000,1440000
2023-02-21 14:26:53.390000,1.34941,1.34929,1200000,1620000
2023-02-21 14:26:53.492000,1.34943,1.34931,1200000,4500000
2023-02-21 14:26:54.690000,1.34943,1.34932,1200000,1200000
2023-02-21 14:26:54.791000,1.34944,1.34933,1200000,1200000
2023-02-21 14:26:55.146000,1.34944,1.34932,1200000,1800000
2023-02-21 14:26:55.775000,1.34945,1.34933,1200000,1200000
2023-02-21 14:26:55.876000,1.34946,1.34934,1200000,2340000
2023-02-21 14:26:55.978000,1.34948,1.34936,1200000,1200000
2023-02-21 14:26:57.830000,1.34948,1.34937,1200000,2790000
2023-02-21 14:26:57.932000,1.34952,1.34938,1200000,3600000
2023-02-21 14:26:58.034000,1.34953,1.34939,1200000,3600000
2023-02-21 14:26:59.090000,1.34955,1.3494,1200000,4050000
2023-02-21 14:27:01.114000,1.34954,1.34943,1200000,1200000
2023-02-21 14:27:01.216000,1.34955,1.34943,1200000,1200000
2023-02-21 14:27:01.412000,1.34958,1.34944,1200000,1200000
2023-02-21 14:27:01.514000,1.34962,1.3495,1600000,1890000
2023-02-21 14:27:01.616000,1.34968,1.34954,1200000,1200000
2023-02-21 14:27:01.768000,1.34969,1.34955,1200000,1200000
2023-02-21 14:27:01.870000,1.3497,1.34956,1200000,2790000
2023-02-21 14:27:01.921000,1.34969,1.34959,1200000,2340000
2023-02-21 14:27:01.972000,1.34974,1.3496,1350000,1320000
2023-02-21 14:27:02.073000,1.34977,1.34962,1200000,1890000
2023-02-21 14:27:02.175000,1.3498,1.34968,2100000,1320000
2023-02-21 14:27:02.276000,1.34981,1.34969,1200000,1200000
2023-02-21 14:27:03.705000,1.34984,1.34969,1200000,1200000
2023-02-21 14:27:03.806000,1.34985,1.34971,1200000,1320000
2023-02-21 14:27:04.471000,1.34986,1.34969,1200000,1200000
2023-02-21 14:27:04.774000,1.34985,1.34967,1200000,3240000
2023-02-21 14:27:04.876000,1.34983,1.34968,4050000,1200000
2023-02-21 14:27:05.079000,1.34981,1.34967,2790000,1200000
2023-02-21 14:27:05.181000,1.34978,1.34963,1200000,1600000
2023-02-21 14:27:05.232000,1.34977,1.34962,1200000,1200000
2023-02-21 14:27:13.787000,1.34972,1.3496,1200000,1800000
2023-02-21 14:27:13.889000,1.34969,1.34953,1200000,4800000
2023-02-21 14:27:14.041000,1.34969,1.34953,1200000,1620000
2023-02-21 14:27:14.244000,1.34968,1.34954,1200000,1890000
2023-02-21 14:27:14.396000,1.34969,1.34954,1200000,4140000
2023-02-21 14:27:14.548000,1.34969,1.34953,1200000,1890000
2023-02-21 14:27:14.650000,1.34969,1.34953,1200000,2370000
2023-02-21 14:27:14.853000,1.34969,1.34953,1200000,1890000
2023-02-21 14:27:14.954000,1.34969,1.34953,1200000,4240000
2023-02-21 14:27:17.023000,1.34968,1.34953,1200000,1620000
2023-02-21 14:27:17.125000,1.34968,1.34953,1200000,2340000
2023-02-21 14:27:19.935000,1.34968,1.34954,1200000,1200000
2023-02-21 14:27:23.257000,1.34965,1.34955,1200000,1200000
2023-02-21 14:27:23.460000,1.34966,1.34952,1200000,1440000
2023-02-21 14:27:23.895000,1.34968,1.34953,1200000,1200000
2023-02-21 14:27:23.997000,1.34966,1.34952,1200000,1200000
2023-02-21 14:27:24.098000,1.34965,1.34951,1200000,2250000
2023-02-21 14:27:24.919000,1.34967,1.34951,1800000,1200000
2023-02-21 14:27:27.060000,1.34966,1.34953,2250000,1200000
2023-02-21 14:27:28.262000,1.34966,1.34951,1200000,1200000
2023-02-21 14:27:28.515000,1.34965,1.34949,1800000,1350000
2023-02-21 14:27:28.617000,1.34963,1.34947,1200000,2100000
2023-02-21 14:27:28.718000,1.34963,1.34947,2250000,1800000
2023-02-21 14:27:28.921000,1.34962,1.34949,1600000,1200000
2023-02-21 14:27:29.552000,1.34963,1.34947,1600000,1800000
2023-02-21 14:27:29.758000,1.34963,1.34948,2100000,1800000
2023-02-21 14:27:30.273000,1.34962,1.34947,1200000,1800000
2023-02-21 14:27:30.775000,1.34963,1.34948,1350000,1200000
2023-02-21 14:27:30.877000,1.34964,1.34952,1200000,1200000
2023-02-21 14:27:31.188000,1.34965,1.34949,1200000,2250000
2023-02-21 14:27:31.290000,1.34963,1.34948,1200000,1200000
2023-02-21 14:27:31.391000,1.34962,1.34948,1200000,4860000
2023-02-21 14:27:31.969000,1.3496,1.34948,1200000,4860000
2023-02-21 14:27:32.351000,1.3496,1.34946,1200000,1200000
2023-02-21 14:27:32.453000,1.34959,1.34944,1200000,2250000
2023-02-21 14:27:32.903000,1.34957,1.34945,1200000,1200000
2023-02-21 14:27:33.005000,1.34958,1.34945,1200000,1200000
2023-02-21 14:27:33.106000,1.3496,1.34945,1200000,1200000
2023-02-21 14:27:33.271000,1.3496,1.34944,1200000,2250000
2023-02-21 14:27:34.685000,1.3496,1.34945,1200000,1200000
2023-02-21 14:27:34.838000,1.34961,1.34946,1200000,1200000
2023-02-21 14:27:34.939000,1.34961,1.34947,1200000,1200000
2023-02-21 14:27:35.157000,1.34963,1.34949,1200000,1320000
2023-02-21 14:27:35.259000,1.34964,1.3495,1200000,1200000
2023-02-21 14:27:35.360000,1.34967,1.3495,3970000,1200000
2023-02-21 14:27:35.462000,1.34967,1.34951,2100000,1200000
2023-02-21 14:27:35.563000,1.34968,1.34953,1200000,1200000
2023-02-21 14:27:35.665000,1.34968,1.34955,1350000,1200000
2023-02-21 14:27:36.070000,1.34971,1.34956,2850000,1200000
2023-02-21 14:27:36.171000,1.34971,1.34956,2100000,1200000
2023-02-21 14:27:37.080000,1.34971,1.34958,1600000,1200000
2023-02-21 14:27:37.637000,1.34971,1.34957,1600000,1200000
2023-02-21 14:27:38.598000,1.3497,1.34955,2700000,1200000
2023-02-21 14:27:39.325000,1.34971,1.34957,1600000,1200000
2023-02-21 14:27:40.193000,1.34971,1.34958,1600000,1320000
2023-02-21 14:27:40.244000,1.34974,1.34959,1200000,1440000
2023-02-21 14:27:40.295000,1.34976,1.34961,1720000,1200000
2023-02-21 14:27:40.397000,1.34976,1.34962,1600000,1200000
2023-02-21 14:27:40.499000,1.34975,1.34964,1200000,1200000
2023-02-21 14:27:40.832000,1.34979,1.34963,2250000,1200000
2023-02-21 14:27:41.307000,1.34979,1.34965,2250000,1200000
2023-02-21 14:27:42.801000,1.34981,1.34966,5100000,1200000
2023-02-21 14:27:43.651000,1.34981,1.34965,5100000,1200000
2023-02-21 14:27:43.753000,1.3498,1.34964,1720000,1200000
2023-02-21 14:27:45.190000,1.34978,1.34964,4950000,1200000
2023-02-21 14:27:45.291000,1.34978,1.34963,2700000,1200000
2023-02-21 14:27:46.281000,1.34978,1.34964,4950000,1200000
2023-02-21 14:27:47.364000,1.34979,1.34964,4950000,1200000
2023-02-21 14:27:48.286000,1.3498,1.34964,2250000,1200000
2023-02-21 14:27:50.803000,1.34979,1.34964,1200000,1200000
2023-02-21 14:27:50.955000,1.34978,1.34965,3970000,1200000
2023-02-21 14:27:51.158000,1.34974,1.34962,1320000,1200000
2023-02-21 14:27:51.260000,1.34971,1.34956,1200000,2100000
2023-02-21 14:27:51.361000,1.34971,1.34956,1200000,1800000
2023-02-21 14:27:52.284000,1.34971,1.34956,1200000,1620000
2023-02-21 14:27:52.436000,1.34972,1.3496,1350000,2220000
2023-02-21 14:27:52.487000,1.34974,1.34962,1200000,5490000
2023-02-21 14:27:52.589000,1.34974,1.34963,1200000,1200000
2023-02-21 14:27:53.549000,1.34975,1.34963,1200000,4500000
2023-02-21 14:27:53.650000,1.34977,1.34963,1200000,4500000
2023-02-21 14:27:53.752000,1.34976,1.34963,1200000,2790000
2023-02-21 14:27:54.216000,1.34974,1.34963,1200000,1320000
2023-02-21 14:27:54.549000,1.34976,1.34962,1200000,1890000
2023-02-21 14:27:55.075000,1.34975,1.34961,1200000,2370000
2023-02-21 14:27:55.200000,1.34974,1.34962,1200000,2340000
2023-02-21 14:27:57.016000,1.34974,1.34961,2220000,1800000
2023-02-21 14:27:57.117000,1.34972,1.34957,1200000,1200000
2023-02-21 14:27:58.037000,1.34973,1.34959,1200000,2700000
2023-02-21 14:27:58.138000,1.34974,1.3496,1200000,1320000
2023-02-21 14:27:58.240000,1.34975,1.34963,1200000,1200000
2023-02-21 14:27:58.432000,1.34976,1.34963,1200000,3240000
2023-02-21 14:27:58.534000,1.34976,1.34964,1200000,1320000
2023-02-21 14:28:00.614000,1.34978,1.34965,1200000,4950000
2023-02-21 14:28:01.249000,1.34977,1.34964,1200000,1200000
2023-02-21 14:28:01.779000,1.34977,1.34965,1200000,3150000
2023-02-21 14:28:02.693000,1.34978,1.34963,1200000,1800000
2023-02-21 14:28:04.407000,1.34977,1.34964,1200000,1620000
2023-02-21 14:28:04.458000,1.34977,1.34967,1200000,1800000
2023-02-21 14:28:04.509000,1.34977,1.34963,1200000,3300000
2023-02-21 14:28:04.694000,1.34977,1.34963,1200000,1200000
2023-02-21 14:28:05.358000,1.34978,1.34963,1200000,1470000
2023-02-21 14:28:05.459000,1.34978,1.34965,1200000,2340000
2023-02-21 14:28:06.149000,1.34977,1.34965,1200000,1200000
2023-02-21 14:28:06.453000,1.34978,1.34963,1200000,3060000
2023-02-21 14:28:06.554000,1.34978,1.34964,1200000,3600000
2023-02-21 14:28:06.656000,1.34978,1.34963,1200000,2340000
2023-02-21 14:28:07.192000,1.34974,1.34964,1620000,1200000
2023-02-21 14:28:07.243000,1.34972,1.34962,1440000,1200000
2023-02-21 14:28:07.294000,1.34965,1.34953,1200000,1600000
2023-02-21 14:28:07.396000,1.34966,1.34953,1200000,1200000
2023-02-21 14:28:08.009000,1.34966,1.34951,1200000,2790000
2023-02-21 14:28:08.637000,1.34964,1.34951,1800000,1350000
2023-02-21 14:28:08.739000,1.34961,1.34946,1200000,1200000
2023-02-21 14:28:08.841000,1.3496,1.34946,1200000,1200000
2023-02-21 14:28:08.993000,1.34959,1.34946,1200000,1200000
2023-02-21 14:28:09.094000,1.34959,1.34946,1600000,1200000
2023-02-21 14:28:09.831000,1.34959,1.34946,1200000,1200000
2023-02-21 14:28:09.933000,1.34961,1.34947,1200000,1200000
2023-02-21 14:28:10.034000,1.34962,1.34947,1200000,1200000
2023-02-21 14:28:10.509000,1.34963,1.34947,1200000,1200000
2023-02-21 14:28:12.687000,1.3496,1.34948,1200000,1200000
2023-02-21 14:28:12.789000,1.34958,1.34946,1200000,1600000
2023-02-21 14:28:12.890000,1.34959,1.34945,1200000,1350000
2023-02-21 14:28:17.819000,1.34959,1.34946,1200000,1200000
2023-02-21 14:28:17.920000,1.34959,1.34945,1200000,1350000
2023-02-21 14:28:19.783000,1.34962,1.3495,1200000,3600000
2023-02-21 14:28:19.884000,1.34965,1.34951,1350000,1890000
2023-02-21 14:28:19.986000,1.34966,1.34952,1200000,1800000
2023-02-21 14:28:21.179000,1.34965,1.34952,1200000,1200000
2023-02-21 14:28:21.230000,1.34965,1.3495,1620000,1200000
2023-02-21 14:28:21.281000,1.34961,1.34947,1600000,1600000
2023-02-21 14:28:21.433000,1.34961,1.34946,1200000,1200000
2023-02-21 14:28:21.535000,1.3496,1.34946,1200000,1200000
2023-02-21 14:28:23.172000,1.3496,1.34946,1600000,1200000
2023-02-21 14:28:24.584000,1.3496,1.34946,1200000,1200000
2023-02-21 14:28:25.904000,1.34959,1.34945,1200000,1350000
2023-02-21 14:28:26.006000,1.3496,1.34945,1200000,2250000
2023-02-21 14:28:26.615000,1.3496,1.34948,1200000,1200000
2023-02-21 14:28:27.641000,1.34961,1.34951,1200000,2250000
2023-02-21 14:28:27.743000,1.34964,1.34951,1600000,3690000
2023-02-21 14:28:27.794000,1.34966,1.34953,1800000,4050000
2023-02-21 14:28:27.946000,1.34966,1.34952,1350000,2790000
2023-02-21 14:28:28.047000,1.34966,1.34953,1200000,1350000
2023-02-21 14:28:28.568000,1.34967,1.34953,1200000,1200000
2023-02-21 14:28:28.670000,1.34967,1.34952,1200000,5220000
2023-02-21 14:28:34.877000,1.34966,1.34954,1200000,1200000
2023-02-21 14:28:37.279000,1.34969,1.34956,1350000,1200000
2023-02-21 14:28:37.381000,1.3497,1.34957,1200000,1200000
2023-02-21 14:28:37.635000,1.34971,1.34957,1200000,1800000
2023-02-21 14:28:38.341000,1.34972,1.34958,1200000,1200000
2023-02-21 14:28:38.898000,1.34974,1.34961,1350000,1200000
2023-02-21 14:28:38.999000,1.34975,1.34961,1200000,3790000
2023-02-21 14:28:39.106000,1.34976,1.34962,1200000,4050000
2023-02-21 14:28:39.208000,1.34976,1.34964,1200000,1320000
2023-02-21 14:28:39.397000,1.34978,1.34964,1200000,1200000
2023-02-21 14:28:41.704000,1.34978,1.34963,1200000,3240000
2023-02-21 14:28:42.738000,1.34976,1.34964,1200000,1350000
2023-02-21 14:28:45.204000,1.34977,1.34962,1200000,2340000
2023-02-21 14:28:45.744000,1.34978,1.34963,1200000,1200000
2023-02-21 14:28:48.555000,1.34977,1.34963,1200000,1200000
2023-02-21 14:28:48.711000,1.34978,1.34964,1200000,1200000
2023-02-21 14:28:50.689000,1.34978,1.34965,1200000,1200000
2023-02-21 14:28:53.860000,1.34977,1.34965,1200000,1200000
2023-02-21 14:28:55.446000,1.34979,1.34966,1200000,1800000
2023-02-21 14:28:55.547000,1.34982,1.34972,1600000,1200000
2023-02-21 14:28:55.649000,1.34979,1.34967,1200000,1200000
2023-02-21 14:28:56.005000,1.34978,1.34966,1200000,1200000
2023-02-21 14:28:57.078000,1.3498,1.34967,1200000,1200000
2023-02-21 14:28:57.129000,1.3498,1.34967,1200000,2870000
2023-02-21 14:28:57.180000,1.34983,1.34971,1350000,1200000
2023-02-21 14:28:58.499000,1.34984,1.34973,1200000,1200000
2023-02-21 14:28:58.752000,1.34984,1.34975,1200000,1200000
2023-02-21 14:29:00.327000,1.34987,1.34973,1200000,1200000
2023-02-21 14:29:02.164000,1.34987,1.34972,1200000,1890000
2023-02-21 14:29:06.228000,1.34987,1.34972,1200000,2170000
2023-02-21 14:29:07.181000,1.34986,1.34973,1200000,3670000
2023-02-21 14:29:07.781000,1.34988,1.34974,1200000,1200000
2023-02-21 14:29:08.561000,1.34987,1.34973,1200000,1350000
2023-02-21 14:29:08.714000,1.34988,1.34974,1200000,1200000
2023-02-21 14:29:09.287000,1.34988,1.34979,1200000,1620000
2023-02-21 14:29:09.389000,1.34992,1.34981,1200000,1320000
2023-02-21 14:29:09.491000,1.34995,1.34981,1200000,1620000
2023-02-21 14:29:09.693000,1.34996,1.34982,1200000,1320000
2023-02-21 14:29:09.795000,1.34999,1.34984,1600000,3690000
2023-02-21 14:29:09.897000,1.34999,1.34985,1200000,2250000
2023-02-21 14:29:11.658000,1.34998,1.34984,1200000,1840000
2023-02-21 14:29:11.945000,1.34998,1.34984,1200000,1200000
2023-02-21 14:29:12.147000,1.34997,1.34984,1200000,1890000
2023-02-21 14:29:12.661000,1.34996,1.34983,1200000,2550000
2023-02-21 14:29:12.763000,1.34995,1.34982,1200000,1100000
2023-02-21 14:29:13.945000,1.34994,1.34982,1200000,1200000
2023-02-21 14:29:14.526000,1.34995,1.3498,1200000,2700000
2023-02-21 14:29:15.187000,1.34994,1.34982,1200000,1200000
2023-02-21 14:29:16.851000,1.34995,1.3498,1200000,2700000
2023-02-21 14:29:17.104000,1.34994,1.34982,1200000,1200000
2023-02-21 14:29:20.359000,1.34997,1.34983,1200000,1200000
2023-02-21 14:29:20.461000,1.34998,1.34984,2250000,4090000
2023-02-21 14:29:20.841000,1.34998,1.34986,1200000,1200000
2023-02-21 14:29:22.117000,1.35,1.34986,1200000,3240000
2023-02-21 14:29:22.219000,1.35001,1.34987,1200000,1200000
2023-02-21 14:29:22.331000,1.35002,1.34987,1200000,2100000
2023-02-21 14:29:23.666000,1.35,1.34987,4140000,1200000
2023-02-21 14:29:23.768000,1.34996,1.34983,1200000,2470000
2023-02-21 14:29:23.870000,1.34997,1.34983,1200000,1350000
2023-02-21 14:29:23.971000,1.34998,1.34983,1200000,1350000
2023-02-21 14:29:25.413000,1.34996,1.34982,1200000,2470000
2023-02-21 14:29:25.853000,1.34996,1.34982,1200000,1800000
2023-02-21 14:29:26.394000,1.34998,1.34983,1800000,1200000
2023-02-21 14:29:26.880000,1.34998,1.34986,1200000,1200000
2023-02-21 14:29:27.186000,1.35,1.34988,2250000,1350000
2023-02-21 14:29:27.889000,1.35002,1.34988,1200000,1800000
2023-02-21 14:29:29.979000,1.35002,1.34991,1200000,1200000
2023-02-21 14:29:30.669000,1.35004,1.34991,1320000,1200000
2023-02-21 14:29:33.033000,1.35004,1.3499,1200000,1200000
2023-02-21 14:29:34.032000,1.35004,1.34989,1200000,1800000
2023-02-21 14:29:35.007000,1.35003,1.34992,1200000,1200000
2023-02-21 14:29:35.159000,1.35004,1.34992,1200000,2740000
2023-02-21 14:29:35.261000,1.35008,1.34995,1350000,3490000
2023-02-21 14:29:35.363000,1.35012,1.34998,1350000,1350000
2023-02-21 14:29:42.305000,1.35014,1.35,1200000,1200000
2023-02-21 14:29:43.337000,1.35016,1.35003,1350000,3600000
2023-02-21 14:29:43.438000,1.35015,1.35004,1200000,3490000
2023-02-21 14:29:43.489000,1.35017,1.35005,1200000,1200000
2023-02-21 14:29:43.591000,1.35019,1.35005,1350000,1200000
2023-02-21 14:29:43.844000,1.35019,1.35006,1350000,1200000
2023-02-21 14:29:44.721000,1.3502,1.35005,1200000,3300000
2023-02-21 14:29:44.772000,1.35022,1.35008,1350000,1200000
2023-02-21 14:29:44.874000,1.35025,1.35011,2250000,1200000
2023-02-21 14:29:44.975000,1.35024,1.35013,1350000,1890000
2023-02-21 14:29:45.128000,1.35026,1.35015,1200000,1890000
2023-02-21 14:29:45.229000,1.35028,1.35014,1200000,1800000
2023-02-21 14:29:45.381000,1.35029,1.35014,1200000,5490000
2023-02-21 14:29:45.536000,1.35029,1.35014,1200000,4420000
2023-02-21 14:29:46.100000,1.3503,1.35016,1200000,1200000
2023-02-21 14:29:46.202000,1.35031,1.35017,1200000,1200000
2023-02-21 14:29:46.330000,1.35031,1.35016,1200000,2250000
2023-02-21 14:29:47.714000,1.35031,1.35017,1200000,2740000
2023-02-21 14:29:47.816000,1.35032,1.35021,1200000,1200000
2023-02-21 14:29:52.011000,1.35035,1.35022,1350000,1200000
2023-02-21 14:29:52.163000,1.35036,1.35022,2250000,1800000
2023-02-21 14:29:52.265000,1.35039,1.35027,1600000,1200000
2023-02-21 14:29:52.316000,1.35039,1.35027,1200000,3490000
2023-02-21 14:29:52.367000,1.35042,1.35028,1200000,1200000
2023-02-21 14:29:52.418000,1.35042,1.35028,1200000,1600000
2023-02-21 14:29:52.830000,1.35042,1.35028,1200000,1200000
2023-02-21 14:29:55.131000,1.3504,1.35026,2740000,1200000
2023-02-21 14:29:55.233000,1.35037,1.35023,1440000,1800000
2023-02-21 14:29:55.385000,1.35032,1.35021,2700000,1200000
2023-02-21 14:29:55.487000,1.35031,1.35017,1350000,1600000
2023-02-21 14:29:55.538000,1.35031,1.35017,1350000,1200000
2023-02-21 14:29:55.640000,1.35028,1.35015,1440000,2250000
2023-02-21 14:29:55.741000,1.35029,1.35013,1440000,1200000
2023-02-21 14:29:57.614000,1.35028,1.35013,1200000,1200000
2023-02-21 14:29:58.640000,1.35026,1.35013,1200000,1200000
2023-02-21 14:29:59.448000,1.35026,1.35014,1200000,1200000
2023-02-21 14:29:59.550000,1.35028,1.35014,1200000,1240000
2023-02-21 14:29:59.651000,1.3503,1.35016,1200000,1200000
2023-02-21 14:29:59.753000,1.35031,1.35016,1200000,1320000
2023-02-21 14:29:59.955000,1.35032,1.35018,1800000,1320000
2023-02-21 14:30:00.108000,1.35032,1.35017,1200000,1200000
2023-02-21 14:30:00.310000,1.35031,1.35016,2370000,1200000
2023-02-21 14:30:00.412000,1.35026,1.35012,1200000,2550000
2023-02-21 14:30:00.514000,1.35031,1.35014,1200000,1600000
2023-02-21 14:30:00.616000,1.35028,1.35017,2370000,1200000
2023-02-21 14:30:00.667000,1.35027,1.35013,1200000,1350000
2023-02-21 14:30:00.819000,1.35027,1.35012,1320000,1350000
2023-02-21 14:30:00.921000,1.35026,1.35012,1200000,1200000
2023-02-21 14:30:01.022000,1.35024,1.35012,1200000,1200000
2023-02-21 14:30:01.073000,1.35023,1.35012,1120000,1200000
2023-02-21 14:30:01.124000,1.3502,1.35007,4500000,1200000
2023-02-21 14:30:01.226000,1.3502,1.35003,5590000,1200000
2023-02-21 14:30:01.277000,1.35017,1.35002,2790000,1350000
2023-02-21 14:30:01.552000,1.35014,1.35002,1200000,1200000
2023-02-21 14:30:02.059000,1.35013,1.35,2740000,1200000
2023-02-21 14:30:02.161000,1.35009,1.34994,2790000,1200000
2023-02-21 14:30:02.262000,1.35007,1.34994,1320000,1200000
2023-02-21 14:30:02.364000,1.35007,1.34993,1200000,1200000
2023-02-21 14:30:02.670000,1.35006,1.34992,1200000,1200000
2023-02-21 14:30:02.923000,1.35005,1.34993,1200000,3870000
2023-02-21 14:30:02.974000,1.35007,1.34995,1200000,1990000
2023-02-21 14:30:03.025000,1.35013,1.34998,1200000,1320000
2023-02-21 14:30:03.178000,1.35013,1.34998,1200000,1700000
2023-02-21 14:30:03.802000,1.35012,1.34999,1200000,1320000
2023-02-21 14:30:04.462000,1.35013,1.34998,1200000,1800000
2023-02-21 14:30:04.882000,1.35012,1.34998,1620000,1200000
2023-02-21 14:30:04.984000,1.35006,1.34991,1200000,1600000
2023-02-21 14:30:05.085000,1.35005,1.34991,1200000,1200000
2023-02-21 14:30:05.187000,1.35005,1.34992,1200000,1720000
2023-02-21 14:30:05.289000,1.35006,1.34994,1200000,1200000
2023-02-21 14:30:05.390000,1.35004,1.34992,1200000,1600000
2023-02-21 14:30:05.643000,1.35003,1.34993,1200000,1200000
2023-02-21 14:30:06.402000,1.35002,1.3499,1200000,1200000
2023-02-21 14:30:06.655000,1.35002,1.3499,1200000,1600000
2023-02-21 14:30:06.706000,1.35003,1.34992,1200000,1350000
2023-02-21 14:30:06.807000,1.35005,1.34993,1200000,1200000
2023-02-21 14:30:06.959000,1.35006,1.34993,1200000,1620000
2023-02-21 14:30:07.010000,1.35008,1.34995,1200000,1200000
2023-02-21 14:30:07.213000,1.35004,1.34993,1200000,1200000
2023-02-21 14:30:07.315000,1.35001,1.34989,1200000,1600000
2023-02-21 14:30:07.417000,1.35,1.34987,1200000,1200000
2023-02-21 14:30:07.519000,1.35,1.3499,1200000,1200000
2023-02-21 14:30:07.775000,1.35002,1.34991,1200000,1200000
2023-02-21 14:30:07.927000,1.35004,1.34992,1200000,1200000
2023-02-21 14:30:08.829000,1.35006,1.34995,1200000,1120000
2023-02-21 14:30:08.931000,1.35013,1.35001,1200000,1200000
2023-02-21 14:30:09.083000,1.35015,1.35001,1200000,1200000
2023-02-21 14:30:09.407000,1.35016,1.35004,1200000,1990000
2023-02-21 14:30:09.509000,1.35021,1.35007,1200000,1200000
2023-02-21 14:30:09.762000,1.35022,1.35008,1200000,1200000
2023-02-21 14:30:09.864000,1.35023,1.35009,1200000,1200000
2023-02-21 14:30:09.966000,1.35021,1.35009,1200000,1200000
2023-02-21 14:30:10.451000,1.3502,1.35007,3120000,1200000
2023-02-21 14:30:10.506000,1.35017,1.35003,1200000,1350000
2023-02-21 14:30:10.607000,1.35015,1.35001,1200000,1200000
2023-02-21 14:30:11.063000,1.35015,1.35,1320000,1200000
2023-02-21 14:30:11.165000,1.35012,1.35,1200000,1200000
2023-02-21 14:30:11.614000,1.35012,1.34998,1200000,1200000
2023-02-21 14:30:11.715000,1.35007,1.34992,1200000,1600000
2023-02-21 14:30:11.767000,1.35007,1.34992,4140000,1200000
2023-02-21 14:30:11.817000,1.35005,1.34991,1200000,1200000
2023-02-21 14:30:11.919000,1.35005,1.3499,1200000,1200000
2023-02-21 14:30:12.021000,1.35002,1.3499,1200000,1200000
2023-02-21 14:30:12.122000,1.35001,1.34987,1200000,1200000
2023-02-21 14:30:12.426000,1.35002,1.34991,1200000,1200000
2023-02-21 14:30:12.528000,1.35005,1.34991,1200000,1200000
2023-02-21 14:30:12.680000,1.35005,1.34992,1200000,3600000
2023-02-21 14:30:12.781000,1.35007,1.34993,1200000,1200000
2023-02-21 14:30:13.119000,1.35006,1.34993,1200000,1200000
2023-02-21 14:30:14.607000,1.35009,1.34995,2250000,4590000
2023-02-21 14:30:14.709000,1.35012,1.34998,1600000,1200000
2023-02-21 14:30:14.760000,1.35012,1.34998,1200000,1200000
2023-02-21 14:30:14.912000,1.35011,1.34997,1200000,1200000
2023-02-21 14:30:15.014000,1.35011,1.34999,1200000,1200000
2023-02-21 14:30:15.116000,1.35014,1.34999,1200000,1200000
2023-02-21 14:30:15.521000,1.35015,1.35,1200000,1200000
2023-02-21 14:30:15.724000,1.35016,1.35001,1320000,1200000
2023-02-21 14:30:15.926000,1.35015,1.35001,4240000,1200000
2023-02-21 14:30:16.028000,1.35013,1.34999,4500000,1200000
2023-02-21 14:30:16.079000,1.3501,1.34999,1120000,1200000
2023-02-21 14:30:16.130000,1.35009,1.34994,1720000,1200000
2023-02-21 14:30:16.535000,1.35009,1.34994,1200000,1200000
2023-02-21 14:30:17.038000,1.35008,1.34994,1440000,1200000
2023-02-21 14:30:17.140000,1.35007,1.34994,3240000,1200000
2023-02-21 14:30:17.499000,1.35008,1.34994,1200000,1200000
2023-02-21 14:30:18.305000,1.35009,1.34994,1320000,1200000
2023-02-21 14:30:19.800000,1.35007,1.34992,1200000,1200000
2023-02-21 14:30:20.003000,1.35005,1.34991,3870000,1200000
2023-02-21 14:30:20.106000,1.35002,1.3499,1620000,1200000
2023-02-21 14:30:20.208000,1.35001,1.34984,4590000,1200000
2023-02-21 14:30:20.310000,1.35001,1.34986,3690000,1200000
2023-02-21 14:30:20.411000,1.35001,1.34986,2370000,1200000
2023-02-21 14:30:20.978000,1.35002,1.34987,1200000,1200000
2023-02-21 14:30:21.383000,1.35003,1.34989,1200000,1200000
2023-02-21 14:30:21.485000,1.35003,1.34991,1320000,1200000
2023-02-21 14:30:21.586000,1.35003,1.34988,1200000,1200000
2023-02-21 14:30:22.299000,1.35,1.34988,1320000,1200000
2023-02-21 14:30:22.502000,1.35,1.34985,3720000,1200000
2023-02-21 14:30:22.604000,1.34997,1.34983,1200000,1200000
2023-02-21 14:30:23.342000,1.34993,1.34983,1120000,1200000
2023-02-21 14:30:23.443000,1.34992,1.34979,2370000,1200000
2023-02-21 14:30:23.545000,1.34993,1.34977,2020000,1200000
2023-02-21 14:30:23.647000,1.34993,1.34977,2340000,1200000
2023-02-21 14:30:24.789000,1.3499,1.34978,1990000,1200000
2023-02-21 14:30:24.891000,1.3499,1.34976,1320000,1200000
2023-02-21 14:30:26.153000,1.34988,1.34975,1200000,1200000
2023-02-21 14:30:26.255000,1.34989,1.34977,4140000,1200000
2023-02-21 14:30:26.356000,1.34989,1.34976,3690000,1200000
2023-02-21 14:30:27.031000,1.3499,1.34976,4590000,1200000
2023-02-21 14:30:27.133000,1.34992,1.34979,1200000,1200000
2023-02-21 14:30:27.234000,1.34997,1.34984,1600000,1200000
2023-02-21 14:30:27.336000,1.34997,1.34984,1200000,1200000
2023-02-21 14:30:27.539000,1.34998,1.34986,1890000,1200000
2023-02-21 14:30:27.641000,1.35001,1.34986,4090000,1200000
2023-02-21 14:30:27.742000,1.35,1.34989,3120000,1200000
2023-02-21 14:30:27.844000,1.35,1.34987,4140000,1200000
2023-02-21 14:30:27.945000,1.35001,1.34987,1320000,1200000
2023-02-21 14:30:28.097000,1.35,1.34987,1320000,1200000
2023-02-21 14:30:28.249000,1.34999,1.34988,1120000,1200000
2023-02-21 14:30:28.351000,1.35,1.34986,3240000,1200000
2023-02-21 14:30:28.453000,1.35001,1.34988,2100000,1350000
2023-02-21 14:30:28.554000,1.35004,1.34992,1200000,1200000
2023-02-21 14:30:28.605000,1.35007,1.34994,1800000,1200000
2023-02-21 14:30:28.707000,1.35011,1.34997,3300000,1200000
2023-02-21 14:30:28.758000,1.35012,1.34997,1800000,1350000
2023-02-21 14:30:28.809000,1.35016,1.35001,2790000,1200000
2023-02-21 14:30:28.961000,1.35016,1.35001,4240000,1200000
2023-02-21 14:30:29.063000,1.35016,1.35001,3690000,1200000
2023-02-21 14:30:29.570000,1.35017,1.35002,2700000,1200000
2023-02-21 14:30:29.671000,1.35017,1.35004,1200000,1200000
2023-02-21 14:30:29.773000,1.35017,1.35009,1200000,1200000
2023-02-21 14:30:29.824000,1.35021,1.35008,1200000,1200000
2023-02-21 14:30:29.875000,1.35024,1.3501,1200000,1200000
2023-02-21 14:30:30.280000,1.35025,1.35012,1800000,1200000
2023-02-21 14:30:30.381000,1.35027,1.35013,5850000,1200000
2023-02-21 14:30:31.122000,1.35028,1.35015,4950000,1200000
2023-02-21 14:30:31.224000,1.3503,1.35017,3150000,1200000
2023-02-21 14:30:31.326000,1.35029,1.35018,4950000,1200000
2023-02-21 14:30:31.427000,1.3503,1.35018,3150000,1200000
2023-02-21 14:30:31.529000,1.35027,1.35014,1200000,1200000
2023-02-21 14:30:31.630000,1.35026,1.35012,1200000,1200000
2023-02-21 14:30:31.732000,1.35024,1.35012,3600000,1200000
2023-02-21 14:30:31.834000,1.35023,1.35012,1200000,1200000
2023-02-21 14:30:31.986000,1.35026,1.35012,4350000,1200000
2023-02-21 14:30:32.138000,1.35026,1.35012,3600000,1200000
2023-02-21 14:30:32.960000,1.35026,1.35013,4050000,1200000
2023-02-21 14:30:33.162000,1.35025,1.35013,2700000,1200000
2023-02-21 14:30:33.321000,1.35025,1.35012,2700000,1200000
2023-02-21 14:30:33.422000,1.35026,1.35011,3600000,1200000
2023-02-21 14:30:33.524000,1.35025,1.35013,2700000,1200000
2023-02-21 14:30:33.726000,1.35027,1.35014,4950000,1200000
2023-02-21 14:30:34.030000,1.35025,1.35015,3150000,1200000
2023-02-21 14:30:34.132000,1.35027,1.35014,2700000,1200000
2023-02-21 14:30:34.385000,1.35026,1.35014,3150000,1200000
2023-02-21 14:30:34.575000,1.35022,1.35013,1200000,1200000
2023-02-21 14:30:34.677000,1.35019,1.35006,1800000,1200000
2023-02-21 14:30:34.779000,1.35018,1.35005,3150000,1200000
2023-02-21 14:30:34.880000,1.35019,1.35005,3600000,1200000
2023-02-21 14:30:34.982000,1.35016,1.35004,1200000,1200000
2023-02-21 14:30:35.134000,1.35015,1.35003,4050000,1200000
2023-02-21 14:30:35.185000,1.35013,1.34998,1200000,1200000
2023-02-21 14:30:35.287000,1.35014,1.35,1200000,1200000
2023-02-21 14:30:35.389000,1.35013,1.34997,4950000,1200000
2023-02-21 14:30:35.490000,1.35011,1.34996,3600000,1200000
2023-02-21 14:30:35.592000,1.35009,1.34995,2250000,1200000
2023-02-21 14:30:35.877000,1.35008,1.34994,1200000,1200000
2023-02-21 14:30:35.979000,1.35007,1.34993,1200000,1200000
2023-02-21 14:30:36.188000,1.35007,1.34991,1800000,1200000
2023-02-21 14:30:36.341000,1.35008,1.34994,1350000,1200000
2023-02-21 14:30:36.962000,1.3501,1.34994,1200000,1320000
2023-02-21 14:30:37.013000,1.35013,1.34995,2850000,1200000
2023-02-21 14:30:37.064000,1.35013,1.34996,1600000,1120000
2023-02-21 14:30:37.166000,1.35015,1.35,1200000,1200000
2023-02-21 14:30:37.368000,1.35016,1.35001,1200000,1320000
2023-02-21 14:30:37.470000,1.35019,1.35003,1350000,1200000
2023-02-21 14:30:37.673000,1.3502,1.35004,1200000,3150000
2023-02-21 14:30:37.774000,1.35018,1.35004,1200000,1200000
2023-02-21 14:30:37.876000,1.35017,1.35002,1200000,1350000
2023-02-21 14:30:37.978000,1.35015,1.35001,1200000,1200000
2023-02-21 14:30:38.079000,1.35016,1.35001,1200000,1200000
2023-02-21 14:30:38.594000,1.35014,1.35002,1800000,1200000
2023-02-21 14:30:38.696000,1.35013,1.34999,1200000,1200000
2023-02-21 14:30:38.797000,1.35013,1.34996,1200000,1200000
2023-02-21 14:30:39.051000,1.35011,1.34997,1120000,1200000
2023-02-21 14:30:39.152000,1.35009,1.34993,1200000,1350000
2023-02-21 14:30:39.355000,1.35006,1.34992,1200000,1200000
2023-02-21 14:30:39.507000,1.35006,1.34991,1800000,1200000
2023-02-21 14:30:39.660000,1.35005,1.3499,1800000,1200000
2023-02-21 14:30:40.065000,1.35003,1.34989,1350000,1200000
2023-02-21 14:30:40.166000,1.35002,1.34987,1200000,5040000
2023-02-21 14:30:40.799000,1.35002,1.3499,1200000,1200000
2023-02-21 14:30:40.901000,1.35001,1.34986,1200000,1350000
2023-02-21 14:30:41.237000,1.35,1.34985,1200000,1200000
2023-02-21 14:30:41.342000,1.34995,1.34985,1200000,1200000
2023-02-21 14:30:41.443000,1.34994,1.34983,1200000,1200000
2023-02-21 14:30:42.634000,1.34996,1.34983,1200000,1200000
2023-02-21 14:30:42.897000,1.34996,1.34985,1200000,1200000
2023-02-21 14:30:43.709000,1.34998,1.34987,1200000,3720000
2023-02-21 14:30:43.811000,1.35003,1.3499,1200000,1200000
2023-02-21 14:30:43.913000,1.35004,1.34992,1200000,1200000
2023-02-21 14:30:44.014000,1.35008,1.34993,1200000,1200000
2023-02-21 14:30:44.163000,1.35009,1.34993,4050000,1200000
2023-02-21 14:30:44.264000,1.3501,1.34994,1800000,1200000
2023-02-21 14:30:44.416000,1.35011,1.34995,4950000,1200000
2023-02-21 14:30:44.518000,1.3501,1.34995,2790000,1200000
2023-02-21 14:30:44.620000,1.35006,1.34993,3600000,1200000
2023-02-21 14:30:44.722000,1.35004,1.34991,1200000,1200000
2023-02-21 14:30:45.088000,1.35002,1.34993,1200000,1200000
2023-02-21 14:30:45.585000,1.35005,1.34993,1200000,1200000
2023-02-21 14:30:45.687000,1.35005,1.34996,1200000,1200000
2023-02-21 14:30:45.789000,1.35006,1.34992,1200000,2790000
2023-02-21 14:30:45.891000,1.35006,1.34991,1200000,1320000
2023-02-21 14:30:45.992000,1.35003,1.3499,1200000,4590000
2023-02-21 14:30:46.094000,1.35003,1.34988,1200000,1600000
2023-02-21 14:30:46.246000,1.35002,1.34986,1200000,4800000
2023-02-21 14:30:46.348000,1.35,1.34985,1200000,3690000
2023-02-21 14:30:46.450000,1.35,1.34984,1200000,3690000
2023-02-21 14:30:46.652000,1.34999,1.34984,1200000,1200000
2023-02-21 14:30:46.754000,1.34995,1.34981,1200000,4140000
2023-02-21 14:30:46.856000,1.34994,1.34981,1200000,1320000
2023-02-21 14:30:46.957000,1.34993,1.34979,1200000,5370000
2023-02-21 14:30:47.349000,1.34994,1.34979,1200000,3870000
2023-02-21 14:30:47.451000,1.34996,1.34981,1200000,1990000
2023-02-21 14:30:47.936000,1.34995,1.34982,1200000,1320000
2023-02-21 14:30:48.360000,1.34995,1.34981,1200000,3240000
2023-02-21 14:30:48.462000,1.34995,1.3498,1200000,1440000
2023-02-21 14:30:48.564000,1.34994,1.3498,1200000,1440000
2023-02-21 14:30:48.665000,1.34993,1.34979,1200000,1600000
2023-02-21 14:30:49.462000,1.34993,1.3498,1200000,4240000
2023-02-21 14:30:49.682000,1.34995,1.3498,1200000,1240000
2023-02-21 14:30:49.784000,1.34995,1.34982,1200000,1240000
2023-02-21 14:30:50.073000,1.34997,1.34982,1200000,2790000
2023-02-21 14:30:50.437000,1.34995,1.34982,1200000,2590000
2023-02-21 14:30:50.539000,1.34998,1.34983,1200000,2790000
2023-02-21 14:30:51.592000,1.34997,1.34982,1200000,4590000
2023-02-21 14:30:51.768000,1.34995,1.34982,1200000,3490000
2023-02-21 14:30:51.870000,1.34995,1.34981,1200000,1440000
2023-02-21 14:30:52.174000,1.34996,1.34981,1200000,2340000
2023-02-21 14:30:52.705000,1.34993,1.34982,1200000,1200000
2023-02-21 14:30:52.806000,1.34995,1.34981,1200000,3690000
2023-02-21 14:30:52.907000,1.34997,1.34981,1200000,1890000
2023-02-21 14:30:53.110000,1.34995,1.34981,1200000,3690000
2023-02-21 14:30:53.262000,1.34994,1.34982,1200000,1240000
2023-02-21 14:30:53.364000,1.34996,1.34983,1200000,2790000
2023-02-21 14:30:53.465000,1.34999,1.34985,1200000,1200000
2023-02-21 14:30:53.517000,1.34999,1.34987,1200000,2970000
2023-02-21 14:30:53.645000,1.34997,1.34987,1200000,1320000
2023-02-21 14:30:53.703000,1.34994,1.34983,1200000,1600000
2023-02-21 14:30:53.757000,1.34995,1.34982,1200000,1200000
2023-02-21 14:30:53.808000,1.34995,1.3498,1200000,2250000
2023-02-21 14:30:53.909000,1.34993,1.3498,1200000,2250000
2023-02-21 14:30:54.752000,1.34991,1.34979,1200000,1350000
2023-02-21 14:30:54.853000,1.34987,1.34973,1200000,1200000
2023-02-21 14:30:54.955000,1.34986,1.34971,1200000,4620000
2023-02-21 14:30:55.057000,1.34985,1.3497,1200000,1990000
2023-02-21 14:30:55.159000,1.34985,1.34971,2370000,1200000
2023-02-21 14:30:55.210000,1.3498,1.34972,2250000,1200000
2023-02-21 14:30:55.261000,1.34978,1.34963,1200000,1200000
2023-02-21 14:30:55.363000,1.34977,1.34963,1200000,1200000
2023-02-21 14:30:55.464000,1.34976,1.34963,1200000,1320000
2023-02-21 14:30:55.566000,1.34975,1.34962,1200000,5370000
2023-02-21 14:30:55.667000,1.34977,1.34962,1200000,2790000
2023-02-21 14:30:56.187000,1.34977,1.34963,1200000,1240000
2023-02-21 14:30:56.390000,1.34976,1.34962,1200000,3120000
2023-02-21 14:30:57.022000,1.34976,1.34962,1200000,1890000
2023-02-21 14:30:58.217000,1.34974,1.3496,1200000,2100000
2023-02-21 14:30:58.319000,1.34967,1.34956,1200000,1100000
2023-02-21 14:30:58.421000,1.34967,1.34956,1200000,3120000
2023-02-21 14:30:58.523000,1.34968,1.34956,1200000,1120000
2023-02-21 14:30:58.624000,1.34969,1.34956,1200000,3120000
2023-02-21 14:30:58.726000,1.34968,1.34956,1200000,3120000
2023-02-21 14:30:59.329000,1.3497,1.34955,1200000,3870000
2023-02-21 14:30:59.622000,1.34968,1.34954,1200000,1120000
2023-02-21 14:30:59.724000,1.34967,1.34954,1200000,1800000
2023-02-21 14:30:59.926000,1.34967,1.34955,1200000,3600000
2023-02-21 14:30:59.977000,1.3497,1.34958,1200000,1620000
2023-02-21 14:31:00.079000,1.34972,1.3496,1200000,1240000
2023-02-21 14:31:00.282000,1.34974,1.34961,1200000,4140000
2023-02-21 14:31:00.434000,1.34973,1.34961,1200000,4140000
2023-02-21 14:31:00.535000,1.34973,1.34962,1200000,4140000
2023-02-21 14:31:00.793000,1.34974,1.34961,1200000,1240000
2023-02-21 14:31:01.046000,1.34975,1.34963,1200000,3150000
2023-02-21 14:31:01.148000,1.34978,1.34963,1200000,3120000
2023-02-21 14:31:01.350000,1.34979,1.34965,1200000,2790000
2023-02-21 14:31:01.401000,1.34979,1.34966,1200000,1990000
2023-02-21 14:31:01.452000,1.34981,1.34966,1200000,1620000
2023-02-21 14:31:01.554000,1.34982,1.34967,1200000,1120000
2023-02-21 14:31:01.655000,1.34982,1.3497,1200000,1120000
2023-02-21 14:31:01.757000,1.34984,1.34971,1200000,2740000
2023-02-21 14:31:01.909000,1.34983,1.34972,1200000,1890000
2023-02-21 14:31:02.162000,1.34983,1.34971,1200000,1320000
2023-02-21 14:31:02.264000,1.34981,1.34966,1200000,1440000
2023-02-21 14:31:02.315000,1.34981,1.34967,1200000,2740000
2023-02-21 14:31:02.366000,1.3498,1.34967,1200000,1440000
2023-02-21 14:31:02.467000,1.34982,1.34968,1200000,1240000
2023-02-21 14:31:02.518000,1.34985,1.3497,1200000,5490000
2023-02-21 14:31:02.620000,1.34985,1.3497,1200000,2370000
2023-02-21 14:31:02.772000,1.34985,1.34972,1200000,4590000
2023-02-21 14:31:02.823000,1.34986,1.34973,1200000,2740000
2023-02-21 14:31:02.874000,1.34985,1.34971,1200000,2740000
2023-02-21 14:31:02.976000,1.34988,1.34971,1200000,1620000
2023-02-21 14:31:03.178000,1.34986,1.34972,1200000,2790000
2023-02-21 14:31:03.432000,1.34986,1.34973,1200000,1240000
2023-02-21 14:31:03.586000,1.34987,1.34973,1200000,3120000
2023-02-21 14:31:03.688000,1.34987,1.34978,1200000,2370000
2023-02-21 14:31:03.739000,1.34993,1.34978,1200000,2740000
2023-02-21 14:31:03.841000,1.34993,1.34979,1200000,3120000
2023-02-21 14:31:03.973000,1.34994,1.34981,1200000,3690000
2023-02-21 14:31:04.075000,1.34994,1.34979,1200000,2370000
2023-02-21 14:31:04.176000,1.34995,1.3498,1200000,1320000
2023-02-21 14:31:04.278000,1.34996,1.34982,1200000,1200000
2023-02-21 14:31:04.379000,1.34995,1.34981,1200000,1200000
2023-02-21 14:31:04.481000,1.34996,1.34982,1200000,1200000
2023-02-21 14:31:05.659000,1.34994,1.34982,1200000,1200000
2023-02-21 14:31:05.997000,1.34994,1.3498,1200000,1200000
2023-02-21 14:31:06.099000,1.34994,1.34979,1200000,2340000
2023-02-21 14:31:06.267000,1.34995,1.34981,1200000,1200000
2023-02-21 14:31:07.535000,1.34996,1.34983,1200000,1990000
2023-02-21 14:31:07.638000,1.35001,1.34987,1200000,3120000
2023-02-21 14:31:07.739000,1.35001,1.34988,1200000,2370000
2023-02-21 14:31:07.841000,1.35001,1.34987,1200000,4240000
2023-02-21 14:31:07.943000,1.35002,1.34986,1200000,1890000
2023-02-21 14:31:08.491000,1.34999,1.34984,1200000,1440000
2023-02-21 14:31:08.593000,1.34998,1.34984,1200000,1320000
2023-02-21 14:31:09.837000,1.34997,1.34983,1200000,1890000
2023-02-21 14:31:10.464000,1.34996,1.34982,1200000,1890000
2023-02-21 14:31:10.894000,1.34997,1.34982,1200000,3690000
2023-02-21 14:31:10.996000,1.34997,1.34985,1200000,1200000
2023-02-21 14:31:11.483000,1.34996,1.34985,1200000,1200000
2023-02-21 14:31:11.585000,1.34996,1.34982,1200000,1800000
2023-02-21 14:31:12.517000,1.34996,1.34981,1200000,1320000
2023-02-21 14:31:13.860000,1.34995,1.34982,1200000,1240000
2023-02-21 14:31:13.962000,1.34995,1.34982,1200000,1200000
2023-02-21 14:31:14.063000,1.34996,1.34982,1200000,3150000
2023-02-21 14:31:14.165000,1.34996,1.34981,1200000,1320000
2023-02-21 14:31:14.647000,1.34995,1.34982,1200000,4240000
2023-02-21 14:31:14.850000,1.34996,1.34982,1200000,2740000
2023-02-21 14:31:14.926000,1.34998,1.34986,1200000,1240000
2023-02-21 14:31:14.983000,1.35002,1.34989,1200000,1200000
2023-02-21 14:31:15.287000,1.35003,1.34989,1200000,1800000
2023-02-21 14:31:15.389000,1.35002,1.34987,1200000,1700000
2023-02-21 14:31:15.490000,1.35001,1.34988,1200000,1200000
2023-02-21 14:31:15.592000,1.35002,1.34985,1200000,2550000
2023-02-21 14:31:15.643000,1.35003,1.34987,1200000,1990000
2023-02-21 14:31:15.745000,1.35003,1.34989,1200000,3150000
2023-02-21 14:31:15.948000,1.35003,1.34989,1200000,1240000
2023-02-21 14:31:16.049000,1.35003,1.34989,1200000,2340000
2023-02-21 14:31:16.151000,1.35004,1.3499,1200000,1200000
2023-02-21 14:31:16.750000,1.35005,1.34991,1200000,3490000
2023-02-21 14:31:16.851000,1.35009,1.34994,1200000,1320000
2023-02-21 14:31:16.953000,1.35009,1.34996,1200000,1200000
2023-02-21 14:31:17.055000,1.35011,1.34996,1200000,1600000
2023-02-21 14:31:17.257000,1.35011,1.34996,1200000,2700000
2023-02-21 14:31:17.460000,1.35013,1.34996,1200000,1620000
2023-02-21 14:31:17.562000,1.35011,1.34997,1200000,2370000
2023-02-21 14:31:17.764000,1.35012,1.34996,1200000,1320000
2023-02-21 14:31:18.075000,1.35011,1.34996,1200000,1200000
2023-02-21 14:31:18.202000,1.35011,1.34998,1200000,3240000
2023-02-21 14:31:18.303000,1.35013,1.34998,1200000,3240000
2023-02-21 14:31:19.318000,1.35012,1.34999,1200000,3120000
2023-02-21 14:31:19.537000,1.35013,1.34998,1200000,3690000
2023-02-21 14:31:20.190000,1.3501,1.34998,1200000,1200000
2023-02-21 14:31:20.292000,1.35009,1.34998,1200000,1200000
2023-02-21 14:31:20.393000,1.3501,1.34995,1200000,1200000
2023-02-21 14:31:21.254000,1.35008,1.34995,1200000,2250000
2023-02-21 14:31:21.608000,1.3501,1.34994,1200000,3150000
2023-02-21 14:31:21.659000,1.35009,1.34997,1200000,1720000
2023-02-21 14:31:21.710000,1.35013,1.34998,1200000,1200000
2023-02-21 14:31:22.170000,1.3501,1.34999,1200000,1200000
2023-02-21 14:31:22.272000,1.3501,1.34997,1200000,3150000
2023-02-21 14:31:22.373000,1.3501,1.34998,1200000,1350000
2023-02-21 14:31:22.971000,1.35009,1.34996,1200000,1200000
2023-02-21 14:31:23.072000,1.35009,1.34995,1200000,1350000
2023-02-21 14:31:23.174000,1.35008,1.34994,1200000,1200000
2023-02-21 14:31:23.276000,1.35005,1.34994,1200000,1200000
2023-02-21 14:31:23.595000,1.35008,1.34993,1200000,4950000
2023-02-21 14:31:23.848000,1.35007,1.34992,1200000,4140000
2023-02-21 14:31:24.152000,1.35006,1.34992,1200000,1800000
2023-02-21 14:31:24.456000,1.35006,1.34993,1200000,1200000
2023-02-21 14:31:24.558000,1.35007,1.34993,1200000,2550000
2023-02-21 14:31:24.609000,1.35008,1.34993,1200000,2740000
2023-02-21 14:31:24.660000,1.3501,1.34998,1200000,2850000
2023-02-21 14:31:25.195000,1.3501,1.34997,1200000,1100000
2023-02-21 14:31:25.347000,1.35008,1.34997,1200000,1100000
2023-02-21 14:31:25.398000,1.35008,1.34995,1200000,1200000
2023-02-21 14:31:25.500000,1.35007,1.34994,1200000,1800000
2023-02-21 14:31:26.159000,1.35005,1.34993,1200000,1200000
2023-02-21 14:31:26.741000,1.35004,1.3499,1200000,1350000
2023-02-21 14:31:27.213000,1.35003,1.34992,1200000,2250000
2023-02-21 14:31:27.264000,1.35006,1.34993,1200000,1200000
2023-02-21 14:31:27.517000,1.35006,1.34994,1200000,4050000
2023-02-21 14:31:27.619000,1.35009,1.34995,1200000,1200000
2023-02-21 14:31:27.721000,1.35009,1.34996,1200000,1800000
2023-02-21 14:31:27.823000,1.3501,1.34996,1200000,1200000
2023-02-21 14:31:28.329000,1.35011,1.34997,1350000,1200000
2023-02-21 14:31:28.431000,1.35012,1.34999,1200000,1200000
2023-02-21 14:31:29.723000,1.35013,1.35001,1200000,1200000
2023-02-21 14:31:30.932000,1.35013,1.35003,1200000,1200000
2023-02-21 14:31:32.934000,1.35014,1.35003,1200000,1200000
2023-02-21 14:31:33.036000,1.35018,1.35005,1350000,1200000
2023-02-21 14:31:33.137000,1.35022,1.35009,1600000,1600000
2023-02-21 14:31:33.239000,1.35025,1.35011,1600000,2340000
2023-02-21 14:31:33.290000,1.35026,1.35012,1200000,1200000
2023-02-21 14:31:33.650000,1.35023,1.35012,1200000,1200000
2023-02-21 14:31:34.409000,1.35026,1.35011,1200000,1200000
2023-02-21 14:31:34.713000,1.35024,1.35011,1200000,1200000
2023-02-21 14:31:34.815000,1.35024,1.35009,1200000,1350000
2023-02-21 14:31:34.916000,1.35021,1.35009,1200000,1350000
2023-02-21 14:31:35.018000,1.3502,1.35006,1200000,1600000
2023-02-21 14:31:35.069000,1.3502,1.35006,1200000,1200000
2023-02-21 14:31:35.272000,1.3502,1.35009,1200000,1200000
2023-02-21 14:31:35.628000,1.35023,1.35009,1200000,1200000
2023-02-21 14:31:36.165000,1.35023,1.3501,1200000,1200000
2023-02-21 14:31:36.266000,1.35025,1.35011,1200000,1200000
2023-02-21 14:31:36.368000,1.35023,1.35011,1200000,1200000
2023-02-21 14:31:36.470000,1.35024,1.35011,1200000,1350000
2023-02-21 14:31:36.776000,1.35024,1.3501,1200000,1200000
2023-02-21 14:31:37.131000,1.35023,1.35011,1200000,1720000
2023-02-21 14:31:37.384000,1.35025,1.3501,1200000,1720000
2023-02-21 14:31:37.739000,1.35028,1.35012,1200000,2250000
2023-02-21 14:31:37.982000,1.35027,1.35013,1200000,2100000
2023-02-21 14:31:38.084000,1.35027,1.35012,1200000,1600000
2023-02-21 14:31:38.185000,1.35025,1.35013,1200000,1600000
2023-02-21 14:31:38.287000,1.35024,1.35011,1200000,1720000
2023-02-21 14:31:38.338000,1.35024,1.35011,1200000,1200000
2023-02-21 14:31:38.457000,1.35023,1.35011,1200000,1350000
2023-02-21 14:31:38.634000,1.35024,1.35011,1200000,1350000
2023-02-21 14:31:38.735000,1.35023,1.35011,1200000,1350000
2023-02-21 14:31:38.887000,1.35025,1.3501,1200000,1350000
2023-02-21 14:31:38.989000,1.35026,1.35011,1200000,1100000
2023-02-21 14:31:39.091000,1.35027,1.35012,1200000,1600000
2023-02-21 14:31:39.716000,1.35027,1.35012,1200000,1200000
2023-02-21 14:31:39.855000,1.35027,1.35014,1350000,1200000
2023-02-21 14:31:39.957000,1.35027,1.35013,2970000,1200000
2023-02-21 14:31:41.693000,1.35027,1.35013,5490000,1200000
2023-02-21 14:31:41.795000,1.35026,1.35012,1200000,1200000
2023-02-21 14:31:41.896000,1.35024,1.35012,1200000,1200000
2023-02-21 14:31:41.998000,1.35025,1.35012,1200000,1200000
2023-02-21 14:31:42.099000,1.35028,1.35012,2220000,1200000
2023-02-21 14:31:42.439000,1.35028,1.35012,2250000,1200000
2023-02-21 14:31:42.541000,1.35028,1.35016,1350000,1350000
2023-02-21 14:31:42.642000,1.35032,1.35018,1200000,1200000
2023-02-21 14:31:42.693000,1.3503,1.35016,1200000,1350000
2023-02-21 14:31:42.795000,1.3503,1.35014,1990000,1600000
2023-02-21 14:31:42.897000,1.35028,1.35014,1620000,1200000
2023-02-21 14:31:42.998000,1.35026,1.35011,1200000,1350000
2023-02-21 14:31:43.100000,1.35028,1.35013,3150000,1200000
2023-02-21 14:31:43.987000,1.35028,1.35016,2100000,1200000
2023-02-21 14:31:44.089000,1.35031,1.35016,1700000,1200000
2023-02-21 14:31:44.544000,1.35032,1.35017,1600000,1200000
2023-02-21 14:31:44.646000,1.35032,1.35017,1200000,1200000
2023-02-21 14:31:44.798000,1.35032,1.35018,1200000,1200000
2023-02-21 14:31:45.611000,1.35032,1.35019,1200000,1200000
2023-02-21 14:31:46.049000,1.35033,1.35019,1200000,1800000
2023-02-21 14:31:47.216000,1.35032,1.35018,1200000,1200000
2023-02-21 14:31:47.318000,1.3503,1.35018,1200000,1200000
2023-02-21 14:31:47.521000,1.3503,1.35016,1200000,1200000
2023-02-21 14:31:47.572000,1.35028,1.35016,2340000,1200000
2023-02-21 14:31:47.623000,1.35025,1.35013,1200000,1800000
2023-02-21 14:31:47.891000,1.35027,1.35012,1200000,1800000
2023-02-21 14:31:48.144000,1.35025,1.35013,1200000,1200000
2023-02-21 14:31:48.698000,1.35026,1.35013,1200000,1200000
2023-02-21 14:31:48.799000,1.35028,1.35013,1200000,1200000
2023-02-21 14:31:49.103000,1.35029,1.35014,2250000,1980000
2023-02-21 14:31:49.205000,1.3503,1.35016,1200000,1200000
2023-02-21 14:31:49.758000,1.3503,1.35016,1200000,1200000
2023-02-21 14:31:49.860000,1.35028,1.35016,1200000,1200000
2023-02-21 14:31:50.190000,1.35028,1.35014,1200000,1200000
2023-02-21 14:31:50.305000,1.35025,1.35012,1200000,1200000
2023-02-21 14:31:50.410000,1.35025,1.35011,1200000,1200000
2023-02-21 14:31:51.506000,1.35025,1.35012,1200000,1200000
2023-02-21 14:31:51.608000,1.35029,1.35015,1200000,1200000
2023-02-21 14:31:51.709000,1.35029,1.35018,1350000,1200000
2023-02-21 14:31:51.811000,1.35031,1.35016,1200000,1350000
2023-02-21 14:31:52.013000,1.35031,1.35017,1200000,1200000
2023-02-21 14:31:52.618000,1.35031,1.35016,1200000,1200000
2023-02-21 14:31:52.719000,1.35029,1.35015,1200000,1200000
2023-02-21 14:31:52.972000,1.3503,1.35016,1200000,1200000
2023-02-21 14:31:53.074000,1.35031,1.35017,1200000,1200000
2023-02-21 14:31:53.175000,1.35031,1.35018,1800000,1200000
2023-02-21 14:31:54.114000,1.35033,1.35018,1200000,1200000
2023-02-21 14:31:54.810000,1.35033,1.3502,1200000,1200000
2023-02-21 14:31:55.414000,1.35034,1.35022,1200000,3150000
2023-02-21 14:31:55.465000,1.35033,1.35021,1200000,2250000
2023-02-21 14:31:55.516000,1.35037,1.35023,1350000,1200000
2023-02-21 14:31:55.668000,1.35038,1.35024,2250000,1200000
2023-02-21 14:31:55.921000,1.35039,1.35025,1200000,1200000
2023-02-21 14:31:56.023000,1.35038,1.35027,1200000,1200000
2023-02-21 14:31:56.175000,1.3504,1.35026,1200000,1200000
2023-02-21 14:31:58.159000,1.35041,1.35028,1200000,1200000
2023-02-21 14:32:00.024000,1.35039,1.35028,1200000,1200000
2023-02-21 14:32:00.125000,1.35038,1.35025,1200000,1350000
2023-02-21 14:32:00.227000,1.35037,1.35024,1200000,1600000
2023-02-21 14:32:00.328000,1.35036,1.35022,1200000,1200000
2023-02-21 14:32:00.582000,1.35037,1.35023,1200000,1200000
2023-02-21 14:32:00.835000,1.35036,1.35022,1200000,1200000
2023-02-21 14:32:01.138000,1.35037,1.35022,1200000,1200000
2023-02-21 14:32:01.240000,1.35039,1.35024,2250000,1200000
2023-02-21 14:32:01.342000,1.35041,1.35027,1200000,1200000
2023-02-21 14:32:01.444000,1.35041,1.35026,3870000,1200000
2023-02-21 14:32:01.545000,1.35037,1.35024,1200000,1200000
2023-02-21 14:32:02.030000,1.35038,1.35026,1200000,1200000
2023-02-21 14:32:02.132000,1.35041,1.35026,2250000,1200000
2023-02-21 14:32:02.259000,1.35039,1.35025,1320000,1200000
2023-02-21 14:32:02.361000,1.35035,1.35023,1200000,1350000
2023-02-21 14:32:02.462000,1.35036,1.35021,1200000,1200000
2023-02-21 14:32:02.513000,1.35038,1.35021,1350000,1200000
2023-02-21 14:32:02.665000,1.35038,1.35024,1200000,1200000
2023-02-21 14:32:02.768000,1.3504,1.35028,2100000,1200000
2023-02-21 14:32:02.869000,1.35041,1.35027,1200000,1200000
2023-02-21 14:32:04.147000,1.35042,1.35028,1200000,1200000
2023-02-21 14:32:04.249000,1.35041,1.35028,1200000,1200000
2023-02-21 14:32:04.350000,1.35038,1.35028,2570000,1200000
2023-02-21 14:32:04.452000,1.35037,1.35023,3600000,1200000
2023-02-21 14:32:04.553000,1.35035,1.35024,1800000,1200000
2023-02-21 14:32:04.655000,1.35037,1.35023,3690000,1200000
2023-02-21 14:32:04.757000,1.35036,1.35023,3150000,1200000
2023-02-21 14:32:05.193000,1.35037,1.35023,4140000,1200000
2023-02-21 14:32:05.245000,1.35036,1.35026,1200000,1350000
2023-02-21 14:32:05.296000,1.35039,1.35025,1200000,3330000
2023-02-21 14:32:05.347000,1.35043,1.35028,4050000,1200000
2023-02-21 14:32:05.448000,1.35041,1.35028,3240000,1200000
2023-02-21 14:32:05.651000,1.35043,1.3503,3720000,1200000
2023-02-21 14:32:05.854000,1.35041,1.35029,1200000,1200000
2023-02-21 14:32:05.956000,1.35042,1.35027,3120000,1200000
2023-02-21 14:32:06.058000,1.35038,1.35024,1200000,1200000
2023-02-21 14:32:06.159000,1.3504,1.35025,1320000,1200000
2023-02-21 14:32:06.261000,1.35039,1.35024,2370000,1200000
2023-02-21 14:32:06.362000,1.35038,1.35025,1200000,1200000
2023-02-21 14:32:06.464000,1.35041,1.35025,5470000,1200000
2023-02-21 14:32:06.565000,1.35041,1.35025,6300000,1200000
2023-02-21 14:32:06.819000,1.3504,1.35024,1200000,1200000
2023-02-21 14:32:06.920000,1.35042,1.35026,1600000,1200000
2023-02-21 14:32:07.022000,1.35038,1.35026,2790000,1350000
2023-02-21 14:32:07.124000,1.35037,1.35023,3240000,1600000
2023-02-21 14:32:07.175000,1.35036,1.35024,3690000,1200000
2023-02-21 14:32:07.276000,1.35037,1.35022,1440000,1200000
2023-02-21 14:32:07.884000,1.35039,1.35025,1800000,2880000
2023-02-21 14:32:07.935000,1.3504,1.35026,1200000,1200000
2023-02-21 14:32:08.036000,1.35041,1.35026,1350000,1200000
2023-02-21 14:32:08.138000,1.35041,1.35027,1200000,1200000
2023-02-21 14:32:08.543000,1.3504,1.35027,1200000,1200000
2023-02-21 14:32:08.644000,1.3504,1.35026,2340000,1200000
2023-02-21 14:32:08.746000,1.35041,1.35024,2250000,1200000
2023-02-21 14:32:08.847000,1.3504,1.35025,1200000,1200000
2023-02-21 14:32:09.050000,1.3504,1.35024,1200000,1200000
2023-02-21 14:32:09.203000,1.35038,1.35023,1350000,1200000
2023-02-21 14:32:09.558000,1.35037,1.35023,1350000,1200000
2023-02-21 14:32:10.711000,1.35037,1.35022,1800000,1200000
2023-02-21 14:32:10.914000,1.35035,1.35021,1200000,1200000
2023-02-21 14:32:11.015000,1.35037,1.35021,1600000,1200000
2023-02-21 14:32:11.673000,1.35035,1.35019,1200000,1350000
2023-02-21 14:32:12.157000,1.35033,1.3502,1200000,1200000
2023-02-21 14:32:12.265000,1.35031,1.35019,2700000,1200000
2023-02-21 14:32:12.417000,1.35032,1.35018,1600000,1200000
2023-02-21 14:32:12.518000,1.3503,1.35018,1350000,1200000
2023-02-21 14:32:12.671000,1.35029,1.35015,1200000,1800000
2023-02-21 14:32:13.340000,1.35029,1.35015,1200000,1200000
2023-02-21 14:32:13.542000,1.3503,1.35016,1720000,1200000
2023-02-21 14:32:13.644000,1.35032,1.35017,1600000,1200000
2023-02-21 14:32:13.746000,1.35032,1.35018,1600000,1200000
2023-02-21 14:32:13.797000,1.35032,1.35018,1200000,1200000
2023-02-21 14:32:13.898000,1.35033,1.3502,1350000,1200000
2023-02-21 14:32:14,1.35035,1.35021,1600000,1200000
2023-02-21 14:32:14.051000,1.35035,1.35022,1350000,1200000
2023-02-21 14:32:14.430000,1.35033,1.35021,1200000,1200000
2023-02-21 14:32:14.531000,1.35033,1.3502,1350000,1200000
2023-02-21 14:32:14.684000,1.35034,1.35019,2170000,1200000
2023-02-21 14:32:15.278000,1.35033,1.35018,2550000,1200000
2023-02-21 14:32:15.380000,1.35029,1.35017,1350000,1200000
2023-02-21 14:32:15.752000,1.3503,1.35014,1350000,1800000
2023-02-21 14:32:16.083000,1.35026,1.35015,1890000,1200000
2023-02-21 14:32:16.185000,1.35026,1.35012,3600000,1200000
2023-02-21 14:32:16.286000,1.35025,1.3501,1600000,1200000
2023-02-21 14:32:16.388000,1.35025,1.35012,1720000,1200000
2023-02-21 14:32:16.489000,1.35025,1.35012,1350000,1200000
2023-02-21 14:32:17.286000,1.35024,1.35012,1200000,1200000
2023-02-21 14:32:17.640000,1.35024,1.3501,1200000,1200000
2023-02-21 14:32:17.894000,1.35024,1.35011,1350000,1200000
2023-02-21 14:32:17.995000,1.35024,1.3501,1200000,1200000
2023-02-21 14:32:18.097000,1.35025,1.35012,2850000,1200000
2023-02-21 14:32:18.249000,1.35025,1.35012,3150000,1200000
2023-02-21 14:32:18.755000,1.35026,1.35012,4050000,1200000
2023-02-21 14:32:19.616000,1.35024,1.35013,1800000,1200000
2023-02-21 14:32:19.667000,1.35024,1.35011,2700000,1200000
2023-02-21 14:32:19.718000,1.35022,1.3501,1800000,1200000
2023-02-21 14:32:19.769000,1.35021,1.35007,1200000,1200000
2023-02-21 14:32:19.820000,1.35018,1.35008,1440000,1200000
2023-02-21 14:32:19.922000,1.35016,1.35002,1200000,1200000
2023-02-21 14:32:20.023000,1.35016,1.35001,1200000,1200000
2023-02-21 14:32:20.125000,1.35016,1.35003,3690000,1200000
2023-02-21 14:32:20.479000,1.35016,1.35002,1200000,1200000
2023-02-21 14:32:20.581000,1.35017,1.35002,4590000,1200000
2023-02-21 14:32:20.895000,1.35018,1.35004,1200000,1200000
2023-02-21 14:32:20.997000,1.35018,1.35006,1350000,1200000
2023-02-21 14:32:21.528000,1.3502,1.35006,1200000,1200000
2023-02-21 14:32:21.629000,1.35024,1.35009,1600000,1200000
2023-02-21 14:32:21.731000,1.35024,1.35009,1350000,1200000
2023-02-21 14:32:22.533000,1.35022,1.35008,1440000,1200000
2023-02-21 14:32:22.634000,1.35018,1.35003,2370000,1720000
2023-02-21 14:32:22.736000,1.35015,1.35001,2700000,1200000
2023-02-21 14:32:22.991000,1.35015,1.35,1350000,1200000
2023-02-21 14:32:23.143000,1.35014,1.35,3240000,1200000
2023-02-21 14:32:23.296000,1.3501,1.34998,4990000,1200000
2023-02-21 14:32:23.397000,1.35007,1.34993,1200000,1200000
2023-02-21 14:32:23.708000,1.35005,1.34993,1200000,1200000
2023-02-21 14:32:23.911000,1.35007,1.34991,4050000,1200000
2023-02-21 14:32:24.012000,1.35007,1.34992,4050000,1200000
2023-02-21 14:32:24.113000,1.35004,1.34991,1320000,1200000
2023-02-21 14:32:24.215000,1.35003,1.34987,1320000,1720000
2023-02-21 14:32:24.317000,1.35004,1.34988,1350000,1600000
2023-02-21 14:32:24.418000,1.35006,1.34991,1700000,1200000
2023-02-21 14:32:24.520000,1.35006,1.34991,1320000,1200000
2023-02-21 14:32:24.621000,1.35006,1.34992,1200000,1200000
2023-02-21 14:32:24.933000,1.35007,1.34992,1440000,1200000
2023-02-21 14:32:27.007000,1.35007,1.34994,2220000,1200000
2023-02-21 14:32:27.215000,1.35006,1.34993,1200000,1200000
2023-02-21 14:32:27.569000,1.35008,1.34993,2220000,1200000
2023-02-21 14:32:29.847000,1.35007,1.34993,1990000,1200000
2023-02-21 14:32:29.948000,1.35007,1.34993,2790000,1200000
2023-02-21 14:32:31.249000,1.35006,1.34991,1200000,1350000
2023-02-21 14:32:31.350000,1.35007,1.34995,2340000,1200000
2023-02-21 14:32:31.690000,1.35007,1.34997,1700000,1200000
2023-02-21 14:32:32.146000,1.35008,1.35001,1350000,1200000
2023-02-21 14:32:32.247000,1.35015,1.35001,2980000,1200000
2023-02-21 14:32:32.349000,1.35017,1.35007,1350000,1200000
2023-02-21 14:32:32.451000,1.35024,1.35012,1200000,1200000
2023-02-21 14:32:32.552000,1.35026,1.35012,2370000,1200000
2023-02-21 14:32:32.654000,1.35028,1.35014,2470000,1200000
2023-02-21 14:32:32.705000,1.35028,1.35017,1200000,1800000
2023-02-21 14:32:32.756000,1.35033,1.35021,1890000,1200000
2023-02-21 14:32:32.858000,1.35034,1.35021,3690000,1200000
2023-02-21 14:32:33.010000,1.35033,1.35022,1240000,1200000
2023-02-21 14:32:33.314000,1.35034,1.35021,3690000,1200000
2023-02-21 14:32:34.022000,1.35033,1.35021,3150000,1200000
2023-02-21 14:32:34.124000,1.35034,1.35021,1890000,1200000
2023-02-21 14:32:34.249000,1.3503,1.35018,1620000,1200000
2023-02-21 14:32:34.350000,1.35029,1.35017,2740000,1200000
2023-02-21 14:32:34.452000,1.35028,1.35015,1440000,1200000
2023-02-21 14:32:34.857000,1.35029,1.35017,3490000,1200000
2023-02-21 14:32:34.958000,1.35028,1.35018,1200000,1200000
2023-02-21 14:32:35.060000,1.3503,1.3502,2340000,1200000
2023-02-21 14:32:35.162000,1.35029,1.35019,2370000,1200000
2023-02-21 14:32:35.213000,1.35029,1.35017,1990000,1200000
2023-02-21 14:32:35.427000,1.35028,1.35017,1240000,1200000
2023-02-21 14:32:36.047000,1.3503,1.35017,3120000,1200000
2023-02-21 14:32:36.149000,1.35031,1.3502,1350000,1200000
2023-02-21 14:32:36.251000,1.35033,1.35022,1100000,1200000
2023-02-21 14:32:36.353000,1.35034,1.35022,1100000,1200000
2023-02-21 14:32:36.454000,1.35035,1.35023,1600000,1200000
2023-02-21 14:32:36.556000,1.35035,1.35025,1700000,1200000
2023-02-21 14:32:36.758000,1.35037,1.35024,4590000,1200000
2023-02-21 14:32:37.061000,1.35035,1.35024,1320000,1200000
2023-02-21 14:32:37.162000,1.35036,1.35023,2740000,1200000
2023-02-21 14:32:37.264000,1.35034,1.35022,1320000,1200000
2023-02-21 14:32:37.619000,1.35036,1.35024,2590000,1200000
2023-02-21 14:32:38.437000,1.35037,1.35023,3150000,1200000
2023-02-21 14:32:38.686000,1.35037,1.35025,4050000,1200000
2023-02-21 14:32:38.788000,1.35039,1.35025,2790000,1200000
2023-02-21 14:32:38.889000,1.3504,1.35026,3340000,1200000
2023-02-21 14:32:39.041000,1.35039,1.35027,4590000,1200000
2023-02-21 14:32:39.154000,1.3504,1.35028,1350000,1200000
2023-02-21 14:32:39.255000,1.35041,1.3503,4420000,1200000
2023-02-21 14:32:39.306000,1.35042,1.35029,1320000,1200000
2023-02-21 14:32:39.812000,1.35043,1.35029,3240000,1200000
2023-02-21 14:32:40.176000,1.35043,1.35029,1620000,1200000
2023-02-21 14:32:40.277000,1.35042,1.35028,1990000,1200000
2023-02-21 14:32:40.379000,1.3504,1.35029,2790000,1200000
2023-02-21 14:32:41.247000,1.35043,1.35029,4590000,1200000
2023-02-21 14:32:41.349000,1.35044,1.3503,3300000,1200000
2023-02-21 14:32:41.450000,1.35044,1.3503,1320000,1200000
2023-02-21 14:32:42.227000,1.35043,1.3503,1200000,1200000
2023-02-21 14:32:43.067000,1.35043,1.35031,4500000,1200000
2023-02-21 14:32:43.451000,1.35044,1.35032,1350000,1200000
2023-02-21 14:32:43.553000,1.35045,1.35033,1700000,1200000
2023-02-21 14:32:43.655000,1.35044,1.35034,1320000,1200000
2023-02-21 14:32:43.807000,1.35045,1.35033,3620000,1200000
2023-02-21 14:32:43.858000,1.35043,1.35031,1890000,1200000
2023-02-21 14:32:44.458000,1.35044,1.35031,2340000,1200000
2023-02-21 14:32:45.217000,1.35046,1.35033,1200000,2470000
2023-02-21 14:32:45.318000,1.35052,1.3504,4800000,1200000
2023-02-21 14:32:45.420000,1.35051,1.35041,1320000,1200000
2023-02-21 14:32:47.239000,1.35052,1.35038,3240000,1200000
2023-02-21 14:32:47.416000,1.35052,1.35038,2740000,1200000
2023-02-21 14:32:47.467000,1.35052,1.35038,3120000,1200000
2023-02-21 14:32:47.569000,1.35051,1.35037,2790000,1200000
2023-02-21 14:32:47.670000,1.3505,1.35036,1320000,1200000
2023-02-21 14:32:47.772000,1.3505,1.35038,1320000,1200000
2023-02-21 14:32:48.534000,1.3505,1.35037,1200000,1200000
2023-02-21 14:32:48.635000,1.35051,1.35037,1200000,1200000
2023-02-21 14:32:50.719000,1.35049,1.35038,2370000,1200000
2023-02-21 14:32:50.821000,1.35046,1.35034,2120000,1200000
2023-02-21 14:32:51.024000,1.35044,1.35033,1350000,1200000
2023-02-21 14:32:51.125000,1.35047,1.35034,2170000,1200000
2023-02-21 14:32:51.227000,1.35047,1.35035,1440000,1200000
2023-02-21 14:32:52.001000,1.35048,1.35035,1350000,1200000
2023-02-21 14:32:52.052000,1.3505,1.35037,3970000,1200000
2023-02-21 14:32:52.153000,1.35051,1.35039,3300000,1200000
2023-02-21 14:32:52.204000,1.35051,1.35038,1350000,1200000
2023-02-21 14:32:52.357000,1.35048,1.35036,2790000,1200000
2023-02-21 14:32:52.458000,1.35047,1.35036,4050000,1200000
2023-02-21 14:32:52.560000,1.35048,1.35034,3150000,1200000
2023-02-21 14:32:52.661000,1.35047,1.35035,2470000,1200000
2023-02-21 14:32:52.864000,1.35048,1.35035,1600000,1200000
2023-02-21 14:32:52.966000,1.3505,1.35035,3970000,1200000
2023-02-21 14:32:53.118000,1.35049,1.35036,1350000,1200000
2023-02-21 14:32:53.169000,1.35048,1.35036,1120000,1200000
2023-02-21 14:32:53.271000,1.35048,1.35034,1440000,1200000
2023-02-21 14:32:53.480000,1.35046,1.35033,3300000,1200000
2023-02-21 14:32:53.995000,1.35047,1.35034,2200000,1200000
2023-02-21 14:32:55.315000,1.35046,1.35035,1200000,1200000
2023-02-21 14:32:55.618000,1.35049,1.35035,1800000,1200000
2023-02-21 14:32:55.973000,1.3505,1.35037,1200000,1200000
2023-02-21 14:32:56.346000,1.35049,1.35035,1200000,1200000
2023-02-21 14:32:57.448000,1.35047,1.35034,1700000,1200000
2023-02-21 14:32:57.549000,1.35042,1.35029,1200000,1200000
2023-02-21 14:32:57.701000,1.3504,1.35026,1200000,2250000
2023-02-21 14:32:57.904000,1.35038,1.35026,1200000,1200000
2023-02-21 14:32:58.625000,1.35039,1.35026,1200000,1200000
2023-02-21 14:32:58.943000,1.35039,1.35025,1200000,1800000
2023-02-21 14:33:00.232000,1.35036,1.35025,2340000,1350000
2023-02-21 14:33:00.334000,1.35034,1.3502,1200000,1350000
2023-02-21 14:33:00.435000,1.35035,1.35021,1200000,1200000
2023-02-21 14:33:01.044000,1.35036,1.35022,1200000,1600000
2023-02-21 14:33:01.146000,1.35036,1.35024,1200000,1350000
2023-02-21 14:33:01.349000,1.35035,1.35023,1200000,1100000
2023-02-21 14:33:01.450000,1.35035,1.3502,1200000,1600000
2023-02-21 14:33:01.501000,1.35035,1.3502,3600000,1200000
2023-02-21 14:33:01.552000,1.35033,1.35019,1200000,1200000
2023-02-21 14:33:01.603000,1.35035,1.35019,3150000,1200000
2023-02-21 14:33:01.654000,1.35033,1.35019,3690000,1200000
2023-02-21 14:33:02.579000,1.35032,1.35018,1200000,1200000
2023-02-21 14:33:02.914000,1.35029,1.35016,1120000,1200000
2023-02-21 14:33:03.015000,1.35025,1.35011,1200000,1600000
2023-02-21 14:33:03.117000,1.35025,1.35011,1200000,1200000
2023-02-21 14:33:03.218000,1.35023,1.35011,1200000,1200000
2023-02-21 14:33:03.671000,1.35025,1.3501,1200000,1200000
2023-02-21 14:33:03.979000,1.35023,1.35011,1200000,1200000
2023-02-21 14:33:04.080000,1.35022,1.3501,1200000,1200000
2023-02-21 14:33:04.334000,1.35021,1.3501,1200000,1200000
2023-02-21 14:33:04.486000,1.35022,1.35008,1800000,1200000
2023-02-21 14:33:04.689000,1.35018,1.35005,1200000,1350000
2023-02-21 14:33:04.790000,1.35017,1.35003,1200000,1200000
2023-02-21 14:33:04.892000,1.35018,1.35005,4590000,1200000
2023-02-21 14:33:04.994000,1.35017,1.35007,2100000,1200000
2023-02-21 14:33:05.095000,1.35018,1.35007,1600000,1200000
2023-02-21 14:33:05.197000,1.35018,1.35006,3600000,1200000
2023-02-21 14:33:05.299000,1.35016,1.35006,1200000,1200000
2023-02-21 14:33:05.400000,1.35018,1.35009,1600000,1200000
2023-02-21 14:33:05.501000,1.35019,1.35008,1200000,1200000
2023-02-21 14:33:05.629000,1.35019,1.35009,1200000,1200000
2023-02-21 14:33:05.731000,1.35023,1.35013,1200000,1200000
2023-02-21 14:33:05.992000,1.35023,1.35011,1200000,1200000
2023-02-21 14:33:06.499000,1.35023,1.3501,3240000,1200000
2023-02-21 14:33:06.600000,1.35024,1.3501,1890000,1200000
2023-02-21 14:33:06.702000,1.35028,1.35012,1800000,1800000
2023-02-21 14:33:06.753000,1.35028,1.35014,1350000,1200000
2023-02-21 14:33:06.855000,1.35031,1.35018,1600000,1200000
2023-02-21 14:33:06.906000,1.35032,1.35018,1200000,1200000
2023-02-21 14:33:07.007000,1.35033,1.35016,2340000,1200000
2023-02-21 14:33:07.109000,1.35033,1.35018,1320000,1200000
2023-02-21 14:33:07.530000,1.35033,1.35021,1200000,1200000
2023-02-21 14:33:07.632000,1.35037,1.35022,1600000,1200000
2023-02-21 14:33:07.733000,1.3504,1.35025,1600000,1200000
2023-02-21 14:33:07.784000,1.35039,1.35026,1200000,1200000
2023-02-21 14:33:07.835000,1.35041,1.35027,2340000,1200000
2023-02-21 14:33:07.937000,1.35043,1.35028,4090000,1200000
2023-02-21 14:33:08.292000,1.35042,1.35026,2340000,1200000
2023-02-21 14:33:08.495000,1.35042,1.35028,1200000,1200000
2023-02-21 14:33:08.749000,1.35042,1.35028,1320000,1200000
2023-02-21 14:33:09.912000,1.35042,1.35026,2340000,1200000
2023-02-21 14:33:10.013000,1.3504,1.35024,1440000,1200000
2023-02-21 14:33:10.216000,1.35039,1.35025,1800000,1200000
2023-02-21 14:33:10.528000,1.3504,1.35025,1800000,1200000
2023-02-21 14:33:10.630000,1.35041,1.35028,2250000,1200000
2023-02-21 14:33:10.782000,1.35042,1.35028,1350000,1200000
2023-02-21 14:33:10.884000,1.35043,1.35028,1350000,1200000
2023-02-21 14:33:13.320000,1.35036,1.35027,1200000,1200000
2023-02-21 14:33:13.422000,1.35035,1.35021,1440000,1200000
2023-02-21 14:33:13.523000,1.35035,1.35019,2370000,1200000
2023-02-21 14:33:13.625000,1.35033,1.35018,1890000,1200000
2023-02-21 14:33:13.727000,1.35031,1.35018,1200000,1200000
2023-02-21 14:33:13.828000,1.35032,1.35019,5940000,1200000
2023-02-21 14:33:15.073000,1.35031,1.35019,2250000,1200000
2023-02-21 14:33:15.124000,1.35031,1.35016,2340000,1200000
2023-02-21 14:33:15.631000,1.35029,1.35015,2870000,1200000
2023-02-21 14:33:15.733000,1.35029,1.35014,1350000,1200000
2023-02-21 14:33:15.834000,1.35027,1.35014,1620000,1200000
2023-02-21 14:33:15.962000,1.35026,1.35012,1200000,1200000
2023-02-21 14:33:16.164000,1.35027,1.35011,1320000,1200000
2023-02-21 14:33:16.266000,1.35028,1.35013,1620000,1200000
2023-02-21 14:33:16.418000,1.35028,1.35013,1320000,1200000
2023-02-21 14:33:16.621000,1.35028,1.35014,1200000,1200000
2023-02-21 14:33:16.723000,1.35031,1.35019,2790000,1200000
2023-02-21 14:33:16.824000,1.35031,1.35017,1200000,1200000
2023-02-21 14:33:17.027000,1.35032,1.35019,5040000,1200000
2023-02-21 14:33:17.331000,1.35032,1.35018,1440000,1200000
2023-02-21 14:33:18.089000,1.35033,1.35018,1890000,1200000
2023-02-21 14:33:20.054000,1.35032,1.35018,1350000,1200000
2023-02-21 14:33:20.156000,1.35032,1.35019,4140000,1200000
2023-02-21 14:33:20.257000,1.35032,1.35018,1350000,1200000
2023-02-21 14:33:20.359000,1.35033,1.35018,2250000,1200000
2023-02-21 14:33:20.607000,1.35033,1.35018,1990000,1200000
2023-02-21 14:33:20.709000,1.35033,1.35018,2340000,1200000
2023-02-21 14:33:20.811000,1.35032,1.35019,2370000,1200000
2023-02-21 14:33:20.963000,1.35032,1.35019,2340000,1200000
2023-02-21 14:33:21.408000,1.35029,1.35018,2370000,1200000
2023-02-21 14:33:21.516000,1.35024,1.35011,1440000,1600000
2023-02-21 14:33:21.567000,1.35023,1.35009,1990000,1200000
2023-02-21 14:33:21.669000,1.35019,1.35005,3150000,1350000
2023-02-21 14:33:21.770000,1.35019,1.35003,1990000,1600000
2023-02-21 14:33:21.821000,1.35018,1.35003,1240000,1200000
2023-02-21 14:33:21.926000,1.35017,1.35004,2250000,1200000
2023-02-21 14:33:22.028000,1.35018,1.35005,1240000,1200000
2023-02-21 14:33:22.129000,1.3502,1.35005,2570000,1200000
2023-02-21 14:33:22.231000,1.3502,1.35004,1320000,1200000
2023-02-21 14:33:22.931000,1.35018,1.35005,3150000,1200000
2023-02-21 14:33:23.083000,1.35016,1.35005,2700000,1200000
2023-02-21 14:33:23.185000,1.35015,1.35002,1350000,1200000
2023-02-21 14:33:23.286000,1.35013,1.35001,1800000,1200000
2023-02-21 14:33:23.388000,1.35015,1.35,1350000,1200000
2023-02-21 14:33:23.937000,1.35017,1.35002,3600000,1200000
2023-02-21 14:33:24.140000,1.35017,1.35003,1200000,1200000
2023-02-21 14:33:24.459000,1.35018,1.35003,1800000,1200000
2023-02-21 14:33:24.864000,1.35013,1.35002,1200000,1200000
2023-02-21 14:33:24.966000,1.3501,1.34996,1800000,1600000
2023-02-21 14:33:25.068000,1.35012,1.34995,1200000,2950000
2023-02-21 14:33:25.169000,1.35014,1.34999,2250000,1200000
2023-02-21 14:33:25.322000,1.35014,1.34998,1200000,1350000
2023-02-21 14:33:25.424000,1.35013,1.34998,2250000,1200000
2023-02-21 14:33:25.525000,1.35009,1.34997,3150000,1200000
2023-02-21 14:33:25.576000,1.3501,1.34994,3600000,1350000
2023-02-21 14:33:25.729000,1.3501,1.34997,1350000,1100000
2023-02-21 14:33:25.830000,1.35011,1.34996,3150000,1600000
2023-02-21 14:33:26.033000,1.35012,1.34997,3970000,1350000
2023-02-21 14:33:26.681000,1.35009,1.34996,1800000,1200000
2023-02-21 14:33:26.783000,1.35009,1.34994,1200000,1320000
2023-02-21 14:33:26.884000,1.35011,1.34996,1200000,1200000
2023-02-21 14:33:26.986000,1.35012,1.34997,1200000,1200000
2023-02-21 14:33:27.266000,1.3501,1.34998,2250000,1200000
2023-02-21 14:33:27.367000,1.35009,1.34996,1800000,1200000
2023-02-21 14:33:27.469000,1.35009,1.34994,2250000,1200000
2023-02-21 14:33:27.571000,1.35008,1.34994,1200000,1200000
2023-02-21 14:33:27.672000,1.35005,1.34994,1200000,1200000
2023-02-21 14:33:27.774000,1.35005,1.34991,2250000,1200000
2023-02-21 14:33:28.387000,1.35003,1.34991,1200000,1200000
2023-02-21 14:33:28.705000,1.35005,1.34991,1350000,1200000
2023-02-21 14:33:28.806000,1.35005,1.34992,4050000,1200000
2023-02-21 14:33:29.013000,1.35005,1.34991,1200000,1200000
2023-02-21 14:33:29.239000,1.35003,1.34992,1200000,1200000
2023-02-21 14:33:29.492000,1.35005,1.34991,4050000,1200000
2023-02-21 14:33:30.362000,1.35006,1.34992,1200000,1200000
2023-02-21 14:33:30.464000,1.35006,1.34994,1200000,1200000
2023-02-21 14:33:30.515000,1.35007,1.34996,1200000,2970000
2023-02-21 14:33:30.566000,1.35012,1.35,1600000,1320000
2023-02-21 14:33:30.617000,1.35013,1.34999,1200000,1440000
2023-02-21 14:33:30.668000,1.35015,1.35001,1200000,1200000
2023-02-21 14:33:30.770000,1.35009,1.34997,2250000,2100000
2023-02-21 14:33:30.821000,1.35008,1.34996,1200000,1200000
2023-02-21 14:33:30.872000,1.35006,1.34993,1200000,1200000
2023-02-21 14:33:31.125000,1.35006,1.34992,1200000,1200000
2023-02-21 14:33:31.227000,1.35007,1.34993,1350000,1200000
2023-02-21 14:33:31.530000,1.35006,1.34993,1200000,1200000
2023-02-21 14:33:32.010000,1.35007,1.34993,1350000,1200000
2023-02-21 14:33:32.287000,1.35006,1.34992,1200000,1200000
2023-02-21 14:33:32.613000,1.35007,1.34992,1350000,1200000
2023-02-21 14:33:34.199000,1.35006,1.34993,3150000,1200000
2023-02-21 14:33:34.351000,1.35005,1.34992,2790000,1200000
2023-02-21 14:33:34.402000,1.35002,1.34991,1120000,1200000
2023-02-21 14:33:34.453000,1.34998,1.34986,1200000,1600000
2023-02-21 14:33:34.555000,1.34997,1.34984,1200000,1600000
2023-02-21 14:33:34.606000,1.34997,1.34984,1200000,1200000
2023-02-21 14:33:34.809000,1.34998,1.34983,1200000,1700000
2023-02-21 14:33:34.860000,1.34997,1.34984,1200000,2120000
2023-02-21 14:33:34.961000,1.35001,1.34989,1200000,1200000
2023-02-21 14:33:35.012000,1.35001,1.34986,1200000,1200000
2023-02-21 14:33:35.063000,1.35001,1.34986,1200000,3700000
2023-02-21 14:33:35.114000,1.35002,1.3499,1350000,1440000
2023-02-21 14:33:35.216000,1.35004,1.34991,1200000,1200000
2023-02-21 14:33:36.350000,1.35004,1.3499,1200000,1350000
2023-02-21 14:33:36.907000,1.35004,1.34992,1200000,1200000
2023-02-21 14:33:37.514000,1.35005,1.34992,1200000,1200000
2023-02-21 14:33:37.701000,1.35003,1.34992,1200000,1200000
2023-02-21 14:33:37.954000,1.35004,1.3499,1200000,1320000
2023-02-21 14:33:38.106000,1.35004,1.34993,1200000,1200000
2023-02-21 14:33:38.301000,1.35005,1.34991,1200000,1200000
2023-02-21 14:33:38.927000,1.35,1.3499,1240000,1200000
2023-02-21 14:33:39.029000,1.34997,1.34983,1200000,1200000
2023-02-21 14:33:40.481000,1.34993,1.34983,1120000,1200000
2023-02-21 14:33:40.583000,1.34995,1.3498,1320000,1200000
2023-02-21 14:33:40.684000,1.34995,1.34983,1200000,1200000
2023-02-21 14:33:43.276000,1.34997,1.34985,2250000,1200000
2023-02-21 14:33:44.605000,1.34996,1.34983,1200000,1200000
2023-02-21 14:33:44.707000,1.34996,1.34982,1890000,1200000
2023-02-21 14:33:45.314000,1.34997,1.34983,1700000,1200000
2023-02-21 14:33:45.466000,1.34997,1.34983,1200000,1200000
2023-02-21 14:33:46.333000,1.34995,1.34981,1120000,1200000
2023-02-21 14:33:46.435000,1.34993,1.34979,1200000,1200000
2023-02-21 14:33:46.536000,1.34991,1.34977,1200000,1200000
2023-02-21 14:33:47.093000,1.3499,1.34976,1320000,2250000
2023-02-21 14:33:47.195000,1.34989,1.34974,1200000,1200000
2023-02-21 14:33:47.745000,1.34987,1.34975,1200000,1200000
2023-02-21 14:33:47.847000,1.34988,1.34975,1200000,1200000
2023-02-21 14:33:48.236000,1.34987,1.34974,1200000,1200000
2023-02-21 14:33:48.338000,1.34986,1.34972,1200000,2170000
2023-02-21 14:33:48.743000,1.34986,1.34972,1200000,1350000
2023-02-21 14:33:48.844000,1.34984,1.34971,1200000,1200000
2023-02-21 14:33:49.517000,1.34985,1.34974,1200000,5040000
2023-02-21 14:33:49.619000,1.34989,1.34978,1350000,1200000
2023-02-21 14:33:49.771000,1.3499,1.34975,2700000,1200000
2023-02-21 14:33:49.872000,1.34987,1.34974,1200000,1350000
2023-02-21 14:33:50.233000,1.34988,1.34977,1200000,1200000
2023-02-21 14:33:50.385000,1.34989,1.34977,1200000,2340000
2023-02-21 14:33:50.739000,1.34988,1.34977,1200000,1800000
2023-02-21 14:33:51.601000,1.3499,1.34979,1200000,2130000
2023-02-21 14:33:51.702000,1.34994,1.34981,1600000,1200000
2023-02-21 14:33:51.804000,1.34993,1.34982,1200000,1200000
2023-02-21 14:33:52.972000,1.34992,1.34979,1200000,1350000
2023-02-21 14:33:53.073000,1.34994,1.34981,1200000,1350000
2023-02-21 14:33:53.276000,1.34995,1.34983,1200000,1200000
2023-02-21 14:33:53.378000,1.34997,1.34983,1200000,1200000
2023-02-21 14:33:55.128000,1.34996,1.34982,1200000,1200000
2023-02-21 14:33:55.720000,1.34994,1.3498,1200000,1200000
2023-02-21 14:33:56.053000,1.34992,1.34979,1200000,1600000
2023-02-21 14:33:56.155000,1.34992,1.34977,1200000,1800000
2023-02-21 14:33:56.358000,1.34992,1.34978,1200000,1440000
2023-02-21 14:33:56.460000,1.34995,1.34981,1200000,1200000
2023-02-21 14:33:57.398000,1.34995,1.34982,1200000,1200000
2023-02-21 14:33:57.500000,1.34997,1.34983,1200000,1200000
2023-02-21 14:33:58.228000,1.34997,1.34986,1200000,1200000
2023-02-21 14:33:58.330000,1.35,1.34989,1350000,1200000
2023-02-21 14:33:58.381000,1.35003,1.34989,1200000,1350000
2023-02-21 14:33:58.432000,1.35004,1.34991,1200000,1200000
2023-02-21 14:33:58.533000,1.35005,1.34992,1200000,1200000
2023-02-21 14:33:59.198000,1.35004,1.34991,1200000,1800000
2023-02-21 14:34:00.141000,1.35002,1.34989,1620000,1350000
2023-02-21 14:34:00.242000,1.34997,1.34983,1200000,1600000
2023-02-21 14:34:00.293000,1.34997,1.34983,1200000,1200000
2023-02-21 14:34:00.344000,1.34996,1.34981,1200000,2250000
2023-02-21 14:34:01.006000,1.34995,1.34984,1200000,1350000
2023-02-21 14:34:01.108000,1.34999,1.34985,1200000,1200000
2023-02-21 14:34:01.159000,1.34999,1.34987,1200000,3280000
2023-02-21 14:34:01.210000,1.35001,1.34987,1200000,1200000
2023-02-21 14:34:01.312000,1.34997,1.34984,1200000,1600000
2023-02-21 14:34:01.464000,1.34997,1.34982,1350000,1200000
2023-02-21 14:34:02.199000,1.34995,1.34981,2250000,1350000
2023-02-21 14:34:02.301000,1.34992,1.34978,2740000,1200000
2023-02-21 14:34:02.403000,1.34988,1.34974,1200000,1600000
2023-02-21 14:34:02.454000,1.34988,1.34974,1200000,2830000
2023-02-21 14:34:02.505000,1.34989,1.34976,1200000,1200000
2023-02-21 14:34:02.607000,1.34988,1.34975,1200000,1200000
2023-02-21 14:34:02.708000,1.34988,1.34973,1200000,1200000
2023-02-21 14:34:02.969000,1.34985,1.34974,1200000,1200000
2023-02-21 14:34:03.072000,1.34984,1.34972,1200000,1200000
2023-02-21 14:34:03.173000,1.34986,1.34973,1200000,1200000
2023-02-21 14:34:03.275000,1.34989,1.34976,1200000,1200000
2023-02-21 14:34:03.579000,1.34991,1.34977,1200000,3190000
2023-02-21 14:34:03.680000,1.34993,1.3498,1200000,1200000
2023-02-21 14:34:04.035000,1.34993,1.34982,1200000,1200000
2023-02-21 14:34:04.499000,1.34995,1.34983,1200000,1200000
2023-02-21 14:34:04.601000,1.34995,1.34981,1350000,1200000
2023-02-21 14:34:04.702000,1.34993,1.3498,1200000,1200000
2023-02-21 14:34:05.342000,1.34992,1.34979,1200000,1200000
2023-02-21 14:34:06.378000,1.34992,1.34981,1200000,1200000
2023-02-21 14:34:06.479000,1.34996,1.34983,1200000,1200000
2023-02-21 14:34:06.631000,1.34996,1.34984,1200000,1200000
2023-02-21 14:34:07.095000,1.34996,1.34985,1200000,1200000
2023-02-21 14:34:07.197000,1.34999,1.34988,1350000,1200000
2023-02-21 14:34:07.298000,1.35002,1.34989,1600000,1200000
2023-02-21 14:34:07.349000,1.35001,1.3499,1200000,1200000
2023-02-21 14:34:08.263000,1.35001,1.34989,1200000,1200000
2023-02-21 14:34:08.516000,1.35002,1.34991,1200000,1200000
2023-02-21 14:34:09.502000,1.35003,1.34989,1200000,1200000
2023-02-21 14:34:09.682000,1.35002,1.34988,1320000,1200000
2023-02-21 14:34:09.733000,1.34999,1.34989,2950000,1200000
2023-02-21 14:34:09.784000,1.34998,1.34985,1600000,1200000
2023-02-21 14:34:09.886000,1.34998,1.34986,1200000,1200000
2023-02-21 14:34:10.496000,1.35002,1.34988,1200000,1200000
2023-02-21 14:34:10.597000,1.35004,1.34991,1200000,1200000
2023-02-21 14:34:10.850000,1.35006,1.34991,1200000,1200000
2023-02-21 14:34:13.026000,1.35004,1.34992,1200000,1200000
2023-02-21 14:34:14.392000,1.35003,1.34989,1800000,1200000
2023-02-21 14:34:14.493000,1.35,1.34988,1200000,1200000
2023-02-21 14:34:14.697000,1.35001,1.34989,1600000,1200000
2023-02-21 14:34:14.798000,1.35005,1.34991,1800000,1200000
2023-02-21 14:34:15.539000,1.35003,1.34989,2340000,1200000
2023-02-21 14:34:15.641000,1.35001,1.34989,1200000,1350000
2023-02-21 14:34:15.742000,1.35001,1.34987,1200000,1200000
2023-02-21 14:34:15.844000,1.35002,1.34987,1350000,1200000
2023-02-21 14:34:17.629000,1.35002,1.34989,1200000,1200000
2023-02-21 14:34:17.731000,1.35004,1.34991,1350000,1200000
2023-02-21 14:34:18.620000,1.35002,1.34991,1200000,1200000
2023-02-21 14:34:19.379000,1.35002,1.34989,1200000,1200000
2023-02-21 14:34:20.197000,1.35,1.34988,1200000,1200000
2023-02-21 14:34:20.713000,1.35001,1.3499,1200000,1200000
2023-02-21 14:34:20.814000,1.35004,1.3499,1800000,1200000
2023-02-21 14:34:22.320000,1.35002,1.3499,1350000,1350000
2023-02-21 14:34:22.426000,1.35002,1.34987,1200000,2100000
2023-02-21 14:34:22.477000,1.35002,1.34987,1200000,1800000
2023-02-21 14:34:23.242000,1.35,1.34987,1200000,1800000
2023-02-21 14:34:23.343000,1.34997,1.34986,1200000,1200000
2023-02-21 14:34:23.698000,1.34996,1.34984,2250000,1200000
2023-02-21 14:34:23.800000,1.34991,1.34982,1200000,2210000
2023-02-21 14:34:23.901000,1.3499,1.34982,1200000,2250000
2023-02-21 14:34:23.952000,1.34989,1.34976,1200000,1800000
2023-02-21 14:34:24.055000,1.34987,1.34975,1200000,1350000
2023-02-21 14:34:24.156000,1.34987,1.34973,1200000,1200000
2023-02-21 14:34:24.258000,1.34982,1.3497,1200000,1600000
2023-02-21 14:34:24.360000,1.34981,1.34968,1200000,1200000
2023-02-21 14:34:24.461000,1.34979,1.34968,1200000,1200000
2023-02-21 14:34:24.765000,1.3498,1.34968,1200000,1800000
2023-02-21 14:34:24.917000,1.34982,1.34967,1200000,1200000
2023-02-21 14:34:25.019000,1.34983,1.3497,1200000,2530000
2023-02-21 14:34:25.120000,1.34985,1.34971,1350000,1200000
2023-02-21 14:34:26.188000,1.34984,1.3497,1200000,1350000
2023-02-21 14:34:26.290000,1.34984,1.34967,1350000,4330000
2023-02-21 14:34:26.392000,1.34983,1.34969,1350000,1200000
2023-02-21 14:34:26.493000,1.34983,1.34969,1200000,2700000
2023-02-21 14:34:26.595000,1.34984,1.34972,1200000,1200000
2023-02-21 14:34:26.748000,1.34985,1.3497,1200000,2250000
2023-02-21 14:34:26.849000,1.34983,1.3497,1200000,1350000
2023-02-21 14:34:26.900000,1.34983,1.34968,1200000,1320000
2023-02-21 14:34:27.255000,1.34983,1.34967,1200000,2250000
2023-02-21 14:34:27.356000,1.34981,1.34968,1200000,1200000
2023-02-21 14:34:27.543000,1.34981,1.34967,1200000,1200000
2023-02-21 14:34:27.594000,1.34981,1.34965,1200000,1200000
2023-02-21 14:34:27.645000,1.34979,1.34965,1200000,1200000
2023-02-21 14:34:28.101000,1.34978,1.34964,1200000,1800000
2023-02-21 14:34:28.465000,1.34979,1.34965,1200000,1800000
2023-02-21 14:34:28.517000,1.34979,1.34969,1200000,2340000
2023-02-21 14:34:28.568000,1.34982,1.34969,1200000,3240000
2023-02-21 14:34:28.669000,1.34982,1.3497,1200000,3600000
2023-02-21 14:34:28.879000,1.3498,1.34968,1200000,1600000
2023-02-21 14:34:28.930000,1.34981,1.34967,1200000,1200000
2023-02-21 14:34:29.031000,1.3498,1.34967,1200000,1200000
2023-02-21 14:34:30.173000,1.34979,1.34967,1200000,1200000
2023-02-21 14:34:30.277000,1.34983,1.3497,2100000,1200000
2023-02-21 14:34:30.378000,1.34982,1.34968,1350000,1200000
2023-02-21 14:34:30.632000,1.34983,1.34969,1200000,1200000
2023-02-21 14:34:30.885000,1.34983,1.34969,1200000,3600000
2023-02-21 14:34:31.239000,1.34982,1.3497,1200000,1200000
2023-02-21 14:34:31.554000,1.34984,1.3497,1200000,1200000
2023-02-21 14:34:32.878000,1.34982,1.34969,1350000,2250000
2023-02-21 14:34:32.980000,1.34981,1.34967,1200000,1600000
2023-02-21 14:34:33.081000,1.34982,1.34971,1200000,1350000
2023-02-21 14:34:33.183000,1.34984,1.34972,1200000,1200000
2023-02-21 14:34:34.536000,1.34986,1.34972,1200000,1200000
2023-02-21 14:34:35.732000,1.34987,1.34978,1200000,2470000
2023-02-21 14:34:35.834000,1.34992,1.34978,1200000,3220000
2023-02-21 14:34:35.986000,1.34994,1.34981,1200000,1200000
2023-02-21 14:34:36.998000,1.34994,1.34983,1200000,1200000
2023-02-21 14:34:37.581000,1.34995,1.34987,1200000,3690000
2023-02-21 14:34:37.682000,1.34999,1.34988,1200000,3220000
2023-02-21 14:34:37.834000,1.35002,1.34989,1200000,1200000
2023-02-21 14:34:38.105000,1.35004,1.3499,1200000,1200000
2023-02-21 14:34:38.561000,1.35003,1.3499,1200000,1200000
2023-02-21 14:34:40.580000,1.35005,1.34991,1200000,1200000
2023-02-21 14:34:41.187000,1.35006,1.34992,1200000,1200000
2023-02-21 14:34:41.949000,1.35003,1.34992,1200000,1200000
2023-02-21 14:34:43.490000,1.35004,1.3499,1200000,1200000
2023-02-21 14:34:44.507000,1.35001,1.34988,1990000,1600000
2023-02-21 14:34:44.609000,1.34997,1.34984,1200000,1200000
2023-02-21 14:34:44.710000,1.34996,1.34982,1200000,1200000
2023-02-21 14:34:44.833000,1.34997,1.34983,1200000,1200000
2023-02-21 14:34:45.040000,1.34998,1.34984,1200000,1200000
2023-02-21 14:34:45.142000,1.35,1.34987,1350000,1200000
2023-02-21 14:34:45.244000,1.35,1.34987,1200000,1600000
2023-02-21 14:34:45.446000,1.35001,1.34986,1200000,1200000
2023-02-21 14:34:45.548000,1.34999,1.34986,1200000,2250000
2023-02-21 14:34:45.751000,1.35,1.34988,1200000,1320000
2023-02-21 14:34:45.852000,1.35,1.34989,1200000,1800000
2023-02-21 14:34:45.954000,1.35003,1.3499,1200000,1200000
2023-02-21 14:34:46.207000,1.35005,1.34991,1200000,1200000
2023-02-21 14:34:47.306000,1.35003,1.3499,1200000,1350000
2023-02-21 14:34:47.711000,1.35001,1.3499,1200000,1200000
2023-02-21 14:34:47.812000,1.35002,1.34987,1200000,2250000
2023-02-21 14:34:47.914000,1.35001,1.34989,1200000,1200000
2023-02-21 14:34:48.016000,1.35002,1.34987,1200000,1800000
2023-02-21 14:34:49.206000,1.35005,1.34988,4720000,1320000
2023-02-21 14:34:49.307000,1.35005,1.3499,2100000,1200000
2023-02-21 14:34:49.409000,1.35004,1.34991,1200000,1200000
2023-02-21 14:34:51.797000,1.35003,1.34991,1200000,1200000
2023-02-21 14:34:52.017000,1.35004,1.34991,1200000,1200000
2023-02-21 14:34:52.867000,1.35004,1.3499,1200000,1200000
2023-02-21 14:34:53.533000,1.35003,1.34989,1200000,1350000
2023-02-21 14:34:53.634000,1.35,1.34988,1200000,4500000
2023-02-21 14:34:53.736000,1.34997,1.34986,1200000,1200000
2023-02-21 14:34:53.838000,1.34997,1.34983,1200000,1200000
2023-02-21 14:34:54.404000,1.34994,1.34983,1200000,1200000
2023-02-21 14:34:54.707000,1.34999,1.34985,3300000,1200000
2023-02-21 14:34:54.809000,1.34996,1.34983,3600000,1200000
2023-02-21 14:34:54.911000,1.34996,1.34981,2790000,1200000
2023-02-21 14:34:55.012000,1.34995,1.34981,1350000,1200000
2023-02-21 14:34:55.114000,1.34994,1.34982,1840000,1200000
2023-02-21 14:34:55.215000,1.3499,1.34981,2790000,1200000
2023-02-21 14:34:55.317000,1.34991,1.34979,4140000,1200000
2023-02-21 14:34:55.368000,1.3499,1.34976,1620000,1200000
2023-02-21 14:34:55.469000,1.34988,1.34976,2340000,1200000
2023-02-21 14:34:55.621000,1.34989,1.34976,1890000,1200000
2023-02-21 14:34:56.343000,1.34989,1.34975,3240000,1200000
2023-02-21 14:34:56.596000,1.34989,1.34976,4140000,1200000
2023-02-21 14:34:56.698000,1.34989,1.34976,2740000,1200000
2023-02-21 14:34:56.799000,1.34988,1.34977,2790000,1200000
2023-02-21 14:34:57.103000,1.34988,1.34976,3150000,1200000
2023-02-21 14:34:57.230000,1.34988,1.34976,1620000,1200000
2023-02-21 14:34:57.287000,1.34987,1.34974,3240000,1200000
2023-02-21 14:34:57.540000,1.34987,1.34972,3240000,1200000
2023-02-21 14:34:57.959000,1.34985,1.34972,2740000,1200000
2023-02-21 14:34:58.060000,1.34984,1.34971,1620000,1200000
2023-02-21 14:34:58.163000,1.34984,1.34971,1200000,1200000
2023-02-21 14:34:58.264000,1.34986,1.34972,1700000,1200000
2023-02-21 14:34:58.366000,1.34986,1.34974,1320000,1200000
2023-02-21 14:34:58.468000,1.34987,1.34975,2920000,1200000
2023-02-21 14:34:58.569000,1.34987,1.34975,3240000,1200000
2023-02-21 14:34:59.458000,1.34987,1.34977,1320000,1200000
2023-02-21 14:34:59.762000,1.34986,1.34975,2340000,1200000
2023-02-21 14:34:59.863000,1.34988,1.34976,4140000,1200000
2023-02-21 14:34:59.965000,1.34989,1.34977,3300000,1200000
2023-02-21 14:35:00.066000,1.34989,1.34977,3690000,1200000
2023-02-21 14:35:00.421000,1.34987,1.34976,2250000,1200000
2023-02-21 14:35:00.523000,1.34989,1.34975,2950000,1200000
2023-02-21 14:35:00.625000,1.34988,1.34974,3670000,1200000
2023-02-21 14:35:00.676000,1.34983,1.34975,1890000,1200000
2023-02-21 14:35:00.729000,1.34983,1.34971,1700000,1200000
2023-02-21 14:35:00.881000,1.34979,1.34968,1800000,1200000
2023-02-21 14:35:00.982000,1.3498,1.34966,5100000,1200000
2023-02-21 14:35:01.135000,1.34979,1.34966,1200000,1200000
2023-02-21 14:35:01.337000,1.34978,1.34966,2340000,1200000
2023-02-21 14:35:01.439000,1.34978,1.34965,3240000,1200000
2023-02-21 14:35:01.540000,1.3498,1.34968,1200000,1200000
2023-02-21 14:35:01.845000,1.34982,1.34969,1350000,1200000
2023-02-21 14:35:02.250000,1.34981,1.34969,1200000,1200000
2023-02-21 14:35:02.352000,1.34981,1.34968,2740000,1200000
2023-02-21 14:35:02.453000,1.34979,1.34968,1320000,1200000
2023-02-21 14:35:02.656000,1.3498,1.34966,4620000,1200000
2023-02-21 14:35:02.757000,1.34977,1.34965,3240000,1200000
2023-02-21 14:35:02.913000,1.34977,1.34965,3300000,1200000
2023-02-21 14:35:03.166000,1.34975,1.34961,3120000,1200000
2023-02-21 14:35:03.268000,1.34977,1.34962,1700000,1200000
2023-02-21 14:35:03.369000,1.34977,1.34963,1600000,1200000
2023-02-21 14:35:03.420000,1.34977,1.34963,1200000,1200000
2023-02-21 14:35:03.522000,1.34978,1.34963,1200000,1200000
2023-02-21 14:35:03.573000,1.34977,1.34966,1200000,1200000
2023-02-21 14:35:03.725000,1.34979,1.34967,2250000,1200000
2023-02-21 14:35:03.827000,1.3498,1.34965,2340000,1200000
2023-02-21 14:35:03.929000,1.34979,1.34965,3240000,1200000
2023-02-21 14:35:05.186000,1.34978,1.34963,1200000,1200000
2023-02-21 14:35:05.288000,1.34977,1.34964,1200000,1200000
2023-02-21 14:35:06.082000,1.34973,1.34964,1990000,1200000
2023-02-21 14:35:06.184000,1.34968,1.34955,1200000,1600000
2023-02-21 14:35:06.286000,1.3496,1.34952,1200000,1200000
2023-02-21 14:35:06.337000,1.34957,1.34945,1200000,1200000
2023-02-21 14:35:06.439000,1.34957,1.34944,1200000,1200000
2023-02-21 14:35:06.591000,1.34956,1.34944,1200000,1200000
2023-02-21 14:35:06.692000,1.34955,1.34942,1200000,1200000
2023-02-21 14:35:06.925000,1.34955,1.34943,1200000,1200000
2023-02-21 14:35:07.035000,1.34955,1.34944,1200000,1200000
2023-02-21 14:35:07.743000,1.34957,1.34944,1200000,1200000
2023-02-21 14:35:07.845000,1.34958,1.34946,1200000,1200000
2023-02-21 14:35:07.947000,1.34959,1.34945,1320000,1200000
2023-02-21 14:35:08.048000,1.34957,1.34944,1200000,1200000
2023-02-21 14:35:08.150000,1.34957,1.34943,1200000,1200000
2023-02-21 14:35:08.726000,1.34954,1.34943,1200000,1200000
2023-02-21 14:35:08.879000,1.34954,1.3494,1320000,1200000
2023-02-21 14:35:08.980000,1.34955,1.3494,1200000,1200000
2023-02-21 14:35:09.082000,1.34956,1.34943,1440000,1200000
2023-02-21 14:35:09.183000,1.34954,1.3494,1200000,1200000
2023-02-21 14:35:09.285000,1.34957,1.34944,1350000,1200000
2023-02-21 14:35:09.386000,1.34958,1.34945,1200000,1200000
2023-02-21 14:35:09.690000,1.34957,1.34947,1200000,1200000
2023-02-21 14:35:10.988000,1.34958,1.34945,1200000,1200000
2023-02-21 14:35:11.089000,1.34956,1.34945,1200000,1200000
2023-02-21 14:35:11.191000,1.34957,1.34943,1200000,1200000
2023-02-21 14:35:11.620000,1.34958,1.34945,1200000,1200000
2023-02-21 14:35:11.721000,1.34958,1.34947,1200000,1200000
2023-02-21 14:35:11.823000,1.34959,1.34947,1200000,1200000
2023-02-21 14:35:11.925000,1.34959,1.34946,1200000,1200000
2023-02-21 14:35:12.178000,1.34956,1.34945,1120000,1200000
2023-02-21 14:35:12.280000,1.34956,1.34942,1200000,1200000
2023-02-21 14:35:12.939000,1.34956,1.34944,1200000,1200000
2023-02-21 14:35:13.041000,1.34957,1.34944,1200000,1200000
2023-02-21 14:35:13.243000,1.34956,1.34943,1200000,1200000
2023-02-21 14:35:14.857000,1.34957,1.34944,1200000,1200000
2023-02-21 14:35:15.211000,1.34958,1.34946,1200000,1200000
2023-02-21 14:35:15.313000,1.34959,1.34947,1200000,1200000
2023-02-21 14:35:15.465000,1.34962,1.3495,1200000,1200000
2023-02-21 14:35:15.566000,1.34964,1.34953,1600000,1200000
2023-02-21 14:35:15.668000,1.34966,1.34956,1200000,1200000
2023-02-21 14:35:15.770000,1.34968,1.34958,1200000,1200000
2023-02-21 14:35:15.871000,1.34969,1.34958,1200000,1200000
2023-02-21 14:35:15.973000,1.3497,1.34959,1200000,1200000
2023-02-21 14:35:16.331000,1.34968,1.34957,1200000,1200000
2023-02-21 14:35:16.533000,1.34969,1.34957,1200000,1200000
2023-02-21 14:35:16.635000,1.3497,1.34959,1200000,1200000
2023-02-21 14:35:16.888000,1.34971,1.34959,1200000,1200000
2023-02-21 14:35:17.025000,1.34969,1.34959,1200000,1200000
2023-02-21 14:35:17.126000,1.34969,1.34957,1200000,1200000
2023-02-21 14:35:17.229000,1.34968,1.34956,1200000,1200000
2023-02-21 14:35:17.331000,1.34969,1.34957,1200000,1200000
2023-02-21 14:35:17.483000,1.34969,1.34956,1200000,1200000
2023-02-21 14:35:17.585000,1.3497,1.34957,1200000,1200000
2023-02-21 14:35:17.687000,1.34969,1.34959,1200000,1200000
2023-02-21 14:35:18.404000,1.34967,1.34957,1200000,1200000
2023-02-21 14:35:18.506000,1.34965,1.34953,1200000,1200000
2023-02-21 14:35:18.608000,1.34963,1.34951,1200000,1200000
2023-02-21 14:35:18.709000,1.34963,1.34952,1200000,1200000
2023-02-21 14:35:18.912000,1.34965,1.34952,1200000,1200000
2023-02-21 14:35:19.115000,1.34966,1.34954,1200000,1200000
2023-02-21 14:35:19.268000,1.34966,1.34956,1200000,1200000
2023-02-21 14:35:19.370000,1.34968,1.34954,1200000,1200000
2023-02-21 14:35:19.624000,1.34968,1.34955,1200000,1200000
2023-02-21 14:35:19.776000,1.34968,1.34954,1200000,1200000
2023-02-21 14:35:19.877000,1.34969,1.34955,1200000,1200000
2023-02-21 14:35:20.131000,1.34971,1.34956,1200000,1200000
2023-02-21 14:35:20.334000,1.34969,1.34956,1200000,1200000
2023-02-21 14:35:20.436000,1.34966,1.34955,1200000,1200000
