time,ask,bid,ask_volume,bid_volume
2019-04-18 12:25:00.134000,1.33924,1.33915,1000000,1000000
2019-04-18 12:25:00.677000,1.33923,1.33913,1000000,1000000
2019-04-18 12:25:00.845000,1.33923,1.33912,1000000,2320000
2019-04-18 12:25:01.100000,1.33924,1.33912,1570000,1500000
2019-04-18 12:25:01.325000,1.33924,1.33912,1570000,2470000
2019-04-18 12:25:02.158000,1.33919,1.3391,1000000,1600000
2019-04-18 12:25:02.261000,1.3392,1.33911,1000000,1000000
2019-04-18 12:25:02.363000,1.33918,1.33911,1000000,1000000
2019-04-18 12:25:02.566000,1.3392,1.33911,1000000,1000000
2019-04-18 12:25:02.720000,1.33918,1.33911,1000000,1000000
2019-04-18 12:25:03.050000,1.3392,1.33911,1000000,1000000
2019-04-18 12:25:03.152000,1.3392,1.3391,1000000,1100000
2019-04-18 12:25:03.305000,1.33919,1.3391,1000000,1200000
2019-04-18 12:25:04.291000,1.33918,1.3391,1000000,1100000
2019-04-18 12:25:04.393000,1.33919,1.3391,1000000,1100000
2019-04-18 12:25:05.102000,1.3392,1.3391,1000000,1120000
2019-04-18 12:25:05.579000,1.3392,1.3391,1000000,2350000
2019-04-18 12:25:05.694000,1.3392,1.3391,1000000,1120000
2019-04-18 12:25:05.797000,1.33919,1.3391,1000000,1000000
2019-04-18 12:25:07.070000,1.33919,1.33908,1000000,1950000
2019-04-18 12:25:07.172000,1.33919,1.33909,1620000,1500000
2019-04-18 12:25:07.324000,1.33919,1.33909,1000000,1000000
2019-04-18 12:25:07.426000,1.33919,1.33911,1000000,1000000
2019-04-18 12:25:07.528000,1.33918,1.33911,1620000,1000000
2019-04-18 12:25:07.867000,1.33918,1.33909,1620000,1000000
2019-04-18 12:25:08.121000,1.33921,1.33912,1000000,1000000
2019-04-18 12:25:08.172000,1.33921,1.33914,1000000,1000000
2019-04-18 12:25:08.223000,1.33923,1.33914,1120000,1000000
2019-04-18 12:25:08.447000,1.33924,1.33914,1500000,1000000
2019-04-18 12:25:10.023000,1.33924,1.33913,1200000,1100000
2019-04-18 12:25:10.329000,1.33922,1.33913,1000000,1100000
2019-04-18 12:25:12.679000,1.33924,1.33913,1100000,1000000
2019-04-18 12:25:14.780000,1.33924,1.33913,2070000,1000000
2019-04-18 12:25:15.759000,1.33924,1.33913,1120000,1000000
2019-04-18 12:25:17.471000,1.33924,1.33914,1870000,1000000
2019-04-18 12:25:18.801000,1.33924,1.33913,1000000,1000000
2019-04-18 12:25:19.068000,1.33921,1.33911,1000000,1570000
2019-04-18 12:25:20.503000,1.33921,1.33912,1120000,1000000
2019-04-18 12:25:20.607000,1.33918,1.33909,1000000,1200000
2019-04-18 12:25:20.714000,1.33919,1.33909,1500000,1100000
2019-04-18 12:25:20.866000,1.33919,1.3391,1220000,1000000
2019-04-18 12:25:20.977000,1.33919,1.3391,1100000,1000000
2019-04-18 12:25:21.079000,1.33919,1.33911,1000000,1000000
2019-04-18 12:25:21.131000,1.33919,1.33909,1000000,1120000
2019-04-18 12:25:21.285000,1.33919,1.33908,1570000,1500000
2019-04-18 12:25:21.388000,1.33919,1.33909,1000000,1100000
2019-04-18 12:25:21.514000,1.33918,1.33907,1000000,3220000
2019-04-18 12:25:21.565000,1.33918,1.33907,1200000,1100000
2019-04-18 12:25:21.668000,1.33916,1.33906,1000000,1000000
2019-04-18 12:25:22.392000,1.33916,1.33905,1950000,1000000
2019-04-18 12:25:23.398000,1.33914,1.33905,1000000,1000000
2019-04-18 12:25:25.554000,1.33912,1.33903,1000000,1000000
2019-04-18 12:25:27.376000,1.33912,1.33905,1000000,1000000
2019-04-18 12:25:27.427000,1.33915,1.33905,1570000,1000000
2019-04-18 12:25:27.637000,1.33915,1.33905,1970000,1000000
2019-04-18 12:25:28.341000,1.33911,1.33905,1000000,1000000
2019-04-18 12:25:28.392000,1.33909,1.33902,1000000,1100000
2019-04-18 12:25:28.506000,1.33905,1.33896,1000000,1000000
2019-04-18 12:25:30.317000,1.33906,1.33896,1950000,1000000
2019-04-18 12:25:30.419000,1.33906,1.33896,1970000,1000000
2019-04-18 12:25:30.521000,1.33906,1.33896,1950000,1000000
2019-04-18 12:25:32.057000,1.33906,1.33895,1200000,1000000
2019-04-18 12:25:34.169000,1.33906,1.33896,2320000,1000000
2019-04-18 12:25:40.085000,1.33906,1.33895,1200000,1000000
2019-04-18 12:25:41.329000,1.33906,1.33895,1600000,1000000
2019-04-18 12:25:41.591000,1.33906,1.33895,1200000,1000000
2019-04-18 12:25:42.880000,1.33906,1.33895,1220000,1000000
2019-04-18 12:25:42.982000,1.33906,1.33896,2100000,1000000
2019-04-18 12:25:43.185000,1.33906,1.33896,1950000,1000000
2019-04-18 12:25:43.533000,1.33906,1.33896,1970000,1000000
2019-04-18 12:25:43.747000,1.33906,1.33896,1950000,1000000
2019-04-18 12:25:44.238000,1.33904,1.33894,1500000,1200000
2019-04-18 12:25:44.339000,1.33903,1.33894,2250000,1000000
2019-04-18 12:25:45.645000,1.33902,1.33893,1500000,1000000
2019-04-18 12:25:45.697000,1.33904,1.33893,1570000,1000000
2019-04-18 12:25:45.870000,1.33904,1.33893,1000000,1970000
2019-04-18 12:25:46.453000,1.33904,1.33893,1000000,1500000
2019-04-18 12:25:47.115000,1.33904,1.33894,1000000,1000000
2019-04-18 12:25:48.347000,1.33904,1.33895,1000000,1000000
2019-04-18 12:25:48.689000,1.33905,1.33895,1570000,1000000
2019-04-18 12:25:50.561000,1.33904,1.33893,1000000,1570000
2019-04-18 12:25:50.715000,1.33905,1.33894,7200000,1000000
2019-04-18 12:25:50.817000,1.33905,1.33894,4600000,1000000
2019-04-18 12:25:51.166000,1.33905,1.33894,1570000,1000000
2019-04-18 12:25:52.214000,1.33904,1.33894,1000000,1000000
2019-04-18 12:25:52.265000,1.33897,1.33893,1000000,1000000
2019-04-18 12:25:52.316000,1.33898,1.3389,1000000,2620000
2019-04-18 12:25:52.418000,1.33899,1.3389,1100000,1000000
2019-04-18 12:25:52.519000,1.339,1.33891,1000000,1000000
2019-04-18 12:25:52.672000,1.33901,1.33891,1100000,1000000
2019-04-18 12:25:53.039000,1.33903,1.33894,1200000,1000000
2019-04-18 12:25:56.101000,1.33904,1.33894,1120000,1000000
2019-04-18 12:25:59.429000,1.33904,1.33895,1120000,1000000
2019-04-18 12:26:00.281000,1.33902,1.33895,1000000,1000000
2019-04-18 12:26:01.425000,1.33904,1.33895,1950000,1000000
2019-04-18 12:26:02.850000,1.33904,1.33894,1950000,1000000
2019-04-18 12:26:02.958000,1.33907,1.33902,1000000,1000000
2019-04-18 12:26:03.009000,1.33912,1.33903,1120000,1000000
2019-04-18 12:26:03.112000,1.33913,1.33903,1000000,1500000
2019-04-18 12:26:03.214000,1.33914,1.33903,1000000,1500000
2019-04-18 12:26:04.077000,1.33915,1.33905,2250000,1000000
2019-04-18 12:26:09.383000,1.33913,1.33902,1000000,1100000
2019-04-18 12:26:10.134000,1.33913,1.33903,1000000,1000000
2019-04-18 12:26:10.545000,1.33913,1.33903,1620000,1000000
2019-04-18 12:26:10.769000,1.33913,1.33903,1120000,1000000
2019-04-18 12:26:11.064000,1.33913,1.33903,1620000,1000000
2019-04-18 12:26:11.420000,1.33913,1.33903,1120000,1000000
2019-04-18 12:26:11.895000,1.3391,1.33901,1000000,1000000
2019-04-18 12:26:12.048000,1.3391,1.339,1000000,1000000
2019-04-18 12:26:12.557000,1.3391,1.33899,1000000,1570000
2019-04-18 12:26:15.935000,1.3391,1.33899,1500000,1220000
2019-04-18 12:26:16.037000,1.3391,1.33901,1500000,1000000
2019-04-18 12:26:17.599000,1.3391,1.33901,1620000,1000000
2019-04-18 12:26:20.207000,1.3391,1.339,1620000,1000000
2019-04-18 12:26:22.882000,1.3391,1.339,1000000,1100000
2019-04-18 12:26:23.137000,1.33904,1.33897,2300000,1950000
2019-04-18 12:26:23.188000,1.33905,1.33897,3220000,1200000
2019-04-18 12:26:23.291000,1.33903,1.33896,1000000,1000000
2019-04-18 12:26:23.342000,1.33905,1.33895,1000000,1500000
2019-04-18 12:26:30.097000,1.33907,1.33895,1500000,1500000
2019-04-18 12:26:30.468000,1.33907,1.33896,1000000,1000000
2019-04-18 12:26:30.569000,1.33907,1.33895,1500000,1870000
2019-04-18 12:26:35.354000,1.33906,1.33896,1000000,1000000
2019-04-18 12:26:36.382000,1.33907,1.33895,1870000,1500000
2019-04-18 12:26:36.485000,1.33907,1.33897,1120000,1000000
2019-04-18 12:26:36.639000,1.33907,1.33896,1120000,1500000
2019-04-18 12:26:38.748000,1.33908,1.33896,1870000,1000000
2019-04-18 12:26:40.002000,1.33908,1.33896,2370000,1000000
2019-04-18 12:26:40.255000,1.33908,1.33896,2620000,1000000
2019-04-18 12:26:40.761000,1.33908,1.33896,2750000,1000000
2019-04-18 12:26:41.140000,1.33908,1.33896,1870000,1000000
2019-04-18 12:26:42.775000,1.33907,1.33896,1000000,1500000
2019-04-18 12:26:44.094000,1.33908,1.33896,2250000,1000000
2019-04-18 12:26:50.187000,1.33907,1.33896,1000000,1500000
2019-04-18 12:26:51.776000,1.33908,1.33896,2100000,1000000
2019-04-18 12:26:51.878000,1.33907,1.33896,1000000,1500000
2019-04-18 12:26:53.572000,1.33908,1.33896,2250000,1000000
2019-04-18 12:26:54.302000,1.33908,1.33896,3120000,1000000
2019-04-18 12:26:54.405000,1.33908,1.33896,3000000,1000000
2019-04-18 12:27:04.037000,1.33907,1.33896,1000000,1000000
2019-04-18 12:27:10.454000,1.33908,1.33897,1120000,1000000
2019-04-18 12:27:10.606000,1.33908,1.33896,1120000,1500000
2019-04-18 12:27:10.974000,1.33908,1.33897,1120000,1000000
2019-04-18 12:27:11.078000,1.33912,1.33902,1120000,1000000
2019-04-18 12:27:11.182000,1.33913,1.33905,1000000,1000000
2019-04-18 12:27:15.281000,1.33914,1.33905,1000000,1000000
2019-04-18 12:27:18.633000,1.33916,1.33905,1500000,1500000
2019-04-18 12:27:18.685000,1.33918,1.33907,1200000,2250000
2019-04-18 12:27:18.788000,1.33919,1.33908,1620000,1000000
2019-04-18 12:27:18.891000,1.33919,1.33909,1620000,1000000
2019-04-18 12:27:19.819000,1.33919,1.33908,1000000,3000000
2019-04-18 12:27:20.014000,1.33922,1.33911,1000000,1000000
2019-04-18 12:27:20.065000,1.3392,1.33912,1000000,1000000
2019-04-18 12:27:20.116000,1.33922,1.33912,1000000,1000000
2019-04-18 12:27:20.218000,1.33923,1.33913,1000000,1500000
2019-04-18 12:27:22.861000,1.33921,1.33911,1000000,2720000
2019-04-18 12:27:22.962000,1.33921,1.33911,1000000,1000000
2019-04-18 12:27:23.116000,1.33921,1.3391,1000000,1000000
2019-04-18 12:27:23.269000,1.33921,1.33911,1500000,1000000
2019-04-18 12:27:23.371000,1.33923,1.33912,1000000,1000000
2019-04-18 12:27:23.938000,1.33923,1.33913,1000000,1000000
2019-04-18 12:27:24.507000,1.33918,1.33908,1000000,1500000
2019-04-18 12:27:24.609000,1.33916,1.33906,1000000,1500000
2019-04-18 12:27:24.864000,1.33916,1.33904,1500000,1000000
2019-04-18 12:27:25.605000,1.33915,1.33903,1000000,1500000
2019-04-18 12:27:29.519000,1.33915,1.33904,1500000,1000000
2019-04-18 12:27:32.925000,1.33915,1.33906,1000000,1000000
2019-04-18 12:27:34.019000,1.33916,1.33906,1000000,1000000
2019-04-18 12:27:41.534000,1.33916,1.33905,1000000,1000000
2019-04-18 12:27:46.547000,1.33916,1.33903,1500000,1500000
2019-04-18 12:27:47.575000,1.33916,1.33903,1500000,2500000
2019-04-18 12:27:48.621000,1.33916,1.33903,2250000,2500000
2019-04-18 12:27:50.189000,1.33918,1.33912,3000000,1000000
2019-04-18 12:27:50.240000,1.33918,1.33909,1000000,1100000
2019-04-18 12:27:50.291000,1.3392,1.3391,1500000,1000000
2019-04-18 12:27:50.393000,1.33921,1.33911,1100000,1500000
2019-04-18 12:27:50.545000,1.33921,1.33913,1000000,1000000
2019-04-18 12:27:52.349000,1.33924,1.33914,1500000,1000000
2019-04-18 12:27:54.702000,1.33924,1.33913,1000000,1000000
2019-04-18 12:27:56.596000,1.33924,1.33912,1000000,1000000
2019-04-18 12:27:59.868000,1.33923,1.33912,1000000,1000000
2019-04-18 12:28:00.326000,1.33922,1.33912,1000000,1500000
2019-04-18 12:28:04.018000,1.33923,1.33912,1000000,1000000
2019-04-18 12:28:05.412000,1.33923,1.33911,1500000,2320000
2019-04-18 12:28:06.291000,1.33924,1.33912,2250000,1000000
2019-04-18 12:28:07.123000,1.33924,1.33912,4250000,1000000
2019-04-18 12:28:08.120000,1.33924,1.33912,3370000,1000000
2019-04-18 12:28:09.699000,1.33924,1.33912,3120000,1000000
2019-04-18 12:28:12.119000,1.33923,1.33911,1000000,1500000
2019-04-18 12:28:12.325000,1.33921,1.33911,1000000,1500000
2019-04-18 12:28:12.427000,1.33923,1.33911,1000000,1500000
2019-04-18 12:28:13.665000,1.33922,1.33911,1000000,1500000
2019-04-18 12:28:14.755000,1.33921,1.33911,1000000,2250000
2019-04-18 12:28:14.989000,1.33922,1.33911,1500000,1500000
2019-04-18 12:28:16.012000,1.33922,1.33912,1000000,1000000
2019-04-18 12:28:17.590000,1.33922,1.33911,1000000,3000000
2019-04-18 12:28:22.653000,1.33922,1.33912,1000000,1000000
2019-04-18 12:28:22.777000,1.33921,1.3391,1300000,2250000
2019-04-18 12:28:22.904000,1.33919,1.3391,1000000,1000000
2019-04-18 12:28:23.006000,1.33919,1.33909,1000000,1000000
2019-04-18 12:28:23.159000,1.33921,1.33909,4170000,1000000
2019-04-18 12:28:23.260000,1.33921,1.33908,4170000,1000000
2019-04-18 12:28:23.487000,1.33921,1.33908,2470000,1000000
2019-04-18 12:28:27.070000,1.3392,1.33908,1870000,1000000
2019-04-18 12:28:30.210000,1.33918,1.33908,1000000,1000000
2019-04-18 12:28:30.312000,1.33919,1.33909,1000000,1000000
2019-04-18 12:28:30.994000,1.33918,1.33907,1000000,1000000
2019-04-18 12:28:31.219000,1.33918,1.33908,1000000,1000000
2019-04-18 12:28:31.321000,1.33919,1.33908,1000000,1000000
2019-04-18 12:28:31.782000,1.33916,1.33906,1000000,1500000
2019-04-18 12:28:31.884000,1.33913,1.33904,1000000,1000000
2019-04-18 12:28:31.935000,1.33912,1.33902,1120000,1000000
2019-04-18 12:28:32.088000,1.33913,1.33903,2370000,1000000
2019-04-18 12:28:32.201000,1.33913,1.33903,1000000,1000000
2019-04-18 12:28:33.122000,1.33914,1.33902,1120000,3000000
2019-04-18 12:28:37.005000,1.33913,1.33903,1000000,1000000
2019-04-18 12:28:38.002000,1.33913,1.33904,1000000,1000000
2019-04-18 12:28:39.944000,1.33914,1.33904,2250000,1000000
2019-04-18 12:28:41.039000,1.33916,1.33908,1000000,1000000
2019-04-18 12:28:41.191000,1.33919,1.33908,3000000,1000000
2019-04-18 12:28:41.395000,1.33918,1.33907,1000000,2250000
2019-04-18 12:28:44.230000,1.33918,1.33908,1500000,1500000
2019-04-18 12:28:44.901000,1.33918,1.3391,1000000,1000000
2019-04-18 12:28:44.952000,1.33921,1.33909,1620000,1870000
2019-04-18 12:28:45.207000,1.33923,1.33911,1500000,1000000
2019-04-18 12:28:45.259000,1.33922,1.33911,1000000,1000000
2019-04-18 12:28:45.564000,1.33922,1.33913,1000000,1000000
2019-04-18 12:28:45.716000,1.33922,1.33912,1000000,1000000
2019-04-18 12:28:46.263000,1.3392,1.33912,1000000,1000000
2019-04-18 12:28:47.005000,1.33923,1.33912,2370000,1000000
2019-04-18 12:28:47.196000,1.33923,1.33912,1500000,1000000
2019-04-18 12:28:48.607000,1.33923,1.33912,2370000,1000000
2019-04-18 12:28:49.598000,1.33923,1.33912,2250000,1000000
2019-04-18 12:28:51.052000,1.33924,1.33916,1000000,1500000
2019-04-18 12:28:51.197000,1.33924,1.33915,1000000,1500000
2019-04-18 12:28:51.299000,1.33924,1.33916,1000000,1500000
2019-04-18 12:28:51.402000,1.33924,1.33915,1000000,1500000
2019-04-18 12:28:51.606000,1.33923,1.33915,1000000,1000000
2019-04-18 12:28:51.707000,1.33923,1.33916,1000000,1500000
2019-04-18 12:28:52.063000,1.33923,1.33915,1000000,1000000
2019-04-18 12:28:52.180000,1.33924,1.33915,1120000,1500000
2019-04-18 12:28:52.282000,1.33924,1.33916,1000000,1500000
2019-04-18 12:28:54.173000,1.33925,1.33916,1870000,1500000
2019-04-18 12:28:55.081000,1.33924,1.33915,1000000,1500000
2019-04-18 12:28:55.184000,1.33927,1.33915,1500000,3750000
2019-04-18 12:28:55.288000,1.33928,1.33917,1500000,1000000
2019-04-18 12:28:55.389000,1.33928,1.33918,1000000,1000000
2019-04-18 12:28:55.542000,1.33929,1.33918,1000000,1500000
2019-04-18 12:28:57.871000,1.33931,1.33919,1000000,3370000
2019-04-18 12:28:58.033000,1.33931,1.33919,1000000,5000000
2019-04-18 12:28:58.135000,1.33932,1.33921,1500000,1000000
2019-04-18 12:28:58.288000,1.33929,1.33921,1000000,1000000
2019-04-18 12:28:58.737000,1.33932,1.33921,1500000,1000000
2019-04-18 12:28:58.788000,1.33932,1.33919,1000000,3000000
2019-04-18 12:28:59.241000,1.33932,1.3392,1000000,1000000
2019-04-18 12:29:00.075000,1.33932,1.33919,1120000,3750000
2019-04-18 12:29:00.176000,1.33932,1.33919,1120000,4250000
2019-04-18 12:29:00.278000,1.33931,1.3392,1000000,1120000
2019-04-18 12:29:00.708000,1.33932,1.33919,1000000,5070000
2019-04-18 12:29:00.967000,1.33932,1.33919,1000000,4950000
2019-04-18 12:29:01.123000,1.33929,1.33919,1500000,1500000
2019-04-18 12:29:01.225000,1.3393,1.33919,1000000,1120000
2019-04-18 12:29:01.327000,1.33929,1.33918,1000000,2000000
2019-04-18 12:29:01.429000,1.33929,1.33918,1000000,1120000
2019-04-18 12:29:04.070000,1.3393,1.33918,1500000,1870000
2019-04-18 12:29:05.364000,1.33929,1.33919,1000000,1000000
2019-04-18 12:29:05.810000,1.3393,1.3392,1000000,1000000
2019-04-18 12:29:05.912000,1.3393,1.33919,1000000,2620000
2019-04-18 12:29:06.251000,1.3393,1.3392,1000000,1000000
2019-04-18 12:29:06.441000,1.3393,1.33919,1000000,2250000
2019-04-18 12:29:07.824000,1.33928,1.33917,1500000,2720000
2019-04-18 12:29:07.875000,1.33931,1.33918,1000000,1570000
2019-04-18 12:29:08.019000,1.33931,1.3392,1000000,1000000
2019-04-18 12:29:11.240000,1.33928,1.33919,1500000,1000000
2019-04-18 12:29:11.291000,1.33931,1.33919,1620000,1000000
2019-04-18 12:29:11.394000,1.3393,1.3392,1000000,1000000
2019-04-18 12:29:16.365000,1.33932,1.3392,1500000,1000000
2019-04-18 12:29:17.414000,1.33933,1.33923,1500000,1000000
2019-04-18 12:29:17.516000,1.33934,1.33924,1000000,1000000
2019-04-18 12:29:17.618000,1.33934,1.33922,1500000,1000000
2019-04-18 12:29:17.669000,1.33932,1.33924,1000000,1000000
2019-04-18 12:29:17.771000,1.33932,1.33923,1000000,1000000
2019-04-18 12:29:17.923000,1.33932,1.33922,1000000,1000000
2019-04-18 12:29:21.811000,1.33932,1.33921,1000000,1050000
2019-04-18 12:29:21.914000,1.33934,1.33924,3000000,1500000
2019-04-18 12:29:22.016000,1.33937,1.33925,1000000,1120000
2019-04-18 12:29:22.067000,1.33936,1.33927,1500000,1000000
2019-04-18 12:29:22.118000,1.33938,1.33927,1000000,1000000
2019-04-18 12:29:22.322000,1.33936,1.33928,1000000,1000000
2019-04-18 12:29:22.727000,1.33937,1.33927,1000000,1500000
2019-04-18 12:29:23.714000,1.33937,1.33926,1000000,1000000
2019-04-18 12:29:24.332000,1.33935,1.33925,1000000,1000000
2019-04-18 12:29:24.536000,1.33936,1.33925,1000000,1000000
2019-04-18 12:29:24.805000,1.33934,1.33925,1000000,1000000
2019-04-18 12:29:25.815000,1.33936,1.33923,3870000,3070000
2019-04-18 12:29:25.867000,1.33932,1.33923,1000000,1000000
2019-04-18 12:29:25.918000,1.33932,1.33921,1000000,1500000
2019-04-18 12:29:26.021000,1.33933,1.33921,1000000,1120000
2019-04-18 12:29:26.492000,1.3393,1.33919,1000000,1100000
2019-04-18 12:29:26.594000,1.3393,1.33918,1000000,1500000
2019-04-18 12:29:27.218000,1.33929,1.33918,1000000,1000000
2019-04-18 12:29:27.320000,1.33929,1.33919,1000000,1000000
2019-04-18 12:29:28.329000,1.3393,1.3392,1000000,1000000
2019-04-18 12:29:29.095000,1.33933,1.33922,1120000,1000000
2019-04-18 12:29:29.146000,1.33932,1.33922,1000000,1000000
2019-04-18 12:29:29.197000,1.33933,1.33922,1120000,1000000
2019-04-18 12:29:29.330000,1.33932,1.33922,1000000,1000000
2019-04-18 12:29:29.382000,1.33933,1.33922,1120000,1000000
2019-04-18 12:29:29.927000,1.33933,1.33921,1000000,1000000
2019-04-18 12:29:30.079000,1.33935,1.33921,1120000,1000000
2019-04-18 12:29:30.198000,1.33929,1.33917,1000000,2720000
2019-04-18 12:29:30.250000,1.33931,1.33919,1500000,1000000
2019-04-18 12:29:30.302000,1.33934,1.3392,2370000,1000000
2019-04-18 12:29:30.353000,1.33934,1.33918,2370000,1000000
2019-04-18 12:29:30.455000,1.33933,1.33917,1120000,1000000
2019-04-18 12:29:30.627000,1.33927,1.33914,1000000,2250000
2019-04-18 12:29:30.781000,1.33928,1.33916,1000000,1000000
2019-04-18 12:29:32.812000,1.3393,1.33916,1120000,1000000
2019-04-18 12:29:33.075000,1.33927,1.33916,1620000,1000000
2019-04-18 12:29:33.277000,1.33928,1.33916,1000000,1000000
2019-04-18 12:29:33.328000,1.33931,1.33916,2750000,1000000
2019-04-18 12:29:33.379000,1.33928,1.33916,1000000,1000000
2019-04-18 12:29:33.672000,1.33928,1.33917,1000000,1000000
2019-04-18 12:29:33.723000,1.33932,1.33917,2450000,1000000
2019-04-18 12:29:33.775000,1.33928,1.33917,1000000,1000000
2019-04-18 12:29:34.194000,1.33933,1.33919,1100000,1000000
2019-04-18 12:29:34.296000,1.33934,1.33918,1000000,1000000
2019-04-18 12:29:34.347000,1.33932,1.33918,1000000,1000000
2019-04-18 12:29:35.423000,1.33932,1.33918,1000000,1000000
2019-04-18 12:29:35.526000,1.33937,1.33922,1870000,1000000
2019-04-18 12:29:35.577000,1.33939,1.33924,2070000,1620000
2019-04-18 12:29:35.629000,1.33941,1.33924,2320000,1620000
2019-04-18 12:29:35.731000,1.33941,1.33926,2250000,1000000
2019-04-18 12:29:36.426000,1.33941,1.33926,1890000,1000000
2019-04-18 12:29:36.541000,1.3394,1.33926,1310000,1000000
2019-04-18 12:29:36.947000,1.33941,1.33928,1000000,1000000
2019-04-18 12:29:37.049000,1.33942,1.33928,1000000,1000000
2019-04-18 12:29:37.602000,1.33942,1.33924,1000000,1100000
2019-04-18 12:29:38.956000,1.33936,1.33923,1000000,2850000
2019-04-18 12:29:39.008000,1.33937,1.33922,1000000,1600000
2019-04-18 12:29:39.059000,1.33937,1.3392,1000000,1720000
2019-04-18 12:29:39.161000,1.33935,1.3392,1000000,1220000
2019-04-18 12:29:39.326000,1.33937,1.3392,1870000,1100000
2019-04-18 12:29:40.038000,1.33937,1.3392,1500000,1200000
2019-04-18 12:29:40.090000,1.33933,1.33921,1000000,1000000
2019-04-18 12:29:40.218000,1.33933,1.33919,1000000,1570000
2019-04-18 12:29:40.372000,1.33935,1.33919,1870000,1500000
2019-04-18 12:29:40.423000,1.33933,1.33919,1000000,1000000
2019-04-18 12:29:41.486000,1.33933,1.3392,1000000,1000000
2019-04-18 12:29:41.642000,1.33936,1.3392,1620000,1000000
2019-04-18 12:29:41.936000,1.33937,1.33919,1620000,2370000
2019-04-18 12:29:42.946000,1.33938,1.33919,3600000,1700000
2019-04-18 12:29:43.481000,1.33938,1.33924,1870000,1500000
2019-04-18 12:29:43.583000,1.33943,1.33925,1100000,2620000
2019-04-18 12:29:43.634000,1.33945,1.33925,2700000,1600000
2019-04-18 12:29:43.686000,1.33946,1.33929,1600000,1000000
2019-04-18 12:29:43.788000,1.33945,1.33927,1100000,2320000
2019-04-18 12:29:43.839000,1.33937,1.33927,1000000,1000000
2019-04-18 12:29:43.891000,1.33939,1.33924,1000000,1600000
2019-04-18 12:29:43.993000,1.33939,1.33922,1000000,2070000
2019-04-18 12:29:44.095000,1.33939,1.33924,1000000,1000000
2019-04-18 12:29:44.146000,1.3394,1.33924,1000000,1950000
2019-04-18 12:29:44.198000,1.33942,1.33926,1700000,1000000
2019-04-18 12:29:44.249000,1.33945,1.33925,3600000,1120000
2019-04-18 12:29:44.300000,1.33946,1.33927,1100000,1000000
2019-04-18 12:29:44.352000,1.33946,1.33927,1100000,1000000
2019-04-18 12:29:44.556000,1.33945,1.33927,1220000,1000000
2019-04-18 12:29:44.659000,1.33945,1.33927,1570000,1100000
2019-04-18 12:29:44.763000,1.33944,1.33927,1000000,1600000
2019-04-18 12:29:44.917000,1.33946,1.33927,1000000,1600000
2019-04-18 12:29:45.020000,1.33947,1.33927,3010000,1200000
2019-04-18 12:29:45.134000,1.33945,1.33926,1310000,2850000
2019-04-18 12:29:45.185000,1.33936,1.33925,1000000,1600000
2019-04-18 12:29:45.287000,1.33936,1.33924,1620000,2100000
2019-04-18 12:29:45.452000,1.33936,1.33923,1620000,1600000
2019-04-18 12:29:45.504000,1.3394,1.33922,1000000,1120000
2019-04-18 12:29:45.606000,1.3394,1.33923,1000000,1000000
2019-04-18 12:29:45.766000,1.3394,1.33922,1000000,1870000
2019-04-18 12:29:46.020000,1.33942,1.33923,1000000,1620000
2019-04-18 12:29:46.780000,1.3394,1.33924,1000000,1120000
2019-04-18 12:29:47.066000,1.33942,1.33924,1120000,1620000
2019-04-18 12:29:47.167000,1.33942,1.33925,1120000,2470000
2019-04-18 12:29:47.340000,1.33943,1.33924,1500000,1620000
2019-04-18 12:29:47.443000,1.33942,1.33931,1000000,1000000
2019-04-18 12:29:47.546000,1.33951,1.3394,1500000,1000000
2019-04-18 12:29:47.598000,1.33955,1.3394,1500000,1000000
2019-04-18 12:29:47.650000,1.33951,1.33938,1620000,1000000
2019-04-18 12:29:47.701000,1.33954,1.33938,1500000,1000000
2019-04-18 12:29:47.834000,1.33955,1.33935,2370000,1000000
2019-04-18 12:29:47.885000,1.33948,1.33935,1000000,1000000
2019-04-18 12:29:47.936000,1.33954,1.33935,1500000,1000000
2019-04-18 12:29:47.987000,1.33954,1.33933,1000000,1500000
2019-04-18 12:29:48.191000,1.33954,1.33933,1500000,1000000
2019-04-18 12:29:48.389000,1.33945,1.33931,1000000,1500000
2019-04-18 12:29:48.441000,1.33952,1.33931,1000000,1500000
2019-04-18 12:29:48.492000,1.33949,1.33931,1000000,1000000
2019-04-18 12:29:48.650000,1.33951,1.3393,1000000,1120000
2019-04-18 12:29:48.752000,1.33951,1.3393,1000000,1000000
2019-04-18 12:29:49.231000,1.33952,1.33932,1000000,1000000
2019-04-18 12:29:49.608000,1.33953,1.3393,1000000,1500000
2019-04-18 12:29:49.861000,1.33953,1.33933,1000000,1000000
2019-04-18 12:29:50.064000,1.33955,1.3393,1000000,1000000
2019-04-18 12:29:50.201000,1.33955,1.33931,2650000,1000000
2019-04-18 12:29:50.302000,1.33951,1.33931,1000000,1000000
2019-04-18 12:29:50.353000,1.33951,1.33926,1000000,1000000
2019-04-18 12:29:50.664000,1.3395,1.33921,1000000,1400000
2019-04-18 12:29:50.715000,1.3395,1.33921,1000000,1000000
2019-04-18 12:29:50.767000,1.33951,1.33925,1000000,1000000
2019-04-18 12:29:50.869000,1.33941,1.33925,1000000,1050000
2019-04-18 12:29:50.971000,1.33933,1.33919,1000000,1400000
2019-04-18 12:29:51.023000,1.33934,1.33919,1000000,1000000
2019-04-18 12:29:51.129000,1.33936,1.33919,1500000,1000000
2019-04-18 12:29:51.180000,1.33933,1.3392,1000000,1000000
2019-04-18 12:29:51.283000,1.33932,1.33916,1000000,1000000
2019-04-18 12:29:51.387000,1.33934,1.33919,2370000,1000000
2019-04-18 12:29:51.439000,1.33934,1.33919,1120000,1000000
2019-04-18 12:29:51.541000,1.33932,1.33919,1000000,1000000
2019-04-18 12:29:51.673000,1.33934,1.33916,1500000,1120000
2019-04-18 12:29:51.775000,1.33925,1.33915,7120000,1870000
2019-04-18 12:29:51.826000,1.33935,1.33915,1500000,1870000
2019-04-18 12:29:51.877000,1.33922,1.33915,6750000,1120000
2019-04-18 12:29:51.929000,1.33933,1.33911,1620000,1000000
2019-04-18 12:29:51.980000,1.33931,1.33911,1000000,1120000
2019-04-18 12:29:52.137000,1.33929,1.33912,1000000,1000000
2019-04-18 12:29:52.261000,1.33913,1.33905,1000000,1400000
2019-04-18 12:29:52.312000,1.33919,1.33901,2000000,1900000
2019-04-18 12:29:52.363000,1.3392,1.33907,1000000,1000000
2019-04-18 12:29:52.515000,1.33925,1.33907,1000000,1000000
2019-04-18 12:29:52.617000,1.33925,1.33908,1000000,1000000
2019-04-18 12:29:52.719000,1.33925,1.33907,1000000,1000000
2019-04-18 12:29:52.816000,1.33923,1.33907,1000000,1000000
2019-04-18 12:29:52.970000,1.33924,1.33907,1000000,1000000
2019-04-18 12:29:53.072000,1.33925,1.33915,1000000,1000000
2019-04-18 12:29:53.173000,1.33925,1.33916,1000000,1000000
2019-04-18 12:29:53.275000,1.33934,1.33915,1000000,1000000
2019-04-18 12:29:53.454000,1.33933,1.3391,1000000,1000000
2019-04-18 12:29:53.505000,1.33934,1.33907,1000000,1000000
2019-04-18 12:29:54.062000,1.33934,1.33908,1000000,1000000
2019-04-18 12:29:54.398000,1.33934,1.33907,1000000,1000000
2019-04-18 12:29:54.449000,1.33929,1.33908,1000000,1000000
2019-04-18 12:29:54.552000,1.33928,1.33907,1000000,1000000
2019-04-18 12:29:54.813000,1.33929,1.33903,1500000,3120000
2019-04-18 12:29:55.018000,1.33929,1.33903,1000000,1500000
2019-04-18 12:29:55.172000,1.33929,1.33898,1000000,1500000
2019-04-18 12:29:55.433000,1.33929,1.33902,1000000,1000000
2019-04-18 12:29:55.558000,1.3393,1.33902,1000000,1000000
2019-04-18 12:29:55.884000,1.3393,1.33898,1000000,2000000
2019-04-18 12:29:56.359000,1.3393,1.33902,1000000,1000000
2019-04-18 12:29:58.128000,1.33933,1.33907,1000000,1000000
2019-04-18 12:29:58.230000,1.33934,1.33907,1000000,1000000
2019-04-18 12:29:58.281000,1.33946,1.33907,1500000,1000000
2019-04-18 12:29:58.383000,1.33945,1.33907,1000000,1000000
2019-04-18 12:29:59.550000,1.33945,1.33908,1000000,1000000
2019-04-18 12:30:00.090000,1.33943,1.33908,1000000,1000000
2019-04-18 12:30:00.211000,1.33936,1.33907,1000000,1500000
2019-04-18 12:30:00.313000,1.3393,1.339,1000000,1500000
2019-04-18 12:30:00.414000,1.33932,1.33916,1000000,1000000
2019-04-18 12:30:00.549000,1.33938,1.33928,1000000,1000000
2019-04-18 12:30:00.601000,1.33786,1.33769,750000,1000000
2019-04-18 12:30:00.657000,1.33797,1.33772,2620000,1500000
2019-04-18 12:30:00.708000,1.33804,1.33799,1000000,750000
2019-04-18 12:30:00.813000,1.33808,1.33799,1000000,1000000
2019-04-18 12:30:00.864000,1.33815,1.33803,1000000,34500000
2019-04-18 12:30:00.965000,1.33816,1.33795,1000000,48400002
2019-04-18 12:30:01.079000,1.33817,1.33802,1000000,54750000
2019-04-18 12:30:01.191000,1.33816,1.33783,1000000,1900000
2019-04-18 12:30:01.242000,1.33823,1.33793,1000000,1400000
2019-04-18 12:30:01.348000,1.3382,1.33794,1000000,1000000
2019-04-18 12:30:01.450000,1.33818,1.33793,1000000,1400000
2019-04-18 12:30:01.500000,1.3382,1.33794,1000000,1400000
2019-04-18 12:30:01.605000,1.33834,1.3381,1000000,1000000
2019-04-18 12:30:01.707000,1.3383,1.33812,1000000,1200000
2019-04-18 12:30:01.809000,1.33832,1.33816,1000000,1100000
2019-04-18 12:30:01.927000,1.33833,1.33818,1800000,1000000
2019-04-18 12:30:01.977000,1.33803,1.33778,2250000,1000000
2019-04-18 12:30:02.028000,1.33798,1.33776,1000000,1000000
2019-04-18 12:30:02.129000,1.33772,1.3375,1000000,1480000
2019-04-18 12:30:02.261000,1.33769,1.33748,2370000,1000000
2019-04-18 12:30:02.363000,1.33771,1.33759,1500000,1000000
2019-04-18 12:30:02.465000,1.3377,1.33758,1120000,1000000
2019-04-18 12:30:02.570000,1.33776,1.33758,1400000,1000000
2019-04-18 12:30:02.688000,1.33771,1.33744,1500000,1000000
2019-04-18 12:30:02.789000,1.33762,1.33743,1500000,1120000
2019-04-18 12:30:02.890000,1.33756,1.33739,1000000,1000000
2019-04-18 12:30:03.006000,1.33752,1.33737,1500000,1000000
2019-04-18 12:30:03.057000,1.33751,1.33732,1000000,1120000
2019-04-18 12:30:03.158000,1.33752,1.3373,1000000,1500000
2019-04-18 12:30:03.209000,1.33752,1.3373,1000000,1140000
2019-04-18 12:30:03.311000,1.33754,1.3373,1500000,1160000
2019-04-18 12:30:03.362000,1.33751,1.3373,1000000,1730000
2019-04-18 12:30:03.426000,1.33753,1.3373,1000000,2480000
2019-04-18 12:30:03.528000,1.33753,1.33726,1000000,1930000
2019-04-18 12:30:03.579000,1.33754,1.33747,1000000,1000000
2019-04-18 12:30:03.631000,1.33759,1.33745,1500000,1000000
2019-04-18 12:30:03.682000,1.33777,1.33764,1500000,2250000
2019-04-18 12:30:03.733000,1.33781,1.33761,1500000,1500000
2019-04-18 12:30:03.784000,1.33781,1.33772,1500000,1000000
2019-04-18 12:30:03.836000,1.33792,1.33769,1400000,1000000
2019-04-18 12:30:03.944000,1.3378,1.33768,1500000,1000000
2019-04-18 12:30:03.995000,1.3378,1.33764,2000000,1000000
2019-04-18 12:30:04.050000,1.33776,1.33751,1120000,1000000
2019-04-18 12:30:04.101000,1.33763,1.33751,1000000,1000000
2019-04-18 12:30:04.152000,1.33763,1.33738,1000000,2270000
2019-04-18 12:30:04.309000,1.33763,1.33743,1500000,1000000
2019-04-18 12:30:04.360000,1.33771,1.33744,1000000,1000000
2019-04-18 12:30:04.411000,1.33772,1.33737,1000000,1520000
2019-04-18 12:30:04.462000,1.33771,1.33742,1000000,1000000
2019-04-18 12:30:04.564000,1.33755,1.33733,1120000,1500000
2019-04-18 12:30:04.705000,1.33754,1.33729,1000000,1000000
2019-04-18 12:30:04.806000,1.33784,1.33768,15000000,1000000
2019-04-18 12:30:04.908000,1.33795,1.33781,1120000,1000000
2019-04-18 12:30:04.959000,1.33803,1.33784,1500000,2000000
2019-04-18 12:30:05.011000,1.33803,1.33783,1500000,1000000
2019-04-18 12:30:05.062000,1.33813,1.33794,1400000,1000000
2019-04-18 12:30:05.171000,1.33817,1.33791,1500000,1200000
2019-04-18 12:30:05.225000,1.33827,1.33805,2000000,1000000
2019-04-18 12:30:05.276000,1.33826,1.33805,1500000,1000000
2019-04-18 12:30:05.327000,1.33817,1.33794,1000000,1400000
2019-04-18 12:30:05.483000,1.3381,1.33785,1000000,1000000
2019-04-18 12:30:05.595000,1.338,1.33775,1000000,1500000
2019-04-18 12:30:05.697000,1.33798,1.33772,1000000,1000000
2019-04-18 12:30:05.800000,1.33784,1.33772,1000000,1000000
2019-04-18 12:30:05.851000,1.33779,1.33766,1000000,1000000
2019-04-18 12:30:05.904000,1.3378,1.33762,1000000,1000000
2019-04-18 12:30:05.977000,1.33783,1.33762,1000000,1500000
2019-04-18 12:30:06.028000,1.33781,1.33764,1000000,1000000
2019-04-18 12:30:06.079000,1.33782,1.33756,1000000,1000000
2019-04-18 12:30:06.181000,1.33784,1.33762,1000000,1120000
2019-04-18 12:30:06.283000,1.33784,1.33768,1000000,1500000
2019-04-18 12:30:06.394000,1.33783,1.33768,1000000,1000000
2019-04-18 12:30:06.445000,1.33783,1.33765,1000000,1000000
2019-04-18 12:30:06.496000,1.33784,1.3376,1000000,1500000
2019-04-18 12:30:06.547000,1.33784,1.33766,1000000,1000000
2019-04-18 12:30:06.648000,1.33783,1.33766,1000000,1000000
2019-04-18 12:30:06.699000,1.33783,1.33757,1000000,1120000
2019-04-18 12:30:06.750000,1.33783,1.33761,1000000,1500000
2019-04-18 12:30:06.866000,1.33796,1.33775,1000000,1500000
2019-04-18 12:30:06.970000,1.33796,1.33786,1000000,1000000
2019-04-18 12:30:07.022000,1.33811,1.33792,1000000,1000000
2019-04-18 12:30:07.073000,1.33817,1.33792,1000000,1000000
2019-04-18 12:30:07.124000,1.33818,1.33795,1000000,1000000
2019-04-18 12:30:07.289000,1.33818,1.33795,1000000,2750000
2019-04-18 12:30:07.341000,1.33821,1.33794,1500000,1000000
2019-04-18 12:30:07.393000,1.3382,1.3379,1000000,1000000
2019-04-18 12:30:07.495000,1.33823,1.33789,1040000,1000000
2019-04-18 12:30:07.674000,1.33821,1.33787,1500000,2030000
2019-04-18 12:30:07.827000,1.33819,1.33786,1120000,2400000
2019-04-18 12:30:07.929000,1.33819,1.33792,1000000,1500000
2019-04-18 12:30:07.980000,1.33824,1.33792,2200000,1000000
2019-04-18 12:30:08.141000,1.3382,1.33795,1600000,2250000
2019-04-18 12:30:08.300000,1.3382,1.33795,1000000,1000000
2019-04-18 12:30:08.353000,1.33821,1.33789,1120000,1500000
2019-04-18 12:30:08.404000,1.3382,1.33796,1000000,1500000
2019-04-18 12:30:08.506000,1.33836,1.33827,1000000,1000000
2019-04-18 12:30:08.627000,1.3386,1.33846,1000000,1000000
2019-04-18 12:30:08.678000,1.33866,1.33848,1000000,1000000
2019-04-18 12:30:08.733000,1.33863,1.33846,1000000,1500000
2019-04-18 12:30:08.835000,1.33853,1.33843,1500000,1000000
2019-04-18 12:30:08.957000,1.33836,1.33832,1000000,1000000
2019-04-18 12:30:09.009000,1.33842,1.33826,1500000,1000000
2019-04-18 12:30:09.061000,1.33842,1.33828,1500000,1000000
2019-04-18 12:30:09.113000,1.33848,1.3382,2270000,1000000
2019-04-18 12:30:09.165000,1.33848,1.33828,2270000,1000000
2019-04-18 12:30:09.216000,1.33848,1.33828,1870000,1000000
2019-04-18 12:30:09.268000,1.33848,1.33824,1000000,1500000
2019-04-18 12:30:09.372000,1.33836,1.33824,1000000,1000000
2019-04-18 12:30:09.429000,1.33832,1.33817,1500000,2250000
2019-04-18 12:30:09.480000,1.33831,1.33811,1000000,1000000
2019-04-18 12:30:09.531000,1.33831,1.33809,1000000,1000000
2019-04-18 12:30:09.583000,1.33831,1.33802,1000000,1500000
2019-04-18 12:30:09.790000,1.33829,1.33802,1000000,1000000
2019-04-18 12:30:09.894000,1.33833,1.33805,1500000,1000000
2019-04-18 12:30:09.995000,1.33833,1.33808,1000000,1000000
2019-04-18 12:30:10.097000,1.33832,1.33808,1000000,3000000
2019-04-18 12:30:10.206000,1.33833,1.33808,1110000,1000000
2019-04-18 12:30:10.309000,1.3383,1.33809,1500000,1000000
2019-04-18 12:30:10.362000,1.33833,1.33807,2000000,1000000
2019-04-18 12:30:10.465000,1.33834,1.33807,1000000,3000000
2019-04-18 12:30:10.517000,1.33833,1.3381,1000000,1000000
2019-04-18 12:30:10.619000,1.33837,1.33811,1400000,1000000
2019-04-18 12:30:10.721000,1.33833,1.33813,1000000,1000000
2019-04-18 12:30:10.772000,1.33837,1.33815,1000000,1000000
2019-04-18 12:30:10.823000,1.33841,1.33819,1120000,1000000
2019-04-18 12:30:10.968000,1.33843,1.3382,1950000,1000000
2019-04-18 12:30:11.069000,1.33841,1.33819,1090000,1500000
2019-04-18 12:30:11.386000,1.3384,1.33821,1000000,1000000
2019-04-18 12:30:11.546000,1.33839,1.33819,1000000,1000000
2019-04-18 12:30:11.598000,1.33843,1.33819,3120000,1500000
2019-04-18 12:30:11.649000,1.33843,1.3382,2620000,1500000
2019-04-18 12:30:11.941000,1.33845,1.3382,1500000,1500000
2019-04-18 12:30:12.161000,1.33845,1.33823,1000000,1000000
2019-04-18 12:30:12.263000,1.33851,1.33835,1000000,1000000
2019-04-18 12:30:12.376000,1.33858,1.3384,1120000,1000000
2019-04-18 12:30:12.427000,1.33862,1.33841,1000000,1000000
2019-04-18 12:30:12.580000,1.33863,1.33841,1000000,1000000
2019-04-18 12:30:12.682000,1.33862,1.33841,1000000,1000000
2019-04-18 12:30:12.802000,1.33862,1.3384,1000000,1500000
2019-04-18 12:30:13.628000,1.33862,1.33841,1000000,1000000
2019-04-18 12:30:14.056000,1.33863,1.33841,1120000,1000000
2019-04-18 12:30:14.303000,1.33863,1.3384,1120000,1000000
2019-04-18 12:30:14.496000,1.33865,1.33848,1000000,1000000
2019-04-18 12:30:14.547000,1.33868,1.33848,1000000,1000000
2019-04-18 12:30:14.751000,1.33866,1.33848,1000000,1000000
2019-04-18 12:30:14.873000,1.33866,1.33849,1000000,1000000
2019-04-18 12:30:14.974000,1.33864,1.33848,1000000,1000000
2019-04-18 12:30:15.076000,1.33866,1.33848,1000000,1000000
2019-04-18 12:30:15.127000,1.33864,1.33845,1000000,1500000
2019-04-18 12:30:15.178000,1.33861,1.33845,1000000,1000000
2019-04-18 12:30:15.284000,1.33848,1.33837,1000000,1000000
2019-04-18 12:30:15.335000,1.33844,1.33823,1000000,1500000
2019-04-18 12:30:15.386000,1.33842,1.33822,1000000,1120000
2019-04-18 12:30:15.488000,1.33839,1.33821,1000000,1000000
2019-04-18 12:30:15.590000,1.33847,1.3383,1000000,1120000
2019-04-18 12:30:15.710000,1.33857,1.33842,1000000,1700000
2019-04-18 12:30:15.812000,1.33865,1.3386,1120000,1000000
2019-04-18 12:30:15.914000,1.33883,1.3387,1500000,1500000
2019-04-18 12:30:16.016000,1.33884,1.33871,1000000,1000000
2019-04-18 12:30:16.127000,1.3389,1.33874,1500000,1000000
2019-04-18 12:30:16.279000,1.33889,1.33874,1000000,1000000
2019-04-18 12:30:16.381000,1.3389,1.33871,1000000,2250000
2019-04-18 12:30:16.688000,1.3389,1.33872,1500000,1000000
2019-04-18 12:30:16.841000,1.3389,1.33871,1000000,1000000
2019-04-18 12:30:16.998000,1.33889,1.33873,1000000,1000000
2019-04-18 12:30:17.100000,1.33894,1.33883,1000000,1000000
2019-04-18 12:30:17.152000,1.33901,1.33882,1870000,1200000
2019-04-18 12:30:17.304000,1.33904,1.33883,2250000,1000000
2019-04-18 12:30:17.406000,1.33903,1.33882,1500000,1000000
2019-04-18 12:30:17.554000,1.33897,1.33882,1000000,1000000
2019-04-18 12:30:17.606000,1.33897,1.33878,1500000,1000000
2019-04-18 12:30:17.709000,1.33894,1.33875,1000000,1500000
2019-04-18 12:30:17.760000,1.33893,1.33872,1000000,2250000
2019-04-18 12:30:17.812000,1.33893,1.33874,1000000,1000000
2019-04-18 12:30:18.006000,1.33893,1.33875,1000000,1000000
2019-04-18 12:30:18.108000,1.33894,1.33875,1000000,1000000
2019-04-18 12:30:18.465000,1.33895,1.33875,2250000,1000000
2019-04-18 12:30:18.568000,1.33893,1.33875,1000000,1000000
2019-04-18 12:30:18.671000,1.3389,1.33872,1500000,1000000
2019-04-18 12:30:18.773000,1.33889,1.33871,1000000,3500000
2019-04-18 12:30:18.824000,1.33889,1.33871,1000000,1120000
2019-04-18 12:30:18.931000,1.33891,1.33872,1000000,1000000
2019-04-18 12:30:18.983000,1.33891,1.33874,1000000,1000000
2019-04-18 12:30:19.085000,1.33892,1.33873,1500000,3120000
2019-04-18 12:30:19.187000,1.33892,1.33874,1120000,1000000
2019-04-18 12:30:19.292000,1.33891,1.33874,1000000,2370000
2019-04-18 12:30:19.394000,1.33889,1.33873,1000000,1000000
2019-04-18 12:30:19.498000,1.33888,1.33873,1000000,1000000
2019-04-18 12:30:20.124000,1.33888,1.3388,1000000,1000000
2019-04-18 12:30:20.175000,1.33895,1.33877,2250000,1620000
2019-04-18 12:30:20.343000,1.33894,1.33877,1000000,1620000
2019-04-18 12:30:20.394000,1.33881,1.33875,1000000,1620000
2019-04-18 12:30:20.445000,1.33878,1.33872,1000000,1000000
2019-04-18 12:30:20.496000,1.33881,1.33867,1400000,1000000
2019-04-18 12:30:20.598000,1.33881,1.33866,1500000,1000000
2019-04-18 12:30:20.650000,1.3388,1.33863,1000000,2620000
2019-04-18 12:30:20.701000,1.33881,1.33866,1000000,1000000
2019-04-18 12:30:20.752000,1.33883,1.33866,1000000,1000000
2019-04-18 12:30:20.857000,1.33883,1.33866,1500000,1000000
2019-04-18 12:30:20.959000,1.3387,1.33864,1000000,1500000
2019-04-18 12:30:21.010000,1.3387,1.33853,1000000,1000000
2019-04-18 12:30:21.061000,1.33872,1.33853,1000000,1000000
2019-04-18 12:30:21.163000,1.33872,1.33854,1000000,1500000
2019-04-18 12:30:21.214000,1.33874,1.33856,1000000,1000000
2019-04-18 12:30:21.365000,1.33875,1.33857,1500000,1000000
2019-04-18 12:30:21.467000,1.33874,1.33855,1500000,1000000
2019-04-18 12:30:21.569000,1.33874,1.33854,2250000,1000000
2019-04-18 12:30:21.670000,1.33871,1.33853,1000000,1500000
2019-04-18 12:30:21.822000,1.33867,1.33852,1000000,1000000
2019-04-18 12:30:21.924000,1.33868,1.33851,1000000,1000000
2019-04-18 12:30:22.026000,1.33869,1.33851,2250000,1000000
2019-04-18 12:30:22.229000,1.33868,1.33851,1000000,1000000
2019-04-18 12:30:22.431000,1.33869,1.33851,1500000,1000000
2019-04-18 12:30:22.565000,1.33868,1.33851,1000000,1000000
2019-04-18 12:30:22.831000,1.3387,1.33854,1000000,1000000
2019-04-18 12:30:22.934000,1.33871,1.33854,1000000,1500000
2019-04-18 12:30:23.036000,1.33871,1.33858,1000000,1000000
2019-04-18 12:30:23.255000,1.33871,1.33857,1000000,1000000
2019-04-18 12:30:23.364000,1.33869,1.33855,1120000,1870000
2019-04-18 12:30:23.425000,1.33868,1.33852,1000000,1500000
2019-04-18 12:30:23.476000,1.33867,1.33849,1120000,2250000
2019-04-18 12:30:23.528000,1.33856,1.33846,1000000,1120000
2019-04-18 12:30:23.579000,1.33861,1.33845,1120000,1500000
2019-04-18 12:30:23.630000,1.33858,1.33845,1120000,1000000
2019-04-18 12:30:23.732000,1.33856,1.33839,1000000,1500000
2019-04-18 12:30:23.861000,1.33857,1.33839,1500000,1000000
2019-04-18 12:30:24.179000,1.33856,1.33839,1000000,1500000
2019-04-18 12:30:24.483000,1.33854,1.33839,1500000,1000000
2019-04-18 12:30:24.586000,1.33851,1.33835,1000000,1000000
2019-04-18 12:30:27.136000,1.33847,1.33835,1000000,1000000
2019-04-18 12:30:27.187000,1.33843,1.33829,1000000,2000000
2019-04-18 12:30:27.238000,1.33843,1.33827,1000000,3370000
2019-04-18 12:30:27.289000,1.33842,1.33827,1500000,1500000
2019-04-18 12:30:27.391000,1.33837,1.33825,1000000,1000000
2019-04-18 12:30:27.464000,1.33839,1.33824,1500000,1500000
2019-04-18 12:30:27.516000,1.33838,1.3382,1120000,1000000
2019-04-18 12:30:27.871000,1.33838,1.33821,1500000,1000000
2019-04-18 12:30:28.161000,1.33839,1.3382,2750000,1500000
2019-04-18 12:30:28.314000,1.33839,1.33824,1120000,1000000
2019-04-18 12:30:28.443000,1.3384,1.33824,1500000,1000000
2019-04-18 12:30:28.800000,1.3384,1.33826,1500000,1000000
2019-04-18 12:30:28.961000,1.33844,1.33839,2750000,1000000
2019-04-18 12:30:29.012000,1.33848,1.3384,2250000,1000000
2019-04-18 12:30:29.064000,1.33852,1.33842,1000000,1000000
2019-04-18 12:30:29.234000,1.33854,1.33841,1000000,1000000
2019-04-18 12:30:29.337000,1.33858,1.33842,1120000,3120000
2019-04-18 12:30:29.449000,1.33858,1.33843,1000000,1000000
2019-04-18 12:30:29.900000,1.33859,1.33843,1000000,1000000
2019-04-18 12:30:29.955000,1.33861,1.3385,1000000,1000000
2019-04-18 12:30:30.006000,1.33865,1.33852,1000000,1000000
2019-04-18 12:30:30.058000,1.33869,1.33851,2750000,1500000
2019-04-18 12:30:30.210000,1.33868,1.3385,1500000,1000000
2019-04-18 12:30:30.309000,1.33868,1.3385,1620000,1000000
2019-04-18 12:30:30.412000,1.33862,1.33847,1000000,1620000
2019-04-18 12:30:30.515000,1.33861,1.33846,1000000,1000000
2019-04-18 12:30:30.566000,1.33861,1.33844,1000000,1500000
2019-04-18 12:30:30.668000,1.33863,1.3385,1000000,1000000
2019-04-18 12:30:30.775000,1.3387,1.33854,1000000,1000000
2019-04-18 12:30:30.878000,1.33872,1.33856,2000000,1500000
2019-04-18 12:30:30.929000,1.33872,1.33855,1870000,1000000
2019-04-18 12:30:30.980000,1.33869,1.33854,1000000,1500000
2019-04-18 12:30:31.133000,1.3387,1.33854,1000000,1500000
2019-04-18 12:30:31.298000,1.33869,1.33854,1000000,1500000
2019-04-18 12:30:31.401000,1.33869,1.33854,1000000,1120000
2019-04-18 12:30:31.504000,1.33872,1.33861,1000000,1000000
2019-04-18 12:30:31.555000,1.33876,1.33858,3120000,1000000
2019-04-18 12:30:31.688000,1.33871,1.3386,1000000,1000000
2019-04-18 12:30:31.790000,1.33872,1.33859,1000000,1500000
2019-04-18 12:30:31.943000,1.33871,1.33859,1000000,1500000
2019-04-18 12:30:32.116000,1.33872,1.33859,1000000,1500000
2019-04-18 12:30:32.549000,1.33871,1.33859,1000000,1500000
2019-04-18 12:30:32.716000,1.33871,1.33858,1000000,1000000
2019-04-18 12:30:32.767000,1.33873,1.33859,1000000,1120000
2019-04-18 12:30:32.819000,1.33874,1.33862,1000000,1000000
2019-04-18 12:30:32.870000,1.33876,1.33861,1000000,1500000
2019-04-18 12:30:32.921000,1.33874,1.33861,1000000,1000000
2019-04-18 12:30:32.972000,1.33876,1.33862,1000000,1000000
2019-04-18 12:30:33.136000,1.3388,1.33869,1500000,1000000
2019-04-18 12:30:33.240000,1.33878,1.33866,1000000,1870000
2019-04-18 12:30:33.291000,1.33878,1.33862,2250000,1000000
2019-04-18 12:30:33.342000,1.3387,1.33856,1500000,5250000
2019-04-18 12:30:33.444000,1.33864,1.33853,1000000,1000000
2019-04-18 12:30:33.575000,1.33865,1.33853,1000000,1000000
2019-04-18 12:30:33.678000,1.33867,1.33855,1000000,1500000
2019-04-18 12:30:33.729000,1.33869,1.33855,1120000,1000000
2019-04-18 12:30:33.882000,1.33869,1.33856,1000000,1500000
2019-04-18 12:30:33.934000,1.3387,1.3386,1000000,1000000
2019-04-18 12:30:33.985000,1.33875,1.3386,2000000,1000000
2019-04-18 12:30:34.036000,1.33875,1.3386,1000000,1000000
2019-04-18 12:30:34.140000,1.33877,1.33862,1120000,1000000
2019-04-18 12:30:34.243000,1.33879,1.33867,1000000,1000000
2019-04-18 12:30:34.295000,1.33881,1.33867,1000000,1500000
2019-04-18 12:30:34.398000,1.33881,1.33868,1000000,1000000
2019-04-18 12:30:34.513000,1.33882,1.33868,1000000,1000000
2019-04-18 12:30:34.617000,1.33881,1.33867,1000000,2250000
2019-04-18 12:30:34.669000,1.33883,1.3387,1500000,1000000
2019-04-18 12:30:34.772000,1.33886,1.3387,1500000,1500000
2019-04-18 12:30:34.823000,1.33887,1.33871,1000000,1000000
2019-04-18 12:30:34.875000,1.33884,1.33871,1000000,1000000
2019-04-18 12:30:35.003000,1.33869,1.33859,1000000,1000000
2019-04-18 12:30:35.112000,1.33868,1.33859,1000000,1000000
2019-04-18 12:30:35.163000,1.33864,1.33849,1000000,1000000
2019-04-18 12:30:35.316000,1.33863,1.33849,1000000,1500000
2019-04-18 12:30:35.613000,1.33862,1.33847,1000000,1000000
2019-04-18 12:30:35.665000,1.3386,1.33846,1000000,2250000
2019-04-18 12:30:35.869000,1.33857,1.33846,1000000,1000000
2019-04-18 12:30:36.005000,1.33858,1.33846,1000000,1000000
2019-04-18 12:30:36.108000,1.33857,1.33846,1000000,1000000
2019-04-18 12:30:36.210000,1.33858,1.33846,1000000,1000000
2019-04-18 12:30:36.523000,1.33858,1.33851,1000000,1000000
2019-04-18 12:30:36.676000,1.33859,1.33851,1000000,1000000
2019-04-18 12:30:37.213000,1.33858,1.33851,1000000,1000000
2019-04-18 12:30:37.315000,1.33859,1.33851,1000000,1000000
2019-04-18 12:30:37.417000,1.3386,1.33851,1000000,1000000
2019-04-18 12:30:37.554000,1.33859,1.33853,1000000,1000000
2019-04-18 12:30:37.606000,1.33862,1.33853,1000000,1000000
2019-04-18 12:30:37.760000,1.33861,1.33853,1000000,1000000
2019-04-18 12:30:37.912000,1.33862,1.33853,1000000,1000000
2019-04-18 12:30:38.121000,1.33864,1.33853,1870000,1000000
2019-04-18 12:30:38.172000,1.33864,1.33855,1500000,1000000
2019-04-18 12:30:38.274000,1.33865,1.33856,1000000,1000000
2019-04-18 12:30:38.427000,1.33864,1.33856,1000000,1000000
2019-04-18 12:30:38.880000,1.33865,1.33856,1500000,1000000
2019-04-18 12:30:38.985000,1.33866,1.33856,1000000,1000000
2019-04-18 12:30:39.580000,1.33867,1.33856,1000000,1000000
2019-04-18 12:30:39.733000,1.33867,1.33857,2250000,1000000
2019-04-18 12:30:39.858000,1.33866,1.33857,1000000,1000000
2019-04-18 12:30:40.433000,1.33864,1.33855,1000000,1000000
2019-04-18 12:30:40.535000,1.33865,1.33855,1000000,1000000
2019-04-18 12:30:40.637000,1.33866,1.33855,1000000,1000000
2019-04-18 12:30:40.831000,1.33864,1.33855,1000000,1000000
2019-04-18 12:30:40.984000,1.33865,1.33855,1500000,1000000
2019-04-18 12:30:41.087000,1.33864,1.33855,1500000,1000000
2019-04-18 12:30:41.344000,1.33864,1.33854,1000000,1000000
2019-04-18 12:30:41.446000,1.33861,1.33852,1000000,1000000
2019-04-18 12:30:41.723000,1.33859,1.33852,1000000,1000000
2019-04-18 12:30:41.994000,1.3386,1.33852,1100000,1000000
2019-04-18 12:30:42.045000,1.33857,1.33846,1000000,1220000
2019-04-18 12:30:42.147000,1.33852,1.33841,1600000,1100000
2019-04-18 12:30:42.249000,1.33851,1.33841,1800000,1000000
2019-04-18 12:30:42.385000,1.33851,1.33842,1200000,1000000
2019-04-18 12:30:42.488000,1.33856,1.33851,2250000,1000000
2019-04-18 12:30:42.591000,1.3386,1.33852,2250000,1000000
2019-04-18 12:30:42.692000,1.33862,1.33852,1000000,1000000
2019-04-18 12:30:42.859000,1.33864,1.33851,1100000,1220000
2019-04-18 12:30:42.962000,1.33864,1.33851,1100000,1200000
2019-04-18 12:30:43.114000,1.33865,1.33854,1100000,1500000
2019-04-18 12:30:43.217000,1.33866,1.33858,1950000,1120000
2019-04-18 12:30:43.330000,1.33858,1.33849,1000000,1100000
2019-04-18 12:30:43.382000,1.3386,1.33849,1200000,1000000
2019-04-18 12:30:43.434000,1.33864,1.33848,1200000,2100000
2019-04-18 12:30:43.588000,1.33865,1.3385,3600000,1000000
2019-04-18 12:30:43.692000,1.33863,1.3385,1600000,1220000
2019-04-18 12:30:43.842000,1.33863,1.3385,1200000,1100000
2019-04-18 12:30:44.098000,1.33865,1.3385,2850000,1220000
2019-04-18 12:30:44.267000,1.33866,1.33852,1220000,1200000
2019-04-18 12:30:44.471000,1.33866,1.33852,1600000,1000000
2019-04-18 12:30:44.573000,1.33867,1.33852,2850000,1600000
2019-04-18 12:30:45.131000,1.33867,1.33852,1600000,1200000
2019-04-18 12:30:45.285000,1.33867,1.33852,1600000,2100000
2019-04-18 12:30:45.613000,1.33864,1.3385,1100000,1600000
2019-04-18 12:30:45.863000,1.33868,1.33853,2850000,1220000
2019-04-18 12:30:45.965000,1.33868,1.33853,2850000,1200000
2019-04-18 12:30:46.436000,1.33865,1.33853,1000000,1200000
2019-04-18 12:30:46.823000,1.33866,1.33852,1100000,1600000
2019-04-18 12:30:46.875000,1.33865,1.3385,1220000,2100000
2019-04-18 12:30:47.257000,1.33863,1.3385,1000000,2100000
2019-04-18 12:30:47.359000,1.33864,1.3385,1100000,2100000
2019-04-18 12:30:47.461000,1.33859,1.33848,1500000,1720000
2019-04-18 12:30:47.587000,1.33862,1.33853,1000000,1000000
2019-04-18 12:30:47.639000,1.33866,1.33855,1500000,1100000
2019-04-18 12:30:47.862000,1.33866,1.33852,1100000,1600000
2019-04-18 12:30:47.965000,1.33866,1.33852,1220000,1200000
2019-04-18 12:30:48.380000,1.33866,1.33852,2100000,1000000
2019-04-18 12:30:48.976000,1.33867,1.33852,2850000,1100000
2019-04-18 12:30:49.139000,1.33867,1.33851,1600000,1570000
2019-04-18 12:30:49.521000,1.33866,1.33851,1220000,2100000
2019-04-18 12:30:49.713000,1.33867,1.33851,2100000,2100000
2019-04-18 12:30:50.425000,1.33863,1.33851,1000000,1220000
2019-04-18 12:30:50.527000,1.33864,1.33851,2850000,1000000
2019-04-18 12:30:50.668000,1.33864,1.33851,1600000,1500000
2019-04-18 12:30:50.719000,1.33865,1.33851,1220000,1600000
2019-04-18 12:30:50.821000,1.33866,1.33851,1950000,1600000
2019-04-18 12:30:51.119000,1.33866,1.33853,1220000,1600000
2019-04-18 12:30:51.654000,1.33866,1.33852,2350000,1200000
2019-04-18 12:30:51.807000,1.33866,1.33852,1600000,1000000
2019-04-18 12:30:52.011000,1.33866,1.33852,1600000,1600000
2019-04-18 12:30:53.800000,1.33866,1.33852,1600000,1200000
2019-04-18 12:30:54.669000,1.33858,1.33851,1220000,1000000
2019-04-18 12:30:54.721000,1.33861,1.33847,2100000,1870000
2019-04-18 12:30:54.773000,1.33855,1.33842,1600000,1120000
2019-04-18 12:30:55.391000,1.33853,1.33842,1100000,1000000
2019-04-18 12:30:55.661000,1.33853,1.3384,1100000,1200000
2019-04-18 12:30:56.079000,1.33853,1.3384,1100000,1120000
2019-04-18 12:30:56.130000,1.33853,1.3384,1100000,1120000
2019-04-18 12:30:56.233000,1.33853,1.3384,1100000,1000000
2019-04-18 12:30:56.487000,1.33853,1.3384,1100000,1000000
2019-04-18 12:30:56.609000,1.33848,1.33836,1600000,1500000
2019-04-18 12:30:56.661000,1.33847,1.33833,1600000,1100000
2019-04-18 12:30:56.815000,1.33847,1.33833,1600000,1000000
2019-04-18 12:30:57.322000,1.33847,1.33833,1100000,1100000
2019-04-18 12:30:57.373000,1.33842,1.33828,1870000,1600000
2019-04-18 12:30:57.475000,1.33843,1.33833,1000000,1100000
2019-04-18 12:30:57.579000,1.33846,1.33833,1100000,1000000
2019-04-18 12:30:57.682000,1.33846,1.33833,1100000,1000000
2019-04-18 12:30:57.943000,1.33837,1.33831,1000000,1970000
2019-04-18 12:30:57.994000,1.33846,1.33834,1600000,1000000
2019-04-18 12:30:58.045000,1.33846,1.33834,1200000,1000000
2019-04-18 12:30:58.147000,1.33852,1.33843,1200000,1100000
2019-04-18 12:30:58.249000,1.33859,1.3385,1100000,1000000
2019-04-18 12:30:58.353000,1.33864,1.3385,1000000,2100000
2019-04-18 12:30:58.455000,1.33866,1.33852,2320000,1600000
2019-04-18 12:30:58.607000,1.33867,1.33852,1100000,1600000
2019-04-18 12:30:58.988000,1.33867,1.33852,1500000,2100000
2019-04-18 12:30:59.090000,1.33866,1.33852,2250000,1600000
2019-04-18 12:30:59.242000,1.33866,1.33852,2320000,1600000
2019-04-18 12:30:59.664000,1.33865,1.33852,2250000,1600000
2019-04-18 12:31:00.120000,1.33867,1.33852,3450000,1600000
2019-04-18 12:31:00.171000,1.33867,1.33852,1720000,1600000
2019-04-18 12:31:00.289000,1.33867,1.33852,1600000,1600000
2019-04-18 12:31:00.393000,1.33858,1.33847,1000000,1100000
2019-04-18 12:31:00.445000,1.33861,1.33847,1600000,1100000
2019-04-18 12:31:00.548000,1.33859,1.33844,1600000,1220000
2019-04-18 12:31:00.651000,1.3386,1.33846,1600000,1100000
2019-04-18 12:31:00.761000,1.3386,1.33846,1100000,1600000
2019-04-18 12:31:00.812000,1.33845,1.33839,1000000,1500000
2019-04-18 12:31:00.864000,1.33848,1.33837,1000000,1220000
2019-04-18 12:31:00.920000,1.33847,1.33832,1200000,2850000
2019-04-18 12:31:01.023000,1.33835,1.33827,1000000,1720000
2019-04-18 12:31:01.075000,1.33839,1.33827,1500000,1600000
2019-04-18 12:31:01.365000,1.33842,1.33826,1600000,1600000
2019-04-18 12:31:01.518000,1.33826,1.33822,1000000,1120000
2019-04-18 12:31:01.716000,1.33826,1.33817,1200000,1870000
2019-04-18 12:31:01.770000,1.3382,1.33811,1000000,1720000
2019-04-18 12:31:01.873000,1.3382,1.33809,1000000,1970000
2019-04-18 12:31:02.026000,1.3382,1.33807,1000000,1970000
2019-04-18 12:31:02.136000,1.33818,1.33806,1000000,2100000
2019-04-18 12:31:02.238000,1.33818,1.33806,1000000,1600000
2019-04-18 12:31:02.649000,1.33818,1.33806,1000000,1200000
2019-04-18 12:31:02.754000,1.33817,1.33804,1000000,1970000
2019-04-18 12:31:03.601000,1.33813,1.33804,1000000,1100000
2019-04-18 12:31:03.704000,1.33808,1.33797,1000000,2100000
2019-04-18 12:31:03.755000,1.33808,1.33797,1000000,1100000
2019-04-18 12:31:03.863000,1.33809,1.33797,1000000,1100000
2019-04-18 12:31:04.001000,1.33809,1.33797,1220000,1000000
2019-04-18 12:31:04.466000,1.33815,1.33803,2850000,1000000
2019-04-18 12:31:04.517000,1.33815,1.33804,1600000,1500000
2019-04-18 12:31:04.628000,1.33816,1.33806,1200000,1000000
2019-04-18 12:31:04.774000,1.33816,1.33806,1220000,1000000
2019-04-18 12:31:05.161000,1.33815,1.33805,1200000,1000000
2019-04-18 12:31:05.684000,1.3382,1.3381,1600000,1000000
2019-04-18 12:31:05.795000,1.33823,1.3381,1600000,1500000
2019-04-18 12:31:06.353000,1.33821,1.3381,1000000,1500000
2019-04-18 12:31:06.455000,1.33823,1.33811,1600000,1000000
2019-04-18 12:31:06.507000,1.33826,1.33817,1600000,1000000
2019-04-18 12:31:06.558000,1.33827,1.33815,1600000,1100000
2019-04-18 12:31:06.660000,1.33827,1.33814,1200000,2720000
2019-04-18 12:31:07.131000,1.33828,1.33815,1600000,1100000
2019-04-18 12:31:07.245000,1.33828,1.33814,1600000,2720000
2019-04-18 12:31:07.297000,1.33829,1.33816,1200000,2720000
2019-04-18 12:31:07.401000,1.3383,1.33817,1200000,3470000
2019-04-18 12:31:08.229000,1.3383,1.33817,1220000,2720000
2019-04-18 12:31:08.331000,1.33835,1.33822,1600000,1500000
2019-04-18 12:31:08.433000,1.33835,1.33824,1000000,1220000
2019-04-18 12:31:08.585000,1.33835,1.33824,1000000,1220000
2019-04-18 12:31:08.703000,1.33832,1.3382,1000000,2850000
2019-04-18 12:31:08.755000,1.33832,1.3382,1200000,1000000
2019-04-18 12:31:08.858000,1.33829,1.33816,1000000,2100000
2019-04-18 12:31:08.961000,1.33829,1.33817,1000000,1100000
2019-04-18 12:31:09.115000,1.33829,1.33817,1000000,1970000
2019-04-18 12:31:09.220000,1.3383,1.33817,1000000,4350000
2019-04-18 12:31:09.322000,1.33831,1.33818,1000000,1220000
2019-04-18 12:31:09.730000,1.33836,1.33823,2470000,1000000
2019-04-18 12:31:09.834000,1.33837,1.33824,1000000,1970000
2019-04-18 12:31:09.937000,1.33837,1.33824,1000000,1600000
2019-04-18 12:31:10.146000,1.33837,1.33824,1600000,1000000
2019-04-18 12:31:10.198000,1.33832,1.33819,1000000,1970000
2019-04-18 12:31:10.352000,1.33832,1.33819,1220000,1220000
2019-04-18 12:31:10.505000,1.33831,1.33818,1600000,1100000
2019-04-18 12:31:10.856000,1.33829,1.33817,1000000,1970000
2019-04-18 12:31:11.013000,1.33828,1.33814,1000000,2100000
2019-04-18 12:31:11.064000,1.33828,1.33814,1600000,1570000
2019-04-18 12:31:11.300000,1.33829,1.33816,1600000,1000000
2019-04-18 12:31:11.402000,1.33829,1.33816,1100000,1570000
2019-04-18 12:31:11.504000,1.33829,1.33815,1220000,1570000
2019-04-18 12:31:11.760000,1.33829,1.33815,1600000,1570000
2019-04-18 12:31:11.862000,1.33829,1.33816,1600000,1000000
2019-04-18 12:31:12.177000,1.33829,1.33815,1600000,1570000
2019-04-18 12:31:12.279000,1.33828,1.33816,1600000,1000000
2019-04-18 12:31:12.640000,1.33828,1.33816,1200000,1000000
2019-04-18 12:31:13.324000,1.33827,1.33815,1000000,1100000
2019-04-18 12:31:13.375000,1.33825,1.33814,1000000,1100000
2019-04-18 12:31:13.478000,1.33825,1.33814,1100000,1000000
2019-04-18 12:31:13.632000,1.33826,1.33816,1200000,1000000
2019-04-18 12:31:13.786000,1.33826,1.33816,1600000,1000000
2019-04-18 12:31:13.889000,1.33826,1.33816,1200000,1000000
2019-04-18 12:31:13.992000,1.33826,1.33815,1220000,1000000
2019-04-18 12:31:14.044000,1.33826,1.33814,1220000,2070000
2019-04-18 12:31:14.147000,1.33829,1.33817,2100000,1000000
2019-04-18 12:31:14.198000,1.33829,1.33817,2100000,1500000
2019-04-18 12:31:14.300000,1.33827,1.33815,1100000,1500000
2019-04-18 12:31:14.415000,1.33823,1.33813,1220000,1120000
2019-04-18 12:31:14.609000,1.33825,1.33813,1600000,1950000
2019-04-18 12:31:15.095000,1.33825,1.33813,1200000,1000000
2019-04-18 12:31:15.861000,1.33824,1.33812,1000000,1570000
2019-04-18 12:31:15.913000,1.33821,1.33809,1600000,2620000
2019-04-18 12:31:16.015000,1.33823,1.33813,1600000,1000000
2019-04-18 12:31:16.118000,1.33824,1.33815,1600000,1000000
2019-04-18 12:31:16.220000,1.33827,1.33815,1600000,1500000
2019-04-18 12:31:16.271000,1.3383,1.33821,1000000,1120000
2019-04-18 12:31:16.391000,1.33834,1.33823,1600000,3750000
2019-04-18 12:31:16.493000,1.33835,1.33823,1220000,1200000
2019-04-18 12:31:16.646000,1.33835,1.33824,1220000,1000000
2019-04-18 12:31:16.748000,1.33835,1.33823,1220000,1500000
2019-04-18 12:31:16.892000,1.33838,1.33826,1600000,1000000
2019-04-18 12:31:16.995000,1.33839,1.33826,1600000,1000000
2019-04-18 12:31:17.203000,1.33839,1.33825,1600000,1500000
2019-04-18 12:31:17.338000,1.33839,1.33826,2100000,1120000
2019-04-18 12:31:17.579000,1.33838,1.33828,1600000,1000000
2019-04-18 12:31:17.681000,1.33838,1.33828,1200000,1000000
2019-04-18 12:31:17.783000,1.33838,1.33828,1220000,1000000
2019-04-18 12:31:17.984000,1.33838,1.33828,1200000,1000000
2019-04-18 12:31:18.139000,1.33838,1.33826,1220000,1000000
2019-04-18 12:31:18.275000,1.33837,1.33825,1100000,1000000
2019-04-18 12:31:18.326000,1.33832,1.33824,1000000,1100000
2019-04-18 12:31:18.429000,1.3383,1.3382,1000000,1500000
2019-04-18 12:31:18.531000,1.33829,1.33818,1220000,1000000
2019-04-18 12:31:18.637000,1.3383,1.33818,2100000,1000000
2019-04-18 12:31:18.791000,1.33831,1.33819,1220000,1000000
2019-04-18 12:31:19.621000,1.3383,1.33818,1200000,1000000
2019-04-18 12:31:20.057000,1.3383,1.33818,1220000,1000000
2019-04-18 12:31:20.480000,1.33829,1.33818,1220000,1000000
2019-04-18 12:31:20.584000,1.33829,1.33818,1200000,1000000
2019-04-18 12:31:20.687000,1.33829,1.33818,1600000,1000000
2019-04-18 12:31:20.804000,1.33829,1.33818,1100000,1000000
2019-04-18 12:31:21.055000,1.3383,1.33818,1200000,1000000
2019-04-18 12:31:21.430000,1.33829,1.33817,1200000,1970000
2019-04-18 12:31:21.534000,1.33831,1.33821,1000000,1000000
2019-04-18 12:31:22.129000,1.33831,1.33822,1000000,1000000
2019-04-18 12:31:22.742000,1.33836,1.33827,1720000,2000000
2019-04-18 12:31:22.793000,1.33838,1.33828,3130000,1000000
2019-04-18 12:31:22.844000,1.33841,1.33831,1600000,1000000
2019-04-18 12:31:22.895000,1.33841,1.33831,1000000,1500000
2019-04-18 12:31:23.243000,1.33844,1.33837,1000000,1000000
2019-04-18 12:31:23.294000,1.33848,1.33838,1100000,1000000
2019-04-18 12:31:23.447000,1.33849,1.33838,1000000,1000000
2019-04-18 12:31:23.548000,1.3385,1.33838,1600000,1500000
2019-04-18 12:31:23.600000,1.3385,1.3384,1600000,1000000
2019-04-18 12:31:23.651000,1.3385,1.3384,1000000,1000000
2019-04-18 12:31:23.752000,1.33852,1.3384,1100000,2250000
2019-04-18 12:31:23.902000,1.33853,1.33841,1100000,1120000
2019-04-18 12:31:24.005000,1.33857,1.33845,1600000,1120000
2019-04-18 12:31:24.107000,1.33853,1.33842,1000000,1600000
2019-04-18 12:31:24.311000,1.33854,1.33844,1000000,1000000
2019-04-18 12:31:25.566000,1.33859,1.33848,1600000,1000000
2019-04-18 12:31:25.668000,1.3386,1.3385,1200000,1000000
2019-04-18 12:31:26.702000,1.33861,1.33849,1000000,1570000
2019-04-18 12:31:26.754000,1.33858,1.33846,1500000,2850000
2019-04-18 12:31:26.891000,1.33858,1.33846,1000000,1950000
2019-04-18 12:31:26.943000,1.33856,1.33843,1000000,1600000
2019-04-18 12:31:27.045000,1.33856,1.33843,1100000,1200000
2019-04-18 12:31:27.096000,1.33859,1.33848,1600000,2250000
2019-04-18 12:31:27.199000,1.33863,1.3385,1600000,1950000
2019-04-18 12:31:27.649000,1.33861,1.33848,1220000,2850000
2019-04-18 12:31:27.980000,1.33861,1.33849,1120000,1200000
2019-04-18 12:31:28.031000,1.33861,1.33851,1000000,1000000
2019-04-18 12:31:28.176000,1.33859,1.33846,1000000,2100000
2019-04-18 12:31:28.317000,1.33859,1.33846,1100000,1600000
2019-04-18 12:31:28.418000,1.33859,1.33846,1220000,1600000
2019-04-18 12:31:28.787000,1.33858,1.33845,1000000,1970000
2019-04-18 12:31:28.936000,1.33858,1.33847,1000000,1000000
2019-04-18 12:31:29.405000,1.33858,1.33846,1000000,1100000
2019-04-18 12:31:30.428000,1.33856,1.33843,1000000,1600000
2019-04-18 12:31:30.530000,1.3386,1.33856,3870000,1000000
2019-04-18 12:31:30.638000,1.33868,1.33861,1620000,1000000
2019-04-18 12:31:30.690000,1.33871,1.33861,1000000,1000000
2019-04-18 12:31:31.410000,1.3387,1.33858,1500000,2850000
2019-04-18 12:31:31.462000,1.3387,1.33858,1100000,1000000
2019-04-18 12:31:31.564000,1.33871,1.33858,1000000,2850000
2019-04-18 12:31:31.667000,1.33872,1.33864,1100000,1500000
2019-04-18 12:31:31.794000,1.33875,1.33868,1000000,1000000
2019-04-18 12:31:31.896000,1.33876,1.33871,1000000,4200000
2019-04-18 12:31:31.948000,1.33884,1.33871,1600000,1950000
2019-04-18 12:31:32,1.33884,1.33871,1100000,1200000
2019-04-18 12:31:32.789000,1.33884,1.33871,1200000,1600000
2019-04-18 12:31:33.351000,1.33881,1.3387,1000000,1220000
2019-04-18 12:31:33.608000,1.33881,1.33871,1000000,1600000
2019-04-18 12:31:33.773000,1.33878,1.3387,1000000,1100000
2019-04-18 12:31:33.826000,1.33878,1.33866,1000000,1200000
2019-04-18 12:31:33.928000,1.33875,1.33865,1000000,1500000
2019-04-18 12:31:34.030000,1.33875,1.33865,1000000,1970000
2019-04-18 12:31:34.144000,1.33875,1.33865,1000000,1950000
2019-04-18 12:31:34.834000,1.33878,1.33866,1950000,1000000
2019-04-18 12:31:34.887000,1.33885,1.33873,1600000,1000000
2019-04-18 12:31:34.989000,1.33885,1.33873,1000000,1200000
2019-04-18 12:31:35.921000,1.33884,1.33873,1000000,1570000
2019-04-18 12:31:36.023000,1.33885,1.33873,1000000,1200000
2019-04-18 12:31:36.991000,1.33885,1.33873,1000000,1700000
2019-04-18 12:31:37.094000,1.33885,1.33873,1000000,1570000
2019-04-18 12:31:37.932000,1.33867,1.33857,1000000,1870000
2019-04-18 12:31:38.034000,1.33862,1.33852,1000000,1870000
2019-04-18 12:31:38.177000,1.33859,1.33848,1570000,1570000
2019-04-18 12:31:38.229000,1.33857,1.33846,1000000,1100000
2019-04-18 12:31:38.333000,1.33852,1.33843,1000000,2100000
2019-04-18 12:31:38.440000,1.33852,1.33843,1000000,1500000
2019-04-18 12:31:38.546000,1.33846,1.33839,1000000,1100000
2019-04-18 12:31:38.597000,1.33846,1.33837,1000000,1000000
2019-04-18 12:31:38.699000,1.33845,1.33834,1000000,1700000
2019-04-18 12:31:38.854000,1.33845,1.33834,1100000,1000000
2019-04-18 12:31:38.905000,1.33843,1.33833,1000000,1500000
2019-04-18 12:31:39.006000,1.33843,1.33833,1000000,1620000
2019-04-18 12:31:39.261000,1.33843,1.33831,1200000,1620000
2019-04-18 12:31:39.398000,1.33843,1.33831,1200000,1120000
2019-04-18 12:31:39.639000,1.33842,1.33831,1000000,1120000
2019-04-18 12:31:40.070000,1.33842,1.33831,1000000,1100000
2019-04-18 12:31:40.223000,1.33842,1.3383,1000000,1700000
2019-04-18 12:31:40.274000,1.3384,1.33831,1000000,1100000
2019-04-18 12:31:40.428000,1.3384,1.33829,1000000,2070000
2019-04-18 12:31:40.530000,1.33841,1.33831,1000000,1570000
2019-04-18 12:31:40.641000,1.33842,1.33832,1000000,1000000
2019-04-18 12:31:40.743000,1.33842,1.33832,1000000,1620000
2019-04-18 12:31:41.329000,1.33842,1.33832,1000000,1120000
2019-04-18 12:31:41.606000,1.33844,1.33832,1100000,1000000
2019-04-18 12:31:41.723000,1.33844,1.33833,1200000,1100000
2019-04-18 12:31:41.927000,1.33845,1.33833,1000000,1100000
2019-04-18 12:31:42.511000,1.3385,1.33845,1600000,1000000
2019-04-18 12:31:42.562000,1.33851,1.33843,1970000,2250000
2019-04-18 12:31:42.665000,1.33855,1.33849,1200000,1000000
2019-04-18 12:31:42.717000,1.33859,1.33849,3220000,1000000
2019-04-18 12:31:42.847000,1.3386,1.33848,1100000,1500000
2019-04-18 12:31:42.949000,1.3386,1.33848,1200000,1620000
2019-04-18 12:31:43.051000,1.33858,1.33848,1000000,1600000
2019-04-18 12:31:43.153000,1.33857,1.33846,1970000,1000000
2019-04-18 12:31:43.305000,1.33859,1.33848,1600000,1000000
2019-04-18 12:31:43.357000,1.33859,1.33849,1220000,1120000
2019-04-18 12:31:43.408000,1.33858,1.33847,1000000,1100000
2019-04-18 12:31:43.561000,1.33858,1.33846,1220000,2820000
2019-04-18 12:31:43.822000,1.33858,1.33849,1100000,1500000
2019-04-18 12:31:44.129000,1.3386,1.33848,1000000,2450000
2019-04-18 12:31:44.540000,1.3386,1.33848,1000000,3600000
2019-04-18 12:31:44.687000,1.3386,1.33849,1000000,1100000
2019-04-18 12:31:44.909000,1.33859,1.33849,1000000,1100000
2019-04-18 12:31:45.011000,1.3386,1.33849,1000000,1100000
2019-04-18 12:31:46.334000,1.33859,1.33849,1000000,1100000
2019-04-18 12:31:47.815000,1.33858,1.33846,1000000,1600000
2019-04-18 12:31:48.247000,1.33854,1.33846,1000000,1200000
2019-04-18 12:31:48.405000,1.33859,1.33846,2850000,1870000
2019-04-18 12:31:48.456000,1.3386,1.33847,1100000,1570000
2019-04-18 12:31:48.741000,1.3386,1.33847,1100000,2070000
2019-04-18 12:31:48.947000,1.3386,1.33849,1100000,1000000
2019-04-18 12:31:48.998000,1.33857,1.33849,1000000,1000000
2019-04-18 12:31:49.259000,1.33857,1.33853,1000000,1000000
2019-04-18 12:31:49.362000,1.33857,1.33847,1000000,1700000
2019-04-18 12:31:49.465000,1.33855,1.33846,1000000,1000000
2019-04-18 12:31:49.516000,1.33857,1.33845,1500000,2450000
2019-04-18 12:31:49.972000,1.33857,1.33846,1000000,1000000
2019-04-18 12:31:50.074000,1.33857,1.33846,1000000,1000000
2019-04-18 12:31:50.317000,1.33857,1.33845,1000000,1570000
2019-04-18 12:31:50.430000,1.33856,1.33844,1000000,1700000
2019-04-18 12:31:50.805000,1.33856,1.33844,1100000,1120000
2019-04-18 12:31:51.409000,1.33855,1.33844,1000000,1120000
2019-04-18 12:31:51.566000,1.33853,1.33842,1500000,1100000
2019-04-18 12:31:51.680000,1.33852,1.33842,1000000,1100000
2019-04-18 12:31:51.784000,1.33846,1.33841,1000000,1100000
2019-04-18 12:31:51.836000,1.33845,1.33839,1000000,1600000
2019-04-18 12:31:51.937000,1.33845,1.33839,1000000,1000000
2019-04-18 12:31:52.069000,1.33844,1.33832,1500000,1700000
2019-04-18 12:31:52.171000,1.33844,1.33832,1500000,1570000
2019-04-18 12:31:53.211000,1.33845,1.33835,1100000,1000000
2019-04-18 12:31:53.313000,1.33844,1.33833,1000000,1600000
2019-04-18 12:31:53.632000,1.33844,1.33833,1000000,1100000
2019-04-18 12:31:53.755000,1.33844,1.33834,1000000,1000000
2019-04-18 12:31:54.379000,1.33848,1.33837,1600000,1000000
2019-04-18 12:31:54.481000,1.33848,1.33839,1000000,1000000
2019-04-18 12:31:54.606000,1.33848,1.33838,1000000,1570000
2019-04-18 12:31:54.795000,1.33848,1.33839,1000000,1000000
2019-04-18 12:31:55.347000,1.33848,1.33838,1000000,1950000
2019-04-18 12:31:56.193000,1.33849,1.33838,1000000,2320000
2019-04-18 12:31:56.296000,1.3385,1.33839,1100000,2700000
2019-04-18 12:31:56.472000,1.3385,1.33839,1000000,2850000
2019-04-18 12:31:57.982000,1.33849,1.33838,1000000,2720000
2019-04-18 12:31:58.084000,1.33848,1.33838,1000000,2700000
2019-04-18 12:31:58.347000,1.33848,1.33839,1000000,1100000
2019-04-18 12:31:59.286000,1.33849,1.33838,1000000,1970000
2019-04-18 12:32:00.411000,1.33845,1.33839,1000000,2700000
2019-04-18 12:32:00.463000,1.33848,1.33836,1950000,4500000
2019-04-18 12:32:00.599000,1.33848,1.33839,1000000,1000000
2019-04-18 12:32:00.803000,1.33848,1.33838,1000000,1100000
2019-04-18 12:32:01.595000,1.33849,1.33839,1120000,1000000
2019-04-18 12:32:01.935000,1.3385,1.33839,1500000,1000000
2019-04-18 12:32:02.037000,1.3385,1.33839,1500000,2850000
2019-04-18 12:32:02.190000,1.3385,1.33839,1500000,1000000
2019-04-18 12:32:02.388000,1.3385,1.33839,1500000,1970000
2019-04-18 12:32:04.222000,1.3385,1.33841,1000000,1000000
2019-04-18 12:32:04.324000,1.3385,1.3384,1000000,1000000
2019-04-18 12:32:04.650000,1.3385,1.33841,1000000,1000000
2019-04-18 12:32:06.271000,1.33854,1.33848,1720000,1000000
2019-04-18 12:32:06.322000,1.33858,1.33849,1220000,1000000
2019-04-18 12:32:06.424000,1.3386,1.33848,1100000,1000000
2019-04-18 12:32:06.579000,1.3386,1.33848,1100000,1100000
2019-04-18 12:32:07.908000,1.3386,1.33848,1000000,1200000
2019-04-18 12:32:07.960000,1.33861,1.33849,1100000,2000000
2019-04-18 12:32:08.011000,1.33861,1.33848,1100000,2700000
2019-04-18 12:32:08.113000,1.33861,1.33849,1000000,1200000
2019-04-18 12:32:09.174000,1.3386,1.33848,1000000,2470000
2019-04-18 12:32:10.082000,1.33861,1.33848,1500000,2100000
2019-04-18 12:32:10.646000,1.33863,1.33856,1000000,1000000
2019-04-18 12:32:10.748000,1.33863,1.33858,1000000,1000000
2019-04-18 12:32:10.850000,1.33864,1.33858,1000000,1000000
2019-04-18 12:32:10.952000,1.33864,1.33856,1000000,1000000
2019-04-18 12:32:11.215000,1.33864,1.33854,1500000,1950000
2019-04-18 12:32:11.286000,1.33862,1.33854,1000000,1950000
2019-04-18 12:32:11.388000,1.33861,1.33849,1500000,1600000
2019-04-18 12:32:11.439000,1.33861,1.33849,1500000,1220000
2019-04-18 12:32:12.534000,1.33861,1.33849,1500000,1100000
2019-04-18 12:32:12.636000,1.33861,1.33849,1500000,1220000
2019-04-18 12:32:12.738000,1.33859,1.33849,1000000,1000000
2019-04-18 12:32:13.049000,1.33861,1.33854,1000000,1000000
2019-04-18 12:32:13.100000,1.33867,1.33855,1700000,1720000
2019-04-18 12:32:13.252000,1.33867,1.33855,1000000,1720000
2019-04-18 12:32:13.354000,1.33868,1.33858,1000000,1100000
2019-04-18 12:32:13.557000,1.33869,1.33858,1000000,1570000
2019-04-18 12:32:13.696000,1.33869,1.33858,1000000,2100000
2019-04-18 12:32:13.861000,1.33869,1.33858,1000000,1570000
2019-04-18 12:32:14.010000,1.3387,1.33858,1000000,1570000
2019-04-18 12:32:14.567000,1.33869,1.33858,1000000,1570000
2019-04-18 12:32:14.670000,1.33873,1.33865,1600000,1000000
2019-04-18 12:32:14.722000,1.33875,1.33864,1220000,1500000
2019-04-18 12:32:14.826000,1.33875,1.33865,1000000,3120000
2019-04-18 12:32:14.933000,1.33877,1.33867,1000000,1000000
2019-04-18 12:32:15.034000,1.33878,1.33868,1000000,1570000
2019-04-18 12:32:15.289000,1.33879,1.33868,1000000,1870000
2019-04-18 12:32:15.340000,1.33877,1.33868,1000000,1000000
2019-04-18 12:32:15.505000,1.33878,1.33868,1000000,1000000
2019-04-18 12:32:16.901000,1.33878,1.33867,1000000,1000000
2019-04-18 12:32:17.002000,1.33878,1.33867,1000000,1100000
2019-04-18 12:32:17.573000,1.33876,1.33867,1000000,1000000
2019-04-18 12:32:17.676000,1.33869,1.33859,1500000,1720000
2019-04-18 12:32:17.728000,1.33865,1.33855,1000000,1600000
2019-04-18 12:32:17.780000,1.33863,1.33855,1000000,1100000
2019-04-18 12:32:17.934000,1.33861,1.33853,1000000,1000000
2019-04-18 12:32:18.036000,1.33865,1.33854,1600000,1000000
2019-04-18 12:32:18.195000,1.33866,1.33855,1000000,1000000
2019-04-18 12:32:18.622000,1.33866,1.33854,1500000,1570000
2019-04-18 12:32:18.673000,1.33863,1.33854,1000000,1100000
2019-04-18 12:32:18.821000,1.33866,1.33855,1000000,1970000
2019-04-18 12:32:18.974000,1.33866,1.33855,1000000,1570000
2019-04-18 12:32:19.076000,1.33867,1.33855,1000000,4320000
2019-04-18 12:32:19.178000,1.33868,1.33857,1120000,1500000
2019-04-18 12:32:19.464000,1.33871,1.33859,1600000,1870000
2019-04-18 12:32:19.625000,1.33872,1.33862,2100000,1000000
2019-04-18 12:32:19.678000,1.33872,1.33862,1000000,1100000
2019-04-18 12:32:19.781000,1.33872,1.3386,1120000,1570000
2019-04-18 12:32:19.916000,1.33872,1.33861,1120000,1100000
2019-04-18 12:32:20.170000,1.33872,1.33862,1120000,1000000
2019-04-18 12:32:20.272000,1.33872,1.3386,1000000,2820000
2019-04-18 12:32:20.323000,1.33876,1.33865,1600000,1000000
2019-04-18 12:32:20.425000,1.33878,1.33868,1600000,1000000
2019-04-18 12:32:20.541000,1.33879,1.33868,1600000,1500000
2019-04-18 12:32:20.642000,1.33879,1.33868,1000000,1500000
2019-04-18 12:32:20.745000,1.33879,1.33868,1000000,2100000
2019-04-18 12:32:20.796000,1.33881,1.33873,1000000,1000000
2019-04-18 12:32:20.847000,1.33883,1.33873,1100000,1000000
2019-04-18 12:32:20.899000,1.33886,1.33876,1220000,1000000
2019-04-18 12:32:21.026000,1.33888,1.33876,1950000,1500000
2019-04-18 12:32:21.594000,1.33884,1.33873,1000000,2100000
2019-04-18 12:32:21.697000,1.33884,1.33871,1620000,1600000
2019-04-18 12:32:21.799000,1.33883,1.33871,1200000,1000000
2019-04-18 12:32:22.176000,1.33883,1.33869,3600000,2450000
2019-04-18 12:32:22.279000,1.33883,1.33869,3970000,2250000
2019-04-18 12:32:22.381000,1.33883,1.33869,3970000,2250000
2019-04-18 12:32:22.484000,1.33878,1.33867,1000000,2100000
2019-04-18 12:32:22.628000,1.33876,1.33865,1000000,1100000
2019-04-18 12:32:22.732000,1.33876,1.33864,2370000,2350000
2019-04-18 12:32:23.161000,1.33875,1.33864,1000000,1570000
2019-04-18 12:32:23.652000,1.33873,1.33864,1000000,1100000
2019-04-18 12:32:25.158000,1.33873,1.33862,1220000,1000000
2019-04-18 12:32:25.261000,1.33873,1.33862,1200000,1000000
2019-04-18 12:32:25.443000,1.33871,1.33862,1000000,1000000
2019-04-18 12:32:25.557000,1.33871,1.3386,1000000,1100000
2019-04-18 12:32:25.938000,1.33874,1.33861,1600000,1500000
2019-04-18 12:32:26.040000,1.33874,1.33862,1570000,1120000
2019-04-18 12:32:26.142000,1.33874,1.33862,1570000,1500000
2019-04-18 12:32:26.324000,1.33874,1.33862,1100000,1120000
2019-04-18 12:32:26.467000,1.33875,1.33863,1600000,1100000
2019-04-18 12:32:26.712000,1.33875,1.33864,1600000,1000000
2019-04-18 12:32:26.815000,1.33879,1.33868,2850000,1000000
2019-04-18 12:32:26.866000,1.33879,1.33868,2100000,1000000
2019-04-18 12:32:26.917000,1.33879,1.33868,1500000,1200000
2019-04-18 12:32:27.019000,1.3388,1.33868,1500000,2350000
2019-04-18 12:32:27.201000,1.33878,1.33866,1000000,2100000
2019-04-18 12:32:27.303000,1.33877,1.33865,1000000,1200000
2019-04-18 12:32:27.404000,1.33877,1.33865,1000000,1100000
2019-04-18 12:32:27.573000,1.33877,1.33866,1000000,1700000
2019-04-18 12:32:27.676000,1.33876,1.33867,1000000,1100000
2019-04-18 12:32:27.829000,1.33877,1.33865,1000000,1600000
2019-04-18 12:32:27.962000,1.33877,1.33865,1000000,1600000
2019-04-18 12:32:28.013000,1.33877,1.33864,1000000,1720000
2019-04-18 12:32:28.174000,1.33876,1.33865,1000000,1100000
2019-04-18 12:32:28.328000,1.33876,1.33864,1000000,1600000
2019-04-18 12:32:29.036000,1.33876,1.33864,1870000,1200000
2019-04-18 12:32:29.303000,1.33875,1.33864,1100000,1000000
2019-04-18 12:32:30.329000,1.33875,1.33862,1100000,2820000
2019-04-18 12:32:30.544000,1.33873,1.33861,1000000,2070000
2019-04-18 12:32:30.646000,1.33871,1.33859,1000000,1720000
2019-04-18 12:32:30.747000,1.33871,1.33859,1500000,1200000
2019-04-18 12:32:30.849000,1.33871,1.33859,1970000,1500000
2019-04-18 12:32:31.174000,1.33871,1.33859,1500000,1700000
2019-04-18 12:32:31.624000,1.33869,1.33856,1000000,1720000
2019-04-18 12:32:31.743000,1.33869,1.33857,1000000,1720000
2019-04-18 12:32:32.095000,1.33869,1.33858,1000000,1100000
2019-04-18 12:32:32.632000,1.33869,1.33858,1000000,1600000
2019-04-18 12:32:32.734000,1.33869,1.33858,1000000,1570000
2019-04-18 12:32:33.593000,1.33869,1.33858,1000000,1700000
2019-04-18 12:32:33.728000,1.3387,1.33858,1000000,1700000
2019-04-18 12:32:34.069000,1.33871,1.33859,1570000,1120000
2019-04-18 12:32:34.431000,1.33871,1.33859,1570000,1600000
2019-04-18 12:32:34.932000,1.33871,1.33859,1500000,1200000
2019-04-18 12:32:35.753000,1.33869,1.33859,1000000,1100000
2019-04-18 12:32:36.413000,1.33869,1.33857,1000000,1220000
2019-04-18 12:32:37.897000,1.3387,1.33857,2620000,1970000
2019-04-18 12:32:38.131000,1.33871,1.33859,1570000,1000000
2019-04-18 12:32:38.284000,1.33871,1.33859,1000000,3220000
2019-04-18 12:32:38.525000,1.33873,1.3386,1500000,1100000
2019-04-18 12:32:38.699000,1.33873,1.3386,2250000,1100000
2019-04-18 12:32:39.731000,1.33873,1.3386,1500000,1600000
2019-04-18 12:32:40.112000,1.3387,1.3386,1000000,1100000
2019-04-18 12:32:40.260000,1.33866,1.33857,1000000,1720000
2019-04-18 12:32:40.362000,1.3387,1.33857,1120000,1600000
2019-04-18 12:32:40.566000,1.3387,1.33857,1120000,1720000
2019-04-18 12:32:41.032000,1.3387,1.33857,1120000,1220000
2019-04-18 12:32:41.134000,1.33869,1.33857,1000000,1720000
2019-04-18 12:32:41.236000,1.33869,1.33858,1000000,1100000
2019-04-18 12:32:41.388000,1.33869,1.33857,1000000,1600000
2019-04-18 12:32:42.161000,1.3387,1.33857,1500000,1720000
2019-04-18 12:32:42.667000,1.33866,1.33858,1500000,1100000
2019-04-18 12:32:42.781000,1.33867,1.33856,1000000,1600000
2019-04-18 12:32:43.035000,1.33869,1.33856,2250000,1720000
2019-04-18 12:32:43.998000,1.33868,1.33857,1000000,1600000
2019-04-18 12:32:44.810000,1.33869,1.33859,1000000,1100000
2019-04-18 12:32:44.861000,1.3387,1.33859,1000000,1600000
2019-04-18 12:32:44.963000,1.33871,1.33857,2320000,2470000
2019-04-18 12:32:45.114000,1.33871,1.33857,1500000,2850000
2019-04-18 12:32:46.024000,1.3387,1.33857,1000000,1600000
2019-04-18 12:32:46.125000,1.3387,1.33857,1000000,1600000
2019-04-18 12:32:46.554000,1.3387,1.33858,1000000,1220000
2019-04-18 12:32:47.090000,1.3387,1.33858,1000000,1200000
2019-04-18 12:32:47.735000,1.3387,1.33858,1000000,1220000
2019-04-18 12:32:47.996000,1.33871,1.33857,2250000,2470000
2019-04-18 12:32:49,1.33869,1.33857,1000000,2470000
2019-04-18 12:32:51.872000,1.3387,1.33857,1000000,2470000
2019-04-18 12:32:52.206000,1.33871,1.33857,2250000,2470000
2019-04-18 12:32:54.972000,1.3387,1.33857,1000000,2470000
2019-04-18 12:32:56.209000,1.33869,1.33857,1000000,2320000
2019-04-18 12:32:58.735000,1.3387,1.33857,1200000,1950000
2019-04-18 12:32:58.787000,1.33872,1.33863,1600000,1000000
2019-04-18 12:32:58.838000,1.33874,1.33863,1200000,1120000
2019-04-18 12:32:58.993000,1.33876,1.33864,1500000,1600000
2019-04-18 12:32:59.096000,1.33878,1.33866,1000000,3470000
2019-04-18 12:32:59.248000,1.33879,1.33868,1000000,1100000
2019-04-18 12:32:59.572000,1.33879,1.33868,1000000,2070000
2019-04-18 12:32:59.723000,1.3388,1.33868,1000000,1950000
2019-04-18 12:33:00.028000,1.3388,1.33868,1000000,2100000
2019-04-18 12:33:00.300000,1.33881,1.33868,2620000,1720000
2019-04-18 12:33:00.402000,1.3388,1.33868,1000000,1600000
2019-04-18 12:33:01.032000,1.3388,1.33869,1000000,1600000
2019-04-18 12:33:01.134000,1.33881,1.33868,2620000,1720000
2019-04-18 12:33:01.775000,1.3388,1.33868,1000000,2470000
2019-04-18 12:33:01.884000,1.33881,1.33868,1500000,2470000
2019-04-18 12:33:02.030000,1.33881,1.33868,1620000,2470000
2019-04-18 12:33:02.133000,1.3388,1.3387,1120000,1970000
2019-04-18 12:33:02.286000,1.33881,1.33868,1620000,2100000
2019-04-18 12:33:02.444000,1.33881,1.33868,2250000,1600000
2019-04-18 12:33:02.546000,1.3388,1.33868,1000000,1720000
2019-04-18 12:33:02.648000,1.33881,1.33869,3000000,1600000
2019-04-18 12:33:02.792000,1.33879,1.33869,1000000,2470000
2019-04-18 12:33:02.893000,1.33879,1.33868,1000000,2100000
2019-04-18 12:33:02.995000,1.3388,1.33868,2620000,2100000
2019-04-18 12:33:03.231000,1.3388,1.33868,3220000,1570000
2019-04-18 12:33:03.607000,1.3388,1.33869,1570000,1000000
2019-04-18 12:33:04.831000,1.33881,1.3387,1200000,1000000
2019-04-18 12:33:04.934000,1.33882,1.33873,1600000,1000000
2019-04-18 12:33:05.036000,1.33883,1.33873,1000000,1220000
2019-04-18 12:33:05.205000,1.33887,1.33875,1100000,2370000
2019-04-18 12:33:05.258000,1.33888,1.33877,1500000,1000000
2019-04-18 12:33:05.411000,1.33889,1.33877,1000000,1200000
2019-04-18 12:33:05.514000,1.33888,1.33876,1950000,1970000
2019-04-18 12:33:05.656000,1.33887,1.33874,1500000,1600000
2019-04-18 12:33:05.707000,1.33887,1.33874,1570000,1200000
2019-04-18 12:33:05.809000,1.33886,1.33875,1100000,1000000
2019-04-18 12:33:06.065000,1.33883,1.33875,1000000,1000000
2019-04-18 12:33:06.117000,1.33886,1.33875,2100000,1000000
2019-04-18 12:33:06.219000,1.33884,1.33875,1000000,1000000
2019-04-18 12:33:06.424000,1.33885,1.33875,1000000,1000000
2019-04-18 12:33:06.617000,1.33886,1.33875,1200000,1000000
2019-04-18 12:33:06.668000,1.33883,1.33874,1000000,1100000
2019-04-18 12:33:06.719000,1.33887,1.33876,2820000,1000000
2019-04-18 12:33:06.822000,1.33889,1.33882,1500000,2100000
2019-04-18 12:33:06.873000,1.3389,1.33878,1200000,1720000
2019-04-18 12:33:07.007000,1.3389,1.33879,1000000,3100000
2019-04-18 12:33:07.211000,1.33891,1.3388,2320000,1000000
2019-04-18 12:33:07.529000,1.3389,1.33879,1000000,2850000
2019-04-18 12:33:07.632000,1.3389,1.33879,1000000,1200000
2019-04-18 12:33:08.329000,1.33891,1.33877,2250000,2470000
2019-04-18 12:33:08.490000,1.33892,1.33879,2720000,1600000
2019-04-18 12:33:08.592000,1.33891,1.33879,1100000,1000000
2019-04-18 12:33:09.589000,1.33891,1.33879,2100000,1100000
2019-04-18 12:33:10.647000,1.33894,1.33881,2100000,1500000
2019-04-18 12:33:10.749000,1.33892,1.33881,1000000,1100000
2019-04-18 12:33:10.883000,1.33895,1.33882,2720000,1000000
2019-04-18 12:33:10.937000,1.33896,1.33885,1220000,1000000
2019-04-18 12:33:11.041000,1.33899,1.33887,1220000,1000000
2019-04-18 12:33:11.144000,1.33899,1.33888,1100000,1000000
2019-04-18 12:33:11.353000,1.33899,1.33886,2470000,1100000
2019-04-18 12:33:11.518000,1.33903,1.33892,1200000,1100000
2019-04-18 12:33:11.673000,1.33903,1.33892,1000000,1720000
2019-04-18 12:33:11.815000,1.33904,1.33893,1000000,1970000
2019-04-18 12:33:11.917000,1.33904,1.33893,1000000,1950000
2019-04-18 12:33:12.018000,1.33904,1.33893,1000000,2100000
2019-04-18 12:33:12.120000,1.33907,1.33894,3000000,1100000
2019-04-18 12:33:12.171000,1.33904,1.33893,1000000,1720000
2019-04-18 12:33:12.293000,1.33899,1.3389,1000000,1000000
2019-04-18 12:33:12.395000,1.33899,1.33889,1000000,1100000
2019-04-18 12:33:12.446000,1.33897,1.33885,1000000,4950000
2019-04-18 12:33:12.548000,1.33898,1.33885,2320000,1100000
2019-04-18 12:33:12.649000,1.33898,1.33886,1950000,1970000
2019-04-18 12:33:13.678000,1.33897,1.33886,1000000,1000000
2019-04-18 12:33:14.782000,1.33903,1.33892,2700000,2100000
2019-04-18 12:33:14.981000,1.33905,1.33891,1950000,2350000
2019-04-18 12:33:15.086000,1.33905,1.33893,1000000,1100000
2019-04-18 12:33:15.539000,1.33904,1.33894,1000000,1100000
2019-04-18 12:33:15.743000,1.33903,1.33893,1000000,1220000
2019-04-18 12:33:15.855000,1.33905,1.33893,2320000,1220000
2019-04-18 12:33:16.343000,1.33908,1.33897,1200000,1500000
2019-04-18 12:33:16.445000,1.33908,1.33897,1000000,1200000
2019-04-18 12:33:16.648000,1.33909,1.33897,1000000,1950000
2019-04-18 12:33:16.760000,1.33909,1.33897,1000000,1600000
2019-04-18 12:33:16.862000,1.33909,1.33897,1000000,1200000
2019-04-18 12:33:16.965000,1.3391,1.33898,1000000,2320000
2019-04-18 12:33:17.227000,1.33912,1.33898,2720000,2320000
2019-04-18 12:33:17.430000,1.33912,1.33899,2350000,1000000
2019-04-18 12:33:17.533000,1.33916,1.33903,1720000,2250000
2019-04-18 12:33:17.585000,1.33918,1.33906,2100000,1000000
2019-04-18 12:33:17.698000,1.33918,1.33906,1100000,1720000
2019-04-18 12:33:17.802000,1.33918,1.33907,1000000,1220000
2019-04-18 12:33:17.904000,1.33918,1.33907,1000000,1200000
2019-04-18 12:33:18.008000,1.33918,1.33907,1120000,1600000
2019-04-18 12:33:18.154000,1.33918,1.33907,1120000,1600000
2019-04-18 12:33:18.426000,1.33918,1.33906,1500000,1720000
2019-04-18 12:33:18.528000,1.33917,1.33906,1500000,1100000
2019-04-18 12:33:18.666000,1.33915,1.33904,1500000,1600000
2019-04-18 12:33:18.717000,1.33915,1.33904,1000000,1220000
2019-04-18 12:33:19.108000,1.33916,1.33904,1120000,1220000
2019-04-18 12:33:19.211000,1.33915,1.33904,1000000,1220000
2019-04-18 12:33:19.262000,1.33913,1.33902,1000000,1600000
2019-04-18 12:33:19.468000,1.33914,1.33902,1500000,2100000
2019-04-18 12:33:19.638000,1.33914,1.33902,1500000,1600000
2019-04-18 12:33:19.740000,1.33913,1.33901,2370000,1600000
2019-04-18 12:33:20.103000,1.33913,1.33901,3120000,1600000
2019-04-18 12:33:20.358000,1.33915,1.33909,1000000,1000000
2019-04-18 12:33:20.409000,1.33918,1.33909,1120000,1000000
2019-04-18 12:33:20.461000,1.33922,1.3391,3220000,1000000
2019-04-18 12:33:20.564000,1.33923,1.3391,1100000,1200000
2019-04-18 12:33:20.616000,1.3392,1.33909,1500000,1600000
2019-04-18 12:33:20.735000,1.3392,1.33909,1500000,1220000
2019-04-18 12:33:20.893000,1.3392,1.33909,1500000,1200000
2019-04-18 12:33:21.090000,1.3392,1.33909,2370000,1200000
2019-04-18 12:33:21.420000,1.33923,1.3391,1200000,1950000
2019-04-18 12:33:21.522000,1.33924,1.33911,1000000,2850000
2019-04-18 12:33:21.573000,1.33925,1.33912,1870000,1100000
2019-04-18 12:33:21.674000,1.33925,1.33912,1870000,1600000
2019-04-18 12:33:21.953000,1.33923,1.33913,1500000,1100000
2019-04-18 12:33:22.055000,1.33923,1.33912,1000000,1100000
2019-04-18 12:33:22.157000,1.33923,1.33912,1000000,1100000
2019-04-18 12:33:22.585000,1.33923,1.33911,1000000,1720000
2019-04-18 12:33:22.737000,1.33925,1.33912,2470000,1100000
2019-04-18 12:33:23.260000,1.33922,1.33912,1000000,2000000
2019-04-18 12:33:23.311000,1.33922,1.33911,1000000,1100000
2019-04-18 12:33:23.736000,1.33922,1.3391,1000000,1100000
2019-04-18 12:33:23.889000,1.33922,1.3391,1000000,2850000
2019-04-18 12:33:24.040000,1.33922,1.3391,1000000,2850000
2019-04-18 12:33:24.142000,1.33922,1.3391,1570000,1600000
2019-04-18 12:33:24.246000,1.33922,1.33908,2720000,2850000
2019-04-18 12:33:24.348000,1.33922,1.33909,2250000,1720000
2019-04-18 12:33:24.596000,1.33921,1.33909,1100000,1100000
2019-04-18 12:33:24.648000,1.3392,1.33906,2850000,2320000
2019-04-18 12:33:24.749000,1.3392,1.33906,2850000,2250000
2019-04-18 12:33:24.953000,1.33923,1.33913,1870000,1000000
2019-04-18 12:33:25.144000,1.33923,1.3391,1100000,2070000
2019-04-18 12:33:25.245000,1.33923,1.3391,1700000,2320000
2019-04-18 12:33:25.782000,1.3392,1.33909,1620000,1570000
2019-04-18 12:33:25.884000,1.3392,1.33909,1600000,2070000
2019-04-18 12:33:26.001000,1.33922,1.3391,1000000,1200000
2019-04-18 12:33:26.053000,1.33923,1.3391,1100000,2700000
2019-04-18 12:33:26.104000,1.3392,1.33908,1000000,2850000
2019-04-18 12:33:26.155000,1.33919,1.33908,1200000,1000000
2019-04-18 12:33:26.207000,1.33917,1.33907,1000000,1870000
2019-04-18 12:33:26.438000,1.33907,1.33903,1000000,3750000
2019-04-18 12:33:26.489000,1.33907,1.339,1500000,1100000
2019-04-18 12:33:26.591000,1.33907,1.33898,1000000,1600000
2019-04-18 12:33:26.693000,1.33909,1.33898,1100000,1100000
2019-04-18 12:33:26.807000,1.33909,1.33898,1100000,1000000
2019-04-18 12:33:26.910000,1.33907,1.33898,1620000,1000000
2019-04-18 12:33:27.013000,1.339,1.33892,1000000,1100000
2019-04-18 12:33:27.064000,1.33902,1.33892,1220000,1000000
2019-04-18 12:33:27.175000,1.339,1.33891,1000000,1000000
2019-04-18 12:33:27.227000,1.33903,1.33891,1000000,1100000
2019-04-18 12:33:27.329000,1.33903,1.33891,1220000,1200000
2019-04-18 12:33:27.505000,1.33903,1.33891,1000000,1950000
2019-04-18 12:33:27.770000,1.33903,1.33891,1000000,1220000
2019-04-18 12:33:27.922000,1.33903,1.33893,1000000,1500000
2019-04-18 12:33:28.075000,1.33905,1.33893,2320000,1500000
2019-04-18 12:33:28.249000,1.33905,1.33894,1950000,1100000
2019-04-18 12:33:28.401000,1.33906,1.33894,1200000,1000000
2019-04-18 12:33:28.503000,1.33907,1.33895,1570000,1000000
2019-04-18 12:33:28.554000,1.33908,1.33897,1600000,1000000
2019-04-18 12:33:28.606000,1.3391,1.33898,1500000,1600000
2019-04-18 12:33:28.762000,1.33912,1.33899,1950000,1570000
2019-04-18 12:33:28.813000,1.33912,1.339,1870000,1720000
2019-04-18 12:33:29.018000,1.33914,1.33903,1200000,1570000
2019-04-18 12:33:29.070000,1.33915,1.33904,1620000,1720000
2019-04-18 12:33:29.121000,1.33916,1.33904,1000000,1720000
2019-04-18 12:33:29.382000,1.33916,1.33904,1000000,1720000
2019-04-18 12:33:29.484000,1.33916,1.33905,1000000,1100000
2019-04-18 12:33:29.726000,1.33916,1.33905,1000000,1100000
2019-04-18 12:33:29.830000,1.33912,1.33902,1000000,2850000
2019-04-18 12:33:29.933000,1.33912,1.33901,1000000,2850000
2019-04-18 12:33:30.359000,1.33913,1.33902,1000000,2100000
2019-04-18 12:33:30.461000,1.33915,1.33903,1620000,1100000
2019-04-18 12:33:30.606000,1.33915,1.33903,1000000,1600000
2019-04-18 12:33:30.708000,1.33916,1.33903,1120000,2470000
2019-04-18 12:33:30.818000,1.33916,1.33903,1120000,2470000
2019-04-18 12:33:30.926000,1.33916,1.33903,1620000,2850000
2019-04-18 12:33:31.028000,1.33916,1.33903,1000000,2100000
2019-04-18 12:33:31.130000,1.33917,1.33906,1000000,1000000
2019-04-18 12:33:31.307000,1.33918,1.33906,1500000,2100000
2019-04-18 12:33:31.459000,1.33919,1.33908,1200000,1500000
2019-04-18 12:33:31.561000,1.33921,1.33908,1000000,4950000
2019-04-18 12:33:31.665000,1.33923,1.33909,2450000,2850000
2019-04-18 12:33:31.830000,1.33923,1.33911,1000000,2100000
2019-04-18 12:33:32.033000,1.33925,1.33912,1570000,1600000
2019-04-18 12:33:32.135000,1.33925,1.33913,1500000,1600000
2019-04-18 12:33:32.237000,1.33927,1.33916,1000000,1600000
2019-04-18 12:33:32.403000,1.33929,1.33918,1000000,2850000
2019-04-18 12:33:32.454000,1.33932,1.33918,1870000,2850000
2019-04-18 12:33:32.505000,1.3393,1.33921,1000000,1220000
2019-04-18 12:33:32.556000,1.33933,1.3392,3200000,2100000
2019-04-18 12:33:32.926000,1.33933,1.33921,1000000,1600000
2019-04-18 12:33:32.977000,1.33933,1.33921,1000000,2470000
2019-04-18 12:33:33.079000,1.33933,1.33921,1000000,2470000
2019-04-18 12:33:33.430000,1.33933,1.33921,1000000,2470000
2019-04-18 12:33:33.533000,1.33934,1.33923,1000000,1600000
2019-04-18 12:33:33.636000,1.33934,1.33922,1000000,1720000
2019-04-18 12:33:33.870000,1.33933,1.33923,1000000,1600000
2019-04-18 12:33:33.922000,1.3393,1.3392,1000000,1950000
2019-04-18 12:33:33.973000,1.33927,1.33917,1000000,2470000
2019-04-18 12:33:34.025000,1.33927,1.33917,1000000,1220000
2019-04-18 12:33:34.127000,1.33927,1.33915,1000000,2100000
2019-04-18 12:33:34.178000,1.33929,1.33919,1100000,1000000
2019-04-18 12:33:34.339000,1.3393,1.33918,2250000,1950000
2019-04-18 12:33:34.441000,1.3393,1.33918,1500000,2070000
2019-04-18 12:33:34.543000,1.3393,1.33918,1500000,1950000
2019-04-18 12:33:34.645000,1.3393,1.33918,1500000,1600000
2019-04-18 12:33:34.747000,1.33928,1.33916,1000000,2100000
2019-04-18 12:33:34.900000,1.33927,1.33914,1000000,3600000
2019-04-18 12:33:34.951000,1.33926,1.33914,1500000,1600000
2019-04-18 12:33:35.154000,1.33926,1.33913,1500000,2450000
2019-04-18 12:33:35.255000,1.33926,1.33913,1500000,2850000
2019-04-18 12:33:35.675000,1.33928,1.3392,1000000,1120000
2019-04-18 12:33:35.778000,1.33932,1.3392,1500000,1600000
2019-04-18 12:33:36.446000,1.33932,1.33922,1000000,1100000
2019-04-18 12:33:36.559000,1.33932,1.33922,1000000,1120000
2019-04-18 12:33:36.958000,1.33932,1.33922,1000000,1100000
2019-04-18 12:33:37.059000,1.33932,1.33921,1000000,3200000
2019-04-18 12:33:37.274000,1.33931,1.3392,1000000,1600000
2019-04-18 12:33:37.325000,1.33929,1.33918,1000000,1720000
2019-04-18 12:33:37.427000,1.33927,1.33917,1000000,1570000
2019-04-18 12:33:37.479000,1.33928,1.33919,1000000,1000000
2019-04-18 12:33:37.595000,1.33928,1.33918,1000000,1500000
2019-04-18 12:33:37.697000,1.33928,1.33919,1000000,1100000
2019-04-18 12:33:37.798000,1.33928,1.33921,1000000,1000000
2019-04-18 12:33:38.058000,1.33928,1.33921,1000000,1000000
2019-04-18 12:33:38.213000,1.33931,1.33921,1120000,1000000
2019-04-18 12:33:38.316000,1.3393,1.33921,1000000,1000000
2019-04-18 12:33:39.721000,1.3393,1.33921,1000000,1100000
2019-04-18 12:33:40.396000,1.3393,1.33921,1220000,1000000
2019-04-18 12:33:40.498000,1.3393,1.33921,1220000,1000000
2019-04-18 12:33:40.549000,1.33934,1.33923,1120000,1970000
2019-04-18 12:33:40.600000,1.33935,1.33926,2750000,1500000
2019-04-18 12:33:40.706000,1.33935,1.33929,2000000,1000000
2019-04-18 12:33:40.757000,1.33941,1.33929,1570000,1000000
2019-04-18 12:33:40.942000,1.33941,1.33929,1000000,2470000
2019-04-18 12:33:41.044000,1.33941,1.33929,1100000,2470000
2019-04-18 12:33:41.412000,1.33941,1.33929,1000000,2320000
2019-04-18 12:33:41.514000,1.3394,1.33929,1000000,1500000
2019-04-18 12:33:41.616000,1.33939,1.33927,1000000,3070000
2019-04-18 12:33:41.719000,1.33937,1.33925,1000000,1600000
2019-04-18 12:33:41.845000,1.33936,1.33925,1000000,1100000
2019-04-18 12:33:41.947000,1.33936,1.33924,1570000,1720000
2019-04-18 12:33:42.310000,1.33937,1.33925,1000000,2320000
2019-04-18 12:33:43.979000,1.33934,1.33924,1000000,1200000
2019-04-18 12:33:44.081000,1.3393,1.33922,1000000,1570000
2019-04-18 12:33:44.132000,1.33932,1.3392,1500000,1200000
2019-04-18 12:33:44.183000,1.3393,1.33919,1000000,1720000
2019-04-18 12:33:44.235000,1.3393,1.33918,1100000,1870000
2019-04-18 12:33:44.360000,1.33929,1.33918,1000000,1200000
2019-04-18 12:33:44.462000,1.3393,1.33917,1200000,1600000
2019-04-18 12:33:44.956000,1.33926,1.33916,1000000,1100000
2019-04-18 12:33:45.058000,1.33924,1.33913,1000000,2470000
2019-04-18 12:33:45.160000,1.33924,1.33913,1000000,1100000
2019-04-18 12:33:45.211000,1.33924,1.33912,1000000,1570000
2019-04-18 12:33:45.376000,1.33924,1.33912,1220000,1570000
2019-04-18 12:33:45.529000,1.33919,1.3391,1000000,1720000
2019-04-18 12:33:45.632000,1.3392,1.33907,2100000,1100000
2019-04-18 12:33:45.836000,1.3392,1.33908,2700000,1220000
2019-04-18 12:33:45.938000,1.33922,1.3391,2700000,1000000
2019-04-18 12:33:46.041000,1.33922,1.3391,2700000,1220000
2019-04-18 12:33:46.143000,1.33921,1.3391,1200000,1100000
2019-04-18 12:33:46.298000,1.33921,1.33908,1220000,1500000
2019-04-18 12:33:46.400000,1.3392,1.33908,1100000,1000000
2019-04-18 12:33:46.886000,1.33921,1.3391,1100000,1000000
2019-04-18 12:33:47.027000,1.33922,1.33913,1000000,1120000
2019-04-18 12:33:47.078000,1.33928,1.33917,1950000,1000000
2019-04-18 12:33:47.180000,1.33929,1.33917,1200000,1500000
2019-04-18 12:33:47.282000,1.33929,1.33918,1000000,1120000
2019-04-18 12:33:47.384000,1.33929,1.33917,1950000,1500000
2019-04-18 12:33:47.699000,1.33929,1.33917,1200000,2350000
2019-04-18 12:33:47.801000,1.33929,1.33917,1220000,2320000
2019-04-18 12:33:48.561000,1.33929,1.33918,1220000,1000000
2019-04-18 12:33:48.715000,1.33929,1.33918,1100000,1000000
2019-04-18 12:33:49.046000,1.33929,1.33918,1220000,1000000
2019-04-18 12:33:49.251000,1.33927,1.33917,1000000,1120000
2019-04-18 12:33:49.353000,1.3393,1.3392,1200000,1000000
2019-04-18 12:33:49.455000,1.33932,1.33919,1100000,1570000
2019-04-18 12:33:49.566000,1.33931,1.33918,1500000,1100000
2019-04-18 12:33:49.675000,1.3393,1.33918,1100000,1000000
2019-04-18 12:33:49.776000,1.3393,1.33919,1970000,1000000
2019-04-18 12:33:50.512000,1.3393,1.33917,1100000,2320000
2019-04-18 12:33:50.614000,1.3393,1.33917,1600000,2700000
2019-04-18 12:33:50.716000,1.3393,1.33917,1200000,2850000
2019-04-18 12:33:50.820000,1.3393,1.33917,1200000,2320000
2019-04-18 12:33:50.872000,1.3393,1.33917,1600000,2320000
2019-04-18 12:33:50.975000,1.3393,1.33918,1600000,1000000
2019-04-18 12:33:51.231000,1.33931,1.33918,1600000,1000000
2019-04-18 12:33:51.347000,1.33931,1.33919,1950000,1000000
2019-04-18 12:33:51.450000,1.33931,1.33919,1600000,1000000
2019-04-18 12:33:51.603000,1.33931,1.33919,1200000,1000000
2019-04-18 12:33:51.771000,1.33931,1.33919,1600000,1000000
2019-04-18 12:33:52.292000,1.33931,1.33919,1200000,1000000
2019-04-18 12:33:52.497000,1.3393,1.33919,1100000,1000000
2019-04-18 12:33:52.600000,1.33929,1.33917,1500000,1220000
2019-04-18 12:33:52.703000,1.33928,1.33915,2320000,1100000
2019-04-18 12:33:52.864000,1.33928,1.33914,2850000,1570000
2019-04-18 12:33:53.144000,1.33926,1.33914,1000000,1950000
2019-04-18 12:33:53.988000,1.33926,1.33914,1100000,2100000
2019-04-18 12:33:54.120000,1.33926,1.33914,1000000,1570000
2019-04-18 12:33:54.907000,1.33929,1.33917,2100000,1000000
2019-04-18 12:33:55.011000,1.33929,1.33917,1970000,1000000
2019-04-18 12:33:55.113000,1.33927,1.33914,1600000,1200000
2019-04-18 12:33:55.215000,1.33926,1.33914,2100000,1000000
2019-04-18 12:33:55.368000,1.33924,1.33913,1100000,1570000
2019-04-18 12:33:56.073000,1.33924,1.33914,1000000,1500000
2019-04-18 12:33:56.129000,1.33928,1.33915,3600000,1100000
2019-04-18 12:33:56.233000,1.33928,1.33915,2100000,1220000
2019-04-18 12:33:56.335000,1.33928,1.33915,1970000,1120000
2019-04-18 12:33:57.851000,1.33929,1.33917,1970000,1000000
2019-04-18 12:33:57.954000,1.33932,1.3392,2100000,1000000
2019-04-18 12:33:58.063000,1.33932,1.33921,2100000,1000000
2019-04-18 12:33:58.115000,1.33932,1.33921,1100000,1200000
2019-04-18 12:33:58.933000,1.33934,1.33922,1220000,2320000
2019-04-18 12:33:58.985000,1.33938,1.33927,2100000,2250000
2019-04-18 12:33:59.036000,1.33938,1.33929,1000000,1000000
2019-04-18 12:33:59.211000,1.33941,1.33929,1100000,1600000
2019-04-18 12:33:59.772000,1.33943,1.33932,1600000,1500000
2019-04-18 12:33:59.824000,1.33943,1.33932,1000000,2720000
2019-04-18 12:33:59.991000,1.33944,1.33932,1000000,2470000
2019-04-18 12:34:00.093000,1.33942,1.33931,1000000,1200000
2019-04-18 12:34:00.197000,1.33945,1.33932,1220000,1000000
2019-04-18 12:34:00.299000,1.33945,1.33932,1000000,2470000
2019-04-18 12:34:00.350000,1.33948,1.33937,1600000,1500000
2019-04-18 12:34:00.452000,1.33951,1.3394,1600000,1500000
2019-04-18 12:34:00.503000,1.33951,1.3394,1200000,1500000
2019-04-18 12:34:00.623000,1.33952,1.33941,1600000,1000000
2019-04-18 12:34:00.674000,1.33954,1.33945,1000000,1000000
2019-04-18 12:34:00.776000,1.33955,1.33943,1570000,1000000
2019-04-18 12:34:00.878000,1.33954,1.33941,1500000,1220000
2019-04-18 12:34:00.979000,1.33954,1.33941,1950000,1100000
2019-04-18 12:34:01.481000,1.33954,1.33944,1800000,1000000
2019-04-18 12:34:01.608000,1.33955,1.33947,2100000,1000000
2019-04-18 12:34:01.660000,1.33955,1.33945,1220000,1000000
2019-04-18 12:34:01.762000,1.33956,1.33945,2850000,1000000
2019-04-18 12:34:01.865000,1.33956,1.33947,1100000,1000000
2019-04-18 12:34:01.916000,1.33959,1.33948,2100000,1000000
2019-04-18 12:34:02.019000,1.33959,1.33948,2700000,1100000
2019-04-18 12:34:02.606000,1.33959,1.33947,1000000,1570000
2019-04-18 12:34:02.781000,1.3396,1.33947,1100000,1570000
2019-04-18 12:34:03.031000,1.33955,1.33943,1000000,1950000
2019-04-18 12:34:03.133000,1.33954,1.3394,1500000,2100000
2019-04-18 12:34:03.235000,1.33952,1.3394,1100000,2100000
2019-04-18 12:34:04.324000,1.33952,1.33939,2100000,1220000
2019-04-18 12:34:04.585000,1.33952,1.33942,1600000,1000000
2019-04-18 12:34:04.687000,1.33952,1.33942,1000000,1000000
2019-04-18 12:34:04.924000,1.3395,1.3394,1500000,1100000
2019-04-18 12:34:05.028000,1.33949,1.33938,1100000,1200000
2019-04-18 12:34:05.130000,1.33949,1.33938,1600000,1000000
2019-04-18 12:34:05.348000,1.33949,1.33937,1970000,1000000
2019-04-18 12:34:05.399000,1.33947,1.33934,1000000,1600000
2019-04-18 12:34:05.501000,1.33947,1.33934,1200000,1100000
2019-04-18 12:34:05.603000,1.33947,1.33934,2000000,1100000
2019-04-18 12:34:05.777000,1.33946,1.33933,2170000,1200000
2019-04-18 12:34:06.082000,1.33946,1.33933,2700000,1220000
2019-04-18 12:34:06.265000,1.33945,1.33933,2100000,1100000
2019-04-18 12:34:06.673000,1.3394,1.33931,1000000,1200000
2019-04-18 12:34:06.776000,1.3394,1.33928,1200000,1000000
2019-04-18 12:34:06.909000,1.33939,1.33927,1970000,1950000
2019-04-18 12:34:07.011000,1.33939,1.33927,1950000,1500000
2019-04-18 12:34:07.113000,1.33937,1.33925,1220000,2320000
2019-04-18 12:34:07.215000,1.33937,1.33925,1100000,2100000
2019-04-18 12:34:07.586000,1.33937,1.33925,1100000,1500000
2019-04-18 12:34:07.688000,1.33937,1.33925,1200000,1970000
2019-04-18 12:34:07.876000,1.33937,1.33925,1100000,1870000
2019-04-18 12:34:08.296000,1.33935,1.33924,1000000,1600000
2019-04-18 12:34:08.408000,1.33935,1.33922,1950000,1200000
2019-04-18 12:34:08.511000,1.33935,1.33922,1970000,1720000
2019-04-18 12:34:09.021000,1.33932,1.33921,1000000,1200000
2019-04-18 12:34:09.171000,1.3393,1.33919,1200000,1000000
2019-04-18 12:34:09.273000,1.33929,1.33919,1100000,1000000
2019-04-18 12:34:10.177000,1.3393,1.33919,1000000,1000000
2019-04-18 12:34:10.933000,1.3393,1.3392,1600000,1000000
2019-04-18 12:34:11.047000,1.3393,1.3392,1000000,1000000
2019-04-18 12:34:11.941000,1.33931,1.3392,1950000,1000000
2019-04-18 12:34:12.096000,1.33929,1.33918,1500000,1000000
2019-04-18 12:34:12.250000,1.33928,1.33918,1000000,1000000
2019-04-18 12:34:12.505000,1.33928,1.33917,1500000,1000000
2019-04-18 12:34:12.607000,1.33926,1.33915,1500000,1220000
2019-04-18 12:34:12.717000,1.33925,1.33915,1200000,1000000
2019-04-18 12:34:15.400000,1.33925,1.33914,1200000,1100000
2019-04-18 12:34:15.632000,1.33927,1.33919,1220000,1000000
2019-04-18 12:34:15.734000,1.33932,1.33924,1600000,1000000
2019-04-18 12:34:15.849000,1.33933,1.33924,1000000,1000000
2019-04-18 12:34:16.021000,1.33935,1.33924,1970000,1000000
2019-04-18 12:34:16.122000,1.33935,1.33924,1500000,1000000
