time,ask,bid,ask_volume,bid_volume
2021-09-10 12:25:00.756000,1.26023,1.26014,1500000,1000000
2021-09-10 12:25:03.429000,1.26024,1.26012,1950000,1000000
2021-09-10 12:25:05.544000,1.26024,1.26013,1120000,1000000
2021-09-10 12:25:09.245000,1.26027,1.26015,2850000,1000000
2021-09-10 12:25:09.346000,1.26026,1.26015,1200000,1000000
2021-09-10 12:25:09.996000,1.26028,1.26016,2700000,1000000
2021-09-10 12:25:11.216000,1.26029,1.26017,2000000,1000000
2021-09-10 12:25:12.396000,1.26027,1.26015,1000000,1570000
2021-09-10 12:25:13.189000,1.26024,1.26013,1000000,1500000
2021-09-10 12:25:13.291000,1.26023,1.26013,1500000,1120000
2021-09-10 12:25:13.443000,1.26023,1.26012,3100000,1000000
2021-09-10 12:25:13.545000,1.26019,1.26007,1500000,1600000
2021-09-10 12:25:13.596000,1.2602,1.26009,1120000,1000000
2021-09-10 12:25:13.697000,1.2602,1.26011,1500000,1000000
2021-09-10 12:25:13.798000,1.26024,1.26012,2070000,1000000
2021-09-10 12:25:13.900000,1.26023,1.26011,1500000,1100000
2021-09-10 12:25:14.477000,1.26023,1.26011,1000000,1120000
2021-09-10 12:25:15.381000,1.26024,1.26012,2450000,1000000
2021-09-10 12:25:15.496000,1.26024,1.26013,1120000,1000000
2021-09-10 12:25:19.063000,1.26025,1.26014,1600000,1000000
2021-09-10 12:25:19.164000,1.26024,1.26015,1000000,1000000
2021-09-10 12:25:19.265000,1.26027,1.26015,2070000,1000000
2021-09-10 12:25:19.518000,1.26028,1.26017,1200000,1000000
2021-09-10 12:25:20.105000,1.26026,1.26015,1200000,1000000
2021-09-10 12:25:20.207000,1.26025,1.26014,1100000,1000000
2021-09-10 12:25:20.409000,1.26025,1.26014,1600000,1000000
2021-09-10 12:25:25.391000,1.26025,1.26013,2750000,1100000
2021-09-10 12:25:27.132000,1.26024,1.26015,1000000,1000000
2021-09-10 12:25:28.085000,1.26027,1.26015,2000000,1100000
2021-09-10 12:25:29.582000,1.26029,1.26018,1500000,1000000
2021-09-10 12:25:29.733000,1.26031,1.26019,1500000,1000000
2021-09-10 12:25:29.784000,1.26031,1.26019,1120000,1000000
2021-09-10 12:25:30.181000,1.2603,1.26018,1000000,1100000
2021-09-10 12:25:30.659000,1.26026,1.26016,1870000,1570000
2021-09-10 12:25:30.760000,1.26026,1.26014,1500000,1100000
2021-09-10 12:25:32.647000,1.26024,1.26015,1000000,1000000
2021-09-10 12:25:33.973000,1.26026,1.26016,2750000,1000000
2021-09-10 12:25:34.074000,1.26026,1.26014,1870000,1100000
2021-09-10 12:25:36.991000,1.26025,1.26015,2000000,1000000
2021-09-10 12:25:37.193000,1.26023,1.26013,1000000,1100000
2021-09-10 12:25:39.483000,1.26025,1.26013,1120000,1100000
2021-09-10 12:25:41.285000,1.26025,1.26013,1000000,1220000
2021-09-10 12:25:42.569000,1.26027,1.26015,2000000,1000000
2021-09-10 12:25:42.784000,1.26028,1.26016,2000000,1000000
2021-09-10 12:25:43.165000,1.26027,1.26017,1120000,1570000
2021-09-10 12:25:43.267000,1.26028,1.26018,1500000,1000000
2021-09-10 12:25:43.540000,1.26031,1.26019,2000000,1000000
2021-09-10 12:25:44.494000,1.26031,1.26019,1000000,1100000
2021-09-10 12:25:44.596000,1.26033,1.26021,2000000,1000000
2021-09-10 12:25:50.794000,1.26031,1.26021,1500000,1000000
2021-09-10 12:25:51.885000,1.26031,1.26021,1500000,1000000
2021-09-10 12:25:52.135000,1.26033,1.26022,1500000,1000000
2021-09-10 12:25:52.286000,1.26033,1.26022,1120000,1000000
2021-09-10 12:25:52.490000,1.26033,1.26024,1500000,1000000
2021-09-10 12:25:52.591000,1.26034,1.26025,1500000,1000000
2021-09-10 12:25:52.692000,1.26034,1.26025,1120000,1000000
2021-09-10 12:25:53.147000,1.26036,1.26028,1500000,1000000
2021-09-10 12:25:53.349000,1.26038,1.2603,3000000,1000000
2021-09-10 12:25:53.702000,1.26041,1.26031,2070000,1000000
2021-09-10 12:25:54.821000,1.26041,1.26032,1620000,1000000
2021-09-10 12:26:04.449000,1.26044,1.26033,1500000,1000000
2021-09-10 12:26:04.551000,1.26042,1.26032,1000000,1000000
2021-09-10 12:26:05.433000,1.26045,1.26033,3870000,1000000
2021-09-10 12:26:05.585000,1.26043,1.26033,1120000,1000000
2021-09-10 12:26:06.388000,1.26044,1.26032,1500000,1000000
2021-09-10 12:26:08.634000,1.26043,1.26031,1120000,1100000
2021-09-10 12:26:11.102000,1.26041,1.2603,2620000,1970000
2021-09-10 12:26:11.204000,1.26042,1.26029,2620000,1950000
2021-09-10 12:26:12.934000,1.26041,1.26028,1870000,1570000
2021-09-10 12:26:29.902000,1.26038,1.26027,1500000,1500000
2021-09-10 12:26:30.003000,1.26036,1.26024,1000000,2100000
2021-09-10 12:26:30.104000,1.26035,1.26025,1000000,1570000
2021-09-10 12:26:31.122000,1.26035,1.26025,1000000,1600000
2021-09-10 12:26:34.472000,1.26037,1.26025,1120000,1100000
2021-09-10 12:26:40.900000,1.26036,1.26023,1870000,1570000
2021-09-10 12:26:40.951000,1.26034,1.26022,1500000,1200000
2021-09-10 12:26:43.332000,1.26036,1.26025,2000000,1000000
2021-09-10 12:26:43.433000,1.26036,1.26026,2000000,1000000
2021-09-10 12:26:46.312000,1.26037,1.26027,1500000,1000000
2021-09-10 12:26:46.363000,1.26038,1.26026,1120000,1000000
2021-09-10 12:26:48.850000,1.26039,1.26026,1950000,1000000
2021-09-10 12:26:51.050000,1.26038,1.26028,1950000,1000000
2021-09-10 12:26:58.036000,1.26039,1.26029,1500000,1000000
2021-09-10 12:26:58.877000,1.2604,1.2603,2000000,1000000
2021-09-10 12:27:02.887000,1.2604,1.2603,2620000,1000000
2021-09-10 12:27:07.639000,1.26042,1.26032,1000000,1000000
2021-09-10 12:27:07.740000,1.26046,1.26033,1500000,2000000
2021-09-10 12:27:07.791000,1.26047,1.26034,1500000,1120000
2021-09-10 12:27:07.893000,1.26045,1.26035,1000000,1120000
2021-09-10 12:27:09.671000,1.26046,1.26033,1870000,1100000
2021-09-10 12:27:10.868000,1.26045,1.26033,1000000,1100000
2021-09-10 12:27:11.070000,1.26046,1.26033,1870000,1100000
2021-09-10 12:27:13.051000,1.26045,1.26033,1000000,1100000
2021-09-10 12:27:13.152000,1.26044,1.26032,1000000,1950000
2021-09-10 12:27:15.525000,1.26042,1.26033,1000000,1200000
2021-09-10 12:27:18.357000,1.26041,1.26032,1000000,2070000
2021-09-10 12:27:19.261000,1.26042,1.2603,1000000,3570000
2021-09-10 12:27:19.615000,1.2604,1.26029,1000000,1200000
2021-09-10 12:27:20.165000,1.26038,1.26029,1000000,1600000
2021-09-10 12:27:20.843000,1.26039,1.26027,1000000,1950000
2021-09-10 12:27:21.439000,1.26036,1.26026,1500000,1200000
2021-09-10 12:27:21.541000,1.26031,1.2602,1000000,3070000
2021-09-10 12:27:21.642000,1.26031,1.26019,1000000,1570000
2021-09-10 12:27:24.609000,1.2603,1.26019,1000000,1100000
2021-09-10 12:27:26.711000,1.26028,1.26017,2620000,1500000
2021-09-10 12:27:26.813000,1.26026,1.26016,1000000,1600000
2021-09-10 12:27:26.864000,1.26026,1.26014,1000000,4220000
2021-09-10 12:27:27.229000,1.26029,1.2602,1120000,1570000
2021-09-10 12:27:27.432000,1.2603,1.2602,1000000,1600000
2021-09-10 12:27:31.111000,1.2603,1.26018,1000000,3450000
2021-09-10 12:27:36.448000,1.26031,1.26018,1870000,1950000
2021-09-10 12:27:43.291000,1.26031,1.2602,1120000,1000000
2021-09-10 12:27:44.685000,1.26031,1.26019,1870000,1000000
2021-09-10 12:27:52.104000,1.26031,1.2602,1120000,1000000
2021-09-10 12:27:52.955000,1.26032,1.2602,1120000,1000000
2021-09-10 12:27:55.466000,1.26032,1.26021,1120000,1000000
2021-09-10 12:28:00.202000,1.26031,1.26018,1100000,1870000
2021-09-10 12:28:00.253000,1.26031,1.26021,2070000,1000000
2021-09-10 12:28:00.506000,1.26033,1.26021,2450000,1000000
2021-09-10 12:28:07.026000,1.26033,1.26021,2100000,1000000
2021-09-10 12:28:08.188000,1.26033,1.26021,1600000,1000000
2021-09-10 12:28:08.542000,1.26032,1.26021,2100000,1000000
2021-09-10 12:28:23.302000,1.26032,1.26023,1200000,1000000
2021-09-10 12:28:24.094000,1.26032,1.2602,2000000,1000000
2021-09-10 12:28:26.045000,1.26031,1.26021,1500000,1000000
2021-09-10 12:28:30.647000,1.26032,1.26019,1000000,1870000
2021-09-10 12:28:32.044000,1.26032,1.2602,1000000,1000000
2021-09-10 12:28:35.027000,1.26033,1.26023,1000000,1000000
2021-09-10 12:28:35.129000,1.26034,1.26021,1000000,1950000
2021-09-10 12:28:43.661000,1.26035,1.26022,1870000,1000000
2021-09-10 12:28:46.649000,1.26035,1.26023,1870000,1000000
2021-09-10 12:28:47.850000,1.26036,1.26025,1570000,1000000
2021-09-10 12:28:47.951000,1.26036,1.26026,1000000,1000000
2021-09-10 12:28:48.052000,1.26038,1.26026,1100000,1000000
2021-09-10 12:28:51.012000,1.26038,1.26025,1000000,1000000
2021-09-10 12:28:54.364000,1.2604,1.26027,2470000,1000000
2021-09-10 12:28:54.542000,1.2604,1.26027,2320000,1000000
2021-09-10 12:28:59.912000,1.2604,1.26028,1100000,1000000
2021-09-10 12:29:00.234000,1.26041,1.26028,1950000,1000000
2021-09-10 12:29:00.549000,1.26042,1.26029,1120000,1000000
2021-09-10 12:29:00.650000,1.26043,1.26032,1600000,1000000
2021-09-10 12:29:00.752000,1.26044,1.26031,1000000,1000000
2021-09-10 12:29:03.124000,1.26044,1.26032,1000000,1000000
2021-09-10 12:29:03.361000,1.26043,1.26032,1200000,1000000
2021-09-10 12:29:03.988000,1.26043,1.2603,1000000,1000000
2021-09-10 12:29:05.692000,1.26046,1.26033,1100000,1000000
2021-09-10 12:29:07.146000,1.26045,1.26034,1000000,1000000
2021-09-10 12:29:07.297000,1.26046,1.26034,1100000,1000000
2021-09-10 12:29:09.946000,1.26045,1.26032,1000000,1000000
2021-09-10 12:29:16.679000,1.26043,1.2603,1000000,1000000
2021-09-10 12:29:16.780000,1.26042,1.26029,1100000,1000000
2021-09-10 12:29:16.982000,1.2604,1.26029,1000000,1000000
2021-09-10 12:29:19.024000,1.26037,1.26024,1000000,1500000
2021-09-10 12:29:19.125000,1.26034,1.26024,1000000,1000000
2021-09-10 12:29:19.226000,1.26036,1.26023,1000000,1000000
2021-09-10 12:29:19.781000,1.26035,1.26022,1570000,1000000
2021-09-10 12:29:19.888000,1.26034,1.26021,1100000,1000000
2021-09-10 12:29:21.070000,1.26033,1.2602,1100000,1000000
2021-09-10 12:29:30.077000,1.26032,1.26021,1100000,1000000
2021-09-10 12:29:31.214000,1.26032,1.26019,1100000,1000000
2021-09-10 12:29:31.315000,1.26029,1.26018,1000000,1000000
2021-09-10 12:29:32.440000,1.26029,1.26018,1100000,1000000
2021-09-10 12:29:35.006000,1.26029,1.26016,1100000,1000000
2021-09-10 12:29:42.506000,1.26027,1.26013,1100000,1570000
2021-09-10 12:29:42.557000,1.26025,1.26012,1000000,1000000
2021-09-10 12:29:42.658000,1.26023,1.26012,1000000,1000000
2021-09-10 12:29:43.474000,1.26021,1.2601,1100000,1620000
2021-09-10 12:29:43.576000,1.26021,1.2601,1100000,1120000
2021-09-10 12:29:44.089000,1.26021,1.26008,1100000,1500000
2021-09-10 12:29:44.190000,1.2602,1.26009,1100000,1120000
2021-09-10 12:29:44.291000,1.2602,1.26007,1000000,1000000
2021-09-10 12:29:45.159000,1.26019,1.26006,1000000,1000000
2021-09-10 12:29:45.260000,1.26019,1.26005,1100000,1000000
2021-09-10 12:29:45.512000,1.26019,1.26006,1100000,1000000
2021-09-10 12:29:45.715000,1.26018,1.26007,1100000,1000000
2021-09-10 12:29:45.967000,1.26019,1.26006,1000000,1000000
2021-09-10 12:29:46.113000,1.26018,1.26005,1000000,1000000
2021-09-10 12:29:46.948000,1.26015,1.26005,1000000,1000000
2021-09-10 12:29:46.998000,1.26018,1.26004,1120000,1000000
2021-09-10 12:29:47.887000,1.26017,1.26004,1000000,1000000
2021-09-10 12:29:52.005000,1.26021,1.25999,1120000,1000000
2021-09-10 12:29:52.284000,1.2602,1.25999,1000000,1000000
2021-09-10 12:29:52.385000,1.26022,1.26,1000000,1000000
2021-09-10 12:29:52.486000,1.26023,1.25999,1000000,1000000
2021-09-10 12:29:53.716000,1.26024,1.25999,1000000,1000000
2021-09-10 12:29:59.141000,1.26024,1.25998,1620000,1500000
2021-09-10 12:30:00.212000,1.26024,1.25996,1500000,2250000
2021-09-10 12:30:00.314000,1.26023,1.25997,2190000,3000000
2021-09-10 12:30:00.415000,1.26023,1.25997,1500000,2250000
2021-09-10 12:30:00.516000,1.26021,1.25997,1500000,1000000
2021-09-10 12:30:00.617000,1.26022,1.26001,1500000,1250000
2021-09-10 12:30:00.718000,1.26029,1.2601,1000000,1500000
2021-09-10 12:30:00.769000,1.26026,1.26008,1500000,1370000
2021-09-10 12:30:00.870000,1.26029,1.26002,1500000,1250000
2021-09-10 12:30:00.971000,1.26028,1.26001,1500000,1000000
2021-09-10 12:30:01.022000,1.26029,1.26,2000000,1870000
2021-09-10 12:30:01.274000,1.26028,1.26,1500000,1750000
2021-09-10 12:30:01.376000,1.26015,1.25998,1750000,3000000
2021-09-10 12:30:01.477000,1.26013,1.25998,1000000,2750000
2021-09-10 12:30:01.528000,1.26012,1.25999,1000000,1250000
2021-09-10 12:30:01.629000,1.26005,1.25994,1500000,2000000
2021-09-10 12:30:01.730000,1.26004,1.25988,1500000,8250000
2021-09-10 12:30:01.831000,1.2601,1.25995,1000000,1000000
2021-09-10 12:30:01.982000,1.26012,1.25995,1500000,1250000
2021-09-10 12:30:02.285000,1.26005,1.25989,1000000,1000000
2021-09-10 12:30:02.375000,1.26014,1.25988,1500000,1000000
2021-09-10 12:30:02.426000,1.26017,1.25988,1500000,1600000
2021-09-10 12:30:02.527000,1.26017,1.25989,1500000,1900000
2021-09-10 12:30:02.628000,1.26018,1.25993,2190000,1250000
2021-09-10 12:30:02.779000,1.2602,1.2599,1500000,3250000
2021-09-10 12:30:02.880000,1.26019,1.25991,1500000,3750000
2021-09-10 12:30:02.981000,1.2602,1.25992,1500000,1250000
2021-09-10 12:30:03.350000,1.2602,1.25994,2190000,1000000
2021-09-10 12:30:03.552000,1.26021,1.25991,2190000,3750000
2021-09-10 12:30:03.653000,1.26021,1.25996,2000000,2250000
2021-09-10 12:30:03.704000,1.26022,1.25999,1000000,1000000
2021-09-10 12:30:03.855000,1.26022,1.26,1000000,1000000
2021-09-10 12:30:03.956000,1.26026,1.26,1500000,1000000
2021-09-10 12:30:04.057000,1.26026,1.25999,1500000,1000000
2021-09-10 12:30:04.158000,1.26026,1.25999,1500000,1120000
2021-09-10 12:30:04.209000,1.26024,1.25997,1500000,1120000
2021-09-10 12:30:04.310000,1.26024,1.25999,1500000,1000000
2021-09-10 12:30:04.411000,1.26024,1.25997,1500000,1120000
2021-09-10 12:30:04.515000,1.26026,1.25997,2750000,1120000
2021-09-10 12:30:04.617000,1.26026,1.26006,1000000,1500000
2021-09-10 12:30:04.718000,1.26025,1.26005,2250000,1000000
2021-09-10 12:30:04.870000,1.26024,1.26006,2500000,1000000
2021-09-10 12:30:05.122000,1.26012,1.26006,1500000,1000000
2021-09-10 12:30:05.173000,1.26002,1.25994,1000000,1000000
2021-09-10 12:30:05.274000,1.26006,1.2599,1500000,1120000
2021-09-10 12:30:05.375000,1.26001,1.25991,1000000,1120000
2021-09-10 12:30:05.425000,1.26003,1.25985,2250000,1000000
2021-09-10 12:30:05.476000,1.25993,1.25978,1000000,1500000
2021-09-10 12:30:05.527000,1.25977,1.2597,1000000,1500000
2021-09-10 12:30:05.577000,1.25977,1.25965,1000000,1000000
2021-09-10 12:30:05.628000,1.25974,1.25965,1000000,1500000
2021-09-10 12:30:05.678000,1.25964,1.25955,1000000,1000000
2021-09-10 12:30:05.780000,1.25968,1.25955,1000000,1250000
2021-09-10 12:30:05.881000,1.25967,1.25957,1000000,1500000
2021-09-10 12:30:05.931000,1.25966,1.25956,1000000,1500000
2021-09-10 12:30:06.032000,1.25961,1.2595,1000000,1500000
2021-09-10 12:30:06.134000,1.25959,1.2595,1000000,1500000
2021-09-10 12:30:06.285000,1.25938,1.25913,1500000,2000000
2021-09-10 12:30:06.336000,1.25939,1.25921,1000000,1750000
2021-09-10 12:30:06.437000,1.2594,1.25927,3000000,1000000
2021-09-10 12:30:06.488000,1.25938,1.25925,1000000,1000000
2021-09-10 12:30:06.539000,1.25941,1.25922,2750000,1250000
2021-09-10 12:30:06.590000,1.25943,1.2592,1500000,1870000
2021-09-10 12:30:06.640000,1.25937,1.25918,1500000,1000000
2021-09-10 12:30:06.691000,1.25932,1.25916,1500000,1000000
2021-09-10 12:30:06.792000,1.25929,1.2591,1000000,1600000
2021-09-10 12:30:06.843000,1.2593,1.25909,1000000,1250000
2021-09-10 12:30:06.944000,1.25931,1.25909,1000000,1250000
2021-09-10 12:30:06.995000,1.2593,1.25905,1500000,1000000
2021-09-10 12:30:07.197000,1.25931,1.25905,1500000,1000000
2021-09-10 12:30:07.298000,1.25932,1.25909,1500000,1120000
2021-09-10 12:30:07.399000,1.25932,1.25905,2000000,1000000
2021-09-10 12:30:07.500000,1.25929,1.25906,1500000,1000000
2021-09-10 12:30:07.551000,1.2593,1.25909,1420000,1000000
2021-09-10 12:30:07.652000,1.25931,1.25908,1500000,1000000
2021-09-10 12:30:07.796000,1.25931,1.25906,1500000,1000000
2021-09-10 12:30:07.847000,1.25931,1.25908,1500000,1000000
2021-09-10 12:30:08.100000,1.25927,1.25908,1000000,1000000
2021-09-10 12:30:08.201000,1.25936,1.25925,1500000,1250000
2021-09-10 12:30:08.302000,1.25941,1.25928,1750000,1120000
2021-09-10 12:30:08.353000,1.25936,1.2593,1500000,1000000
2021-09-10 12:30:08.404000,1.25946,1.25926,1000000,1250000
2021-09-10 12:30:08.505000,1.25942,1.25927,1250000,1250000
2021-09-10 12:30:08.708000,1.25946,1.25928,1250000,1500000
2021-09-10 12:30:08.809000,1.25953,1.2593,2500000,1000000
2021-09-10 12:30:08.960000,1.25944,1.25923,1250000,1000000
2021-09-10 12:30:09.061000,1.25943,1.25921,1370000,1500000
2021-09-10 12:30:09.112000,1.25946,1.25923,2620000,1000000
2021-09-10 12:30:09.163000,1.25945,1.25924,1620000,1000000
2021-09-10 12:30:09.264000,1.2594,1.25921,1000000,1500000
2021-09-10 12:30:09.365000,1.2594,1.2592,1000000,1500000
2021-09-10 12:30:09.466000,1.2593,1.25919,1000000,1000000
2021-09-10 12:30:09.517000,1.25931,1.25913,1200000,2000000
2021-09-10 12:30:09.567000,1.25933,1.25921,1500000,1000000
2021-09-10 12:30:09.618000,1.25934,1.25916,1500000,1000000
2021-09-10 12:30:09.669000,1.25937,1.25916,1500000,1000000
2021-09-10 12:30:09.720000,1.25936,1.25926,1500000,1000000
2021-09-10 12:30:10.022000,1.25936,1.25913,1500000,1500000
2021-09-10 12:30:10.073000,1.25932,1.25915,1000000,1000000
2021-09-10 12:30:10.123000,1.25933,1.25912,1000000,1120000
2021-09-10 12:30:10.174000,1.25929,1.2591,1000000,1000000
2021-09-10 12:30:10.275000,1.25926,1.25906,1000000,2560000
2021-09-10 12:30:10.376000,1.25925,1.2591,1000000,1000000
2021-09-10 12:30:10.578000,1.25927,1.25913,1000000,1000000
2021-09-10 12:30:10.679000,1.25927,1.25912,1000000,1310000
2021-09-10 12:30:10.784000,1.25927,1.25913,1000000,1310000
2021-09-10 12:30:11.105000,1.25925,1.25908,1000000,1250000
2021-09-10 12:30:11.156000,1.25923,1.25908,1000000,1000000
2021-09-10 12:30:11.308000,1.25921,1.25907,1000000,1000000
2021-09-10 12:30:11.409000,1.25924,1.2591,1000000,1000000
2021-09-10 12:30:11.838000,1.25921,1.25912,1000000,1000000
2021-09-10 12:30:11.889000,1.25921,1.2591,1000000,1500000
2021-09-10 12:30:12.446000,1.25922,1.25907,1000000,1000000
2021-09-10 12:30:12.609000,1.25923,1.25914,1000000,1500000
2021-09-10 12:30:12.660000,1.25931,1.25914,1000000,1000000
2021-09-10 12:30:12.761000,1.25931,1.25915,1000000,1000000
2021-09-10 12:30:12.862000,1.2593,1.25914,1000000,1000000
2021-09-10 12:30:12.913000,1.25932,1.2592,1000000,1000000
2021-09-10 12:30:13.014000,1.25933,1.2592,1000000,1000000
2021-09-10 12:30:13.141000,1.25929,1.25916,1000000,1050000
2021-09-10 12:30:13.242000,1.25929,1.25912,1000000,1000000
2021-09-10 12:30:13.344000,1.25926,1.25908,1000000,1500000
2021-09-10 12:30:13.394000,1.25923,1.25909,1000000,1000000
2021-09-10 12:30:13.445000,1.25924,1.25904,1000000,3250000
2021-09-10 12:30:13.495000,1.25924,1.25911,1000000,1000000
2021-09-10 12:30:13.546000,1.25924,1.25904,1000000,3250000
2021-09-10 12:30:14.163000,1.25932,1.25921,1500000,1000000
2021-09-10 12:30:14.214000,1.25931,1.25919,1500000,1000000
2021-09-10 12:30:14.265000,1.25932,1.25917,1500000,1000000
2021-09-10 12:30:14.366000,1.25932,1.25918,1000000,1000000
2021-09-10 12:30:15.039000,1.25932,1.25919,1000000,1000000
2021-09-10 12:30:15.292000,1.25929,1.25915,1000000,1000000
2021-09-10 12:30:15.343000,1.25927,1.25913,1120000,1100000
2021-09-10 12:30:15.444000,1.25929,1.25916,1620000,1000000
2021-09-10 12:30:15.495000,1.25928,1.25917,1120000,1000000
2021-09-10 12:30:15.596000,1.25939,1.2593,8740000,1600000
2021-09-10 12:30:15.697000,1.2594,1.25934,3000000,1000000
2021-09-10 12:30:15.798000,1.25938,1.25927,1500000,2190000
2021-09-10 12:30:15.849000,1.25935,1.25928,1500000,2250000
2021-09-10 12:30:15.950000,1.25935,1.25923,1500000,1000000
2021-09-10 12:30:16.052000,1.25933,1.25923,1500000,1000000
2021-09-10 12:30:16.102000,1.25928,1.25915,1000000,1500000
2021-09-10 12:30:16.153000,1.25928,1.25915,1000000,1000000
2021-09-10 12:30:16.532000,1.25929,1.25913,1000000,2060000
2021-09-10 12:30:16.635000,1.25928,1.25913,1000000,1120000
2021-09-10 12:30:16.986000,1.25929,1.25913,1000000,1870000
2021-09-10 12:30:17.088000,1.25926,1.25914,1000000,1120000
2021-09-10 12:30:17.189000,1.25927,1.25913,1000000,1620000
2021-09-10 12:30:17.341000,1.25922,1.25912,1000000,2560000
2021-09-10 12:30:17.393000,1.25924,1.25915,1000000,2190000
2021-09-10 12:30:17.444000,1.25927,1.25915,1000000,1000000
2021-09-10 12:30:17.546000,1.25928,1.25915,1000000,1000000
2021-09-10 12:30:17.596000,1.25928,1.25915,1000000,1000000
2021-09-10 12:30:17.698000,1.2592,1.25912,1000000,1000000
2021-09-10 12:30:17.799000,1.25921,1.2591,1000000,1100000
2021-09-10 12:30:17.900000,1.25921,1.25911,1000000,1220000
2021-09-10 12:30:18.355000,1.25915,1.25904,1000000,3850000
2021-09-10 12:30:18.456000,1.25913,1.25903,1000000,1000000
2021-09-10 12:30:18.557000,1.25913,1.25898,1000000,3470000
2021-09-10 12:30:18.962000,1.25912,1.25899,1000000,1100000
2021-09-10 12:30:19.063000,1.25911,1.25899,1000000,1100000
2021-09-10 12:30:19.164000,1.25913,1.25898,1000000,1720000
2021-09-10 12:30:19.335000,1.2591,1.25899,1000000,1720000
2021-09-10 12:30:19.436000,1.25912,1.25898,1000000,1220000
2021-09-10 12:30:19.876000,1.25923,1.25912,1500000,1000000
2021-09-10 12:30:19.977000,1.25921,1.25907,1120000,3300000
2021-09-10 12:30:20.028000,1.25922,1.25906,1120000,1600000
2021-09-10 12:30:20.079000,1.25918,1.25905,1000000,1500000
2021-09-10 12:30:20.282000,1.25918,1.25904,1000000,2250000
2021-09-10 12:30:20.713000,1.2592,1.25904,1000000,1500000
2021-09-10 12:30:20.865000,1.25921,1.25904,1570000,1120000
2021-09-10 12:30:20.967000,1.25919,1.25905,1000000,1120000
2021-09-10 12:30:21.137000,1.25921,1.25905,1500000,1500000
2021-09-10 12:30:21.188000,1.25922,1.25909,1000000,1000000
2021-09-10 12:30:21.289000,1.25924,1.25908,1000000,1000000
2021-09-10 12:30:21.390000,1.25924,1.25909,1570000,1000000
2021-09-10 12:30:22.446000,1.25914,1.25902,1370000,1120000
2021-09-10 12:30:22.548000,1.25911,1.259,1000000,1500000
2021-09-10 12:30:22.649000,1.25909,1.25895,1000000,1120000
2021-09-10 12:30:22.750000,1.25907,1.25893,1000000,3200000
2021-09-10 12:30:22.901000,1.25905,1.2589,1000000,2070000
2021-09-10 12:30:23.262000,1.25907,1.2589,1000000,4400000
2021-09-10 12:30:23.465000,1.25908,1.25892,1000000,2000000
2021-09-10 12:30:23.617000,1.25907,1.25897,1000000,1250000
2021-09-10 12:30:23.668000,1.25919,1.25906,1620000,1500000
2021-09-10 12:30:23.769000,1.25919,1.25908,1000000,1000000
2021-09-10 12:30:23.870000,1.25922,1.25906,1000000,2620000
2021-09-10 12:30:23.971000,1.25922,1.25908,1000000,1120000
2021-09-10 12:30:24.784000,1.25923,1.25907,1000000,1500000
2021-09-10 12:30:25.316000,1.2592,1.25906,1000000,1500000
2021-09-10 12:30:25.417000,1.2592,1.25908,1000000,1000000
2021-09-10 12:30:25.467000,1.25923,1.25908,1570000,1000000
2021-09-10 12:30:25.702000,1.25919,1.25908,1000000,1000000
2021-09-10 12:30:25.804000,1.25912,1.25899,1000000,1620000
2021-09-10 12:30:25.905000,1.25914,1.25899,1000000,1500000
2021-09-10 12:30:25.956000,1.25914,1.25901,1000000,1000000
2021-09-10 12:30:26.006000,1.25916,1.25901,1000000,1000000
2021-09-10 12:30:26.108000,1.25916,1.25902,1100000,1500000
2021-09-10 12:30:27.325000,1.25918,1.25902,1570000,1120000
2021-09-10 12:30:29.826000,1.25919,1.25905,1220000,1500000
2021-09-10 12:30:29.977000,1.2592,1.25905,1220000,1000000
2021-09-10 12:30:30.078000,1.25922,1.25907,1100000,1000000
2021-09-10 12:30:30.180000,1.25925,1.25913,1000000,1620000
2021-09-10 12:30:30.230000,1.25929,1.25914,1600000,1000000
2021-09-10 12:30:30.954000,1.25929,1.25914,1100000,1000000
2021-09-10 12:30:31.055000,1.2593,1.2592,1100000,1000000
2021-09-10 12:30:31.208000,1.25933,1.25923,1500000,1000000
2021-09-10 12:30:31.259000,1.2594,1.25932,1870000,1000000
2021-09-10 12:30:31.360000,1.2594,1.2593,2100000,1000000
2021-09-10 12:30:31.868000,1.25942,1.25929,2350000,1000000
2021-09-10 12:30:31.919000,1.2594,1.25927,1850000,1000000
2021-09-10 12:30:32.020000,1.25937,1.25927,1970000,1000000
2021-09-10 12:30:32.121000,1.25937,1.25926,2100000,1000000
2021-09-10 12:30:32.223000,1.25938,1.25927,1600000,1000000
2021-09-10 12:30:33.044000,1.25939,1.25927,1600000,1000000
2021-09-10 12:30:33.146000,1.25941,1.25932,1100000,1000000
2021-09-10 12:30:33.248000,1.25942,1.25933,1100000,1000000
2021-09-10 12:30:33.349000,1.25944,1.25933,1100000,1000000
2021-09-10 12:30:33.450000,1.25944,1.25933,1100000,1000000
2021-09-10 12:30:33.796000,1.25945,1.25936,1100000,1000000
2021-09-10 12:30:33.846000,1.25947,1.25934,2450000,1000000
2021-09-10 12:30:33.998000,1.25947,1.25935,2070000,1500000
2021-09-10 12:30:34.406000,1.25946,1.25937,1600000,1000000
2021-09-10 12:30:35.264000,1.25947,1.25935,1700000,1500000
2021-09-10 12:30:35.516000,1.25947,1.25936,1600000,1000000
2021-09-10 12:30:35.618000,1.25947,1.25933,1700000,1500000
2021-09-10 12:30:35.811000,1.25948,1.25934,1620000,2000000
2021-09-10 12:30:35.861000,1.25953,1.2594,9820000,1120000
2021-09-10 12:30:35.912000,1.25956,1.25946,1750000,1120000
2021-09-10 12:30:36.013000,1.25955,1.25947,9370000,1000000
2021-09-10 12:30:36.115000,1.25954,1.25942,1500000,1000000
2021-09-10 12:30:36.688000,1.2595,1.2594,2250000,1120000
2021-09-10 12:30:36.739000,1.25948,1.25941,1000000,1120000
2021-09-10 12:30:36.790000,1.25948,1.25935,2000000,1250000
2021-09-10 12:30:36.942000,1.25948,1.25935,1500000,1000000
2021-09-10 12:30:37.094000,1.25945,1.25931,1500000,1500000
2021-09-10 12:30:37.195000,1.25944,1.25931,1000000,1000000
2021-09-10 12:30:37.651000,1.25944,1.2593,1000000,1120000
2021-09-10 12:30:37.987000,1.25942,1.2593,1000000,1120000
2021-09-10 12:30:38.088000,1.25937,1.25923,1500000,1500000
2021-09-10 12:30:38.190000,1.25936,1.25924,1500000,1000000
2021-09-10 12:30:38.292000,1.2593,1.25919,1500000,3500000
2021-09-10 12:30:38.343000,1.25929,1.25916,1000000,3750000
2021-09-10 12:30:38.597000,1.25929,1.25915,1000000,1870000
2021-09-10 12:30:38.845000,1.25928,1.25918,1000000,2000000
2021-09-10 12:30:38.896000,1.25932,1.25919,1000000,1000000
2021-09-10 12:30:38.947000,1.25934,1.2592,1500000,1000000
2021-09-10 12:30:39.574000,1.25935,1.2592,2700000,1000000
2021-09-10 12:30:39.676000,1.25934,1.25919,1570000,1000000
2021-09-10 12:30:39.782000,1.25933,1.25918,1000000,1000000
2021-09-10 12:30:40.059000,1.25931,1.25918,1000000,1000000
2021-09-10 12:30:40.110000,1.2593,1.25916,1000000,1250000
2021-09-10 12:30:40.212000,1.25922,1.25913,1500000,1500000
2021-09-10 12:30:40.262000,1.2592,1.25911,1000000,1000000
2021-09-10 12:30:40.363000,1.25919,1.25907,1000000,1000000
2021-09-10 12:30:40.465000,1.2592,1.25907,1500000,1000000
2021-09-10 12:30:40.668000,1.25919,1.25906,1000000,1250000
2021-09-10 12:30:41.083000,1.25915,1.25903,1000000,1690000
2021-09-10 12:30:41.184000,1.25913,1.25902,1500000,1500000
2021-09-10 12:30:41.386000,1.25914,1.25905,1120000,1000000
2021-09-10 12:30:41.487000,1.25919,1.25906,1620000,1000000
2021-09-10 12:30:41.589000,1.25919,1.25906,1000000,1000000
2021-09-10 12:30:42.213000,1.25914,1.25904,1000000,2440000
2021-09-10 12:30:42.315000,1.25913,1.25904,1000000,2940000
2021-09-10 12:30:42.416000,1.25915,1.25905,1000000,1000000
2021-09-10 12:30:42.627000,1.25917,1.25905,1000000,1000000
2021-09-10 12:30:42.880000,1.25918,1.25905,1000000,1000000
2021-09-10 12:30:42.981000,1.25919,1.25905,1100000,1250000
2021-09-10 12:30:43.082000,1.25917,1.25906,1000000,1250000
2021-09-10 12:30:43.681000,1.25912,1.25902,1350000,2750000
2021-09-10 12:30:43.732000,1.25907,1.25897,1100000,2250000
2021-09-10 12:30:43.833000,1.25904,1.25897,2320000,1000000
2021-09-10 12:30:43.883000,1.25904,1.25892,1100000,1000000
2021-09-10 12:30:44.035000,1.25903,1.2589,1600000,1000000
2021-09-10 12:30:44.136000,1.25904,1.2589,1600000,1000000
2021-09-10 12:30:44.297000,1.25902,1.2589,1100000,1000000
2021-09-10 12:30:44.698000,1.25899,1.25886,1000000,4950000
2021-09-10 12:30:44.749000,1.259,1.25885,1000000,1120000
2021-09-10 12:30:44.799000,1.25896,1.25883,1100000,1000000
2021-09-10 12:30:44.901000,1.25896,1.25882,1000000,1000000
2021-09-10 12:30:45.052000,1.25892,1.2588,1000000,1000000
2021-09-10 12:30:45.154000,1.25887,1.25875,1000000,2000000
2021-09-10 12:30:45.255000,1.25886,1.25876,1500000,1000000
2021-09-10 12:30:45.356000,1.25874,1.25866,3070000,1500000
2021-09-10 12:30:45.457000,1.25873,1.25866,1500000,1500000
2021-09-10 12:30:45.559000,1.2587,1.25858,2250000,2190000
2021-09-10 12:30:45.660000,1.25865,1.25857,1000000,1000000
2021-09-10 12:30:45.711000,1.25868,1.25855,1000000,3000000
2021-09-10 12:30:45.812000,1.25864,1.25854,1000000,1000000
2021-09-10 12:30:45.863000,1.25865,1.25851,1000000,1000000
2021-09-10 12:30:46.981000,1.25867,1.25855,1000000,1000000
2021-09-10 12:30:47.083000,1.25867,1.25855,1100000,1000000
2021-09-10 12:30:47.348000,1.25862,1.25855,1000000,1000000
2021-09-10 12:30:47.399000,1.25856,1.25847,1000000,1500000
2021-09-10 12:30:47.450000,1.25859,1.25848,1100000,1000000
2021-09-10 12:30:47.551000,1.25868,1.25858,1500000,1000000
2021-09-10 12:30:47.602000,1.25872,1.25861,1120000,2000000
2021-09-10 12:30:47.652000,1.25868,1.25859,1000000,1500000
2021-09-10 12:30:47.754000,1.25869,1.2586,1570000,1000000
2021-09-10 12:30:47.804000,1.25867,1.25855,1570000,1000000
2021-09-10 12:30:47.855000,1.2587,1.25856,1220000,1000000
2021-09-10 12:30:47.906000,1.25874,1.2586,1870000,1000000
2021-09-10 12:30:47.957000,1.25876,1.25863,2350000,1000000
2021-09-10 12:30:48.007000,1.25874,1.25861,1000000,1000000
2021-09-10 12:30:48.108000,1.25874,1.2586,1100000,1000000
2021-09-10 12:30:48.210000,1.25881,1.25867,1720000,1000000
2021-09-10 12:30:48.311000,1.25882,1.25869,2100000,1000000
2021-09-10 12:30:48.413000,1.25885,1.25872,2320000,1000000
2021-09-10 12:30:48.463000,1.25887,1.25874,1100000,1000000
2021-09-10 12:30:48.615000,1.25889,1.25877,2850000,1000000
2021-09-10 12:30:48.768000,1.25889,1.25877,2100000,1000000
2021-09-10 12:30:48.869000,1.25884,1.2587,1500000,1000000
2021-09-10 12:30:48.919000,1.25884,1.2587,1600000,1000000
2021-09-10 12:30:49.021000,1.25882,1.25869,1100000,1000000
2021-09-10 12:30:49.173000,1.25882,1.25869,1570000,1000000
2021-09-10 12:30:49.708000,1.25883,1.25869,1600000,1000000
2021-09-10 12:30:49.809000,1.2588,1.25868,2470000,1000000
2021-09-10 12:30:50.316000,1.2588,1.25866,1600000,1000000
2021-09-10 12:30:50.417000,1.25881,1.25867,1600000,1000000
2021-09-10 12:30:50.468000,1.25877,1.25863,1100000,1250000
2021-09-10 12:30:50.569000,1.25874,1.2586,1100000,1500000
2021-09-10 12:30:50.671000,1.25874,1.25861,1100000,1000000
2021-09-10 12:30:50.873000,1.25874,1.25862,1220000,1000000
2021-09-10 12:30:51.024000,1.25876,1.25862,1220000,1000000
2021-09-10 12:30:51.226000,1.25876,1.25862,1100000,1000000
2021-09-10 12:30:51.557000,1.25879,1.25868,1320000,1000000
2021-09-10 12:30:51.709000,1.25882,1.25868,1600000,1000000
2021-09-10 12:30:51.810000,1.25883,1.25869,1600000,1000000
2021-09-10 12:30:51.922000,1.25884,1.2587,1720000,1000000
2021-09-10 12:30:52.043000,1.25883,1.25872,1600000,1000000
2021-09-10 12:30:52.841000,1.25887,1.25875,1200000,1000000
2021-09-10 12:30:53.011000,1.25888,1.25875,1100000,1000000
2021-09-10 12:30:53.222000,1.25888,1.25875,1720000,1000000
2021-09-10 12:30:53.323000,1.25884,1.2587,1600000,1000000
2021-09-10 12:30:53.626000,1.25882,1.25869,1100000,1000000
2021-09-10 12:30:54.828000,1.25882,1.25871,1100000,1000000
2021-09-10 12:30:55.684000,1.25885,1.25875,1600000,1000000
2021-09-10 12:30:55.937000,1.25885,1.25875,1600000,1000000
2021-09-10 12:30:55.987000,1.25885,1.25873,1600000,1000000
2021-09-10 12:30:56.038000,1.25878,1.25869,1000000,1000000
2021-09-10 12:30:56.190000,1.25878,1.2587,1000000,1000000
2021-09-10 12:30:56.240000,1.25884,1.25872,1000000,1120000
2021-09-10 12:30:56.341000,1.25883,1.25871,1000000,1000000
2021-09-10 12:30:56.443000,1.25882,1.2587,1000000,1000000
2021-09-10 12:30:56.544000,1.25886,1.25874,1000000,1000000
2021-09-10 12:30:57.064000,1.25887,1.25874,1000000,1000000
2021-09-10 12:30:57.165000,1.25893,1.2588,1120000,1000000
2021-09-10 12:30:57.267000,1.25895,1.25885,2000000,1120000
2021-09-10 12:30:57.317000,1.25896,1.25886,1000000,1000000
2021-09-10 12:30:57.368000,1.25901,1.25891,1000000,1000000
2021-09-10 12:30:57.469000,1.25907,1.25894,1000000,2000000
2021-09-10 12:30:57.520000,1.25907,1.25894,1000000,2250000
2021-09-10 12:30:57.873000,1.25906,1.25894,1000000,1000000
2021-09-10 12:30:58.503000,1.25909,1.25896,2750000,1000000
2021-09-10 12:30:58.604000,1.25913,1.25902,1500000,1000000
2021-09-10 12:30:58.705000,1.25909,1.25901,1000000,1500000
2021-09-10 12:30:58.806000,1.25911,1.25901,1000000,1000000
2021-09-10 12:30:59.163000,1.25914,1.259,1000000,1500000
2021-09-10 12:30:59.315000,1.25913,1.25902,1000000,1000000
2021-09-10 12:30:59.416000,1.25913,1.25901,1000000,1000000
2021-09-10 12:31:00.069000,1.25913,1.259,1000000,1000000
2021-09-10 12:31:00.120000,1.25916,1.25905,1000000,1000000
2021-09-10 12:31:00.221000,1.25917,1.25906,1620000,1000000
2021-09-10 12:31:00.322000,1.25918,1.25905,1000000,1500000
2021-09-10 12:31:00.574000,1.25917,1.25904,1000000,2250000
2021-09-10 12:31:00.676000,1.25912,1.25901,1000000,1500000
2021-09-10 12:31:00.777000,1.25912,1.259,1000000,1000000
2021-09-10 12:31:01.094000,1.25914,1.25903,1000000,1000000
2021-09-10 12:31:01.195000,1.25915,1.25903,1000000,1000000
2021-09-10 12:31:01.296000,1.25915,1.25902,1000000,1870000
2021-09-10 12:31:02.091000,1.25918,1.25905,1000000,1000000
2021-09-10 12:31:02.193000,1.25917,1.25904,1000000,1870000
2021-09-10 12:31:02.295000,1.25917,1.25907,1000000,1000000
2021-09-10 12:31:02.497000,1.25917,1.25906,1000000,1000000
2021-09-10 12:31:02.649000,1.25918,1.25906,1000000,1000000
2021-09-10 12:31:03.816000,1.25921,1.25911,1600000,1000000
2021-09-10 12:31:03.917000,1.25922,1.25911,1100000,1000000
2021-09-10 12:31:04.686000,1.25922,1.25911,1200000,1000000
2021-09-10 12:31:04.953000,1.25922,1.25911,1220000,1000000
2021-09-10 12:31:05.326000,1.25922,1.25909,2350000,1000000
2021-09-10 12:31:06.213000,1.25919,1.25908,1950000,1000000
2021-09-10 12:31:06.644000,1.2592,1.25908,1100000,1000000
2021-09-10 12:31:06.695000,1.25922,1.2591,1100000,1000000
2021-09-10 12:31:06.796000,1.25922,1.2591,1100000,1000000
2021-09-10 12:31:06.897000,1.25922,1.2591,1100000,1000000
2021-09-10 12:31:07.334000,1.25923,1.25909,1700000,1500000
2021-09-10 12:31:07.435000,1.25923,1.25909,1700000,1500000
2021-09-10 12:31:07.688000,1.25924,1.25913,1720000,1000000
2021-09-10 12:31:08.157000,1.25924,1.25913,1100000,1000000
2021-09-10 12:31:08.258000,1.25924,1.25913,1000000,1000000
2021-09-10 12:31:08.359000,1.25929,1.25918,1000000,1500000
2021-09-10 12:31:08.410000,1.25931,1.25922,1570000,1000000
2021-09-10 12:31:08.511000,1.25935,1.25923,1750000,2250000
2021-09-10 12:31:08.562000,1.25935,1.25925,1250000,1500000
2021-09-10 12:31:08.613000,1.25939,1.25929,1100000,1000000
2021-09-10 12:31:08.664000,1.25939,1.25927,1000000,1500000
2021-09-10 12:31:08.765000,1.25939,1.25929,1000000,1000000
2021-09-10 12:31:08.816000,1.25939,1.25929,1100000,1000000
2021-09-10 12:31:09.284000,1.25945,1.25931,1500000,1000000
2021-09-10 12:31:09.335000,1.25951,1.25943,1000000,1000000
2021-09-10 12:31:09.436000,1.2595,1.25941,1000000,1000000
2021-09-10 12:31:09.689000,1.25952,1.25943,1700000,1000000
2021-09-10 12:31:09.841000,1.25951,1.25943,2640000,1000000
2021-09-10 12:31:10.196000,1.25954,1.25943,1100000,1000000
2021-09-10 12:31:10.348000,1.25953,1.25943,2260000,1000000
2021-09-10 12:31:10.500000,1.25954,1.25943,1910000,1000000
2021-09-10 12:31:10.602000,1.25952,1.25939,2660000,1000000
2021-09-10 12:31:11.135000,1.25951,1.25939,1600000,1000000
2021-09-10 12:31:11.325000,1.25951,1.25939,1600000,1000000
2021-09-10 12:31:11.461000,1.25951,1.25941,1000000,1000000
2021-09-10 12:31:13.507000,1.25947,1.25935,1410000,1000000
2021-09-10 12:31:13.558000,1.25942,1.25933,1100000,1000000
2021-09-10 12:31:13.659000,1.25942,1.25932,1100000,1000000
2021-09-10 12:31:13.710000,1.25941,1.25931,1970000,1000000
2021-09-10 12:31:13.761000,1.2594,1.2593,2470000,1000000
2021-09-10 12:31:14.649000,1.2594,1.25927,2320000,1000000
2021-09-10 12:31:14.957000,1.25937,1.25928,1000000,1000000
2021-09-10 12:31:15.948000,1.25934,1.25923,1500000,1000000
2021-09-10 12:31:16.049000,1.25931,1.2592,1100000,1000000
2021-09-10 12:31:16.150000,1.25931,1.2592,1700000,1000000
2021-09-10 12:31:16.475000,1.25925,1.25913,1750000,1000000
2021-09-10 12:31:16.526000,1.25921,1.25911,1570000,1500000
2021-09-10 12:31:16.577000,1.2592,1.25909,1000000,1000000
2021-09-10 12:31:16.678000,1.25921,1.2591,1870000,1000000
2021-09-10 12:31:16.981000,1.25921,1.25909,1000000,1000000
2021-09-10 12:31:17.327000,1.25923,1.25914,1500000,1000000
2021-09-10 12:31:17.378000,1.25927,1.25914,1500000,1000000
2021-09-10 12:31:17.479000,1.25928,1.25915,2620000,1000000
2021-09-10 12:31:18.465000,1.25927,1.25917,2250000,1000000
2021-09-10 12:31:18.848000,1.25928,1.25915,2250000,1000000
2021-09-10 12:31:19.101000,1.25926,1.25913,1500000,1000000
2021-09-10 12:31:19.203000,1.25927,1.25914,1950000,1000000
2021-09-10 12:31:19.355000,1.25928,1.25916,1600000,1000000
2021-09-10 12:31:19.507000,1.25928,1.25916,1200000,1000000
2021-09-10 12:31:20.109000,1.25927,1.25918,1120000,1000000
2021-09-10 12:31:20.210000,1.25928,1.25918,1100000,1000000
2021-09-10 12:31:20.963000,1.25928,1.25917,1000000,1000000
2021-09-10 12:31:22.280000,1.25927,1.25917,1000000,1000000
2021-09-10 12:31:22.532000,1.25928,1.25922,1000000,1000000
2021-09-10 12:31:22.583000,1.25935,1.25923,3450000,1000000
2021-09-10 12:31:22.937000,1.25936,1.25924,1720000,1000000
2021-09-10 12:31:23.341000,1.25936,1.25924,1500000,1000000
2021-09-10 12:31:23.751000,1.25936,1.25923,2250000,1000000
2021-09-10 12:31:23.852000,1.25935,1.25924,2370000,1000000
2021-09-10 12:31:24.055000,1.25936,1.25924,1500000,1000000
2021-09-10 12:31:24.206000,1.25935,1.25924,1000000,1000000
2021-09-10 12:31:24.307000,1.25936,1.25923,1500000,1000000
2021-09-10 12:31:24.409000,1.25936,1.25924,1500000,1000000
2021-09-10 12:31:24.560000,1.25935,1.25924,1120000,1000000
2021-09-10 12:31:25.468000,1.25936,1.25924,1500000,1000000
2021-09-10 12:31:26.177000,1.25936,1.25925,1120000,1000000
2021-09-10 12:31:26.279000,1.25936,1.25926,1870000,1000000
2021-09-10 12:31:26.380000,1.25936,1.25924,1000000,1000000
2021-09-10 12:31:26.582000,1.25936,1.25925,1000000,1000000
2021-09-10 12:31:26.633000,1.25936,1.25923,1500000,1000000
2021-09-10 12:31:29.024000,1.25935,1.25922,1000000,1000000
2021-09-10 12:31:30.192000,1.25933,1.25922,1000000,1000000
2021-09-10 12:31:31.050000,1.25933,1.2592,1000000,1000000
2021-09-10 12:31:31.419000,1.25933,1.25922,1000000,1000000
2021-09-10 12:31:31.520000,1.25935,1.25922,1000000,1000000
2021-09-10 12:31:32.633000,1.25935,1.25923,1500000,1000000
2021-09-10 12:31:32.835000,1.25936,1.2593,1120000,1000000
2021-09-10 12:31:32.886000,1.25943,1.25933,1120000,1000000
2021-09-10 12:31:32.987000,1.25943,1.25932,1000000,1500000
2021-09-10 12:31:33.038000,1.25938,1.25928,1000000,1000000
2021-09-10 12:31:33.089000,1.25937,1.25924,1000000,1000000
2021-09-10 12:31:34.764000,1.25944,1.25933,1500000,2000000
2021-09-10 12:31:34.865000,1.25946,1.25935,1000000,1120000
2021-09-10 12:31:34.987000,1.25947,1.25934,1000000,1500000
2021-09-10 12:31:35.089000,1.25947,1.25934,1000000,1000000
2021-09-10 12:31:35.242000,1.25947,1.25936,1500000,1000000
2021-09-10 12:31:35.343000,1.25949,1.25936,1870000,1000000
2021-09-10 12:31:35.988000,1.25948,1.25935,1000000,1000000
2021-09-10 12:31:36.089000,1.25948,1.25934,1000000,1000000
2021-09-10 12:31:36.640000,1.25955,1.25942,2000000,1870000
2021-09-10 12:31:36.691000,1.25956,1.25943,1500000,1000000
2021-09-10 12:31:36.792000,1.25955,1.25946,1250000,1000000
2021-09-10 12:31:36.894000,1.25949,1.25941,1000000,1000000
2021-09-10 12:31:36.944000,1.25948,1.25935,1000000,1500000
2021-09-10 12:31:36.995000,1.25946,1.25934,1000000,1620000
2021-09-10 12:31:37.096000,1.25945,1.25934,1000000,1000000
2021-09-10 12:31:37.762000,1.25944,1.25934,1000000,1000000
2021-09-10 12:31:38.612000,1.25944,1.25937,1120000,1000000
2021-09-10 12:31:38.713000,1.25947,1.25934,1500000,1000000
2021-09-10 12:31:38.764000,1.25946,1.25937,1500000,1000000
2021-09-10 12:31:38.865000,1.25947,1.25935,1500000,1000000
2021-09-10 12:31:38.966000,1.25947,1.25935,1000000,1000000
2021-09-10 12:31:39.385000,1.25948,1.25938,1000000,1000000
2021-09-10 12:31:39.757000,1.25948,1.25936,1000000,2250000
2021-09-10 12:31:39.859000,1.25947,1.25936,1000000,1500000
2021-09-10 12:31:40.579000,1.25945,1.25934,1000000,1000000
2021-09-10 12:31:40.680000,1.25945,1.25935,1000000,1000000
2021-09-10 12:31:41.198000,1.25949,1.25937,1000000,1500000
2021-09-10 12:31:41.299000,1.25951,1.25941,1120000,1000000
2021-09-10 12:31:41.703000,1.25954,1.25941,1250000,1870000
2021-09-10 12:31:41.807000,1.25954,1.25942,1250000,1000000
2021-09-10 12:31:43.929000,1.25954,1.25944,1000000,1000000
2021-09-10 12:31:44.030000,1.2596,1.25949,1000000,1000000
2021-09-10 12:31:44.233000,1.25961,1.25949,1500000,1000000
2021-09-10 12:31:44.695000,1.2596,1.2595,1000000,1000000
2021-09-10 12:31:46.320000,1.25963,1.2595,1120000,1870000
2021-09-10 12:31:46.372000,1.25964,1.25953,1500000,1000000
2021-09-10 12:31:46.473000,1.25967,1.25956,1720000,1000000
2021-09-10 12:31:46.523000,1.25968,1.25955,1720000,1000000
2021-09-10 12:31:48.134000,1.25965,1.25953,1500000,1000000
2021-09-10 12:31:48.437000,1.25966,1.25955,1600000,1000000
2021-09-10 12:31:48.538000,1.25967,1.25956,1700000,1000000
2021-09-10 12:31:48.771000,1.2597,1.25956,1500000,2750000
2021-09-10 12:31:48.822000,1.25973,1.25961,2320000,1000000
2021-09-10 12:31:48.923000,1.25973,1.25962,1120000,1000000
2021-09-10 12:31:50.358000,1.25975,1.25961,1620000,1500000
2021-09-10 12:31:50.560000,1.25972,1.25959,1500000,1000000
2021-09-10 12:31:50.661000,1.25972,1.25958,1620000,1500000
2021-09-10 12:31:51.024000,1.25966,1.25959,1000000,1000000
2021-09-10 12:31:51.126000,1.25966,1.25954,1600000,1000000
2021-09-10 12:31:51.227000,1.25966,1.25954,1000000,1000000
2021-09-10 12:31:51.328000,1.25964,1.2595,1100000,1120000
2021-09-10 12:31:51.429000,1.25964,1.2595,1600000,1000000
2021-09-10 12:31:52.103000,1.25964,1.25951,1600000,1000000
2021-09-10 12:31:52.204000,1.25963,1.2595,1600000,1000000
2021-09-10 12:31:52.613000,1.25958,1.2595,1000000,1000000
2021-09-10 12:31:53.071000,1.25962,1.25952,1500000,1000000
2021-09-10 12:31:53.274000,1.25964,1.25952,1000000,1000000
2021-09-10 12:31:53.455000,1.25967,1.25957,1000000,1000000
2021-09-10 12:31:53.708000,1.25967,1.25958,1000000,1000000
2021-09-10 12:31:53.810000,1.25964,1.25953,1000000,1500000
2021-09-10 12:31:53.860000,1.25963,1.25952,1000000,1000000
2021-09-10 12:31:54.062000,1.25962,1.25952,1000000,1000000
2021-09-10 12:31:54.315000,1.25962,1.25951,1000000,1000000
2021-09-10 12:31:54.417000,1.25962,1.25952,1000000,1000000
2021-09-10 12:31:55.522000,1.25959,1.25952,1000000,1000000
2021-09-10 12:31:55.623000,1.2596,1.25952,1000000,1000000
2021-09-10 12:31:57.755000,1.25962,1.25952,1000000,1000000
2021-09-10 12:31:58.443000,1.25962,1.25953,1000000,1570000
2021-09-10 12:31:58.545000,1.25964,1.25953,1000000,1700000
2021-09-10 12:31:58.646000,1.25963,1.25954,1000000,1700000
2021-09-10 12:31:58.759000,1.25963,1.25954,1000000,1570000
2021-09-10 12:31:59.793000,1.25966,1.25956,1000000,1000000
2021-09-10 12:31:59.894000,1.25966,1.25958,1000000,1120000
2021-09-10 12:32:00.583000,1.25966,1.25956,1000000,2700000
2021-09-10 12:32:00.634000,1.25964,1.25956,1000000,1950000
2021-09-10 12:32:00.685000,1.25968,1.25956,1570000,1570000
2021-09-10 12:32:00.786000,1.25963,1.25954,1000000,1570000
2021-09-10 12:32:00.888000,1.25964,1.25955,1000000,1000000
2021-09-10 12:32:00.989000,1.25965,1.25955,1000000,1620000
2021-09-10 12:32:01.090000,1.25966,1.25956,1000000,1620000
2021-09-10 12:32:01.191000,1.25966,1.25956,1000000,1950000
2021-09-10 12:32:01.480000,1.25963,1.25955,1000000,1950000
2021-09-10 12:32:01.733000,1.25962,1.25952,2000000,1200000
2021-09-10 12:32:01.784000,1.25957,1.25945,2250000,1500000
2021-09-10 12:32:01.886000,1.25948,1.25938,1000000,3070000
2021-09-10 12:32:01.987000,1.25949,1.25938,2000000,1950000
2021-09-10 12:32:02.088000,1.25943,1.25933,1000000,2700000
2021-09-10 12:32:02.190000,1.25941,1.25933,1000000,1200000
2021-09-10 12:32:02.291000,1.25939,1.25932,1000000,1500000
2021-09-10 12:32:02.392000,1.25941,1.25931,1000000,1500000
2021-09-10 12:32:02.797000,1.25941,1.2593,1000000,1120000
2021-09-10 12:32:02.898000,1.25939,1.25931,1000000,1120000
2021-09-10 12:32:03.051000,1.2594,1.25931,1000000,1000000
2021-09-10 12:32:03.428000,1.25942,1.25933,1000000,1000000
2021-09-10 12:32:03.529000,1.25947,1.25936,2190000,1250000
2021-09-10 12:32:03.630000,1.25946,1.25936,1870000,1250000
2021-09-10 12:32:03.755000,1.25941,1.25932,1000000,3570000
2021-09-10 12:32:03.859000,1.25943,1.25931,1000000,3570000
2021-09-10 12:32:06.458000,1.25944,1.25932,1000000,1700000
2021-09-10 12:32:06.509000,1.25947,1.25934,1500000,1120000
2021-09-10 12:32:06.560000,1.25947,1.25936,1120000,1000000
2021-09-10 12:32:06.661000,1.25944,1.25932,1000000,1950000
2021-09-10 12:32:06.762000,1.25943,1.25933,1000000,1200000
2021-09-10 12:32:06.863000,1.25943,1.25932,1000000,1950000
2021-09-10 12:32:07.295000,1.25947,1.25937,1000000,2000000
2021-09-10 12:32:07.397000,1.25949,1.25937,1000000,2700000
2021-09-10 12:32:08.175000,1.2595,1.25937,1000000,3450000
2021-09-10 12:32:08.431000,1.25949,1.25937,1000000,1570000
2021-09-10 12:32:09.027000,1.2595,1.25937,1000000,3070000
2021-09-10 12:32:09.128000,1.2595,1.25938,1000000,2070000
2021-09-10 12:32:09.380000,1.25951,1.25939,1000000,1950000
2021-09-10 12:32:10.561000,1.25949,1.25938,1000000,1950000
2021-09-10 12:32:10.764000,1.25949,1.25936,1000000,2820000
2021-09-10 12:32:11.409000,1.25943,1.25937,1000000,1570000
2021-09-10 12:32:11.561000,1.25945,1.25937,1000000,1200000
2021-09-10 12:32:11.612000,1.25946,1.25933,1000000,2700000
2021-09-10 12:32:12.602000,1.25943,1.25933,1000000,1950000
2021-09-10 12:32:13.139000,1.25946,1.25938,1000000,1120000
2021-09-10 12:32:13.189000,1.25949,1.25938,1500000,1120000
2021-09-10 12:32:13.341000,1.25951,1.25937,1870000,1000000
2021-09-10 12:32:13.443000,1.25952,1.25938,1870000,1500000
2021-09-10 12:32:13.746000,1.25951,1.25938,1000000,1500000
2021-09-10 12:32:14.518000,1.25951,1.25938,1120000,1000000
2021-09-10 12:32:15.226000,1.2595,1.25937,1000000,2700000
2021-09-10 12:32:16.223000,1.25951,1.25938,1120000,1000000
2021-09-10 12:32:16.425000,1.25952,1.25939,1120000,1120000
2021-09-10 12:32:16.527000,1.25949,1.25938,1870000,1200000
2021-09-10 12:32:16.629000,1.25948,1.25935,1500000,1950000
2021-09-10 12:32:16.881000,1.25946,1.25934,1870000,1570000
2021-09-10 12:32:16.983000,1.25944,1.25935,1000000,1200000
2021-09-10 12:32:17.084000,1.25945,1.25932,1000000,2320000
2021-09-10 12:32:18.011000,1.25942,1.2593,1000000,1570000
2021-09-10 12:32:18.112000,1.25941,1.25931,1500000,1200000
2021-09-10 12:32:18.213000,1.25942,1.25928,1500000,1000000
2021-09-10 12:32:21.013000,1.25938,1.25925,1120000,1950000
2021-09-10 12:32:21.114000,1.25936,1.25926,1000000,1570000
2021-09-10 12:32:21.531000,1.25937,1.25923,1500000,1120000
2021-09-10 12:32:22.007000,1.25937,1.25924,1000000,1500000
2021-09-10 12:32:22.266000,1.25937,1.25926,1120000,1120000
2021-09-10 12:32:22.518000,1.25939,1.25926,1120000,1000000
2021-09-10 12:32:22.619000,1.25941,1.25927,1000000,1120000
2021-09-10 12:32:23.409000,1.25935,1.25926,1000000,3070000
2021-09-10 12:32:23.511000,1.25932,1.25919,1120000,3820000
2021-09-10 12:32:23.612000,1.2593,1.2592,1120000,1950000
2021-09-10 12:32:23.713000,1.2593,1.25917,1870000,1000000
2021-09-10 12:32:23.814000,1.25929,1.25916,1000000,1200000
2021-09-10 12:32:23.915000,1.25928,1.25915,1000000,1120000
2021-09-10 12:32:23.966000,1.25922,1.25914,1000000,1000000
2021-09-10 12:32:24.067000,1.25918,1.2591,1870000,1000000
2021-09-10 12:32:24.169000,1.25913,1.25902,1000000,3820000
2021-09-10 12:32:24.270000,1.25913,1.25899,2000000,1500000
2021-09-10 12:32:24.372000,1.25911,1.25898,1120000,1000000
2021-09-10 12:32:24.473000,1.25911,1.259,1120000,1000000
2021-09-10 12:32:24.524000,1.25911,1.25898,1120000,1000000
2021-09-10 12:32:25.232000,1.2591,1.25896,1870000,1500000
2021-09-10 12:32:25.383000,1.25908,1.25897,1000000,1000000
2021-09-10 12:32:25.586000,1.25903,1.25894,1000000,1000000
2021-09-10 12:32:25.637000,1.25904,1.2589,1000000,1120000
2021-09-10 12:32:25.738000,1.25903,1.2589,1000000,1000000
2021-09-10 12:32:25.890000,1.25904,1.2589,1000000,1000000
2021-09-10 12:32:26.416000,1.25905,1.25898,1500000,1000000
2021-09-10 12:32:26.467000,1.25911,1.25897,3000000,1000000
2021-09-10 12:32:26.568000,1.25911,1.25898,1000000,1000000
2021-09-10 12:32:26.670000,1.25907,1.25895,1000000,2320000
2021-09-10 12:32:26.720000,1.25906,1.25893,1000000,1250000
2021-09-10 12:32:26.974000,1.25899,1.25887,1500000,1500000
2021-09-10 12:32:27.025000,1.25899,1.25886,1500000,1950000
2021-09-10 12:32:27.076000,1.25897,1.25886,1000000,1950000
2021-09-10 12:32:27.229000,1.25897,1.25886,1000000,1120000
2021-09-10 12:32:27.330000,1.25898,1.25886,1000000,2000000
2021-09-10 12:32:27.914000,1.25901,1.25888,1000000,1120000
2021-09-10 12:32:28.015000,1.25899,1.25887,1000000,1000000
2021-09-10 12:32:28.066000,1.25898,1.25885,1000000,1570000
2021-09-10 12:32:28.167000,1.25897,1.25885,1000000,1000000
2021-09-10 12:32:28.268000,1.25897,1.25884,1000000,1000000
2021-09-10 12:32:28.470000,1.25896,1.25882,1000000,1500000
2021-09-10 12:32:28.621000,1.25896,1.25883,1810000,1000000
2021-09-10 12:32:28.672000,1.25892,1.2588,1500000,1250000
2021-09-10 12:32:28.774000,1.25892,1.25879,1000000,1200000
2021-09-10 12:32:28.875000,1.25892,1.25878,1000000,1350000
2021-09-10 12:32:29.046000,1.25892,1.25878,1000000,1800000
2021-09-10 12:32:29.635000,1.25887,1.25878,1120000,1000000
2021-09-10 12:32:29.686000,1.25888,1.25876,1000000,1200000
2021-09-10 12:32:29.787000,1.2589,1.25878,1500000,1000000
2021-09-10 12:32:29.888000,1.25889,1.25878,1000000,1000000
2021-09-10 12:32:30.020000,1.25889,1.25879,1000000,1000000
2021-09-10 12:32:30.522000,1.25891,1.25878,1000000,1870000
2021-09-10 12:32:30.674000,1.25888,1.25876,1000000,1000000
2021-09-10 12:32:30.725000,1.25886,1.25873,1000000,1870000
2021-09-10 12:32:30.775000,1.25886,1.25876,1000000,1000000
2021-09-10 12:32:30.927000,1.25887,1.25876,1000000,1000000
2021-09-10 12:32:31.028000,1.25886,1.25877,1000000,1000000
2021-09-10 12:32:31.129000,1.25886,1.25878,1000000,1000000
2021-09-10 12:32:33.340000,1.25887,1.25878,1000000,1000000
2021-09-10 12:32:33.899000,1.25889,1.25877,1000000,1000000
2021-09-10 12:32:33.950000,1.25891,1.25877,1120000,1500000
2021-09-10 12:32:34.051000,1.2589,1.25877,1000000,1000000
2021-09-10 12:32:34.351000,1.25889,1.25879,1000000,1000000
2021-09-10 12:32:34.402000,1.25895,1.25884,2750000,1500000
2021-09-10 12:32:34.503000,1.25898,1.25885,1000000,1870000
2021-09-10 12:32:34.604000,1.25898,1.25886,1000000,1870000
2021-09-10 12:32:35.419000,1.25899,1.25886,1000000,1000000
2021-09-10 12:32:35.521000,1.259,1.25886,1500000,1000000
2021-09-10 12:32:35.836000,1.25898,1.25887,1000000,1000000
2021-09-10 12:32:36.649000,1.25905,1.25894,2620000,1000000
2021-09-10 12:32:36.751000,1.25909,1.25895,2250000,1000000
2021-09-10 12:32:38.348000,1.25909,1.25896,1000000,1000000
2021-09-10 12:32:39.096000,1.25909,1.25895,1000000,1000000
2021-09-10 12:32:39.147000,1.2591,1.25901,1000000,1120000
2021-09-10 12:32:39.248000,1.25918,1.25905,2750000,1000000
2021-09-10 12:32:39.299000,1.25917,1.25903,2620000,1000000
2021-09-10 12:32:39.400000,1.25916,1.25902,1870000,1000000
2021-09-10 12:32:39.603000,1.25917,1.25905,1500000,1000000
2021-09-10 12:32:39.653000,1.25918,1.25906,2250000,1250000
2021-09-10 12:32:39.704000,1.25922,1.2591,3050000,1000000
2021-09-10 12:32:39.806000,1.25922,1.25911,2750000,1000000
2021-09-10 12:32:39.907000,1.25923,1.2591,1870000,1000000
2021-09-10 12:32:42.736000,1.25923,1.25916,1000000,1000000
2021-09-10 12:32:42.787000,1.25929,1.25918,2250000,1000000
2021-09-10 12:32:42.888000,1.2593,1.25921,1000000,1000000
2021-09-10 12:32:42.939000,1.25934,1.25921,2450000,1000000
2021-09-10 12:32:43.040000,1.25934,1.25921,1870000,1000000
2021-09-10 12:32:43.191000,1.25933,1.25923,1120000,1000000
2021-09-10 12:32:43.343000,1.25935,1.25923,1120000,1000000
2021-09-10 12:32:43.444000,1.25936,1.25923,2250000,1000000
2021-09-10 12:32:43.622000,1.25934,1.25923,1000000,1000000
2021-09-10 12:32:44.880000,1.25932,1.25921,1000000,1000000
2021-09-10 12:32:44.981000,1.25932,1.2592,1870000,1000000
2021-09-10 12:32:45.183000,1.25933,1.2592,1870000,1000000
2021-09-10 12:32:46.887000,1.25935,1.25924,1000000,1000000
2021-09-10 12:32:46.937000,1.25938,1.25926,1870000,1000000
2021-09-10 12:32:47.039000,1.25937,1.25925,1120000,1000000
2021-09-10 12:32:47.140000,1.25938,1.25925,2000000,1000000
2021-09-10 12:32:47.500000,1.25936,1.25925,1500000,1000000
2021-09-10 12:32:47.612000,1.25937,1.25925,1500000,1000000
2021-09-10 12:32:49.045000,1.25937,1.25924,2000000,1000000
2021-09-10 12:32:49.147000,1.25938,1.25925,1500000,1700000
2021-09-10 12:32:49.248000,1.25938,1.25928,1500000,1000000
2021-09-10 12:32:49.349000,1.2594,1.2593,1500000,1000000
2021-09-10 12:32:49.450000,1.25942,1.2593,1500000,1000000
2021-09-10 12:32:49.552000,1.25943,1.25932,2750000,1000000
2021-09-10 12:32:49.955000,1.25945,1.25932,2000000,1000000
2021-09-10 12:32:50.056000,1.25946,1.25933,2000000,1000000
2021-09-10 12:32:50.107000,1.25943,1.25932,1120000,1000000
2021-09-10 12:32:50.208000,1.25943,1.25931,1000000,1000000
2021-09-10 12:32:50.472000,1.25943,1.2593,1500000,1000000
2021-09-10 12:32:50.574000,1.2594,1.25926,2000000,1000000
2021-09-10 12:32:50.675000,1.2594,1.25927,1500000,1000000
2021-09-10 12:32:50.776000,1.2594,1.25928,1500000,1000000
2021-09-10 12:32:51.352000,1.25942,1.2593,1120000,1000000
2021-09-10 12:32:51.403000,1.25944,1.25933,1120000,1000000
2021-09-10 12:32:51.505000,1.25946,1.25933,1870000,1000000
2021-09-10 12:32:51.606000,1.25946,1.25934,1120000,1000000
2021-09-10 12:32:51.707000,1.25947,1.25934,1870000,1000000
2021-09-10 12:32:51.809000,1.25947,1.25935,1120000,1000000
2021-09-10 12:32:51.961000,1.25948,1.25936,1120000,1000000
2021-09-10 12:32:53.586000,1.25948,1.25936,2000000,1000000
2021-09-10 12:32:57.574000,1.25948,1.25935,2000000,1000000
2021-09-10 12:32:57.972000,1.25946,1.25935,1870000,1000000
2021-09-10 12:32:59.322000,1.25948,1.25935,2000000,1000000
2021-09-10 12:32:59.476000,1.25948,1.25936,1500000,1000000
2021-09-10 12:33:00.102000,1.25949,1.25937,2000000,1000000
2021-09-10 12:33:00.204000,1.25949,1.2594,1000000,3570000
2021-09-10 12:33:00.254000,1.25955,1.25946,1500000,1000000
2021-09-10 12:33:00.305000,1.25955,1.25943,1870000,1000000
2021-09-10 12:33:00.951000,1.25953,1.2594,1620000,1000000
2021-09-10 12:33:01.081000,1.25953,1.25941,1000000,1000000
2021-09-10 12:33:01.334000,1.25952,1.25942,1000000,1000000
2021-09-10 12:33:02.066000,1.25953,1.25942,1000000,1000000
2021-09-10 12:33:02.168000,1.25959,1.25951,1000000,1000000
2021-09-10 12:33:02.270000,1.25964,1.25953,1870000,1000000
2021-09-10 12:33:02.422000,1.25964,1.25951,2000000,1000000
2021-09-10 12:33:04.239000,1.25965,1.25955,1120000,1000000
2021-09-10 12:33:04.340000,1.25968,1.2596,1580000,1000000
2021-09-10 12:33:04.391000,1.25971,1.25959,1870000,1000000
2021-09-10 12:33:04.543000,1.25972,1.2596,1120000,1000000
2021-09-10 12:33:04.644000,1.25972,1.25961,1120000,1000000
2021-09-10 12:33:05.099000,1.25971,1.25961,1500000,1000000
2021-09-10 12:33:06.006000,1.25971,1.25959,1120000,1000000
2021-09-10 12:33:06.107000,1.2597,1.25957,5000000,1000000
2021-09-10 12:33:06.158000,1.25968,1.25955,2370000,1000000
2021-09-10 12:33:06.410000,1.25966,1.25955,1000000,1000000
2021-09-10 12:33:06.461000,1.25967,1.25954,1000000,1000000
2021-09-10 12:33:07.067000,1.25963,1.25951,1000000,1000000
2021-09-10 12:33:07.168000,1.25962,1.25952,1500000,1000000
2021-09-10 12:33:07.677000,1.25963,1.25951,1120000,1000000
2021-09-10 12:33:07.980000,1.25967,1.25956,1120000,1000000
2021-09-10 12:33:08.081000,1.2597,1.25958,1000000,1000000
2021-09-10 12:33:08.183000,1.25969,1.25956,1500000,1000000
2021-09-10 12:33:08.587000,1.25969,1.25956,1120000,1000000
2021-09-10 12:33:09.127000,1.25969,1.25956,3120000,1000000
2021-09-10 12:33:09.229000,1.25966,1.25956,1000000,1000000
2021-09-10 12:33:10.591000,1.25964,1.25954,1000000,1000000
2021-09-10 12:33:11.031000,1.25967,1.25956,1000000,1000000
2021-09-10 12:33:11.081000,1.2597,1.25958,1120000,1000000
2021-09-10 12:33:11.183000,1.25971,1.25958,1500000,1000000
2021-09-10 12:33:12.032000,1.25969,1.25956,1500000,1000000
2021-09-10 12:33:12.134000,1.25964,1.25953,1000000,1000000
2021-09-10 12:33:12.235000,1.25964,1.25952,1120000,1000000
2021-09-10 12:33:13.468000,1.25964,1.25951,1120000,1000000
2021-09-10 12:33:15.276000,1.25962,1.25952,1000000,1000000
2021-09-10 12:33:15.377000,1.25963,1.2595,1500000,1000000
2021-09-10 12:33:15.529000,1.25964,1.25951,1500000,1000000
2021-09-10 12:33:16.161000,1.25965,1.25952,2370000,1000000
2021-09-10 12:33:16.814000,1.25966,1.25957,1120000,1000000
2021-09-10 12:33:16.915000,1.25968,1.25957,1000000,1000000
2021-09-10 12:33:17.016000,1.2597,1.25957,2000000,1000000
2021-09-10 12:33:17.218000,1.25971,1.25959,2370000,1000000
2021-09-10 12:33:17.654000,1.2597,1.2596,2370000,1000000
2021-09-10 12:33:18.169000,1.25971,1.25957,3120000,1000000
2021-09-10 12:33:20.588000,1.25969,1.25958,1000000,1000000
2021-09-10 12:33:20.639000,1.25964,1.25954,1000000,1870000
2021-09-10 12:33:20.741000,1.25965,1.25954,2620000,1870000
2021-09-10 12:33:20.943000,1.25966,1.25954,1120000,1000000
2021-09-10 12:33:21.317000,1.25967,1.25954,1500000,1120000
2021-09-10 12:33:21.418000,1.25968,1.25955,1120000,1120000
2021-09-10 12:33:21.689000,1.25968,1.25955,1500000,1000000
2021-09-10 12:33:21.791000,1.25964,1.25954,2000000,1000000
2021-09-10 12:33:21.906000,1.25965,1.25956,1000000,1000000
2021-09-10 12:33:22.007000,1.25969,1.25956,2370000,1000000
2021-09-10 12:33:22.109000,1.25969,1.25957,1620000,1000000
2021-09-10 12:33:22.803000,1.25969,1.25956,1120000,1120000
2021-09-10 12:33:23.129000,1.25968,1.25957,1500000,1000000
2021-09-10 12:33:24.140000,1.25966,1.25955,2370000,1000000
2021-09-10 12:33:24.191000,1.25967,1.25954,1620000,1500000
2021-09-10 12:33:24.342000,1.25968,1.25955,1500000,1000000
2021-09-10 12:33:26.867000,1.25969,1.25956,1620000,1000000
2021-09-10 12:33:27.709000,1.25971,1.25958,3120000,1000000
2021-09-10 12:33:29.103000,1.2597,1.25959,2750000,1000000
2021-09-10 12:33:29.204000,1.25972,1.25959,2370000,1000000
2021-09-10 12:33:29.658000,1.25972,1.25961,1500000,1000000
2021-09-10 12:33:30.795000,1.25971,1.25959,1500000,1000000
2021-09-10 12:33:31.488000,1.25971,1.25958,2000000,1000000
2021-09-10 12:33:31.589000,1.25968,1.25957,1500000,1000000
2021-09-10 12:33:32.449000,1.25969,1.25956,1620000,1000000
2021-09-10 12:33:34.817000,1.25969,1.25958,1000000,1000000
2021-09-10 12:33:34.918000,1.25969,1.25957,1000000,1000000
2021-09-10 12:33:35.019000,1.2597,1.25959,2370000,1000000
2021-09-10 12:33:37.702000,1.25972,1.2596,1620000,1000000
2021-09-10 12:33:37.753000,1.25973,1.25962,3120000,1000000
2021-09-10 12:33:38.395000,1.25974,1.25961,1120000,1000000
2021-09-10 12:33:38.733000,1.25972,1.25959,2000000,1000000
2021-09-10 12:33:39.585000,1.25973,1.2596,2370000,1000000
2021-09-10 12:33:39.686000,1.25973,1.2596,1620000,1000000
2021-09-10 12:33:40.584000,1.25972,1.25959,1500000,1000000
2021-09-10 12:33:40.887000,1.25968,1.25958,1000000,1000000
2021-09-10 12:33:40.988000,1.25966,1.25953,2820000,1000000
2021-09-10 12:33:41.039000,1.25964,1.25951,1500000,1000000
2021-09-10 12:33:41.241000,1.25963,1.25952,1500000,1000000
2021-09-10 12:33:45.568000,1.25966,1.25952,2370000,1000000
2021-09-10 12:33:46.123000,1.25967,1.25954,1620000,1000000
2021-09-10 12:33:46.174000,1.25966,1.25957,1000000,1000000
2021-09-10 12:33:46.668000,1.25969,1.25957,1000000,1000000
2021-09-10 12:33:47.160000,1.2597,1.25959,1500000,1000000
2021-09-10 12:33:47.210000,1.25973,1.2596,2750000,1000000
2021-09-10 12:33:47.261000,1.25974,1.25961,1500000,2250000
2021-09-10 12:33:47.312000,1.25975,1.25964,1000000,1000000
2021-09-10 12:33:47.416000,1.25977,1.25967,1000000,1000000
2021-09-10 12:33:48.002000,1.2598,1.25967,1620000,1000000
2021-09-10 12:33:49.584000,1.2598,1.25969,1620000,1000000
2021-09-10 12:33:50.218000,1.25981,1.25968,1620000,1000000
2021-09-10 12:33:50.320000,1.25984,1.25971,3390000,1000000
2021-09-10 12:33:50.421000,1.25982,1.25969,1620000,1000000
2021-09-10 12:33:50.471000,1.2598,1.25969,2000000,1000000
2021-09-10 12:33:50.573000,1.25979,1.25969,1000000,1000000
2021-09-10 12:33:52.411000,1.2598,1.25967,1500000,2000000
2021-09-10 12:33:52.462000,1.25982,1.25971,1500000,1000000
2021-09-10 12:33:52.513000,1.25982,1.25969,3010000,1000000
2021-09-10 12:33:52.614000,1.25981,1.25968,2070000,1000000
2021-09-10 12:33:53.197000,1.2598,1.25967,1620000,1000000
2021-09-10 12:33:53.601000,1.25981,1.25968,1700000,1000000
2021-09-10 12:33:54.825000,1.25978,1.25968,1000000,1000000
2021-09-10 12:33:55.473000,1.2598,1.25968,1000000,1000000
2021-09-10 12:33:55.574000,1.25982,1.25969,1500000,1000000
2021-09-10 12:33:55.880000,1.25983,1.25971,1000000,1000000
2021-09-10 12:33:56.048000,1.25982,1.25973,1000000,1000000
2021-09-10 12:33:56.516000,1.25984,1.25972,1000000,1000000
2021-09-10 12:33:57.381000,1.25983,1.25973,1000000,1000000
2021-09-10 12:33:57.482000,1.25984,1.25973,1000000,1000000
2021-09-10 12:34:00.576000,1.25981,1.25968,1620000,1500000
2021-09-10 12:34:03.360000,1.2598,1.25967,2000000,1000000
2021-09-10 12:34:04.321000,1.25976,1.25965,2000000,1000000
2021-09-10 12:34:04.371000,1.25974,1.25964,1500000,1000000
2021-09-10 12:34:04.574000,1.25972,1.25964,1000000,1000000
2021-09-10 12:34:04.675000,1.25972,1.2596,1870000,1000000
2021-09-10 12:34:04.978000,1.25973,1.25965,1500000,1000000
2021-09-10 12:34:05.028000,1.25975,1.25965,1000000,1000000
2021-09-10 12:34:05.130000,1.25978,1.25965,5000000,1000000
2021-09-10 12:34:05.231000,1.25977,1.25966,2000000,1000000
2021-09-10 12:34:05.282000,1.25978,1.25969,1000000,1000000
2021-09-10 12:34:05.887000,1.25982,1.25971,2370000,1000000
2021-09-10 12:34:05.989000,1.25983,1.2597,2370000,1000000
2021-09-10 12:34:06.443000,1.25984,1.25972,1000000,1000000
2021-09-10 12:34:06.544000,1.25985,1.25974,2370000,1000000
2021-09-10 12:34:06.595000,1.25986,1.25973,1870000,1000000
2021-09-10 12:34:06.645000,1.25983,1.25974,1000000,1000000
2021-09-10 12:34:06.898000,1.25984,1.25971,1120000,1000000
2021-09-10 12:34:08.264000,1.25985,1.25972,3120000,1000000
2021-09-10 12:34:08.480000,1.2598,1.25968,1120000,1000000
2021-09-10 12:34:08.802000,1.25981,1.2597,1500000,1000000
2021-09-10 12:34:08.903000,1.25983,1.2597,2000000,1000000
2021-09-10 12:34:09.854000,1.25983,1.2597,1120000,1000000
2021-09-10 12:34:09.955000,1.25983,1.25972,1620000,1000000
2021-09-10 12:34:10.573000,1.25981,1.25969,1120000,1000000
2021-09-10 12:34:12.164000,1.2598,1.25969,1870000,1000000
2021-09-10 12:34:12.316000,1.25979,1.25966,1870000,1000000
2021-09-10 12:34:12.569000,1.25965,1.25956,1120000,4500000
2021-09-10 12:34:12.619000,1.25958,1.25945,2000000,1500000
2021-09-10 12:34:12.670000,1.2595,1.25944,1500000,1000000
2021-09-10 12:34:12.721000,1.25947,1.2594,1500000,1000000
2021-09-10 12:34:12.772000,1.25945,1.25935,1000000,2250000
2021-09-10 12:34:12.823000,1.25944,1.25932,1000000,1000000
2021-09-10 12:34:12.874000,1.25942,1.2593,1000000,1000000
2021-09-10 12:34:12.975000,1.25936,1.25929,1000000,1000000
2021-09-10 12:34:13.026000,1.25937,1.25926,1000000,1000000
2021-09-10 12:34:13.077000,1.25938,1.25927,1000000,1500000
2021-09-10 12:34:13.128000,1.25942,1.2593,1000000,1000000
2021-09-10 12:34:13.229000,1.25947,1.25934,1500000,1000000
2021-09-10 12:34:13.330000,1.25947,1.25934,1000000,1000000
2021-09-10 12:34:13.431000,1.2595,1.25937,1000000,1000000
2021-09-10 12:34:16.065000,1.25944,1.25935,1500000,1000000
2021-09-10 12:34:16.116000,1.25938,1.25931,1690000,1120000
2021-09-10 12:34:16.167000,1.25937,1.25924,3000000,1750000
2021-09-10 12:34:16.218000,1.25931,1.25922,1000000,1620000
2021-09-10 12:34:16.269000,1.25932,1.25921,1000000,1000000
2021-09-10 12:34:16.370000,1.25931,1.25918,1000000,1000000
2021-09-10 12:34:16.622000,1.25934,1.25921,2370000,1000000
2021-09-10 12:34:16.723000,1.25934,1.25921,1870000,1000000
2021-09-10 12:34:17.979000,1.25933,1.2592,1000000,1000000
2021-09-10 12:34:18.393000,1.25932,1.25919,1000000,1000000
2021-09-10 12:34:18.495000,1.2593,1.25919,1000000,1000000
2021-09-10 12:34:19.852000,1.2593,1.25917,1000000,1000000
2021-09-10 12:34:20.594000,1.25924,1.25913,1000000,1000000
2021-09-10 12:34:20.645000,1.25923,1.2591,1000000,1000000
2021-09-10 12:34:21.200000,1.25925,1.25913,1120000,1000000
2021-09-10 12:34:21.755000,1.25926,1.25913,1000000,1000000
2021-09-10 12:34:22.436000,1.25928,1.25915,1120000,1000000
2021-09-10 12:34:24.844000,1.25928,1.25917,1620000,1000000
2021-09-10 12:34:24.895000,1.2593,1.25917,1500000,1000000
2021-09-10 12:34:24.996000,1.2593,1.25918,1000000,1000000
2021-09-10 12:34:25.097000,1.25932,1.25921,1620000,1000000
2021-09-10 12:34:25.199000,1.25934,1.25921,2370000,1000000
2021-09-10 12:34:26.327000,1.25935,1.25922,2750000,1000000
2021-09-10 12:34:26.429000,1.25937,1.25924,4870000,1500000
2021-09-10 12:34:26.530000,1.25937,1.25926,1500000,1000000
2021-09-10 12:34:26.732000,1.25935,1.25923,1000000,1000000
2021-09-10 12:34:26.834000,1.25934,1.25922,1000000,1000000
2021-09-10 12:34:26.935000,1.25935,1.25922,2250000,1000000
2021-09-10 12:34:30.091000,1.25935,1.25924,2620000,1000000
2021-09-10 12:34:30.142000,1.25938,1.25926,1750000,1000000
2021-09-10 12:34:30.192000,1.25939,1.25926,1620000,1000000
2021-09-10 12:34:30.344000,1.25939,1.25926,1120000,1000000
2021-09-10 12:34:30.570000,1.25934,1.25922,1500000,1000000
2021-09-10 12:34:30.672000,1.25934,1.25924,1500000,1000000
2021-09-10 12:34:34.543000,1.25936,1.25923,1500000,1000000
2021-09-10 12:34:35.394000,1.25937,1.25925,1500000,1000000
2021-09-10 12:34:36.448000,1.25937,1.25925,1500000,1000000
2021-09-10 12:34:36.498000,1.25936,1.25923,1120000,1000000
2021-09-10 12:34:36.916000,1.25932,1.2592,1120000,1000000
2021-09-10 12:34:37.018000,1.25931,1.25918,1870000,1120000
2021-09-10 12:34:38.218000,1.25932,1.25922,3120000,1000000
2021-09-10 12:34:39.050000,1.25934,1.25921,2370000,1000000
2021-09-10 12:34:40.120000,1.25932,1.25921,1120000,1000000
2021-09-10 12:34:40.171000,1.25932,1.25919,2000000,1000000
2021-09-10 12:34:40.273000,1.25923,1.25912,1120000,1000000
2021-09-10 12:34:40.374000,1.25917,1.25908,1870000,2250000
2021-09-10 12:34:40.475000,1.25916,1.25905,1500000,1000000
2021-09-10 12:34:40.577000,1.25914,1.25902,1000000,1000000
2021-09-10 12:34:40.780000,1.25909,1.25899,1000000,1000000
2021-09-10 12:34:40.881000,1.25912,1.259,1500000,1000000
2021-09-10 12:34:41.803000,1.25912,1.259,1620000,1000000
2021-09-10 12:34:42.339000,1.25914,1.25902,1500000,1000000
2021-09-10 12:34:42.440000,1.25915,1.25902,1620000,1000000
2021-09-10 12:34:43.777000,1.25916,1.25904,1870000,1000000
2021-09-10 12:34:44.935000,1.25919,1.25909,1000000,1000000
2021-09-10 12:34:45.037000,1.25922,1.25911,3120000,1000000
2021-09-10 12:34:45.139000,1.25922,1.2591,1000000,1000000
2021-09-10 12:34:45.391000,1.25921,1.2591,1000000,1000000
2021-09-10 12:34:45.893000,1.25921,1.25911,1000000,1000000
2021-09-10 12:34:50.595000,1.25916,1.25904,1120000,1000000
2021-09-10 12:34:50.696000,1.25918,1.25905,2000000,1000000
2021-09-10 12:34:50.847000,1.25917,1.25904,3200000,1000000
2021-09-10 12:34:51.201000,1.25918,1.25906,2000000,1000000
2021-09-10 12:34:51.252000,1.25919,1.25906,2250000,1000000
2021-09-10 12:34:51.353000,1.2592,1.25907,3870000,1000000
2021-09-10 12:34:51.404000,1.25921,1.25909,2000000,1000000
2021-09-10 12:34:51.505000,1.25921,1.25911,1620000,1000000
2021-09-10 12:34:51.657000,1.25922,1.25909,2000000,1000000
2021-09-10 12:34:52.011000,1.25922,1.2591,2000000,1000000
2021-09-10 12:34:52.163000,1.25922,1.25909,2370000,1000000
2021-09-10 12:34:55.379000,1.25922,1.25909,2000000,1000000
2021-09-10 12:34:55.480000,1.25921,1.2591,2000000,1000000
2021-09-10 12:34:55.631000,1.25921,1.2591,2000000,1000000
2021-09-10 12:34:57.551000,1.25922,1.25911,3120000,1000000
2021-09-10 12:34:59.472000,1.25922,1.25912,2750000,1000000
2021-09-10 12:35:00.596000,1.25921,1.25909,1500000,1000000
2021-09-10 12:35:00.697000,1.25917,1.25905,2000000,1000000
2021-09-10 12:35:01.791000,1.25916,1.25903,2000000,1000000
2021-09-10 12:35:02.797000,1.25916,1.25903,2000000,1000000
2021-09-10 12:35:03.303000,1.25915,1.25904,1500000,1000000
2021-09-10 12:35:03.539000,1.25914,1.25904,1500000,1000000
2021-09-10 12:35:05.477000,1.25916,1.25906,2070000,1000000
2021-09-10 12:35:05.731000,1.25918,1.25907,1500000,1000000
2021-09-10 12:35:05.933000,1.25918,1.25907,1500000,1000000
2021-09-10 12:35:06.186000,1.25918,1.25908,1500000,1000000
2021-09-10 12:35:06.691000,1.25919,1.25907,1500000,1000000
2021-09-10 12:35:07.419000,1.2592,1.2591,1700000,1000000
2021-09-10 12:35:07.520000,1.25924,1.25915,1000000,1000000
2021-09-10 12:35:07.621000,1.25924,1.25914,2000000,1000000
2021-09-10 12:35:07.672000,1.25925,1.25913,1500000,1000000
2021-09-10 12:35:08.026000,1.25925,1.25916,1120000,1000000
2021-09-10 12:35:08.127000,1.25927,1.25917,1100000,1000000
2021-09-10 12:35:09.779000,1.25926,1.25916,1500000,1000000
2021-09-10 12:35:10.590000,1.25923,1.25912,2000000,1000000
2021-09-10 12:35:10.691000,1.25923,1.2591,1120000,1000000
2021-09-10 12:35:10.842000,1.25921,1.2591,1500000,1000000
2021-09-10 12:35:11.353000,1.25923,1.2591,1500000,1000000
2021-09-10 12:35:11.999000,1.25924,1.25911,2000000,1000000
2021-09-10 12:35:13.405000,1.25923,1.25913,1500000,1000000
2021-09-10 12:35:13.455000,1.25927,1.25914,2190000,1000000
2021-09-10 12:35:13.557000,1.25928,1.25915,3000000,1000000
2021-09-10 12:35:14.884000,1.25928,1.25916,1750000,1000000
2021-09-10 12:35:15.778000,1.25928,1.25917,1500000,1000000
2021-09-10 12:35:16.433000,1.2593,1.25917,1000000,1000000
2021-09-10 12:35:17.356000,1.2593,1.25918,1000000,1000000
2021-09-10 12:35:20.548000,1.25928,1.25919,1000000,1000000
2021-09-10 12:35:20.599000,1.25926,1.25914,1500000,1000000
2021-09-10 12:35:20.650000,1.25924,1.25912,1000000,1000000
2021-09-10 12:35:20.751000,1.25922,1.25912,1000000,1000000
2021-09-10 12:35:21.104000,1.25924,1.25914,1000000,1000000
2021-09-10 12:35:21.205000,1.25923,1.25913,1000000,1000000
2021-09-10 12:35:21.307000,1.25923,1.2591,1500000,1000000
2021-09-10 12:35:21.408000,1.25924,1.25911,1000000,1000000
2021-09-10 12:35:21.509000,1.25924,1.25913,1000000,1000000
2021-09-10 12:35:21.912000,1.25926,1.25915,1000000,1000000
2021-09-10 12:35:21.963000,1.25925,1.25914,1500000,1000000
2021-09-10 12:35:22.064000,1.25922,1.25911,1000000,1500000
2021-09-10 12:35:28.749000,1.25922,1.2591,1000000,1000000
2021-09-10 12:35:29.406000,1.25923,1.2591,1000000,1000000
2021-09-10 12:35:30.272000,1.25917,1.25904,1870000,1500000
2021-09-10 12:35:30.374000,1.25909,1.25901,1870000,1000000
2021-09-10 12:35:30.424000,1.25909,1.25899,4200000,1500000
2021-09-10 12:35:30.526000,1.25908,1.25898,1500000,1000000
2021-09-10 12:35:30.577000,1.25904,1.25894,2620000,1000000
2021-09-10 12:35:30.779000,1.25903,1.25894,1000000,1000000
2021-09-10 12:35:30.882000,1.25901,1.25895,1950000,1000000
2021-09-10 12:35:30.985000,1.25902,1.25893,3200000,1000000
2021-09-10 12:35:31.516000,1.25902,1.2589,1000000,1100000
2021-09-10 12:35:31.567000,1.25906,1.25897,2000000,1000000
2021-09-10 12:35:31.669000,1.25906,1.25897,1000000,1000000
2021-09-10 12:35:32.488000,1.25908,1.25897,1000000,1000000
2021-09-10 12:35:32.798000,1.25908,1.25898,1000000,1000000
2021-09-10 12:35:32.848000,1.25908,1.259,1000000,1000000
2021-09-10 12:35:32.949000,1.25908,1.25899,1000000,1000000
2021-09-10 12:35:33.101000,1.25908,1.25898,1000000,1000000
2021-09-10 12:35:33.413000,1.25909,1.25898,1870000,1000000
2021-09-10 12:35:33.514000,1.25908,1.25898,1690000,1000000
2021-09-10 12:35:33.615000,1.25904,1.25896,1500000,1000000
2021-09-10 12:35:33.716000,1.25905,1.25894,1000000,1000000
2021-09-10 12:35:33.767000,1.25904,1.25892,1120000,1000000
2021-09-10 12:35:33.817000,1.25902,1.25892,1000000,1000000
2021-09-10 12:35:33.969000,1.259,1.2589,1000000,1000000
2021-09-10 12:35:34.171000,1.259,1.25889,1000000,1000000
2021-09-10 12:35:35.863000,1.25898,1.2589,1000000,1000000
2021-09-10 12:35:40.552000,1.25898,1.25888,1000000,1000000
2021-09-10 12:35:40.653000,1.25899,1.25888,1000000,1000000
2021-09-10 12:35:40.754000,1.259,1.25889,1500000,1000000
2021-09-10 12:35:44.318000,1.25901,1.25889,3070000,1000000
2021-09-10 12:35:44.694000,1.259,1.2589,2720000,1000000
2021-09-10 12:35:44.979000,1.25901,1.25889,2700000,1000000
2021-09-10 12:35:45.580000,1.25901,1.2589,1500000,1000000
2021-09-10 12:35:47.195000,1.25902,1.25894,1000000,1000000
2021-09-10 12:35:47.307000,1.25905,1.25896,1000000,1000000
2021-09-10 12:35:47.408000,1.25908,1.25896,1760000,1000000
2021-09-10 12:35:48.177000,1.25907,1.25896,1000000,1000000
2021-09-10 12:35:48.875000,1.25908,1.25896,2510000,1000000
2021-09-10 12:35:49.762000,1.25907,1.25896,1000000,1000000
2021-09-10 12:35:49.920000,1.25907,1.25897,1000000,1000000
2021-09-10 12:35:50.576000,1.25904,1.25895,1000000,1000000
2021-09-10 12:35:50.677000,1.25904,1.25894,2700000,1000000
2021-09-10 12:35:52.052000,1.25905,1.25895,1570000,1000000
2021-09-10 12:35:52.919000,1.25905,1.25894,1570000,1000000
2021-09-10 12:35:53.460000,1.25906,1.25897,1000000,1000000
2021-09-10 12:35:53.561000,1.25907,1.25897,1570000,1000000
2021-09-10 12:35:53.662000,1.25907,1.25896,1570000,1000000
2021-09-10 12:35:53.915000,1.25906,1.25896,1000000,1000000
2021-09-10 12:35:54.016000,1.25906,1.25895,1500000,1000000
2021-09-10 12:35:54.463000,1.25905,1.25895,1000000,1000000
2021-09-10 12:35:55.151000,1.25903,1.25895,1000000,1000000
2021-09-10 12:35:55.692000,1.25905,1.25895,1500000,1000000
2021-09-10 12:35:55.746000,1.25902,1.25893,1000000,1000000
2021-09-10 12:35:56.040000,1.25901,1.2589,1100000,1000000
2021-09-10 12:35:56.142000,1.25903,1.25891,1850000,1000000
2021-09-10 12:35:56.243000,1.25904,1.25892,1200000,1000000
2021-09-10 12:35:57.261000,1.25903,1.25891,1570000,1000000
2021-09-10 12:35:57.362000,1.25903,1.25891,2350000,1000000
2021-09-10 12:35:57.832000,1.25902,1.25892,1870000,1000000
2021-09-10 12:35:58.862000,1.25903,1.25892,2250000,1000000
2021-09-10 12:35:59.925000,1.25905,1.25895,1500000,1000000
2021-09-10 12:36:00.026000,1.25905,1.25896,1000000,1000000
2021-09-10 12:36:00.178000,1.25908,1.25896,2320000,1000000
2021-09-10 12:36:00.363000,1.25907,1.25896,1000000,1000000
2021-09-10 12:36:00.464000,1.25905,1.25897,1120000,1000000
2021-09-10 12:36:00.565000,1.25903,1.25894,2250000,1000000
2021-09-10 12:36:00.667000,1.25904,1.25893,1500000,1000000
2021-09-10 12:36:01.994000,1.25904,1.25893,1600000,1000000
2021-09-10 12:36:02.184000,1.25904,1.25893,1600000,1000000
2021-09-10 12:36:02.384000,1.25903,1.25894,1600000,1000000
2021-09-10 12:36:03.060000,1.25904,1.25893,1600000,1000000
2021-09-10 12:36:03.263000,1.25903,1.25894,1600000,1000000
2021-09-10 12:36:04.189000,1.25906,1.25894,1970000,1000000
2021-09-10 12:36:04.290000,1.25906,1.25897,2100000,1000000
2021-09-10 12:36:04.391000,1.25906,1.25896,3600000,1000000
2021-09-10 12:36:08.264000,1.25907,1.25894,1970000,1000000
2021-09-10 12:36:08.493000,1.25908,1.25896,1600000,1000000
2021-09-10 12:36:08.800000,1.25909,1.25896,3600000,1000000
2021-09-10 12:36:08.951000,1.25909,1.25897,4410000,1000000
2021-09-10 12:36:09.055000,1.25908,1.25898,2070000,1000000
2021-09-10 12:36:09.156000,1.25911,1.25899,1220000,1000000
2021-09-10 12:36:09.257000,1.25911,1.25899,1220000,1000000
2021-09-10 12:36:09.358000,1.25914,1.25902,1600000,1000000
2021-09-10 12:36:09.460000,1.25911,1.25902,1100000,1000000
2021-09-10 12:36:10.195000,1.25914,1.25902,2470000,1000000
2021-09-10 12:36:13.919000,1.25907,1.25901,1000000,1000000
2021-09-10 12:36:14.020000,1.25911,1.259,3600000,1000000
2021-09-10 12:36:14.122000,1.25911,1.259,3100000,1000000
2021-09-10 12:36:16.110000,1.2591,1.25901,1570000,1000000
2021-09-10 12:36:16.776000,1.25911,1.259,1600000,1000000
2021-09-10 12:36:16.877000,1.2591,1.25899,1100000,1000000
2021-09-10 12:36:16.979000,1.25907,1.25897,1600000,1500000
2021-09-10 12:36:17.984000,1.25907,1.25897,2350000,1500000
2021-09-10 12:36:19.449000,1.25906,1.25896,1000000,1000000
2021-09-10 12:36:20.110000,1.25906,1.25897,1000000,1000000
2021-09-10 12:36:20.211000,1.25908,1.25897,1100000,1000000
2021-09-10 12:36:20.363000,1.25908,1.25897,1100000,1000000
2021-09-10 12:36:22.347000,1.25909,1.25897,1570000,1000000
2021-09-10 12:36:22.397000,1.2591,1.259,2250000,1000000
2021-09-10 12:36:22.499000,1.2591,1.25899,1600000,1000000
2021-09-10 12:36:24.132000,1.25912,1.259,2100000,1000000
2021-09-10 12:36:24.394000,1.25911,1.259,1100000,1000000
2021-09-10 12:36:26.526000,1.2591,1.259,1100000,1000000
2021-09-10 12:36:28.412000,1.2591,1.25898,1600000,1000000
2021-09-10 12:36:30.080000,1.2591,1.25897,5850000,1000000
2021-09-10 12:36:30.388000,1.25899,1.25888,1000000,2100000
2021-09-10 12:36:30.439000,1.25897,1.25886,1000000,1500000
2021-09-10 12:36:30.490000,1.25898,1.25887,1100000,1690000
2021-09-10 12:36:30.591000,1.25897,1.25887,1000000,1000000
2021-09-10 12:36:30.692000,1.25899,1.25886,1570000,1000000
2021-09-10 12:36:30.844000,1.25899,1.25886,1600000,1000000
2021-09-10 12:36:31.045000,1.25898,1.25887,1100000,1000000
2021-09-10 12:36:31.248000,1.259,1.25888,2350000,1000000
2021-09-10 12:36:31.824000,1.259,1.25888,1000000,1000000
2021-09-10 12:36:32.026000,1.25899,1.25889,1100000,1000000
2021-09-10 12:36:32.813000,1.259,1.25888,1100000,1000000
2021-09-10 12:36:34.942000,1.259,1.25888,1100000,1000000
2021-09-10 12:36:35.043000,1.25899,1.25888,1600000,1000000
2021-09-10 12:36:35.145000,1.25899,1.25888,1600000,1000000
2021-09-10 12:36:35.970000,1.25898,1.25888,1100000,1000000
2021-09-10 12:36:38.139000,1.25901,1.25888,1570000,1000000
2021-09-10 12:36:40.386000,1.259,1.2589,1100000,1000000
2021-09-10 12:36:40.740000,1.25904,1.25893,1000000,1000000
2021-09-10 12:36:40.841000,1.25906,1.25894,1100000,1000000
2021-09-10 12:36:41.874000,1.25905,1.25892,1100000,1000000
2021-09-10 12:36:42.227000,1.25902,1.25892,1600000,1000000
2021-09-10 12:36:42.278000,1.259,1.2589,1570000,1000000
2021-09-10 12:36:42.379000,1.25901,1.25888,3100000,1000000
2021-09-10 12:36:42.480000,1.25901,1.25888,3100000,1000000
2021-09-10 12:36:43.054000,1.25902,1.25889,2320000,1000000
2021-09-10 12:36:43.155000,1.25902,1.2589,1570000,1000000
2021-09-10 12:36:43.307000,1.25901,1.25891,1600000,1000000
2021-09-10 12:36:44.256000,1.25901,1.25888,2350000,1000000
2021-09-10 12:36:44.358000,1.25897,1.25885,1000000,1000000
2021-09-10 12:36:44.459000,1.25895,1.25883,1100000,1000000
2021-09-10 12:36:44.560000,1.25895,1.25882,2350000,1000000
2021-09-10 12:36:45.161000,1.25894,1.25884,1100000,1000000
2021-09-10 12:36:45.263000,1.25897,1.25886,1600000,1000000
2021-09-10 12:36:45.364000,1.259,1.25887,1600000,1000000
2021-09-10 12:36:47.454000,1.25901,1.25888,3100000,1000000
2021-09-10 12:36:48.563000,1.25903,1.2589,1100000,1000000
2021-09-10 12:36:48.664000,1.25904,1.25894,1600000,1000000
2021-09-10 12:36:48.766000,1.25906,1.25893,1100000,1000000
2021-09-10 12:36:49.018000,1.25906,1.25896,3100000,1000000
2021-09-10 12:36:49.119000,1.25907,1.25894,1570000,1000000
2021-09-10 12:36:49.220000,1.25907,1.25895,1100000,1000000
2021-09-10 12:36:49.321000,1.25907,1.25895,1100000,1000000
2021-09-10 12:36:49.422000,1.25907,1.25895,1100000,1000000
2021-09-10 12:36:49.523000,1.25907,1.25895,1600000,1000000
2021-09-10 12:36:49.624000,1.25907,1.25894,2350000,1000000
2021-09-10 12:36:49.891000,1.25906,1.25895,1570000,1000000
2021-09-10 12:36:50.497000,1.25906,1.25894,1100000,1000000
2021-09-10 12:36:50.598000,1.25904,1.25894,1600000,1000000
2021-09-10 12:36:50.649000,1.25904,1.25891,1100000,1000000
2021-09-10 12:36:52.449000,1.25904,1.25892,1000000,1000000
2021-09-10 12:36:52.500000,1.25903,1.2589,1100000,1000000
2021-09-10 12:36:52.817000,1.25904,1.25891,1100000,1000000
2021-09-10 12:36:52.867000,1.25905,1.25892,1950000,1000000
2021-09-10 12:36:53.170000,1.25906,1.25893,1500000,1000000
2021-09-10 12:36:54.332000,1.25901,1.2589,1000000,1500000
2021-09-10 12:36:54.383000,1.259,1.25889,1500000,1000000
2021-09-10 12:36:54.484000,1.259,1.25887,1000000,1000000
2021-09-10 12:36:55.131000,1.259,1.25889,1500000,1000000
2021-09-10 12:36:56.146000,1.25902,1.25889,1570000,1000000
2021-09-10 12:36:58.524000,1.25904,1.25894,1000000,1000000
2021-09-10 12:36:58.625000,1.25905,1.25892,1000000,1000000
2021-09-10 12:36:59.713000,1.25904,1.25891,1570000,1000000
2021-09-10 12:36:59.814000,1.25903,1.25889,1100000,1000000
2021-09-10 12:37:00.268000,1.25903,1.2589,1100000,1000000
2021-09-10 12:37:01.124000,1.25904,1.25894,1000000,1000000
2021-09-10 12:37:01.225000,1.25905,1.25894,1000000,1000000
2021-09-10 12:37:01.629000,1.25905,1.25892,1000000,1000000
2021-09-10 12:37:01.881000,1.25904,1.25891,1000000,1000000
2021-09-10 12:37:01.982000,1.25901,1.2589,1000000,1000000
2021-09-10 12:37:02.766000,1.259,1.25889,1000000,1000000
2021-09-10 12:37:07.136000,1.25904,1.25893,1000000,1000000
2021-09-10 12:37:07.287000,1.25906,1.25893,1000000,1000000
2021-09-10 12:37:07.549000,1.25907,1.25893,1000000,1000000
2021-09-10 12:37:09.009000,1.25904,1.25891,1000000,1500000
2021-09-10 12:37:09.110000,1.25902,1.2589,1000000,1000000
2021-09-10 12:37:09.262000,1.25902,1.25889,1500000,1000000
2021-09-10 12:37:09.363000,1.259,1.25887,1500000,1000000
2021-09-10 12:37:12.003000,1.25899,1.25886,1000000,1000000
2021-09-10 12:37:12.104000,1.25896,1.25883,1500000,1500000
2021-09-10 12:37:12.205000,1.25895,1.25883,1000000,1000000
2021-09-10 12:37:12.306000,1.25896,1.25883,1000000,1000000
2021-09-10 12:37:12.458000,1.25898,1.25885,1000000,1000000
2021-09-10 12:37:14.272000,1.25896,1.25885,1000000,1000000
2021-09-10 12:37:14.373000,1.2589,1.25879,1000000,1720000
2021-09-10 12:37:14.475000,1.25891,1.25878,1000000,1200000
2021-09-10 12:37:16.556000,1.2589,1.25877,1000000,1950000
2021-09-10 12:37:16.657000,1.25889,1.25876,1000000,1000000
2021-09-10 12:37:16.758000,1.25886,1.25875,1000000,2820000
2021-09-10 12:37:16.860000,1.25885,1.25872,1500000,1000000
2021-09-10 12:37:16.961000,1.25884,1.25871,1000000,1500000
2021-09-10 12:37:17.113000,1.25885,1.25872,1500000,1000000
2021-09-10 12:37:17.501000,1.25883,1.25871,1000000,1000000
2021-09-10 12:37:19.634000,1.25877,1.2587,1000000,1000000
2021-09-10 12:37:19.735000,1.25878,1.25866,1120000,1120000
2021-09-10 12:37:19.836000,1.25877,1.25864,1000000,1000000
2021-09-10 12:37:20.038000,1.25877,1.25866,1000000,1000000
2021-09-10 12:37:20.593000,1.25878,1.25866,1000000,1000000
2021-09-10 12:37:20.644000,1.2588,1.25867,1000000,1000000
2021-09-10 12:37:21.383000,1.25879,1.25867,1000000,1000000
2021-09-10 12:37:21.484000,1.25877,1.25866,1570000,1000000
2021-09-10 12:37:21.585000,1.25877,1.25864,1100000,1000000
2021-09-10 12:37:22.090000,1.25878,1.25865,1100000,1000000
2021-09-10 12:37:22.247000,1.25876,1.25863,1000000,1100000
2021-09-10 12:37:23.483000,1.25876,1.25864,1000000,1000000
2021-09-10 12:37:23.926000,1.25876,1.25863,1000000,1000000
2021-09-10 12:37:25.140000,1.25876,1.25865,1000000,1000000
2021-09-10 12:37:25.274000,1.25876,1.25867,1000000,1000000
2021-09-10 12:37:25.324000,1.25878,1.25867,1500000,1120000
2021-09-10 12:37:25.426000,1.25876,1.25863,1000000,2150000
2021-09-10 12:37:25.476000,1.25875,1.25864,1000000,1120000
2021-09-10 12:37:26.501000,1.25871,1.2586,1000000,1200000
2021-09-10 12:37:26.602000,1.25872,1.2586,1500000,1000000
2021-09-10 12:37:27.024000,1.25872,1.25861,1000000,1000000
2021-09-10 12:37:27.164000,1.25872,1.25859,2250000,1120000
2021-09-10 12:37:27.319000,1.25873,1.2586,1000000,1100000
2021-09-10 12:37:27.421000,1.25874,1.25861,1000000,1100000
2021-09-10 12:37:28.030000,1.25874,1.25863,1000000,1000000
2021-09-10 12:37:28.383000,1.25878,1.25865,1500000,2440000
2021-09-10 12:37:28.535000,1.25877,1.25864,1000000,1000000
2021-09-10 12:37:29.509000,1.25876,1.25864,1000000,1000000
2021-09-10 12:37:31.564000,1.25877,1.25864,1500000,1000000
2021-09-10 12:37:31.665000,1.25876,1.25864,1000000,1000000
2021-09-10 12:37:31.944000,1.25878,1.25865,1000000,1690000
2021-09-10 12:37:32.096000,1.25877,1.25865,1000000,1000000
2021-09-10 12:37:32.197000,1.25877,1.25864,1000000,1570000
2021-09-10 12:37:32.298000,1.25877,1.25865,1000000,1000000
2021-09-10 12:37:34.345000,1.25876,1.25865,1000000,1000000
2021-09-10 12:37:38.103000,1.25879,1.25866,1100000,1000000
2021-09-10 12:37:38.205000,1.25878,1.25868,1000000,1500000
2021-09-10 12:37:38.457000,1.25879,1.25866,4500000,1000000
2021-09-10 12:37:38.574000,1.25879,1.25867,1100000,1000000
2021-09-10 12:37:38.675000,1.25876,1.25866,1570000,1000000
2021-09-10 12:37:39.644000,1.25878,1.25866,1570000,1000000
2021-09-10 12:37:39.956000,1.25879,1.25866,1100000,1000000
2021-09-10 12:37:40.158000,1.25878,1.25866,1000000,1000000
2021-09-10 12:37:43.115000,1.25878,1.25869,3820000,1000000
2021-09-10 12:37:43.216000,1.2588,1.25869,1500000,1000000
2021-09-10 12:37:43.317000,1.2588,1.25868,2320000,1000000
2021-09-10 12:37:43.519000,1.25879,1.25868,3750000,1000000
2021-09-10 12:37:45.484000,1.25878,1.2587,3750000,1000000
2021-09-10 12:37:45.585000,1.25879,1.25867,3750000,1000000
2021-09-10 12:37:45.686000,1.25878,1.25869,3750000,1000000
2021-09-10 12:37:45.838000,1.2588,1.25867,2320000,1000000
2021-09-10 12:37:46.310000,1.25878,1.25868,3750000,1000000
2021-09-10 12:37:46.882000,1.25877,1.25867,2250000,1000000
2021-09-10 12:37:47.387000,1.25877,1.25865,1000000,1000000
2021-09-10 12:37:48.215000,1.25877,1.25864,1000000,1000000
2021-09-10 12:37:49.136000,1.25876,1.25867,1000000,1000000
2021-09-10 12:37:49.187000,1.25879,1.25867,1000000,1500000
2021-09-10 12:37:49.288000,1.2588,1.25872,1690000,1690000
2021-09-10 12:37:49.338000,1.25882,1.25871,6750000,1500000
2021-09-10 12:37:49.439000,1.25882,1.25872,1000000,1000000
2021-09-10 12:37:49.993000,1.25884,1.25871,1570000,1000000
2021-09-10 12:37:50.629000,1.25884,1.25871,1600000,1000000
2021-09-10 12:37:50.943000,1.25884,1.25871,2320000,1000000
2021-09-10 12:37:51.094000,1.25883,1.25871,1000000,1000000
2021-09-10 12:37:56.071000,1.25885,1.25873,2250000,2190000
2021-09-10 12:37:56.172000,1.25886,1.25876,1000000,1000000
2021-09-10 12:37:57.113000,1.25887,1.25878,1000000,1500000
2021-09-10 12:37:57.265000,1.25889,1.25877,1000000,1500000
2021-09-10 12:37:57.366000,1.25893,1.25886,1000000,1000000
2021-09-10 12:37:57.416000,1.25896,1.25888,1250000,1500000
2021-09-10 12:37:57.467000,1.259,1.25892,1000000,1000000
2021-09-10 12:37:57.568000,1.25902,1.25895,1500000,1000000
2021-09-10 12:37:57.669000,1.25907,1.25898,1000000,1000000
2021-09-10 12:37:57.771000,1.25908,1.25899,1100000,1000000
2021-09-10 12:37:57.872000,1.2591,1.259,1000000,1000000
2021-09-10 12:37:57.973000,1.25913,1.25903,1100000,1000000
2021-09-10 12:37:58.075000,1.25914,1.25904,1100000,1000000
2021-09-10 12:37:58.378000,1.2591,1.25902,1000000,1870000
2021-09-10 12:37:58.428000,1.25914,1.25902,1100000,1000000
2021-09-10 12:37:58.580000,1.25915,1.25903,1100000,1000000
2021-09-10 12:37:58.631000,1.25918,1.2591,1000000,1000000
2021-09-10 12:37:58.681000,1.25922,1.2591,1570000,1000000
2021-09-10 12:38:00.201000,1.25918,1.25907,2320000,1570000
2021-09-10 12:38:00.404000,1.25918,1.25906,1570000,1000000
2021-09-10 12:38:00.506000,1.25917,1.25905,1100000,1000000
2021-09-10 12:38:00.607000,1.25916,1.25906,1100000,1000000
2021-09-10 12:38:00.759000,1.25917,1.25905,1100000,1000000
2021-09-10 12:38:00.963000,1.25916,1.25906,1100000,1000000
2021-09-10 12:38:01.064000,1.25917,1.25905,1100000,1000000
2021-09-10 12:38:01.166000,1.25917,1.25905,1600000,1000000
2021-09-10 12:38:01.585000,1.25916,1.25903,1100000,1000000
2021-09-10 12:38:01.686000,1.25915,1.25903,1100000,1000000
2021-09-10 12:38:02.345000,1.25916,1.25903,1100000,1000000
2021-09-10 12:38:03.096000,1.25914,1.25904,1100000,1000000
2021-09-10 12:38:05.111000,1.25915,1.25905,1250000,1000000
2021-09-10 12:38:05.955000,1.25915,1.25903,1000000,1000000
2021-09-10 12:38:06.208000,1.25914,1.25902,1000000,1000000
2021-09-10 12:38:08.059000,1.25914,1.25901,1000000,1000000
2021-09-10 12:38:08.614000,1.25913,1.25903,1000000,1000000
2021-09-10 12:38:11.026000,1.25914,1.25901,1000000,2700000
2021-09-10 12:38:13.087000,1.25914,1.25904,1100000,1000000
2021-09-10 12:38:20.734000,1.25916,1.25903,1100000,1000000
2021-09-10 12:38:20.836000,1.25914,1.25904,1000000,1000000
2021-09-10 12:38:21.089000,1.25916,1.25903,1100000,1000000
2021-09-10 12:38:21.190000,1.25915,1.25903,1000000,1000000
2021-09-10 12:38:23.093000,1.25914,1.25902,1000000,1000000
2021-09-10 12:38:23.194000,1.25914,1.25901,1000000,1000000
2021-09-10 12:38:23.683000,1.25915,1.25902,1570000,1000000
2021-09-10 12:38:24.100000,1.25914,1.25902,1000000,1000000
2021-09-10 12:38:30.059000,1.25911,1.259,1000000,2320000
2021-09-10 12:38:30.160000,1.25912,1.25902,1500000,1000000
2021-09-10 12:38:32.037000,1.25912,1.259,2250000,1000000
2021-09-10 12:38:32.290000,1.25913,1.25901,1000000,1000000
2021-09-10 12:38:32.391000,1.25914,1.25902,1570000,1000000
2021-09-10 12:38:33.963000,1.25912,1.25903,1000000,1000000
2021-09-10 12:38:34.064000,1.25914,1.25902,1570000,1000000
2021-09-10 12:38:39.391000,1.25914,1.25904,1000000,1000000
2021-09-10 12:38:39.616000,1.25916,1.25907,1000000,1000000
2021-09-10 12:38:39.717000,1.25915,1.25905,1000000,1000000
2021-09-10 12:38:39.819000,1.25915,1.25904,1000000,1000000
2021-09-10 12:38:40.246000,1.25914,1.25906,1000000,1000000
2021-09-10 12:38:46.112000,1.25914,1.25907,1000000,1000000
2021-09-10 12:38:46.163000,1.25916,1.25907,1500000,1000000
2021-09-10 12:38:46.374000,1.2592,1.25909,1500000,1000000
2021-09-10 12:38:46.475000,1.25921,1.2591,1100000,1000000
2021-09-10 12:38:47.004000,1.25922,1.25911,1000000,1120000
2021-09-10 12:38:47.105000,1.25923,1.25914,1000000,1000000
2021-09-10 12:38:47.207000,1.25923,1.25913,1000000,1000000
2021-09-10 12:38:47.409000,1.2592,1.25912,1000000,1000000
2021-09-10 12:38:47.663000,1.2592,1.25913,1000000,1000000
2021-09-10 12:38:47.765000,1.25921,1.25911,1000000,1000000
2021-09-10 12:38:48.079000,1.2592,1.2591,1500000,1000000
2021-09-10 12:38:50.221000,1.25921,1.25911,1000000,1000000
2021-09-10 12:38:50.322000,1.25927,1.25916,1500000,1000000
2021-09-10 12:38:50.423000,1.25926,1.25918,1000000,1000000
2021-09-10 12:38:50.524000,1.25927,1.25916,1000000,1000000
2021-09-10 12:38:53.647000,1.25926,1.25915,1000000,1000000
2021-09-10 12:38:53.748000,1.25923,1.25913,1100000,1000000
2021-09-10 12:38:53.849000,1.25924,1.25912,1600000,1000000
2021-09-10 12:38:55.901000,1.25924,1.25912,2320000,1000000
2021-09-10 12:38:55.952000,1.25926,1.25916,1000000,1000000
2021-09-10 12:38:56.053000,1.25928,1.25919,1000000,1000000
2021-09-10 12:38:56.154000,1.2593,1.2592,1870000,1000000
2021-09-10 12:38:56.255000,1.25931,1.25921,1300000,1100000
2021-09-10 12:38:56.356000,1.25935,1.25922,1400000,1500000
2021-09-10 12:38:56.407000,1.25935,1.25928,1870000,1000000
2021-09-10 12:38:56.508000,1.25938,1.25927,1000000,1000000
2021-09-10 12:38:56.559000,1.25939,1.25929,1000000,1000000
2021-09-10 12:38:57.135000,1.2594,1.25929,1000000,1000000
2021-09-10 12:38:57.236000,1.25939,1.25929,1000000,1000000
2021-09-10 12:38:58.607000,1.25938,1.25929,1000000,1000000
2021-09-10 12:39:03.671000,1.2594,1.25928,1000000,1000000
2021-09-10 12:39:06.470000,1.25942,1.25929,3750000,1000000
2021-09-10 12:39:06.520000,1.25942,1.25933,1120000,1000000
2021-09-10 12:39:06.571000,1.25945,1.25933,1000000,1000000
2021-09-10 12:39:06.672000,1.25946,1.25933,1500000,1000000
2021-09-10 12:39:06.773000,1.25942,1.25931,1000000,1000000
2021-09-10 12:39:06.824000,1.25941,1.25928,1000000,1120000
2021-09-10 12:39:06.874000,1.25938,1.25928,1000000,1000000
2021-09-10 12:39:06.975000,1.25939,1.25926,1000000,1000000
2021-09-10 12:39:07.077000,1.25937,1.25927,1000000,1000000
2021-09-10 12:39:08.315000,1.25942,1.25933,1500000,1000000
2021-09-10 12:39:08.416000,1.25947,1.25935,1000000,1000000
2021-09-10 12:39:09.962000,1.25952,1.25943,1800000,1000000
2021-09-10 12:39:10.063000,1.25953,1.25943,1300000,1500000
2021-09-10 12:39:10.164000,1.25954,1.25944,1300000,1000000
2021-09-10 12:39:12.030000,1.25955,1.25942,1800000,1000000
2021-09-10 12:39:18.959000,1.25953,1.25941,1100000,1000000
2021-09-10 12:39:20.432000,1.25955,1.25942,1800000,1000000
2021-09-10 12:39:20.771000,1.25949,1.25938,1000000,1000000
2021-09-10 12:39:20.823000,1.25947,1.25936,1000000,1000000
2021-09-10 12:39:20.924000,1.25947,1.25935,1000000,1000000
2021-09-10 12:39:21.284000,1.25946,1.25934,1000000,1000000
2021-09-10 12:39:21.511000,1.25946,1.25935,1100000,1000000
2021-09-10 12:39:22.022000,1.25947,1.25935,1000000,1000000
2021-09-10 12:39:22.123000,1.25949,1.25937,1000000,1000000
2021-09-10 12:39:22.224000,1.25949,1.2594,1000000,1000000
2021-09-10 12:39:22.275000,1.25951,1.2594,1100000,1000000
2021-09-10 12:39:22.934000,1.25951,1.25939,1000000,1000000
2021-09-10 12:39:25.501000,1.25952,1.25941,1000000,1000000
2021-09-10 12:39:25.603000,1.25954,1.25942,1000000,1000000
2021-09-10 12:39:26.611000,1.25954,1.25943,1100000,1000000
2021-09-10 12:39:28.989000,1.25954,1.25942,1000000,1000000
2021-09-10 12:39:33.369000,1.25953,1.25941,1000000,1000000
2021-09-10 12:39:33.470000,1.25949,1.25939,1000000,1000000
2021-09-10 12:39:33.572000,1.25947,1.25937,1000000,1250000
2021-09-10 12:39:33.673000,1.25947,1.25935,1000000,1000000
2021-09-10 12:39:33.875000,1.25946,1.25935,1000000,1000000
2021-09-10 12:39:34.872000,1.25942,1.25931,1250000,1000000
2021-09-10 12:39:34.974000,1.25939,1.25928,1570000,1000000
2021-09-10 12:39:35.025000,1.25938,1.25926,1000000,1000000
2021-09-10 12:39:35.176000,1.25938,1.25925,1000000,1100000
2021-09-10 12:39:35.621000,1.25931,1.25923,1000000,1000000
2021-09-10 12:39:35.672000,1.2593,1.25921,1000000,1200000
2021-09-10 12:39:35.723000,1.2593,1.25918,1000000,1100000
2021-09-10 12:39:36.752000,1.25931,1.25919,1000000,1000000
2021-09-10 12:39:36.954000,1.25931,1.25921,1000000,1000000
2021-09-10 12:39:37.357000,1.2593,1.2592,1000000,1000000
2021-09-10 12:39:38.832000,1.25932,1.2592,1000000,1000000
2021-09-10 12:39:38.883000,1.25933,1.25922,1500000,1000000
2021-09-10 12:39:38.985000,1.25934,1.25922,1000000,1000000
2021-09-10 12:39:39.335000,1.25935,1.25922,1000000,1000000
2021-09-10 12:39:40.542000,1.25936,1.25926,1000000,1000000
2021-09-10 12:39:40.643000,1.25938,1.25925,1000000,1000000
2021-09-10 12:39:40.795000,1.25938,1.25926,1000000,1000000
2021-09-10 12:39:40.896000,1.25938,1.25928,1000000,1000000
2021-09-10 12:39:40.947000,1.2594,1.25929,1000000,1000000
2021-09-10 12:39:41.430000,1.2594,1.2593,1000000,1000000
2021-09-10 12:39:41.481000,1.25939,1.25927,1000000,1120000
2021-09-10 12:39:42.230000,1.25942,1.2593,1000000,1570000
2021-09-10 12:39:42.332000,1.25943,1.25933,1000000,1000000
2021-09-10 12:39:42.584000,1.25945,1.25933,1000000,1000000
2021-09-10 12:39:42.685000,1.25945,1.25932,1000000,1100000
2021-09-10 12:39:42.988000,1.25948,1.25935,1000000,1000000
2021-09-10 12:39:43.089000,1.25946,1.25933,1000000,1100000
2021-09-10 12:39:44.009000,1.25945,1.25933,1000000,1000000
2021-09-10 12:39:44.111000,1.25941,1.25929,1000000,1000000
2021-09-10 12:39:44.212000,1.25941,1.25928,1000000,1000000
2021-09-10 12:39:44.364000,1.25938,1.25928,1000000,1000000
2021-09-10 12:39:44.465000,1.25939,1.25928,1100000,1000000
2021-09-10 12:39:48.811000,1.25939,1.25929,1000000,1000000
2021-09-10 12:39:48.912000,1.2594,1.25929,1000000,1000000
2021-09-10 12:39:49.013000,1.25943,1.25931,1000000,1000000
2021-09-10 12:39:49.114000,1.25941,1.2593,1000000,1100000
2021-09-10 12:39:49.844000,1.25939,1.25927,1500000,1000000
2021-09-10 12:39:49.945000,1.25934,1.25924,2250000,1000000
2021-09-10 12:39:49.996000,1.25931,1.25921,1500000,1500000
2021-09-10 12:39:50.047000,1.25932,1.25919,1500000,1000000
2021-09-10 12:39:53.235000,1.25927,1.25915,1000000,1600000
2021-09-10 12:39:53.336000,1.25926,1.25916,1000000,1100000
2021-09-10 12:39:53.730000,1.25927,1.25915,1000000,1100000
2021-09-10 12:39:55.123000,1.25927,1.25915,1000000,1100000
2021-09-10 12:39:56.547000,1.25927,1.25915,1000000,1100000
2021-09-10 12:39:56.886000,1.25928,1.25918,1000000,1100000
2021-09-10 12:39:57.454000,1.25925,1.25914,1000000,1850000
2021-09-10 12:39:57.555000,1.25924,1.25911,1570000,1120000
2021-09-10 12:39:57.657000,1.25923,1.25911,1000000,1000000
2021-09-10 12:39:57.874000,1.25923,1.2591,1000000,1240000
2021-09-10 12:39:58.026000,1.2592,1.2591,1000000,1200000
2021-09-10 12:39:58.156000,1.25921,1.25908,1000000,1570000
2021-09-10 12:39:58.257000,1.2592,1.25908,1000000,1100000
2021-09-10 12:39:58.714000,1.25922,1.25909,1100000,1000000
2021-09-10 12:39:59.017000,1.25922,1.25911,1000000,1100000
2021-09-10 12:39:59.219000,1.25922,1.2591,1000000,1100000
2021-09-10 12:40:01.469000,1.25923,1.2591,1000000,1100000
2021-09-10 12:40:01.571000,1.25921,1.25911,1000000,1100000
2021-09-10 12:40:03.688000,1.25927,1.25916,1000000,1000000
2021-09-10 12:40:03.739000,1.25926,1.25914,1000000,1100000
2021-09-10 12:40:04.215000,1.25922,1.25912,1000000,2400000
2021-09-10 12:40:04.316000,1.25921,1.25908,1000000,1650000
2021-09-10 12:40:04.417000,1.25921,1.25908,1000000,1260000
2021-09-10 12:40:04.519000,1.25921,1.25908,1000000,1240000
2021-09-10 12:40:06.080000,1.2592,1.25909,1750000,1100000
2021-09-10 12:40:06.131000,1.25916,1.25904,1000000,1650000
2021-09-10 12:40:06.232000,1.25914,1.25902,1000000,1200000
2021-09-10 12:40:06.535000,1.25913,1.259,1000000,1100000
2021-09-10 12:40:07.003000,1.25911,1.25901,1000000,1100000
2021-09-10 12:40:08.335000,1.25911,1.25899,1000000,1100000
2021-09-10 12:40:09.995000,1.25912,1.25899,1000000,1100000
2021-09-10 12:40:10.255000,1.25911,1.25901,1000000,1000000
2021-09-10 12:40:10.596000,1.25914,1.25902,1000000,1000000
2021-09-10 12:40:11.279000,1.25914,1.25904,1000000,1000000
2021-09-10 12:40:11.497000,1.25914,1.25902,1000000,1000000
2021-09-10 12:40:12.902000,1.25913,1.25902,1000000,1100000
2021-09-10 12:40:13.003000,1.25914,1.25902,1000000,1000000
2021-09-10 12:40:13.104000,1.25914,1.25901,1000000,1100000
2021-09-10 12:40:13.769000,1.25914,1.25903,1000000,1000000
2021-09-10 12:40:15.513000,1.25914,1.25902,1000000,1000000
2021-09-10 12:40:18.129000,1.25915,1.25904,1000000,1000000
2021-09-10 12:40:18.494000,1.25918,1.25908,1000000,1000000
2021-09-10 12:40:18.545000,1.25919,1.25909,1000000,1000000
2021-09-10 12:40:21.083000,1.25921,1.25908,1000000,1000000
2021-09-10 12:40:22.841000,1.25921,1.2591,1500000,1000000
2021-09-10 12:40:22.892000,1.25916,1.25906,1500000,1000000
2021-09-10 12:40:22.993000,1.25917,1.25904,2320000,1950000
2021-09-10 12:40:23.341000,1.25915,1.25904,2820000,1000000
2021-09-10 12:40:23.442000,1.25909,1.25899,1250000,1000000
2021-09-10 12:40:23.493000,1.25908,1.25897,2570000,2620000
2021-09-10 12:40:23.594000,1.25907,1.25896,1000000,1000000
2021-09-10 12:40:23.897000,1.25907,1.25895,1000000,1000000
2021-09-10 12:40:25.467000,1.25908,1.25896,1000000,1000000
2021-09-10 12:40:25.719000,1.2591,1.25898,1000000,1000000
2021-09-10 12:40:25.821000,1.25911,1.259,1000000,1100000
2021-09-10 12:40:25.922000,1.25911,1.25898,1000000,1100000
2021-09-10 12:40:26.792000,1.25912,1.259,1000000,1000000
2021-09-10 12:40:27.390000,1.25913,1.259,1000000,1000000
2021-09-10 12:40:27.643000,1.25911,1.25901,1000000,1000000
2021-09-10 12:40:27.744000,1.25912,1.25899,1000000,1000000
2021-09-10 12:40:28.101000,1.25911,1.25899,1000000,1000000
2021-09-10 12:40:28.668000,1.2591,1.25899,1000000,1000000
2021-09-10 12:40:28.994000,1.25907,1.25894,1000000,2320000
2021-09-10 12:40:29.096000,1.25906,1.25893,1000000,2020000
2021-09-10 12:40:29.926000,1.25906,1.25894,1000000,1000000
2021-09-10 12:40:32.002000,1.25906,1.25895,1000000,1000000
2021-09-10 12:40:32.204000,1.25906,1.25894,1000000,1000000
2021-09-10 12:40:33.810000,1.25907,1.25894,1000000,1000000
2021-09-10 12:40:33.965000,1.25906,1.25894,1000000,1000000
2021-09-10 12:40:34.515000,1.25906,1.25895,1000000,1000000
2021-09-10 12:40:40.981000,1.25908,1.25895,1000000,1000000
2021-09-10 12:40:41.240000,1.25907,1.25894,1000000,1000000
2021-09-10 12:40:41.687000,1.25907,1.25895,1000000,1000000
2021-09-10 12:40:43.151000,1.25909,1.25897,1000000,1000000
2021-09-10 12:40:43.252000,1.25911,1.25898,1100000,1000000
2021-09-10 12:40:46.413000,1.2591,1.25898,1000000,1000000
2021-09-10 12:40:49.149000,1.25907,1.25894,1000000,1100000
2021-09-10 12:40:50.620000,1.25908,1.25895,1000000,1100000
2021-09-10 12:40:50.671000,1.2591,1.25897,1100000,1000000
2021-09-10 12:40:52.341000,1.25912,1.25901,1570000,1000000
2021-09-10 12:40:55.743000,1.25911,1.25898,1570000,1000000
2021-09-10 12:40:55.995000,1.2591,1.25897,1000000,1100000
2021-09-10 12:40:56.697000,1.25908,1.25895,1000000,1000000
2021-09-10 12:40:57.734000,1.25907,1.25895,1000000,1000000
2021-09-10 12:40:57.922000,1.25904,1.25893,1000000,1100000
2021-09-10 12:40:58.023000,1.25905,1.25894,1000000,1000000
2021-09-10 12:40:58.594000,1.25903,1.25893,1000000,1100000
