time,ask,bid,ask_volume,bid_volume
2021-01-28 15:25:01.707000,1.04294,1.04293,1120000,1000000
2021-01-28 15:25:05.142000,1.04295,1.04293,1690000,1200000
2021-01-28 15:25:06.268000,1.04294,1.04293,1500000,1000000
2021-01-28 15:25:18.774000,1.04295,1.04294,1000000,1000000
2021-01-28 15:25:18.976000,1.04296,1.04294,2810000,1000000
2021-01-28 15:25:20.061000,1.04296,1.04293,1690000,2510000
2021-01-28 15:25:20.755000,1.04295,1.04294,1500000,1000000
2021-01-28 15:25:24.664000,1.04295,1.04293,1000000,1690000
2021-01-28 15:25:29.052000,1.04294,1.04293,1000000,1000000
2021-01-28 15:25:30.903000,1.04293,1.04292,1000000,1690000
2021-01-28 15:25:34.201000,1.04292,1.04291,1000000,2250000
2021-01-28 15:25:34.252000,1.04291,1.04289,1000000,1500000
2021-01-28 15:25:34.404000,1.0429,1.04289,1500000,1000000
2021-01-28 15:25:38.136000,1.04291,1.04289,2060000,1000000
2021-01-28 15:25:38.237000,1.04293,1.0429,2620000,1000000
2021-01-28 15:25:38.389000,1.04295,1.04291,3570000,1000000
2021-01-28 15:25:38.491000,1.04294,1.04293,2250000,1000000
2021-01-28 15:25:39.635000,1.04291,1.0429,1000000,1000000
2021-01-28 15:25:39.737000,1.04291,1.0429,1000000,1000000
2021-01-28 15:25:39.788000,1.04292,1.04291,2620000,1000000
2021-01-28 15:25:40.446000,1.04289,1.04288,1000000,2250000
2021-01-28 15:25:41.103000,1.04289,1.04287,1000000,1000000
2021-01-28 15:25:41.865000,1.0429,1.04288,1570000,1000000
2021-01-28 15:25:42.068000,1.0429,1.04287,1500000,1000000
2021-01-28 15:25:46.023000,1.04283,1.04281,2500000,6150000
2021-01-28 15:25:46.125000,1.04283,1.04282,1690000,1000000
2021-01-28 15:25:46.280000,1.04285,1.04281,3850000,4120000
2021-01-28 15:25:46.382000,1.04284,1.04282,1570000,1000000
2021-01-28 15:25:46.585000,1.0428,1.04279,1500000,1000000
2021-01-28 15:25:46.686000,1.04281,1.04279,2060000,1000000
2021-01-28 15:25:48.543000,1.04274,1.04273,1000000,3750000
2021-01-28 15:25:48.644000,1.04275,1.04274,1500000,1000000
2021-01-28 15:25:48.745000,1.04278,1.04277,2250000,1000000
2021-01-28 15:25:48.948000,1.0428,1.04278,1570000,1750000
2021-01-28 15:25:48.999000,1.04283,1.04281,1700000,1000000
2021-01-28 15:25:49.101000,1.04283,1.04281,1570000,1000000
2021-01-28 15:25:49.864000,1.04285,1.04284,1000000,1000000
2021-01-28 15:25:49.966000,1.04285,1.04283,1100000,1500000
2021-01-28 15:25:55.052000,1.04288,1.04286,3070000,1000000
2021-01-28 15:25:55.154000,1.04289,1.04285,3260000,1000000
2021-01-28 15:25:56.847000,1.04283,1.04282,1690000,2250000
2021-01-28 15:25:56.949000,1.04284,1.04283,1500000,1000000
2021-01-28 15:25:57.750000,1.04279,1.04278,1690000,2250000
2021-01-28 15:25:57.801000,1.04279,1.04277,2890000,1000000
2021-01-28 15:25:58.471000,1.04285,1.04284,1250000,1500000
2021-01-28 15:25:58.572000,1.04288,1.04287,1200000,1000000
2021-01-28 15:25:58.724000,1.04286,1.04285,1000000,1120000
2021-01-28 15:25:58.826000,1.04287,1.04285,1100000,1000000
2021-01-28 15:26:00.493000,1.04284,1.04282,1000000,1000000
2021-01-28 15:26:00.544000,1.0428,1.04279,1000000,2250000
2021-01-28 15:26:01.181000,1.04279,1.04277,1000000,5430000
2021-01-28 15:26:01.232000,1.04277,1.04276,1500000,2250000
2021-01-28 15:26:01.333000,1.04278,1.04277,1000000,1000000
2021-01-28 15:26:02.612000,1.04276,1.04275,1000000,1620000
2021-01-28 15:26:02.764000,1.04278,1.04277,1500000,1000000
2021-01-28 15:26:03.017000,1.04279,1.04277,1500000,1500000
2021-01-28 15:26:03.118000,1.04279,1.04278,1000000,1000000
2021-01-28 15:26:03.526000,1.04281,1.0428,1000000,1000000
2021-01-28 15:26:03.678000,1.04282,1.04281,1000000,1000000
2021-01-28 15:26:06.603000,1.04284,1.04282,2250000,1000000
2021-01-28 15:26:06.655000,1.04282,1.04279,1000000,1500000
2021-01-28 15:26:06.808000,1.04282,1.0428,3190000,1000000
2021-01-28 15:26:07.594000,1.0428,1.04279,1000000,1000000
2021-01-28 15:26:07.746000,1.0428,1.04278,1570000,1000000
2021-01-28 15:26:10.526000,1.04278,1.04276,1690000,1000000
2021-01-28 15:26:10.578000,1.04279,1.04277,2510000,1500000
2021-01-28 15:26:10.680000,1.04279,1.04278,1000000,1000000
2021-01-28 15:26:14.053000,1.04282,1.0428,1000000,2200000
2021-01-28 15:26:14.154000,1.04284,1.04281,1000000,1000000
2021-01-28 15:26:14.255000,1.04284,1.04282,2510000,1000000
2021-01-28 15:26:19.054000,1.04286,1.04284,5620000,1000000
2021-01-28 15:26:19.105000,1.04287,1.04286,1000000,1000000
2021-01-28 15:26:19.206000,1.04289,1.04287,1000000,1000000
2021-01-28 15:26:19.308000,1.0429,1.04287,1000000,1000000
2021-01-28 15:26:20.516000,1.04287,1.04285,2700000,1000000
2021-01-28 15:26:21.025000,1.04286,1.04284,1200000,1500000
2021-01-28 15:26:21.379000,1.04286,1.04285,1000000,1000000
2021-01-28 15:26:21.480000,1.04288,1.04285,1200000,1000000
2021-01-28 15:26:21.733000,1.04286,1.04285,1000000,1000000
2021-01-28 15:26:21.835000,1.04285,1.04284,1000000,1000000
2021-01-28 15:26:28.668000,1.04287,1.04284,4140000,1000000
2021-01-28 15:26:28.821000,1.04286,1.04284,3640000,1000000
2021-01-28 15:26:30.043000,1.04287,1.04286,1120000,1250000
2021-01-28 15:26:30.094000,1.04289,1.04287,1000000,1000000
2021-01-28 15:26:30.195000,1.0429,1.04288,5570000,1000000
2021-01-28 15:26:30.297000,1.0429,1.04288,1950000,1000000
2021-01-28 15:26:30.909000,1.0429,1.04288,2700000,1000000
2021-01-28 15:26:32.045000,1.04283,1.04282,1500000,1500000
2021-01-28 15:26:32.147000,1.04284,1.04282,3310000,1000000
2021-01-28 15:26:32.249000,1.04284,1.04283,1000000,1000000
2021-01-28 15:26:32.350000,1.04285,1.04283,2510000,1000000
2021-01-28 15:26:32.451000,1.04285,1.04283,2510000,1000000
2021-01-28 15:26:32.964000,1.04285,1.04283,1950000,1000000
2021-01-28 15:26:33.116000,1.04285,1.04284,1500000,1000000
2021-01-28 15:26:34.469000,1.04289,1.04285,4870000,1000000
2021-01-28 15:26:34.520000,1.04291,1.04287,6370000,1500000
2021-01-28 15:26:34.621000,1.0429,1.04289,1000000,1000000
2021-01-28 15:26:34.723000,1.04291,1.04289,1690000,1000000
2021-01-28 15:26:37.604000,1.0429,1.04289,1000000,1000000
2021-01-28 15:26:46.873000,1.04288,1.04287,2510000,1500000
2021-01-28 15:26:47.516000,1.04286,1.04284,2890000,1500000
2021-01-28 15:26:47.617000,1.04285,1.04284,1390000,1000000
2021-01-28 15:26:47.719000,1.04284,1.04283,1950000,1000000
2021-01-28 15:26:50.525000,1.04285,1.04283,3560000,1000000
2021-01-28 15:26:50.626000,1.04285,1.04283,1690000,1000000
2021-01-28 15:27:13.451000,1.04283,1.04281,3640000,1000000
2021-01-28 15:27:13.553000,1.04283,1.04281,3760000,1500000
2021-01-28 15:27:13.655000,1.04281,1.0428,1250000,1500000
2021-01-28 15:27:13.756000,1.04283,1.04281,2890000,1000000
2021-01-28 15:27:13.858000,1.04284,1.04282,1760000,1000000
2021-01-28 15:27:17.140000,1.04281,1.04279,1950000,4370000
2021-01-28 15:27:17.241000,1.0428,1.04279,2320000,1500000
2021-01-28 15:27:17.343000,1.04279,1.04278,2510000,1500000
2021-01-28 15:27:17.494000,1.04279,1.04278,1760000,1500000
2021-01-28 15:27:18.132000,1.04279,1.04277,4820000,1500000
2021-01-28 15:27:18.385000,1.04278,1.04277,1000000,1000000
2021-01-28 15:27:18.436000,1.04274,1.04272,3070000,1500000
2021-01-28 15:27:18.537000,1.04274,1.04272,1510000,1500000
2021-01-28 15:27:18.653000,1.04275,1.04273,4570000,1500000
2021-01-28 15:27:19.273000,1.04274,1.04272,1760000,1500000
2021-01-28 15:27:19.374000,1.04274,1.04273,1310000,1500000
2021-01-28 15:27:19.628000,1.0427,1.04268,3320000,1500000
2021-01-28 15:27:19.730000,1.0427,1.04268,3820000,1500000
2021-01-28 15:27:20.963000,1.04267,1.04262,1500000,5750000
2021-01-28 15:27:21.014000,1.04262,1.04261,1000000,1500000
2021-01-28 15:27:21.115000,1.04266,1.04265,2400000,1500000
2021-01-28 15:27:21.216000,1.04267,1.04265,1760000,1000000
2021-01-28 15:27:21.318000,1.04268,1.04267,6190000,1500000
2021-01-28 15:27:21.419000,1.04268,1.04267,1690000,1500000
2021-01-28 15:27:21.521000,1.04267,1.04266,1000000,1500000
2021-01-28 15:27:21.622000,1.04269,1.04266,1250000,1500000
2021-01-28 15:27:21.984000,1.04269,1.04267,2140000,1000000
2021-01-28 15:27:22.035000,1.04271,1.04269,3150000,1000000
2021-01-28 15:27:22.186000,1.04272,1.0427,1100000,1000000
2021-01-28 15:27:22.288000,1.04273,1.04271,4010000,1000000
2021-01-28 15:27:22.441000,1.04273,1.04271,3640000,1000000
2021-01-28 15:27:22.745000,1.04274,1.04272,2320000,1000000
2021-01-28 15:27:23.402000,1.04274,1.04273,1690000,1500000
2021-01-28 15:27:24.501000,1.04271,1.04267,1010000,3000000
2021-01-28 15:27:24.602000,1.04269,1.04268,1250000,1000000
2021-01-28 15:27:24.704000,1.04268,1.04266,1820000,1500000
2021-01-28 15:27:24.806000,1.04269,1.04267,2560000,1500000
2021-01-28 15:27:24.908000,1.04269,1.04267,1310000,1500000
2021-01-28 15:27:25.010000,1.04269,1.04268,1310000,1000000
2021-01-28 15:27:27.791000,1.04268,1.04267,1000000,1000000
2021-01-28 15:27:29.552000,1.04269,1.04268,1250000,1000000
2021-01-28 15:27:34.227000,1.0427,1.04269,1100000,1500000
2021-01-28 15:27:34.429000,1.04272,1.04271,1780000,1000000
2021-01-28 15:27:34.480000,1.04274,1.04272,4010000,2500000
2021-01-28 15:27:34.581000,1.04275,1.04274,1690000,1000000
2021-01-28 15:27:34.784000,1.04275,1.04273,1250000,1500000
2021-01-28 15:27:35.736000,1.04265,1.04264,1690000,1000000
2021-01-28 15:27:35.939000,1.04266,1.04265,2060000,1500000
2021-01-28 15:27:36.040000,1.04268,1.04267,1760000,1000000
2021-01-28 15:27:36.091000,1.0427,1.04269,3370000,1000000
2021-01-28 15:27:36.193000,1.04272,1.04268,1250000,3070000
2021-01-28 15:27:36.294000,1.04272,1.04271,1000000,1250000
2021-01-28 15:27:36.346000,1.04274,1.04272,4390000,1000000
2021-01-28 15:27:36.397000,1.04275,1.04274,1200000,1500000
2021-01-28 15:27:39.356000,1.04274,1.04272,1200000,1000000
2021-01-28 15:27:39.407000,1.04271,1.04268,1390000,1000000
2021-01-28 15:27:39.611000,1.0427,1.04268,2570000,1500000
2021-01-28 15:27:40.219000,1.04269,1.04268,1250000,1500000
2021-01-28 15:27:43.423000,1.0427,1.04268,1760000,1000000
2021-01-28 15:27:43.524000,1.04272,1.04269,5910000,1000000
2021-01-28 15:27:43.625000,1.04272,1.04269,4410000,1000000
2021-01-28 15:27:43.727000,1.04269,1.04268,1000000,1120000
2021-01-28 15:27:43.828000,1.04268,1.04266,2510000,1000000
2021-01-28 15:27:43.930000,1.04268,1.04266,3250000,1000000
2021-01-28 15:27:44.202000,1.04264,1.04263,1500000,1000000
2021-01-28 15:27:44.809000,1.04259,1.04258,1000000,9560000
2021-01-28 15:27:44.860000,1.04261,1.04259,1500000,1000000
2021-01-28 15:27:44.962000,1.04262,1.0426,1950000,1000000
2021-01-28 15:27:45.489000,1.04262,1.04261,1120000,1000000
2021-01-28 15:27:46.443000,1.04263,1.04261,1950000,1000000
2021-01-28 15:27:46.696000,1.04262,1.04261,1000000,1000000
2021-01-28 15:27:46.797000,1.04263,1.04261,3260000,1000000
2021-01-28 15:27:48.830000,1.04262,1.04261,1000000,1000000
2021-01-28 15:27:54.052000,1.04263,1.04262,1000000,1000000
2021-01-28 15:27:55.044000,1.04265,1.04262,1120000,1000000
2021-01-28 15:27:55.095000,1.04267,1.04265,3070000,1000000
2021-01-28 15:27:55.196000,1.04264,1.04263,1500000,3000000
2021-01-28 15:27:55.305000,1.04264,1.04263,2060000,1000000
2021-01-28 15:27:56.149000,1.04266,1.04264,2810000,1000000
2021-01-28 15:27:56.201000,1.04267,1.04265,3220000,1000000
2021-01-28 15:28:00.254000,1.04266,1.04265,1250000,1000000
2021-01-28 15:28:00.355000,1.04264,1.04263,3560000,1500000
2021-01-28 15:28:00.457000,1.04263,1.04262,2440000,1000000
2021-01-28 15:28:00.558000,1.04263,1.0426,1500000,1000000
2021-01-28 15:28:10,1.04258,1.04257,1000000,1000000
2021-01-28 15:28:10.101000,1.04257,1.04256,1000000,1000000
2021-01-28 15:28:11.602000,1.04256,1.04255,1250000,1120000
2021-01-28 15:28:11.653000,1.04254,1.04251,1000000,2620000
2021-01-28 15:28:12.009000,1.04254,1.04253,2440000,1000000
2021-01-28 15:28:12.464000,1.04253,1.04252,1000000,1000000
2021-01-28 15:28:13.172000,1.04254,1.04253,1690000,1500000
2021-01-28 15:28:13.273000,1.04256,1.04254,1690000,1000000
2021-01-28 15:28:13.803000,1.04256,1.04255,1690000,1000000
2021-01-28 15:28:13.960000,1.04256,1.04254,1690000,1000000
2021-01-28 15:28:14.365000,1.04257,1.04254,1690000,1000000
2021-01-28 15:28:14.466000,1.04257,1.04256,1500000,1000000
2021-01-28 15:28:15.095000,1.04256,1.04254,2440000,1120000
2021-01-28 15:28:15.459000,1.04255,1.04254,1000000,1000000
2021-01-28 15:28:15.762000,1.04256,1.04255,2440000,1000000
2021-01-28 15:28:15.863000,1.04257,1.04256,3190000,1000000
2021-01-28 15:28:16.065000,1.04257,1.04256,3190000,1000000
2021-01-28 15:28:27.622000,1.04263,1.04261,9820000,1000000
2021-01-28 15:28:27.774000,1.04262,1.04261,1000000,1870000
2021-01-28 15:28:28.733000,1.04263,1.04262,1000000,1500000
2021-01-28 15:28:28.835000,1.04264,1.04263,1250000,1000000
2021-01-28 15:28:29.290000,1.04263,1.04262,1690000,1000000
2021-01-28 15:28:29.391000,1.04262,1.04261,1000000,1500000
2021-01-28 15:28:30.326000,1.04262,1.04259,1000000,1000000
2021-01-28 15:28:32.113000,1.04264,1.04263,1000000,1690000
2021-01-28 15:28:32.214000,1.04266,1.04265,1000000,1870000
2021-01-28 15:28:32.316000,1.04267,1.04266,1690000,1000000
2021-01-28 15:28:32.417000,1.04268,1.04266,1000000,2120000
2021-01-28 15:28:34.922000,1.04276,1.04274,11960000,1000000
2021-01-28 15:28:35.023000,1.04275,1.04274,1000000,1500000
2021-01-28 15:28:35.125000,1.04277,1.04274,2510000,1500000
2021-01-28 15:28:35.226000,1.04277,1.04275,1760000,1000000
2021-01-28 15:28:37.552000,1.04276,1.04275,1000000,1500000
2021-01-28 15:28:37.603000,1.04278,1.04277,1500000,1500000
2021-01-28 15:28:39.257000,1.04279,1.04278,1000000,1000000
2021-01-28 15:28:39.308000,1.0428,1.04279,2440000,1000000
2021-01-28 15:28:40.447000,1.04281,1.0428,1000000,1000000
2021-01-28 15:28:40.548000,1.04283,1.04282,1870000,1500000
2021-01-28 15:28:40.650000,1.04284,1.04283,1000000,1000000
2021-01-28 15:28:41.276000,1.04285,1.04284,1000000,1000000
2021-01-28 15:28:41.429000,1.04289,1.04288,3820000,1500000
2021-01-28 15:28:41.536000,1.04291,1.04289,1200000,1000000
2021-01-28 15:28:41.689000,1.04292,1.0429,1500000,1500000
2021-01-28 15:28:42.097000,1.04291,1.0429,1000000,1500000
2021-01-28 15:28:45.743000,1.04289,1.04288,1000000,2440000
2021-01-28 15:28:46,1.04287,1.04286,1000000,1870000
2021-01-28 15:28:46.102000,1.04286,1.04285,1000000,1690000
2021-01-28 15:28:46.406000,1.04285,1.04282,2700000,2440000
2021-01-28 15:28:46.457000,1.04283,1.04282,1000000,1310000
2021-01-28 15:28:51.544000,1.04281,1.0428,1000000,1120000
2021-01-28 15:28:53.009000,1.04283,1.04282,1500000,1000000
2021-01-28 15:28:53.111000,1.04284,1.04283,1000000,1000000
2021-01-28 15:28:53.946000,1.04284,1.04282,1000000,3190000
2021-01-28 15:28:55.402000,1.04282,1.0428,1690000,1000000
2021-01-28 15:28:55.504000,1.04281,1.04279,1000000,1570000
2021-01-28 15:28:56.432000,1.04281,1.0428,1000000,1000000
2021-01-28 15:28:58.709000,1.04283,1.04282,1870000,1500000
2021-01-28 15:28:58.810000,1.04284,1.04283,1120000,1000000
2021-01-28 15:28:59.648000,1.04285,1.04283,1000000,1000000
2021-01-28 15:29:00.113000,1.04286,1.04283,1000000,1000000
2021-01-28 15:29:02.462000,1.04284,1.04283,1000000,1000000
2021-01-28 15:29:02.564000,1.04285,1.04282,1000000,1000000
2021-01-28 15:29:03.655000,1.04285,1.04284,1000000,1000000
2021-01-28 15:29:08.714000,1.04285,1.04283,1700000,1000000
2021-01-28 15:29:08.816000,1.04285,1.04283,1100000,1000000
2021-01-28 15:29:12.430000,1.04287,1.04283,3370000,1000000
2021-01-28 15:29:12.531000,1.04287,1.04285,1570000,1000000
2021-01-28 15:29:13.007000,1.04286,1.04285,1000000,1000000
2021-01-28 15:29:17.466000,1.04285,1.04283,1010000,1000000
2021-01-28 15:29:17.567000,1.04285,1.04283,1390000,1000000
2021-01-28 15:29:18.330000,1.04286,1.04284,4760000,1000000
2021-01-28 15:29:19.051000,1.04283,1.0428,1000000,1000000
2021-01-28 15:29:19.152000,1.04281,1.0428,1250000,1000000
2021-01-28 15:29:19.546000,1.04283,1.04282,6000000,1500000
2021-01-28 15:29:19.597000,1.04285,1.04283,3770000,1000000
2021-01-28 15:29:19.750000,1.04283,1.04282,1000000,1000000
2021-01-28 15:29:19.903000,1.04284,1.04283,2440000,1000000
2021-01-28 15:29:22.581000,1.04281,1.0428,1570000,1500000
2021-01-28 15:29:23.187000,1.04283,1.04281,5510000,1000000
2021-01-28 15:29:24.817000,1.04284,1.04282,3000000,1500000
2021-01-28 15:29:24.919000,1.04284,1.04283,1120000,1500000
2021-01-28 15:29:26.107000,1.04284,1.04282,1000000,1500000
2021-01-28 15:29:28.759000,1.04284,1.04283,1250000,1000000
2021-01-28 15:29:29.183000,1.04285,1.04283,3640000,1000000
2021-01-28 15:29:29.447000,1.04285,1.04284,2700000,1000000
2021-01-28 15:29:30.787000,1.04288,1.04285,3070000,1500000
2021-01-28 15:29:30.837000,1.04288,1.04286,3820000,1000000
2021-01-28 15:29:30.989000,1.04287,1.04285,1200000,1000000
2021-01-28 15:29:33.321000,1.04288,1.04286,6260000,1000000
2021-01-28 15:29:35.030000,1.04286,1.04285,1570000,1000000
2021-01-28 15:29:35.486000,1.04285,1.04284,1570000,1000000
2021-01-28 15:29:35.587000,1.04286,1.04284,5560000,1000000
2021-01-28 15:29:35.689000,1.04285,1.04284,1000000,1000000
2021-01-28 15:29:35.790000,1.04285,1.04282,1310000,1000000
2021-01-28 15:29:37.133000,1.04285,1.04284,1120000,1000000
2021-01-28 15:29:37.235000,1.04285,1.04283,1000000,1000000
2021-01-28 15:29:37.285000,1.04286,1.04284,1200000,1000000
2021-01-28 15:29:37.387000,1.04287,1.04285,1950000,1000000
2021-01-28 15:29:37.488000,1.04288,1.04286,4390000,1000000
2021-01-28 15:29:38.225000,1.04289,1.04288,2060000,1000000
2021-01-28 15:29:40.485000,1.0429,1.04289,2620000,1000000
2021-01-28 15:29:40.587000,1.04291,1.04289,6260000,1000000
2021-01-28 15:29:41.450000,1.04291,1.04289,4010000,1000000
2021-01-28 15:29:47.566000,1.04292,1.0429,3000000,1000000
2021-01-28 15:29:47.769000,1.04292,1.04291,1120000,1000000
2021-01-28 15:29:49.082000,1.04292,1.04288,1000000,2250000
2021-01-28 15:29:50.671000,1.0429,1.04288,1870000,1000000
2021-01-28 15:29:50.773000,1.0429,1.04289,1120000,1000000
2021-01-28 15:29:53.055000,1.0429,1.04288,3190000,1500000
2021-01-28 15:29:53.157000,1.0429,1.04288,4060000,1000000
2021-01-28 15:29:54.085000,1.04291,1.04289,3940000,1000000
2021-01-28 15:29:54.911000,1.04291,1.0429,1120000,1000000
2021-01-28 15:29:54.962000,1.04294,1.04292,3560000,1000000
2021-01-28 15:29:55.164000,1.04295,1.04293,2560000,1000000
2021-01-28 15:29:55.215000,1.04296,1.04294,3190000,1000000
2021-01-28 15:29:55.848000,1.04294,1.04293,1250000,1000000
2021-01-28 15:29:56.948000,1.04296,1.04293,2250000,2890000
2021-01-28 15:29:57.049000,1.04297,1.04295,2810000,1000000
2021-01-28 15:29:57.150000,1.04296,1.04294,2810000,1000000
2021-01-28 15:29:58.104000,1.04294,1.04293,1250000,1000000
2021-01-28 15:29:58.155000,1.04292,1.04291,1000000,1500000
2021-01-28 15:29:58.256000,1.04293,1.04291,2560000,1000000
2021-01-28 15:29:59.263000,1.04294,1.04291,2060000,1000000
2021-01-28 15:29:59.395000,1.04289,1.04288,5140000,1870000
2021-01-28 15:29:59.699000,1.0429,1.04288,4120000,1500000
2021-01-28 15:30:00.104000,1.04288,1.04287,1000000,1000000
2021-01-28 15:30:00.761000,1.04287,1.04286,1500000,1000000
2021-01-28 15:30:00.863000,1.04288,1.04286,1950000,1000000
2021-01-28 15:30:02.427000,1.04287,1.04285,1000000,1500000
2021-01-28 15:30:03.447000,1.04285,1.04284,1000000,1500000
2021-01-28 15:30:03.549000,1.04287,1.04283,1100000,1500000
2021-01-28 15:30:03.803000,1.04285,1.04284,1000000,1500000
2021-01-28 15:30:04.117000,1.04285,1.04283,1250000,1000000
2021-01-28 15:30:04.218000,1.04284,1.04283,1000000,1000000
2021-01-28 15:30:04.783000,1.04281,1.0428,1000000,1200000
2021-01-28 15:30:05.241000,1.04283,1.04281,3450000,1000000
2021-01-28 15:30:07.177000,1.04282,1.04278,1000000,1950000
2021-01-28 15:30:09.184000,1.04282,1.0428,2320000,1000000
2021-01-28 15:30:10.006000,1.0428,1.04279,1000000,1000000
2021-01-28 15:30:10.957000,1.04282,1.0428,3370000,1000000
2021-01-28 15:30:11.697000,1.04283,1.04281,4310000,1000000
2021-01-28 15:30:11.950000,1.04284,1.04283,1870000,1500000
2021-01-28 15:30:12.001000,1.04288,1.04287,1500000,1000000
2021-01-28 15:30:12.103000,1.04289,1.04288,2440000,1000000
2021-01-28 15:30:15.228000,1.04291,1.0429,4120000,1000000
2021-01-28 15:30:16.610000,1.04291,1.04289,1310000,1500000
2021-01-28 15:30:18.150000,1.04293,1.04291,3070000,1000000
2021-01-28 15:30:18.251000,1.04293,1.04291,1950000,1000000
2021-01-28 15:30:18.403000,1.04294,1.04289,1120000,1250000
2021-01-28 15:30:18.505000,1.04296,1.04294,1310000,1000000
2021-01-28 15:30:18.916000,1.04297,1.04295,3370000,1000000
2021-01-28 15:30:19.170000,1.04296,1.04295,1000000,1000000
2021-01-28 15:30:22.998000,1.04297,1.04295,2060000,1000000
2021-01-28 15:30:26.043000,1.04297,1.04294,1000000,1000000
2021-01-28 15:30:26.630000,1.04296,1.04294,4070000,1000000
2021-01-28 15:30:26.731000,1.04297,1.04294,5810000,1000000
2021-01-28 15:30:27.655000,1.04297,1.04295,3940000,1000000
2021-01-28 15:30:28.151000,1.04297,1.04295,1000000,1200000
2021-01-28 15:30:28.202000,1.04299,1.04297,6000000,1000000
2021-01-28 15:30:28.354000,1.04296,1.04295,1250000,1870000
2021-01-28 15:30:29.385000,1.04296,1.04294,3310000,1000000
2021-01-28 15:30:29.486000,1.04296,1.04294,3310000,1000000
2021-01-28 15:30:30.335000,1.04292,1.0429,1250000,6000000
2021-01-28 15:30:30.437000,1.04291,1.0429,1250000,1000000
2021-01-28 15:30:30.538000,1.04292,1.04288,2560000,1500000
2021-01-28 15:30:31.508000,1.04291,1.04289,2810000,1500000
2021-01-28 15:30:34.372000,1.04293,1.04292,3190000,1000000
2021-01-28 15:30:34.423000,1.04293,1.0429,3190000,3070000
2021-01-28 15:30:34.676000,1.04293,1.04292,1690000,1000000
2021-01-28 15:30:36.932000,1.04294,1.04292,1310000,1000000
2021-01-28 15:30:37.034000,1.04296,1.04295,3000000,1870000
2021-01-28 15:30:37.136000,1.04297,1.04296,1250000,1000000
2021-01-28 15:30:37.346000,1.04298,1.04296,3560000,1000000
2021-01-28 15:30:38.066000,1.04296,1.04295,1690000,1000000
2021-01-28 15:30:38.118000,1.04295,1.04293,7000000,1000000
2021-01-28 15:30:38.220000,1.04295,1.04293,5060000,1000000
2021-01-28 15:30:39.101000,1.04291,1.0429,2060000,1000000
2021-01-28 15:30:39.203000,1.04292,1.0429,2060000,1000000
2021-01-28 15:30:39.305000,1.04292,1.04291,1310000,1000000
2021-01-28 15:30:40.782000,1.04293,1.04292,1310000,1000000
2021-01-28 15:30:40.968000,1.04294,1.04292,2440000,1000000
2021-01-28 15:30:41.069000,1.04295,1.04293,3700000,1000000
2021-01-28 15:30:42.802000,1.04295,1.04293,6640000,1000000
2021-01-28 15:30:42.903000,1.04294,1.04291,2060000,1000000
2021-01-28 15:30:43.106000,1.04294,1.04292,3190000,1000000
2021-01-28 15:30:43.308000,1.04293,1.04292,1000000,1000000
2021-01-28 15:30:43.460000,1.04292,1.04289,1000000,1000000
2021-01-28 15:30:47.849000,1.04293,1.04291,5440000,1000000
2021-01-28 15:30:49.614000,1.04291,1.0429,1000000,1000000
2021-01-28 15:30:49.734000,1.04292,1.0429,2440000,1000000
2021-01-28 15:30:53.342000,1.04295,1.04293,2370000,1000000
2021-01-28 15:30:53.443000,1.04295,1.04293,1250000,1000000
2021-01-28 15:30:53.595000,1.04296,1.04294,4010000,1000000
2021-01-28 15:30:54.280000,1.04295,1.04294,1310000,1000000
2021-01-28 15:30:54.381000,1.04295,1.04293,1250000,1000000
2021-01-28 15:30:54.483000,1.04295,1.04294,1000000,1000000
2021-01-28 15:30:54.584000,1.04293,1.04291,4000000,1500000
2021-01-28 15:30:54.686000,1.04292,1.04291,1310000,1000000
2021-01-28 15:30:55.093000,1.04292,1.0429,1310000,1000000
2021-01-28 15:30:57.609000,1.04293,1.04291,2810000,1000000
2021-01-28 15:30:58.107000,1.04293,1.04292,2060000,1000000
2021-01-28 15:30:58.259000,1.04295,1.04292,2060000,1000000
2021-01-28 15:30:59.072000,1.04295,1.04293,2440000,1000000
2021-01-28 15:30:59.740000,1.04295,1.04293,1690000,1000000
2021-01-28 15:31:00.124000,1.04295,1.04293,1250000,1000000
2021-01-28 15:31:00.226000,1.04294,1.04293,1310000,1000000
2021-01-28 15:31:01.152000,1.04295,1.04292,2060000,1000000
2021-01-28 15:31:01.253000,1.04295,1.04293,1690000,1000000
2021-01-28 15:31:01.355000,1.04295,1.04294,1690000,1000000
2021-01-28 15:31:04.688000,1.04296,1.04294,2060000,1000000
2021-01-28 15:31:05.220000,1.04295,1.04294,2060000,1000000
2021-01-28 15:31:08.003000,1.04298,1.04297,3000000,1000000
2021-01-28 15:31:08.105000,1.04298,1.04297,1690000,1000000
2021-01-28 15:31:09.362000,1.04299,1.04298,1870000,1000000
2021-01-28 15:31:09.413000,1.043,1.04299,1120000,1000000
2021-01-28 15:31:09.514000,1.04301,1.04299,2500000,1500000
2021-01-28 15:31:12.566000,1.043,1.04299,1000000,1000000
2021-01-28 15:31:12.893000,1.04301,1.043,2810000,1000000
2021-01-28 15:31:14.241000,1.04304,1.04302,5440000,1000000
2021-01-28 15:31:14.342000,1.04304,1.04303,1000000,1000000
2021-01-28 15:31:14.444000,1.04304,1.04302,1000000,1870000
2021-01-28 15:31:15.137000,1.04302,1.04301,2250000,1000000
2021-01-28 15:31:15.340000,1.04301,1.043,1000000,1000000
2021-01-28 15:31:18.505000,1.043,1.04299,1000000,1000000
2021-01-28 15:31:18.884000,1.04299,1.04298,1000000,1500000
2021-01-28 15:31:20.545000,1.043,1.04298,3370000,1000000
2021-01-28 15:31:20.646000,1.04301,1.04299,4310000,1000000
2021-01-28 15:31:24.891000,1.04303,1.04302,2620000,1500000
2021-01-28 15:31:24.992000,1.04304,1.04302,3190000,1500000
2021-01-28 15:31:26.367000,1.04304,1.04302,2810000,1000000
2021-01-28 15:31:26.470000,1.04305,1.04302,3310000,1000000
2021-01-28 15:31:26.572000,1.04302,1.04301,1000000,1870000
2021-01-28 15:31:26.673000,1.04301,1.043,1000000,1870000
2021-01-28 15:31:27.084000,1.04301,1.043,1500000,1000000
2021-01-28 15:31:27.236000,1.04301,1.04299,1000000,1120000
2021-01-28 15:31:27.337000,1.04302,1.043,2810000,1000000
2021-01-28 15:31:29.135000,1.04303,1.04301,4690000,1000000
2021-01-28 15:31:29.236000,1.04304,1.04302,3000000,1000000
2021-01-28 15:31:29.976000,1.04304,1.04302,1120000,1690000
2021-01-28 15:31:30.027000,1.04307,1.04304,3750000,1000000
2021-01-28 15:31:30.129000,1.04309,1.04308,3000000,1500000
2021-01-28 15:31:30.230000,1.04309,1.04308,1500000,1500000
2021-01-28 15:31:30.332000,1.04308,1.04307,1250000,1120000
2021-01-28 15:31:30.593000,1.04307,1.04306,1000000,1000000
2021-01-28 15:31:30.796000,1.04308,1.04306,2620000,1000000
2021-01-28 15:31:32.522000,1.04308,1.04307,2250000,1000000
2021-01-28 15:31:32.624000,1.04307,1.04306,1120000,1000000
2021-01-28 15:31:32.725000,1.04308,1.04307,1500000,1000000
2021-01-28 15:31:33.462000,1.0431,1.04307,4050000,3850000
2021-01-28 15:31:33.513000,1.04311,1.0431,1160000,1500000
2021-01-28 15:31:34.633000,1.04312,1.04311,2180000,1000000
2021-01-28 15:31:35.995000,1.04311,1.04309,1250000,2250000
2021-01-28 15:31:36.046000,1.04309,1.04307,2870000,2250000
2021-01-28 15:31:36.148000,1.04311,1.04309,4310000,1000000
2021-01-28 15:31:37.856000,1.04311,1.04309,1690000,1000000
2021-01-28 15:31:37.958000,1.04311,1.0431,1690000,1000000
2021-01-28 15:31:38.641000,1.04312,1.0431,3190000,1000000
2021-01-28 15:31:38.743000,1.04313,1.04311,3190000,1000000
2021-01-28 15:31:38.844000,1.04313,1.04311,2440000,1000000
2021-01-28 15:31:39.566000,1.04313,1.04311,1690000,1500000
2021-01-28 15:31:39.721000,1.04312,1.04311,1000000,1500000
2021-01-28 15:31:40.559000,1.04313,1.04311,2060000,1000000
2021-01-28 15:31:40.660000,1.04313,1.04311,1500000,1000000
2021-01-28 15:31:45.076000,1.04314,1.04312,1870000,1000000
2021-01-28 15:31:46.551000,1.04315,1.04314,1000000,1500000
2021-01-28 15:31:46.652000,1.04314,1.04313,1000000,1000000
2021-01-28 15:31:47.261000,1.04312,1.04311,1100000,1120000
2021-01-28 15:31:47.414000,1.04311,1.04309,1000000,1000000
2021-01-28 15:31:47.624000,1.0431,1.04308,1820000,1870000
2021-01-28 15:31:47.675000,1.04308,1.04307,1000000,1000000
2021-01-28 15:31:47.776000,1.04307,1.04306,1000000,1500000
2021-01-28 15:31:53.591000,1.04309,1.04307,1620000,1250000
2021-01-28 15:31:53.693000,1.04309,1.04308,1100000,1000000
2021-01-28 15:31:53.795000,1.04308,1.04307,1250000,1000000
2021-01-28 15:31:53.896000,1.04308,1.04307,1690000,1000000
2021-01-28 15:31:56.129000,1.04309,1.04306,4870000,1000000
2021-01-28 15:31:56.231000,1.04307,1.04305,2140000,1000000
2021-01-28 15:32:00.929000,1.04303,1.04302,1000000,1000000
2021-01-28 15:32:01.030000,1.04302,1.04301,1000000,1120000
2021-01-28 15:32:01.938000,1.04301,1.04298,1000000,1250000
2021-01-28 15:32:02.141000,1.04299,1.04298,1200000,1000000
2021-01-28 15:32:02.242000,1.043,1.04299,1500000,1000000
2021-01-28 15:32:03.279000,1.04301,1.043,1500000,1000000
2021-01-28 15:32:03.381000,1.04302,1.043,2320000,1000000
2021-01-28 15:32:03.533000,1.04302,1.04301,1120000,1000000
2021-01-28 15:32:03.634000,1.04303,1.04302,1870000,1000000
2021-01-28 15:32:04.993000,1.04302,1.04301,1000000,1000000
2021-01-28 15:32:06.185000,1.04303,1.04301,2250000,1000000
2021-01-28 15:32:06.287000,1.04303,1.04302,1500000,1000000
2021-01-28 15:32:06.845000,1.04302,1.04301,1000000,1000000
2021-01-28 15:32:09.457000,1.04304,1.04302,1620000,1690000
2021-01-28 15:32:09.509000,1.04305,1.04304,1120000,1000000
2021-01-28 15:32:09.612000,1.04305,1.04303,1500000,1310000
2021-01-28 15:32:09.713000,1.04306,1.04304,3450000,1000000
2021-01-28 15:32:09.816000,1.04305,1.04304,1950000,1000000
2021-01-28 15:32:10.225000,1.04306,1.04302,3970000,4370000
2021-01-28 15:32:10.717000,1.04304,1.04303,1000000,1000000
2021-01-28 15:32:10.819000,1.04305,1.04304,1100000,1000000
2021-01-28 15:32:11.571000,1.04306,1.04304,3820000,1000000
2021-01-28 15:32:17.204000,1.04305,1.04304,1120000,1000000
2021-01-28 15:32:18.465000,1.04304,1.04302,3070000,1120000
2021-01-28 15:32:18.567000,1.04303,1.04302,1000000,1000000
2021-01-28 15:32:18.668000,1.04302,1.04301,3190000,1000000
2021-01-28 15:32:20.714000,1.04303,1.04299,2890000,1500000
2021-01-28 15:32:24.968000,1.04302,1.043,3760000,1500000
2021-01-28 15:32:28.153000,1.04302,1.043,3260000,1500000
2021-01-28 15:32:28.567000,1.04302,1.043,3260000,1000000
2021-01-28 15:32:28.913000,1.04305,1.04303,3640000,1000000
2021-01-28 15:32:28.964000,1.04303,1.04302,1000000,1870000
2021-01-28 15:32:30.856000,1.04302,1.043,2140000,1500000
2021-01-28 15:32:31.782000,1.04304,1.04301,3560000,1000000
2021-01-28 15:32:33.895000,1.04302,1.043,1390000,1000000
2021-01-28 15:32:37.726000,1.04304,1.04302,6000000,2200000
2021-01-28 15:32:39.175000,1.04303,1.04302,1310000,1500000
2021-01-28 15:32:46.148000,1.04302,1.04301,1250000,1500000
2021-01-28 15:32:46.299000,1.04303,1.04301,1690000,1500000
2021-01-28 15:32:47.005000,1.04304,1.04301,1690000,1000000
2021-01-28 15:32:47.207000,1.04305,1.04303,3190000,1500000
2021-01-28 15:32:47.309000,1.04306,1.04305,2810000,1000000
2021-01-28 15:32:47.757000,1.04307,1.04306,2060000,1000000
2021-01-28 15:32:48.669000,1.04306,1.04305,1000000,1500000
2021-01-28 15:32:50.017000,1.04308,1.04307,1500000,1000000
2021-01-28 15:32:50.128000,1.04308,1.04306,1120000,1760000
2021-01-28 15:32:50.651000,1.04307,1.04304,1000000,1250000
2021-01-28 15:32:54.179000,1.04304,1.04302,1000000,2320000
2021-01-28 15:32:54.230000,1.04302,1.04301,1000000,1570000
2021-01-28 15:32:54.331000,1.04302,1.043,1000000,1000000
2021-01-28 15:32:54.433000,1.04302,1.04299,1000000,1500000
2021-01-28 15:32:55.305000,1.04303,1.04301,3640000,1000000
2021-01-28 15:32:55.407000,1.04304,1.04301,2510000,1000000
2021-01-28 15:32:59.134000,1.04304,1.04302,1690000,1000000
2021-01-28 15:33:00.454000,1.04305,1.04304,1690000,1500000
2021-01-28 15:33:00.905000,1.04307,1.04305,2510000,1500000
2021-01-28 15:33:01.006000,1.04307,1.04305,2510000,1000000
2021-01-28 15:33:01.480000,1.04305,1.04304,1000000,1500000
2021-01-28 15:33:01.582000,1.04305,1.04304,1000000,1000000
2021-01-28 15:33:03.088000,1.04307,1.04305,3760000,1000000
2021-01-28 15:33:03.897000,1.04307,1.04305,2810000,1500000
2021-01-28 15:33:04.034000,1.04308,1.04306,3560000,1000000
2021-01-28 15:33:04.085000,1.04309,1.04308,1500000,1500000
2021-01-28 15:33:06.060000,1.0431,1.04308,3190000,1000000
2021-01-28 15:33:07.005000,1.04311,1.04309,7840000,1500000
2021-01-28 15:33:07.107000,1.04311,1.0431,1690000,1500000
2021-01-28 15:33:07.208000,1.04312,1.04311,1310000,1000000
2021-01-28 15:33:09.584000,1.04313,1.04311,4500000,1500000
2021-01-28 15:33:10.203000,1.04314,1.04313,2060000,1000000
2021-01-28 15:33:10.304000,1.04313,1.04312,2810000,1500000
2021-01-28 15:33:11.200000,1.04313,1.04311,5260000,1500000
2021-01-28 15:33:21.577000,1.04313,1.04312,2810000,1500000
2021-01-28 15:33:21.958000,1.04313,1.04311,3310000,1500000
2021-01-28 15:33:23.140000,1.04314,1.04313,1690000,1000000
2021-01-28 15:33:23.241000,1.04315,1.04313,2440000,1000000
2021-01-28 15:33:24.029000,1.04313,1.04312,1000000,1500000
2021-01-28 15:33:25.084000,1.04312,1.04311,1000000,1000000
2021-01-28 15:33:27.454000,1.04313,1.04312,1000000,1500000
2021-01-28 15:33:30.740000,1.04313,1.04312,1000000,1500000
2021-01-28 15:33:30.791000,1.04312,1.04311,1000000,1000000
2021-01-28 15:33:33.433000,1.04311,1.04307,2440000,1000000
2021-01-28 15:33:33.535000,1.04309,1.04308,1310000,1000000
2021-01-28 15:33:33.636000,1.04309,1.04308,2810000,1000000
2021-01-28 15:33:34.246000,1.04307,1.04306,1000000,1500000
2021-01-28 15:33:34.347000,1.04306,1.04305,1000000,2250000
2021-01-28 15:33:34.499000,1.04308,1.04307,1500000,1500000
2021-01-28 15:33:34.922000,1.04309,1.04308,2440000,1000000
2021-01-28 15:33:34.973000,1.0431,1.04309,1120000,1000000
2021-01-28 15:33:35.075000,1.0431,1.04308,1120000,1870000
2021-01-28 15:33:36.186000,1.04311,1.0431,1250000,1000000
2021-01-28 15:33:36.504000,1.04311,1.04309,1250000,1000000
2021-01-28 15:33:36.606000,1.04312,1.0431,1250000,1000000
2021-01-28 15:33:37.622000,1.04311,1.0431,1000000,1000000
2021-01-28 15:33:37.673000,1.0431,1.04309,1250000,1000000
2021-01-28 15:33:37.774000,1.0431,1.04309,1120000,1500000
2021-01-28 15:33:38.135000,1.04312,1.0431,2440000,1000000
2021-01-28 15:33:41.672000,1.04311,1.04308,1600000,7910000
2021-01-28 15:33:41.773000,1.04308,1.04307,1000000,1000000
2021-01-28 15:33:42.532000,1.04308,1.04307,1500000,1000000
2021-01-28 15:33:42.633000,1.04307,1.04306,1000000,1500000
2021-01-28 15:33:43.463000,1.04306,1.04305,1000000,2440000
2021-01-28 15:33:44.737000,1.04307,1.04306,1000000,1000000
2021-01-28 15:33:48.925000,1.04307,1.04305,1720000,1000000
2021-01-28 15:33:49.584000,1.04307,1.04305,1720000,1500000
2021-01-28 15:33:49.635000,1.04304,1.04303,1000000,2810000
2021-01-28 15:33:49.888000,1.043,1.04299,1000000,3190000
2021-01-28 15:33:51.333000,1.04301,1.043,1000000,1690000
2021-01-28 15:33:54.308000,1.04304,1.04302,2470000,1000000
2021-01-28 15:33:54.460000,1.04303,1.04302,1000000,1500000
2021-01-28 15:33:54.561000,1.04304,1.04303,1200000,1500000
2021-01-28 15:33:57.182000,1.04306,1.04304,1570000,1000000
2021-01-28 15:33:59.028000,1.04307,1.04306,1200000,1500000
2021-01-28 15:33:59.130000,1.04306,1.04305,1000000,2440000
2021-01-28 15:33:59.450000,1.04306,1.04305,1000000,1500000
2021-01-28 15:34:00.413000,1.04303,1.04302,1000000,2620000
2021-01-28 15:34:00.768000,1.04304,1.04303,1000000,1000000
2021-01-28 15:34:02.178000,1.04304,1.04303,1200000,1000000
2021-01-28 15:34:02.229000,1.04305,1.04304,1000000,1500000
2021-01-28 15:34:02.331000,1.04306,1.04305,1690000,1500000
2021-01-28 15:34:02.583000,1.04307,1.04304,6700000,1000000
2021-01-28 15:34:02.685000,1.04305,1.04303,1310000,1000000
2021-01-28 15:34:02.786000,1.04304,1.04303,1000000,1000000
2021-01-28 15:34:04.559000,1.04302,1.04301,1200000,1000000
2021-01-28 15:34:07.565000,1.04301,1.043,1200000,1000000
2021-01-28 15:34:07.730000,1.04301,1.043,1200000,1500000
2021-01-28 15:34:09.465000,1.04303,1.04301,1570000,1000000
2021-01-28 15:34:10.846000,1.04302,1.043,1000000,1000000
2021-01-28 15:34:11.434000,1.04301,1.043,1200000,2250000
2021-01-28 15:34:18.969000,1.04302,1.04301,1250000,1000000
2021-01-28 15:34:19.020000,1.04303,1.04302,1760000,1000000
2021-01-28 15:34:26.074000,1.04305,1.04304,4200000,1500000
2021-01-28 15:34:26.175000,1.04306,1.04303,1000000,1500000
2021-01-28 15:34:27.123000,1.04305,1.04303,1390000,1500000
2021-01-28 15:34:27.275000,1.04305,1.04303,2290000,1000000
2021-01-28 15:34:27.377000,1.04303,1.04302,1390000,1000000
2021-01-28 15:34:29.022000,1.04301,1.043,1000000,2250000
2021-01-28 15:34:29.124000,1.04301,1.043,1200000,1500000
2021-01-28 15:34:29.276000,1.04304,1.04302,1720000,1500000
2021-01-28 15:34:29.653000,1.04306,1.04304,4220000,1500000
2021-01-28 15:34:30.261000,1.04308,1.04304,4010000,1870000
2021-01-28 15:34:31.185000,1.04307,1.04306,1570000,1000000
2021-01-28 15:34:31.388000,1.04309,1.04305,2510000,1500000
2021-01-28 15:34:32.278000,1.04307,1.04306,1200000,1500000
2021-01-28 15:34:32.430000,1.04309,1.04306,3010000,1690000
2021-01-28 15:34:32.481000,1.0431,1.04307,2140000,1000000
2021-01-28 15:34:33.484000,1.04312,1.0431,2700000,1500000
2021-01-28 15:34:42.724000,1.04314,1.04313,1000000,1500000
2021-01-28 15:34:42.826000,1.04315,1.04313,1950000,1500000
2021-01-28 15:34:42.927000,1.04315,1.04313,3040000,1000000
2021-01-28 15:34:45.064000,1.04313,1.04312,1690000,1500000
2021-01-28 15:34:45.115000,1.04309,1.04308,1760000,1000000
2021-01-28 15:34:45.218000,1.0431,1.04309,1760000,1000000
2021-01-28 15:34:46.748000,1.0431,1.04307,1200000,1500000
2021-01-28 15:34:47.214000,1.0431,1.04309,1200000,1000000
2021-01-28 15:34:47.417000,1.04313,1.0431,2070000,1000000
2021-01-28 15:34:47.541000,1.04313,1.04311,3410000,1500000
2021-01-28 15:34:48.117000,1.04313,1.04311,2510000,1500000
2021-01-28 15:34:48.596000,1.04315,1.04311,3010000,1000000
2021-01-28 15:34:49.311000,1.04315,1.04314,2250000,1000000
2021-01-28 15:34:49.412000,1.04316,1.04314,1200000,1000000
2021-01-28 15:34:49.890000,1.04317,1.04315,2140000,1000000
2021-01-28 15:34:51.860000,1.04318,1.04316,3260000,1000000
2021-01-28 15:34:52.062000,1.04319,1.04317,1000000,1000000
2021-01-28 15:34:52.113000,1.04321,1.0432,2320000,1000000
2021-01-28 15:34:52.467000,1.04322,1.04319,3040000,1000000
2021-01-28 15:34:52.568000,1.04322,1.0432,3040000,1000000
2021-01-28 15:34:52.619000,1.04323,1.04321,3260000,1000000
2021-01-28 15:34:52.872000,1.04322,1.0432,1200000,1500000
2021-01-28 15:34:53.394000,1.04321,1.0432,1200000,1000000
2021-01-28 15:34:53.546000,1.04319,1.04317,1200000,4120000
2021-01-28 15:34:53.698000,1.04319,1.04318,1390000,1000000
2021-01-28 15:34:55.985000,1.0432,1.04318,1200000,1000000
2021-01-28 15:35:00.525000,1.04318,1.04317,1200000,1000000
2021-01-28 15:35:02.210000,1.04317,1.04315,1000000,1500000
2021-01-28 15:35:02.312000,1.04317,1.04314,1200000,1000000
2021-01-28 15:35:02.413000,1.04317,1.04315,2320000,1000000
2021-01-28 15:35:02.514000,1.04317,1.04315,2140000,1000000
2021-01-28 15:35:02.616000,1.04317,1.04315,1950000,1000000
2021-01-28 15:35:03.526000,1.04317,1.04315,1200000,1000000
2021-01-28 15:35:03.627000,1.04314,1.04313,1000000,1870000
2021-01-28 15:35:03.729000,1.04316,1.04314,3220000,1000000
2021-01-28 15:35:03.830000,1.04316,1.04315,2320000,1000000
2021-01-28 15:35:04.724000,1.04314,1.04312,1250000,3370000
2021-01-28 15:35:05.201000,1.04313,1.04311,2140000,1870000
2021-01-28 15:35:05.303000,1.04312,1.04311,1200000,1000000
2021-01-28 15:35:09.172000,1.04314,1.04312,1570000,1000000
2021-01-28 15:35:10.135000,1.04315,1.04313,1950000,1000000
2021-01-28 15:35:10.338000,1.04314,1.04313,1500000,1000000
2021-01-28 15:35:10.490000,1.04313,1.04311,2140000,1000000
2021-01-28 15:35:10.642000,1.04311,1.04309,1000000,1120000
2021-01-28 15:35:10.743000,1.0431,1.04308,1200000,1000000
2021-01-28 15:35:11.124000,1.0431,1.04308,1950000,1500000
2021-01-28 15:35:16.943000,1.04312,1.0431,1700000,1250000
2021-01-28 15:35:17.045000,1.04313,1.0431,1100000,1120000
2021-01-28 15:35:27.535000,1.04313,1.04311,3260000,1000000
2021-01-28 15:35:29.971000,1.04313,1.04312,1000000,1500000
2021-01-28 15:35:38.812000,1.04315,1.04313,3120000,2440000
2021-01-28 15:35:38.913000,1.04315,1.04314,1000000,1000000
2021-01-28 15:35:39.561000,1.04317,1.04314,1600000,1690000
2021-01-28 15:35:39.662000,1.04317,1.04315,1200000,1000000
2021-01-28 15:35:40.141000,1.04319,1.04315,3450000,1000000
2021-01-28 15:35:41.098000,1.04317,1.04316,1200000,1000000
2021-01-28 15:35:43.312000,1.04314,1.04312,2850000,1500000
2021-01-28 15:35:44.175000,1.04314,1.04313,1500000,1000000
2021-01-28 15:35:44.738000,1.04313,1.04312,1200000,1000000
2021-01-28 15:35:49.339000,1.04314,1.04313,1120000,1000000
2021-01-28 15:35:55.069000,1.04316,1.04312,2620000,1000000
2021-01-28 15:35:55.322000,1.04316,1.04315,1000000,1000000
2021-01-28 15:35:59.643000,1.04317,1.04316,3190000,1000000
2021-01-28 15:36:04.610000,1.04317,1.04314,1000000,1000000
2021-01-28 15:36:12.990000,1.04313,1.04312,1000000,6370000
2021-01-28 15:36:13.092000,1.04313,1.0431,1120000,1690000
2021-01-28 15:36:15.039000,1.04312,1.0431,1000000,1500000
2021-01-28 15:36:15.091000,1.04309,1.04307,1000000,4570000
2021-01-28 15:36:15.192000,1.04308,1.04307,1870000,2440000
2021-01-28 15:36:15.445000,1.04306,1.04305,1000000,1690000
2021-01-28 15:36:16.034000,1.04308,1.04307,1000000,1000000
2021-01-28 15:36:16.135000,1.04307,1.04306,1690000,1500000
2021-01-28 15:36:19.043000,1.04307,1.04305,1000000,2250000
2021-01-28 15:36:25.942000,1.04307,1.04305,1120000,1500000
2021-01-28 15:36:26.043000,1.04307,1.04306,1500000,1000000
2021-01-28 15:36:36.291000,1.04309,1.04308,1870000,1000000
2021-01-28 15:36:36.342000,1.0431,1.04308,1690000,1000000
2021-01-28 15:36:36.443000,1.0431,1.04306,1000000,2810000
2021-01-28 15:36:36.545000,1.04308,1.04307,1000000,2810000
2021-01-28 15:36:37.420000,1.04307,1.04306,1500000,1500000
2021-01-28 15:36:37.521000,1.04306,1.04305,1250000,1500000
2021-01-28 15:36:41.073000,1.04306,1.04304,2950000,1000000
2021-01-28 15:36:41.123000,1.04304,1.04302,1000000,4120000
2021-01-28 15:36:41.225000,1.04303,1.04302,1500000,1000000
2021-01-28 15:36:41.326000,1.04302,1.04301,1000000,1690000
2021-01-28 15:36:43.361000,1.043,1.04299,1000000,1000000
2021-01-28 15:36:43.665000,1.04301,1.043,3260000,1000000
2021-01-28 15:36:44.175000,1.04302,1.04301,1310000,1000000
2021-01-28 15:36:44.276000,1.04301,1.043,1500000,1000000
2021-01-28 15:36:44.377000,1.04301,1.04299,4070000,1000000
2021-01-28 15:36:44.479000,1.043,1.04299,1250000,1000000
2021-01-28 15:36:50.954000,1.04301,1.043,1500000,1000000
2021-01-28 15:36:51.536000,1.04303,1.04302,1120000,1000000
2021-01-28 15:36:51.587000,1.04306,1.04304,1000000,1000000
2021-01-28 15:36:51.688000,1.04307,1.04304,1690000,1000000
2021-01-28 15:36:55.220000,1.04306,1.04304,1000000,1000000
2021-01-28 15:36:55.272000,1.04304,1.04303,1500000,1870000
2021-01-28 15:36:55.374000,1.04303,1.04302,1250000,1000000
2021-01-28 15:36:55.476000,1.04303,1.04302,1690000,1000000
2021-01-28 15:36:56.165000,1.04301,1.043,1000000,1500000
2021-01-28 15:36:57.010000,1.04302,1.04299,2120000,1000000
2021-01-28 15:36:57.112000,1.043,1.04299,1000000,1250000
2021-01-28 15:37:01.565000,1.04301,1.043,1500000,1000000
2021-01-28 15:37:04.196000,1.043,1.04299,1000000,1000000
2021-01-28 15:37:07.534000,1.04299,1.04297,4820000,1000000
2021-01-28 15:37:07.635000,1.04302,1.04299,2060000,1000000
2021-01-28 15:37:11.494000,1.043,1.04299,1250000,1000000
2021-01-28 15:37:11.613000,1.04301,1.04299,3070000,1000000
2021-01-28 15:37:16.395000,1.043,1.04299,1000000,1000000
2021-01-28 15:37:19.791000,1.043,1.04297,1000000,1000000
2021-01-28 15:37:19.893000,1.04301,1.04299,1120000,1000000
2021-01-28 15:37:21.578000,1.04301,1.043,1000000,1000000
2021-01-28 15:37:21.834000,1.04301,1.04299,5510000,1000000
2021-01-28 15:37:21.935000,1.04301,1.04299,1100000,1000000
2021-01-28 15:37:40.671000,1.04302,1.04297,1570000,1500000
2021-01-28 15:37:42.806000,1.04301,1.04299,1570000,1000000
2021-01-28 15:37:46.377000,1.043,1.04299,1000000,1500000
2021-01-28 15:37:49.386000,1.04297,1.04295,1000000,3450000
2021-01-28 15:37:49.488000,1.04295,1.04294,1000000,2440000
2021-01-28 15:37:50.479000,1.04295,1.04293,1250000,1000000
2021-01-28 15:38:01.538000,1.04299,1.04296,3120000,1000000
2021-01-28 15:38:01.640000,1.04299,1.04298,1000000,1000000
2021-01-28 15:38:03.501000,1.043,1.04299,1120000,1000000
2021-01-28 15:38:15.367000,1.04303,1.043,1120000,1500000
2021-01-28 15:38:15.468000,1.04303,1.04301,1870000,1000000
2021-01-28 15:38:15.570000,1.04303,1.04302,1500000,1000000
2021-01-28 15:38:16.988000,1.04301,1.043,1000000,1500000
2021-01-28 15:38:20.765000,1.043,1.04299,1000000,1000000
2021-01-28 15:38:28.373000,1.043,1.04298,1000000,4950000
2021-01-28 15:38:28.474000,1.04301,1.043,1120000,1000000
2021-01-28 15:38:28.895000,1.04304,1.04301,1120000,1000000
2021-01-28 15:38:29.199000,1.04304,1.04303,1990000,1000000
2021-01-28 15:38:33.748000,1.04305,1.04304,1000000,1000000
2021-01-28 15:38:33.799000,1.04307,1.04305,1810000,1000000
2021-01-28 15:38:33.900000,1.04307,1.04306,1250000,1000000
2021-01-28 15:38:34.720000,1.04307,1.04305,3620000,1500000
2021-01-28 15:38:37.673000,1.04308,1.04306,1810000,1000000
2021-01-28 15:38:37.775000,1.04308,1.04306,1250000,1000000
2021-01-28 15:38:38.028000,1.04307,1.04306,2140000,1000000
2021-01-28 15:38:38.129000,1.04306,1.04305,1250000,1500000
2021-01-28 15:38:38.906000,1.04307,1.04306,1690000,1000000
2021-01-28 15:38:40.150000,1.04307,1.04305,2500000,1500000
2021-01-28 15:38:41.593000,1.04306,1.04305,1250000,1000000
2021-01-28 15:38:45.701000,1.04303,1.04301,1000000,4570000
2021-01-28 15:38:45.803000,1.04303,1.04302,1870000,1000000
2021-01-28 15:38:52.631000,1.04302,1.04301,1000000,1120000
2021-01-28 15:38:54.093000,1.04302,1.04299,1690000,1000000
2021-01-28 15:38:56.906000,1.043,1.04299,1250000,1000000
2021-01-28 15:39:00.009000,1.043,1.04298,1250000,1500000
2021-01-28 15:39:00.324000,1.043,1.04299,1690000,1000000
2021-01-28 15:39:01.152000,1.04299,1.04298,2060000,1000000
2021-01-28 15:39:08.051000,1.04303,1.04302,1200000,1500000
2021-01-28 15:39:08.154000,1.04304,1.04303,4870000,1000000
2021-01-28 15:39:08.205000,1.04306,1.04303,1570000,2620000
2021-01-28 15:39:08.680000,1.04306,1.04305,1690000,1000000
2021-01-28 15:39:09.841000,1.04306,1.04304,2500000,1000000
2021-01-28 15:39:10.903000,1.04306,1.04305,1250000,1000000
2021-01-28 15:39:14.369000,1.04308,1.04306,4700000,1000000
2021-01-28 15:39:14.470000,1.04308,1.04307,1250000,1000000
2021-01-28 15:39:14.623000,1.04306,1.04305,1250000,1120000
2021-01-28 15:39:17.903000,1.04308,1.04307,2060000,1000000
2021-01-28 15:39:21.370000,1.0431,1.04307,3510000,1000000
2021-01-28 15:39:21.522000,1.04309,1.04308,1250000,1000000
2021-01-28 15:39:23.024000,1.04311,1.0431,1250000,1000000
2021-01-28 15:39:24.267000,1.0431,1.04309,1250000,1000000
2021-01-28 15:39:30.606000,1.04312,1.04309,1250000,1000000
2021-01-28 15:39:31.933000,1.04312,1.04311,2060000,1000000
2021-01-28 15:39:32.355000,1.0431,1.04309,1000000,2250000
2021-01-28 15:39:32.984000,1.04308,1.04306,1000000,3750000
2021-01-28 15:39:33.085000,1.04308,1.04305,1750000,1000000
2021-01-28 15:39:35.991000,1.04306,1.04304,1250000,1000000
2021-01-28 15:39:37.565000,1.04306,1.04305,1690000,1000000
2021-01-28 15:39:44.367000,1.04308,1.04305,1690000,1000000
2021-01-28 15:39:44.469000,1.04308,1.04306,1690000,1000000
2021-01-28 15:39:50.575000,1.04308,1.04306,1000000,1000000
2021-01-28 15:39:53.474000,1.04306,1.04305,1000000,1000000
2021-01-28 15:39:54.723000,1.04305,1.04304,1250000,1500000
2021-01-28 15:39:58.697000,1.04306,1.04304,3560000,1000000
2021-01-28 15:40:01.352000,1.04305,1.04304,1250000,1000000
2021-01-28 15:40:02.062000,1.04302,1.04301,3260000,7120000
2021-01-28 15:40:02.113000,1.04299,1.04298,1500000,1000000
2021-01-28 15:40:02.215000,1.04299,1.04298,1000000,1000000
2021-01-28 15:40:03.469000,1.04299,1.04298,1500000,1000000
2021-01-28 15:40:04.635000,1.04298,1.04297,3640000,1000000
2021-01-28 15:40:05.521000,1.04296,1.04295,1690000,1000000
2021-01-28 15:40:05.775000,1.04297,1.04296,2810000,1000000
2021-01-28 15:40:05.877000,1.04297,1.04296,1000000,1000000
2021-01-28 15:40:05.928000,1.04296,1.04293,2060000,2100000
2021-01-28 15:40:06.030000,1.04295,1.04294,2440000,1000000
2021-01-28 15:40:08.592000,1.04297,1.04295,2810000,1000000
2021-01-28 15:40:09.500000,1.04298,1.04297,1500000,1000000
2021-01-28 15:40:09.804000,1.04297,1.04295,1250000,1870000
2021-01-28 15:40:09.906000,1.04296,1.04295,1250000,1000000
2021-01-28 15:40:11.366000,1.04295,1.04294,1000000,1000000
2021-01-28 15:40:11.656000,1.04295,1.04294,1690000,1000000
2021-01-28 15:40:12.108000,1.04295,1.04293,3320000,1500000
2021-01-28 15:40:16.574000,1.04295,1.04293,2510000,1000000
2021-01-28 15:40:16.625000,1.04297,1.04295,3000000,1390000
2021-01-28 15:40:16.726000,1.04297,1.04296,1000000,1120000
2021-01-28 15:40:16.827000,1.04297,1.04295,1000000,2320000
2021-01-28 15:40:17.131000,1.04298,1.04296,2440000,1000000
2021-01-28 15:40:18.079000,1.04296,1.04293,1000000,1500000
2021-01-28 15:40:21.195000,1.04294,1.04293,1000000,1120000
2021-01-28 15:40:31.375000,1.04295,1.04294,3190000,1000000
2021-01-28 15:40:31.853000,1.04294,1.04293,3000000,1000000
2021-01-28 15:40:32.106000,1.04295,1.04293,3940000,1000000
2021-01-28 15:40:32.208000,1.04295,1.04294,1500000,1000000
2021-01-28 15:40:33.657000,1.04298,1.04297,3750000,1000000
2021-01-28 15:40:33.809000,1.04298,1.04295,2440000,1000000
2021-01-28 15:40:35.967000,1.04296,1.04295,1000000,1000000
2021-01-28 15:40:37.416000,1.04295,1.04294,1250000,1000000
2021-01-28 15:40:38.107000,1.04294,1.04293,1250000,1000000
2021-01-28 15:40:38.579000,1.04296,1.04294,1000000,2700000
2021-01-28 15:40:38.680000,1.04297,1.04296,1500000,1000000
2021-01-28 15:40:39.244000,1.04299,1.04298,4500000,1000000
2021-01-28 15:40:39.346000,1.043,1.04298,2890000,1000000
2021-01-28 15:40:39.901000,1.043,1.04298,2890000,1000000
2021-01-28 15:40:41.171000,1.04299,1.04298,2890000,1000000
2021-01-28 15:40:46.105000,1.04298,1.04297,2440000,1000000
2021-01-28 15:40:46.460000,1.04297,1.04296,1250000,1000000
2021-01-28 15:40:46.612000,1.04296,1.04295,1000000,1500000
2021-01-28 15:40:48.673000,1.04297,1.04296,1500000,1000000
2021-01-28 15:40:48.724000,1.04299,1.04297,1000000,1000000
2021-01-28 15:40:48.877000,1.04299,1.04298,1690000,1000000
2021-01-28 15:40:48.979000,1.043,1.04299,2440000,1000000
2021-01-28 15:40:50.457000,1.04301,1.043,2810000,1000000
2021-01-28 15:40:50.898000,1.04301,1.043,2810000,1000000
2021-01-28 15:40:51,1.04303,1.043,5190000,1200000
2021-01-28 15:40:51.108000,1.04304,1.04302,6260000,1000000
2021-01-28 15:40:51.559000,1.04304,1.04303,2440000,1000000
2021-01-28 15:40:51.661000,1.04303,1.04301,2890000,1000000
2021-01-28 15:40:51.965000,1.04301,1.043,1000000,1120000
2021-01-28 15:40:53.538000,1.04302,1.04301,1690000,1000000
2021-01-28 15:40:53.691000,1.04303,1.04302,3190000,1000000
2021-01-28 15:40:55.595000,1.04302,1.04301,1000000,1000000
2021-01-28 15:41:04.253000,1.04302,1.04301,1000000,1000000
2021-01-28 15:41:04.354000,1.04301,1.043,2440000,1000000
2021-01-28 15:41:04.590000,1.043,1.04299,1250000,1000000
2021-01-28 15:41:05.546000,1.04299,1.04298,1250000,1120000
2021-01-28 15:41:05.597000,1.043,1.04297,1870000,2510000
2021-01-28 15:41:05.699000,1.04301,1.04299,5510000,1000000
2021-01-28 15:41:05.952000,1.04301,1.04299,1120000,1000000
2021-01-28 15:41:06.054000,1.04302,1.04301,2250000,1000000
2021-01-28 15:41:06.512000,1.04301,1.04299,3700000,1500000
2021-01-28 15:41:06.815000,1.043,1.04298,1390000,1000000
2021-01-28 15:41:06.916000,1.04301,1.04299,6260000,1000000
2021-01-28 15:41:07.861000,1.04299,1.04298,1250000,1120000
2021-01-28 15:41:08.593000,1.043,1.04299,1310000,1000000
2021-01-28 15:41:08.846000,1.043,1.04297,1250000,1000000
2021-01-28 15:41:08.947000,1.043,1.04298,4010000,1000000
2021-01-28 15:41:10.280000,1.04299,1.04298,2060000,1000000
2021-01-28 15:41:11.411000,1.043,1.04298,4760000,1000000
2021-01-28 15:41:11.917000,1.043,1.04297,2500000,2320000
2021-01-28 15:41:12.018000,1.043,1.04297,1690000,2320000
2021-01-28 15:41:12.119000,1.04301,1.04299,5010000,1000000
2021-01-28 15:41:12.373000,1.04301,1.043,1690000,1000000
2021-01-28 15:41:14.755000,1.04301,1.04299,2500000,1000000
2021-01-28 15:41:15.059000,1.043,1.04299,1690000,1000000
2021-01-28 15:41:15.976000,1.04301,1.043,1690000,1000000
2021-01-28 15:41:18.746000,1.04301,1.04299,3320000,1000000
2021-01-28 15:41:18.898000,1.043,1.04298,3640000,1000000
2021-01-28 15:41:19.793000,1.043,1.04298,2510000,1000000
2021-01-28 15:41:22.012000,1.04302,1.04301,4310000,1000000
2021-01-28 15:41:22.113000,1.04301,1.043,1000000,1000000
2021-01-28 15:41:22.883000,1.04303,1.043,4060000,2700000
2021-01-28 15:41:22.985000,1.04303,1.043,3560000,3450000
2021-01-28 15:41:23.120000,1.04303,1.04302,2810000,1000000
2021-01-28 15:41:23.988000,1.04303,1.04301,4310000,1000000
2021-01-28 15:41:26.864000,1.04303,1.04301,4140000,1000000
2021-01-28 15:41:27.017000,1.04303,1.04301,3260000,1000000
2021-01-28 15:41:28.785000,1.04303,1.04301,4140000,1000000
2021-01-28 15:41:28.886000,1.04303,1.04301,4390000,1000000
2021-01-28 15:41:30.123000,1.04303,1.04301,4140000,1000000
2021-01-28 15:41:30.225000,1.04304,1.04303,2440000,1000000
2021-01-28 15:41:32.713000,1.04306,1.04304,3640000,1000000
2021-01-28 15:41:34.204000,1.04303,1.04302,1500000,1000000
2021-01-28 15:41:34.306000,1.04301,1.043,1000000,1870000
2021-01-28 15:41:35.766000,1.043,1.04299,1000000,1000000
2021-01-28 15:41:37.446000,1.04301,1.04296,1000000,4010000
2021-01-28 15:41:38.158000,1.04301,1.04299,1000000,1000000
2021-01-28 15:41:38.430000,1.043,1.04297,1000000,4010000
2021-01-28 15:41:38.581000,1.043,1.04299,1000000,1000000
2021-01-28 15:41:43.547000,1.04301,1.043,1000000,1200000
2021-01-28 15:41:43.599000,1.04304,1.043,3940000,1000000
2021-01-28 15:41:43.701000,1.04303,1.04301,3620000,1000000
2021-01-28 15:41:44.057000,1.04302,1.043,2500000,1000000
2021-01-28 15:41:47.418000,1.04302,1.04299,1310000,1200000
2021-01-28 15:41:47.469000,1.04303,1.04301,2060000,1000000
2021-01-28 15:41:52.715000,1.04304,1.04302,3940000,1000000
2021-01-28 15:41:52.994000,1.04305,1.04303,1120000,1000000
2021-01-28 15:41:55.931000,1.04302,1.04301,1000000,5620000
2021-01-28 15:41:56.033000,1.04299,1.04298,1500000,1500000
2021-01-28 15:41:56.235000,1.043,1.04298,2440000,1000000
2021-01-28 15:41:57.241000,1.04299,1.04298,1500000,1000000
2021-01-28 15:41:58.242000,1.043,1.04298,1760000,1000000
2021-01-28 15:41:59.086000,1.04301,1.04298,1000000,4600000
2021-01-28 15:41:59.137000,1.04302,1.04301,1000000,1000000
2021-01-28 15:41:59.238000,1.04303,1.04302,1000000,1000000
2021-01-28 15:42:00.305000,1.04304,1.04303,1500000,1000000
2021-01-28 15:42:01.597000,1.04306,1.04305,1870000,1000000
2021-01-28 15:42:14.629000,1.04307,1.04306,1690000,1000000
2021-01-28 15:42:15.473000,1.04306,1.04305,1000000,1000000
2021-01-28 15:42:26.432000,1.04307,1.04305,2620000,1000000
2021-01-28 15:42:29.243000,1.04307,1.04306,1500000,1000000
2021-01-28 15:42:29.345000,1.04309,1.04307,1620000,1950000
2021-01-28 15:42:29.396000,1.0431,1.04307,1120000,5140000
2021-01-28 15:42:29.497000,1.04311,1.04307,1000000,1120000
2021-01-28 15:42:29.868000,1.04311,1.04309,1570000,1000000
2021-01-28 15:42:31.614000,1.04314,1.04312,3750000,1000000
2021-01-28 15:42:31.716000,1.04314,1.04313,2440000,1000000
2021-01-28 15:42:31.817000,1.04315,1.04313,1690000,1120000
2021-01-28 15:42:31.919000,1.04313,1.04312,1500000,3000000
2021-01-28 15:42:32.020000,1.04313,1.04311,1000000,1000000
2021-01-28 15:42:32.223000,1.04312,1.0431,1000000,5760000
2021-01-28 15:42:32.374000,1.04313,1.04312,1000000,1000000
2021-01-28 15:42:33.290000,1.04313,1.04312,1000000,1000000
2021-01-28 15:42:34.293000,1.04314,1.04313,2060000,1000000
2021-01-28 15:42:34.496000,1.04314,1.04313,1000000,1000000
2021-01-28 15:42:36.436000,1.04315,1.04314,2250000,1000000
2021-01-28 15:42:36.487000,1.04314,1.04312,1690000,1500000
2021-01-28 15:42:36.588000,1.04314,1.04313,1310000,1000000
2021-01-28 15:42:40.572000,1.04315,1.04313,2440000,1000000
2021-01-28 15:42:41.354000,1.04317,1.04313,1690000,1000000
2021-01-28 15:42:41.455000,1.04316,1.04315,1250000,1000000
2021-01-28 15:42:45.105000,1.04314,1.04313,1000000,1120000
2021-01-28 15:42:48.069000,1.04316,1.04315,2440000,1000000
2021-01-28 15:42:48.645000,1.04316,1.04314,1750000,1000000
2021-01-28 15:42:49.404000,1.04316,1.04315,1120000,1000000
2021-01-28 15:42:56.046000,1.04315,1.04313,1000000,1570000
2021-01-28 15:42:58.880000,1.04314,1.04312,1120000,1120000
2021-01-28 15:43:00.286000,1.04314,1.04313,1120000,1000000
2021-01-28 15:43:00.388000,1.04315,1.04314,1870000,1000000
2021-01-28 15:43:00.978000,1.04315,1.04314,2620000,1000000
2021-01-28 15:43:01.080000,1.04314,1.04313,1500000,1000000
2021-01-28 15:43:05.161000,1.04315,1.04314,1500000,1000000
2021-01-28 15:43:05.263000,1.04314,1.04312,1500000,1500000
2021-01-28 15:43:05.960000,1.04315,1.04312,1500000,1000000
2021-01-28 15:43:09.521000,1.04313,1.04312,1000000,1000000
2021-01-28 15:43:09.852000,1.04314,1.04313,1000000,1000000
2021-01-28 15:43:09.953000,1.04315,1.04314,1870000,1000000
2021-01-28 15:43:10.628000,1.04316,1.04314,2620000,1000000
2021-01-28 15:43:10.882000,1.04317,1.04315,2810000,1000000
2021-01-28 15:43:11.682000,1.04316,1.04315,1000000,1000000
2021-01-28 15:43:16.143000,1.04318,1.04314,2810000,1000000
2021-01-28 15:43:18.427000,1.04316,1.04315,1000000,1000000
2021-01-28 15:43:18.629000,1.04317,1.04316,1870000,1000000
2021-01-28 15:43:20.605000,1.04316,1.04315,1500000,1000000
2021-01-28 15:43:24.094000,1.04315,1.04314,1500000,1000000
2021-01-28 15:43:24.954000,1.04313,1.04312,1500000,1570000
2021-01-28 15:43:27.758000,1.04312,1.04311,1500000,1000000
2021-01-28 15:43:31.608000,1.04311,1.0431,1000000,1000000
2021-01-28 15:43:40.814000,1.04312,1.04311,1500000,1000000
2021-01-28 15:43:41.485000,1.04311,1.0431,1000000,1100000
2021-01-28 15:43:43.152000,1.04313,1.04311,1500000,3640000
2021-01-28 15:43:43.204000,1.04315,1.04314,1870000,1000000
2021-01-28 15:43:45.540000,1.04316,1.04314,1690000,1000000
2021-01-28 15:43:46.236000,1.04315,1.04313,1500000,1200000
2021-01-28 15:43:46.337000,1.04315,1.04314,1500000,1000000
2021-01-28 15:43:46.438000,1.04315,1.04314,1000000,1000000
2021-01-28 15:43:48.182000,1.04316,1.04315,1500000,1000000
2021-01-28 15:43:53.571000,1.04315,1.04314,1000000,1000000
2021-01-28 15:43:53.672000,1.04314,1.04312,1500000,1120000
2021-01-28 15:43:56.661000,1.04312,1.04311,1500000,1870000
2021-01-28 15:43:58.869000,1.04312,1.0431,1500000,1250000
2021-01-28 15:43:59.172000,1.04311,1.0431,1570000,1000000
2021-01-28 15:44:01.706000,1.04311,1.04309,1000000,1000000
2021-01-28 15:44:01.808000,1.04313,1.04311,1760000,1120000
2021-01-28 15:44:02.560000,1.04313,1.04312,1000000,1000000
2021-01-28 15:44:02.662000,1.04315,1.04312,1250000,1000000
2021-01-28 15:44:03.243000,1.04315,1.04314,1500000,1000000
2021-01-28 15:44:04.491000,1.04316,1.04315,1500000,1000000
2021-01-28 15:44:06.746000,1.04315,1.04313,1000000,3370000
2021-01-28 15:44:07.783000,1.04316,1.04313,1690000,1000000
2021-01-28 15:44:10.664000,1.04314,1.04313,1000000,1000000
2021-01-28 15:44:22.703000,1.0431,1.04309,1500000,1000000
2021-01-28 15:44:22.855000,1.04308,1.04307,1500000,1000000
2021-01-28 15:44:22.906000,1.04306,1.04305,1500000,1000000
2021-01-28 15:44:23.007000,1.04306,1.04304,1500000,1000000
2021-01-28 15:44:24.924000,1.04305,1.04304,1000000,1000000
2021-01-28 15:44:25.179000,1.04304,1.04303,1000000,1120000
2021-01-28 15:44:25.281000,1.04305,1.04303,2890000,1000000
2021-01-28 15:44:25.584000,1.04303,1.04302,2440000,1000000
2021-01-28 15:44:25.685000,1.04302,1.04301,1500000,1000000
2021-01-28 15:44:26.433000,1.04301,1.043,1000000,1000000
2021-01-28 15:44:26.837000,1.043,1.04299,1000000,1000000
2021-01-28 15:44:27.355000,1.043,1.04298,2250000,1000000
2021-01-28 15:44:28.594000,1.04297,1.04296,1000000,1500000
2021-01-28 15:44:29.701000,1.04298,1.04297,1500000,1000000
2021-01-28 15:44:29.802000,1.04299,1.04298,1690000,1000000
2021-01-28 15:44:29.904000,1.04301,1.04298,1000000,1000000
2021-01-28 15:44:35.053000,1.04299,1.04298,1000000,2250000
2021-01-28 15:44:38.432000,1.043,1.04299,1250000,1000000
2021-01-28 15:44:40.234000,1.04304,1.04302,7460000,1000000
2021-01-28 15:44:40.336000,1.04303,1.04302,1000000,1500000
2021-01-28 15:44:41.064000,1.04301,1.043,1250000,1120000
2021-01-28 15:44:41.165000,1.04301,1.04299,1250000,1500000
2021-01-28 15:44:44.794000,1.043,1.04298,1000000,1500000
2021-01-28 15:44:45.047000,1.043,1.04298,2950000,1500000
2021-01-28 15:44:45.098000,1.04298,1.04296,1690000,3370000
2021-01-28 15:44:45.250000,1.04297,1.04296,1000000,1500000
2021-01-28 15:44:45.711000,1.04298,1.04296,3190000,1000000
2021-01-28 15:44:46.157000,1.04298,1.04297,1000000,1500000
2021-01-28 15:44:46.267000,1.04299,1.04298,2810000,1000000
2021-01-28 15:44:46.933000,1.04302,1.043,2450000,1500000
2021-01-28 15:44:47.035000,1.04302,1.04301,1250000,1000000
2021-01-28 15:44:48.157000,1.04301,1.043,1250000,1000000
2021-01-28 15:44:48.309000,1.04301,1.04299,2120000,1500000
2021-01-28 15:44:52.091000,1.04301,1.04297,2870000,1000000
2021-01-28 15:44:52.192000,1.04299,1.04297,2870000,1500000
2021-01-28 15:44:53.825000,1.04299,1.04298,1690000,1000000
2021-01-28 15:44:53.926000,1.043,1.04299,1250000,1000000
2021-01-28 15:44:55.572000,1.04299,1.04298,1000000,1000000
2021-01-28 15:44:56.487000,1.04298,1.04297,1250000,1000000
2021-01-28 15:44:56.741000,1.04296,1.04295,1000000,1500000
2021-01-28 15:44:56.842000,1.04297,1.04296,1310000,1000000
2021-01-28 15:44:56.945000,1.04296,1.04295,1250000,1000000
2021-01-28 15:45:00.324000,1.04295,1.04294,1000000,1500000
