time,ask,bid,ask_volume,bid_volume
2022-10-14 13:55:00.259000,1.47963,1.47954,4040000,1800000
2022-10-14 13:55:00.361000,1.47962,1.47955,1570000,1200000
2022-10-14 13:55:00.463000,1.47962,1.47953,2100000,2400000
2022-10-14 13:55:00.666000,1.47961,1.47954,1200000,1200000
2022-10-14 13:55:00.767000,1.47962,1.47954,1340000,2030000
2022-10-14 13:55:00.870000,1.47963,1.4796,1340000,1800000
2022-10-14 13:55:00.921000,1.47969,1.47961,2640000,1800000
2022-10-14 13:55:00.972000,1.47969,1.47961,1340000,1800000
2022-10-14 13:55:01.023000,1.4797,1.47963,1200000,1200000
2022-10-14 13:55:01.176000,1.47972,1.47964,1800000,1340000
2022-10-14 13:55:01.314000,1.47975,1.47967,3840000,1200000
2022-10-14 13:55:01.468000,1.4797,1.47967,1200000,1200000
2022-10-14 13:55:01.519000,1.4796,1.47954,1340000,1200000
2022-10-14 13:55:01.570000,1.4796,1.47956,1940000,2030000
2022-10-14 13:55:01.621000,1.47959,1.47955,2840000,1200000
2022-10-14 13:55:01.676000,1.47958,1.47954,1640000,1200000
2022-10-14 13:55:01.781000,1.47957,1.47949,1340000,2400000
2022-10-14 13:55:01.882000,1.47958,1.47948,1200000,1800000
2022-10-14 13:55:01.984000,1.47957,1.4795,1200000,1200000
2022-10-14 13:55:02.035000,1.47954,1.47949,1800000,1800000
2022-10-14 13:55:02.086000,1.47947,1.47945,1800000,1500000
2022-10-14 13:55:02.189000,1.47947,1.47938,2840000,1500000
2022-10-14 13:55:02.240000,1.47946,1.47936,3140000,1200000
2022-10-14 13:55:02.342000,1.47946,1.47938,2400000,1200000
2022-10-14 13:55:02.545000,1.47948,1.47941,1200000,1800000
2022-10-14 13:55:02.648000,1.47947,1.47941,2940000,4940000
2022-10-14 13:55:02.699000,1.47946,1.47936,2700000,1800000
2022-10-14 13:55:02.801000,1.47946,1.47936,3140000,1200000
2022-10-14 13:55:02.902000,1.47945,1.47935,1340000,1200000
2022-10-14 13:55:03.004000,1.47944,1.47935,1200000,1200000
2022-10-14 13:55:03.055000,1.47941,1.47934,1200000,1200000
2022-10-14 13:55:03.106000,1.47942,1.47932,1940000,1340000
2022-10-14 13:55:03.208000,1.47942,1.47932,1340000,1340000
2022-10-14 13:55:03.401000,1.47944,1.47932,1800000,1200000
2022-10-14 13:55:03.554000,1.47943,1.47934,1800000,1200000
2022-10-14 13:55:03.808000,1.47943,1.47933,1800000,1200000
2022-10-14 13:55:04.875000,1.47943,1.47934,1200000,1200000
2022-10-14 13:55:05.646000,1.47943,1.47933,1200000,1340000
2022-10-14 13:55:05.697000,1.4794,1.47933,1800000,1200000
2022-10-14 13:55:05.748000,1.47941,1.47933,1200000,1200000
2022-10-14 13:55:05.799000,1.47937,1.4793,1200000,1200000
2022-10-14 13:55:05.866000,1.47939,1.4793,4940000,2700000
2022-10-14 13:55:05.969000,1.4794,1.4793,5700000,1800000
2022-10-14 13:55:06.121000,1.4794,1.4793,5400000,1200000
2022-10-14 13:55:06.324000,1.47941,1.4793,1800000,3600000
2022-10-14 13:55:06.426000,1.4794,1.47931,1800000,1200000
2022-10-14 13:55:06.528000,1.4794,1.47932,1200000,1200000
2022-10-14 13:55:06.630000,1.47942,1.47932,2240000,1200000
2022-10-14 13:55:07.137000,1.47941,1.47932,1200000,1200000
2022-10-14 13:55:07.289000,1.47942,1.47932,1800000,1200000
2022-10-14 13:55:07.391000,1.47941,1.47932,1200000,1200000
2022-10-14 13:55:07.493000,1.47943,1.47936,1200000,1200000
2022-10-14 13:55:07.595000,1.47942,1.47935,1200000,1800000
2022-10-14 13:55:07.646000,1.47941,1.47932,1200000,1500000
2022-10-14 13:55:07.748000,1.47941,1.47932,1200000,1200000
2022-10-14 13:55:08.103000,1.4794,1.47931,1200000,1200000
2022-10-14 13:55:08.220000,1.47941,1.47931,1800000,1340000
2022-10-14 13:55:08.696000,1.47942,1.47931,2700000,1800000
2022-10-14 13:55:08.981000,1.47941,1.47931,1200000,1800000
2022-10-14 13:55:09.133000,1.47942,1.47931,2700000,1800000
2022-10-14 13:55:09.235000,1.47943,1.47933,3740000,1200000
2022-10-14 13:55:09.995000,1.47942,1.47933,1340000,1200000
2022-10-14 13:55:10.097000,1.47942,1.47934,1200000,1200000
2022-10-14 13:55:10.401000,1.47942,1.47933,1200000,1200000
2022-10-14 13:55:10.793000,1.47942,1.47935,1200000,1200000
2022-10-14 13:55:10.894000,1.47943,1.47934,3140000,1200000
2022-10-14 13:55:10.996000,1.47943,1.47938,1200000,1340000
2022-10-14 13:55:11.098000,1.4795,1.47942,1800000,1200000
2022-10-14 13:55:11.149000,1.47952,1.47944,1500000,1200000
2022-10-14 13:55:11.454000,1.47952,1.47943,2100000,1200000
2022-10-14 13:55:11.556000,1.47952,1.47942,2100000,1340000
2022-10-14 13:55:11.658000,1.47952,1.47942,2100000,1340000
2022-10-14 13:55:11.912000,1.47957,1.47951,1200000,3860000
2022-10-14 13:55:11.963000,1.47962,1.47958,1200000,1200000
2022-10-14 13:55:12.014000,1.47962,1.47956,1200000,2700000
2022-10-14 13:55:12.066000,1.47963,1.47953,3140000,6240000
2022-10-14 13:55:12.117000,1.47963,1.47954,3440000,1200000
2022-10-14 13:55:12.218000,1.47963,1.47952,2030000,1200000
2022-10-14 13:55:12.320000,1.47962,1.47953,2630000,1800000
2022-10-14 13:55:12.634000,1.47961,1.47954,1200000,1200000
2022-10-14 13:55:12.685000,1.47966,1.47963,1200000,2240000
2022-10-14 13:55:12.776000,1.47967,1.47963,1200000,1800000
2022-10-14 13:55:12.841000,1.4797,1.47963,1200000,3600000
2022-10-14 13:55:12.942000,1.47969,1.47963,1500000,2700000
2022-10-14 13:55:13.045000,1.4797,1.47963,1500000,2240000
2022-10-14 13:55:13.096000,1.47972,1.47962,1500000,2240000
2022-10-14 13:55:13.147000,1.47972,1.47967,2100000,1920000
2022-10-14 13:55:13.198000,1.47974,1.47971,3600000,1340000
2022-10-14 13:55:13.249000,1.47977,1.47974,1200000,1800000
2022-10-14 13:55:13.300000,1.47978,1.47974,1200000,1800000
2022-10-14 13:55:13.352000,1.47985,1.47975,3300000,1320000
2022-10-14 13:55:13.403000,1.47986,1.47976,4200000,1200000
2022-10-14 13:55:13.454000,1.47983,1.47976,1500000,1800000
2022-10-14 13:55:13.505000,1.47986,1.47976,4200000,1800000
2022-10-14 13:55:13.890000,1.47987,1.47979,1500000,1200000
2022-10-14 13:55:13.941000,1.47987,1.47977,1800000,1200000
2022-10-14 13:55:14.144000,1.47986,1.47977,1200000,1200000
2022-10-14 13:55:14.448000,1.47986,1.47978,1200000,1200000
2022-10-14 13:55:14.499000,1.47988,1.47978,2700000,1200000
2022-10-14 13:55:14.550000,1.4799,1.47983,1800000,1200000
2022-10-14 13:55:14.602000,1.47992,1.47984,1800000,1200000
2022-10-14 13:55:14.653000,1.47991,1.47982,1340000,1200000
2022-10-14 13:55:14.704000,1.47987,1.4798,1340000,1500000
2022-10-14 13:55:14.806000,1.47988,1.47976,2400000,1210000
2022-10-14 13:55:15.010000,1.47987,1.47977,3140000,1200000
2022-10-14 13:55:15.111000,1.47987,1.47976,2240000,1200000
2022-10-14 13:55:15.264000,1.47986,1.47976,1200000,1200000
2022-10-14 13:55:15.366000,1.47979,1.4797,2240000,1500000
2022-10-14 13:55:15.417000,1.47978,1.47968,2400000,1500000
2022-10-14 13:55:15.468000,1.47978,1.47966,1340000,2240000
2022-10-14 13:55:15.519000,1.47972,1.47965,1800000,1200000
2022-10-14 13:55:15.570000,1.47973,1.47962,2240000,1340000
2022-10-14 13:55:15.672000,1.47968,1.4796,4200000,1620000
2022-10-14 13:55:15.774000,1.47965,1.47956,1200000,1500000
2022-10-14 13:55:15.825000,1.47965,1.47955,1340000,2100000
2022-10-14 13:55:15.927000,1.47964,1.47955,1340000,1200000
2022-10-14 13:55:16.029000,1.47966,1.47954,2240000,1200000
2022-10-14 13:55:16.080000,1.47966,1.47957,1200000,1800000
2022-10-14 13:55:16.334000,1.47966,1.47956,1340000,1200000
2022-10-14 13:55:16.385000,1.47965,1.47954,1200000,2240000
2022-10-14 13:55:16.538000,1.47966,1.47955,3140000,1200000
2022-10-14 13:55:16.640000,1.47965,1.47954,1340000,1800000
2022-10-14 13:55:16.742000,1.47966,1.47956,1800000,1800000
2022-10-14 13:55:16.844000,1.47967,1.47954,1340000,1800000
2022-10-14 13:55:16.945000,1.47963,1.47954,1340000,1800000
2022-10-14 13:55:17.098000,1.47965,1.47956,1200000,1800000
2022-10-14 13:55:17.200000,1.47965,1.47955,1340000,1800000
2022-10-14 13:55:17.555000,1.47964,1.47954,1200000,1340000
2022-10-14 13:55:17.708000,1.47963,1.47954,1340000,1200000
2022-10-14 13:55:17.810000,1.47962,1.47953,1200000,1200000
2022-10-14 13:55:18.207000,1.47961,1.47952,1200000,1340000
2022-10-14 13:55:18.309000,1.47959,1.47948,1340000,1200000
2022-10-14 13:55:18.360000,1.47959,1.47949,1200000,1200000
2022-10-14 13:55:18.462000,1.4796,1.4795,1800000,1200000
2022-10-14 13:55:18.666000,1.47962,1.47954,1800000,1200000
2022-10-14 13:55:18.717000,1.47961,1.47951,3140000,1200000
2022-10-14 13:55:18.818000,1.4796,1.4795,1340000,1200000
2022-10-14 13:55:18.920000,1.47963,1.47954,2930000,1200000
2022-10-14 13:55:19.022000,1.47962,1.47953,1340000,1200000
2022-10-14 13:55:19.225000,1.47961,1.47951,1200000,1200000
2022-10-14 13:55:19.471000,1.4796,1.47951,1200000,1200000
2022-10-14 13:55:19.624000,1.4796,1.4795,1340000,1200000
2022-10-14 13:55:19.725000,1.4796,1.47949,1200000,1200000
2022-10-14 13:55:19.827000,1.47959,1.47949,1200000,1340000
2022-10-14 13:55:19.929000,1.4796,1.47949,1340000,1340000
2022-10-14 13:55:20.081000,1.4796,1.4795,1200000,1800000
2022-10-14 13:55:20.132000,1.47961,1.47952,2240000,1200000
2022-10-14 13:55:20.234000,1.47962,1.47953,1500000,1200000
2022-10-14 13:55:20.769000,1.4796,1.47952,1500000,1340000
2022-10-14 13:55:20.820000,1.4796,1.47949,2630000,1500000
2022-10-14 13:55:21.337000,1.47957,1.47949,1200000,1500000
2022-10-14 13:55:21.388000,1.4796,1.47951,2470000,1200000
2022-10-14 13:55:21.439000,1.47958,1.4795,1340000,2930000
2022-10-14 13:55:21.541000,1.4796,1.47951,1200000,1340000
2022-10-14 13:55:21.745000,1.47959,1.47949,1340000,4580000
2022-10-14 13:55:22.002000,1.47961,1.47952,2540000,1340000
2022-10-14 13:55:22.106000,1.47956,1.47949,1200000,3830000
2022-10-14 13:55:22.208000,1.47957,1.47948,1340000,1500000
2022-10-14 13:55:22.309000,1.47957,1.47948,1340000,1200000
2022-10-14 13:55:22.816000,1.47956,1.47948,1340000,1500000
2022-10-14 13:55:22.968000,1.47957,1.47948,1340000,2030000
2022-10-14 13:55:23.120000,1.47955,1.47948,1200000,2030000
2022-10-14 13:55:23.222000,1.47958,1.47949,1340000,1200000
2022-10-14 13:55:23.678000,1.47959,1.47952,1340000,1340000
2022-10-14 13:55:23.780000,1.47961,1.47952,1340000,2700000
2022-10-14 13:55:23.881000,1.47959,1.47951,1200000,1940000
2022-10-14 13:55:24.204000,1.47958,1.47951,1200000,1940000
2022-10-14 13:55:24.306000,1.47956,1.4795,1200000,1200000
2022-10-14 13:55:24.357000,1.47955,1.47948,1200000,1800000
2022-10-14 13:55:24.510000,1.47956,1.47948,1200000,1200000
2022-10-14 13:55:24.612000,1.47955,1.47948,1340000,1200000
2022-10-14 13:55:24.663000,1.47951,1.47947,2240000,1200000
2022-10-14 13:55:24.765000,1.47947,1.47939,3600000,1640000
2022-10-14 13:55:24.867000,1.47944,1.47939,1200000,2240000
2022-10-14 13:55:24.969000,1.47945,1.47937,1200000,1500000
2022-10-14 13:55:25.070000,1.47945,1.47933,1200000,6740000
2022-10-14 13:55:25.326000,1.47945,1.47936,1200000,1340000
2022-10-14 13:55:25.796000,1.47946,1.47939,1200000,1200000
2022-10-14 13:55:25.847000,1.47948,1.47939,1340000,1200000
2022-10-14 13:55:26,1.47948,1.47938,1340000,1200000
2022-10-14 13:55:26.101000,1.47947,1.47938,1200000,1200000
2022-10-14 13:55:26.213000,1.47947,1.47938,1200000,1200000
2022-10-14 13:55:26.314000,1.47948,1.47938,1200000,1200000
2022-10-14 13:55:26.467000,1.47946,1.47936,1800000,1800000
2022-10-14 13:55:26.568000,1.47945,1.47936,1200000,1200000
2022-10-14 13:55:26.670000,1.4795,1.47946,1500000,1200000
2022-10-14 13:55:26.722000,1.47951,1.47947,1200000,1200000
2022-10-14 13:55:26.823000,1.47952,1.47948,1800000,1200000
2022-10-14 13:55:27.441000,1.47953,1.47948,1340000,1200000
2022-10-14 13:55:28.538000,1.47953,1.47943,2240000,1200000
2022-10-14 13:55:28.759000,1.47954,1.47944,2700000,1200000
2022-10-14 13:55:29.144000,1.47955,1.47944,2240000,1940000
2022-10-14 13:55:29.196000,1.47955,1.47944,2240000,1340000
2022-10-14 13:55:29.348000,1.47954,1.47946,1200000,1200000
2022-10-14 13:55:29.500000,1.47955,1.47946,1800000,1200000
2022-10-14 13:55:29.704000,1.47954,1.47946,1200000,1200000
2022-10-14 13:55:29.958000,1.47954,1.47945,2700000,1200000
2022-10-14 13:55:30.060000,1.47953,1.47944,1200000,1200000
2022-10-14 13:55:30.416000,1.47954,1.47944,1800000,1200000
2022-10-14 13:55:30.553000,1.47954,1.47945,1800000,1200000
2022-10-14 13:55:30.926000,1.4795,1.47943,1800000,1200000
2022-10-14 13:55:30.977000,1.47948,1.47938,1200000,1340000
2022-10-14 13:55:31.080000,1.47949,1.47939,1200000,1340000
2022-10-14 13:55:31.232000,1.47946,1.47938,1800000,1200000
2022-10-14 13:55:31.334000,1.47945,1.47936,1200000,2100000
2022-10-14 13:55:31.487000,1.47945,1.47936,1200000,2100000
2022-10-14 13:55:31.538000,1.47946,1.47935,1200000,1500000
2022-10-14 13:55:31.690000,1.47945,1.47936,1200000,1500000
2022-10-14 13:55:31.966000,1.47946,1.47937,3600000,1200000
2022-10-14 13:55:32.068000,1.47948,1.47939,1200000,1200000
2022-10-14 13:55:32.169000,1.47949,1.47939,2470000,1200000
2022-10-14 13:55:32.305000,1.47948,1.47938,1200000,1340000
2022-10-14 13:55:32.407000,1.47949,1.47939,2240000,1320000
2022-10-14 13:55:32.537000,1.47948,1.47938,1200000,1200000
2022-10-14 13:55:32.693000,1.47949,1.4794,1200000,1340000
2022-10-14 13:55:32.796000,1.4795,1.4794,1200000,1340000
2022-10-14 13:55:33.051000,1.47951,1.47943,1200000,1340000
2022-10-14 13:55:33.102000,1.47954,1.47943,2470000,2400000
2022-10-14 13:55:33.204000,1.47954,1.47942,1200000,1800000
2022-10-14 13:55:33.356000,1.47954,1.47944,1800000,1200000
2022-10-14 13:55:33.559000,1.47953,1.47943,1200000,1800000
2022-10-14 13:55:33.762000,1.47954,1.47944,1800000,1200000
2022-10-14 13:55:33.813000,1.47951,1.47941,1500000,1200000
2022-10-14 13:55:33.915000,1.4795,1.4794,1200000,2400000
2022-10-14 13:55:34.118000,1.47951,1.47941,1800000,2240000
2022-10-14 13:55:34.220000,1.47951,1.47942,1200000,1200000
2022-10-14 13:55:34.372000,1.47951,1.47941,1500000,6610000
2022-10-14 13:55:35.158000,1.4795,1.47941,1200000,4270000
2022-10-14 13:55:35.463000,1.47948,1.47939,3140000,4040000
2022-10-14 13:55:35.565000,1.47947,1.47938,1800000,1200000
2022-10-14 13:55:35.777000,1.47945,1.47936,1340000,1200000
2022-10-14 13:55:35.879000,1.47945,1.47935,1800000,1340000
2022-10-14 13:55:36.032000,1.47945,1.47938,1200000,1880000
2022-10-14 13:55:36.134000,1.47948,1.47939,1200000,1200000
2022-10-14 13:55:36.337000,1.47947,1.47937,2240000,1320000
2022-10-14 13:55:36.388000,1.47947,1.47939,2240000,1200000
2022-10-14 13:55:36.490000,1.47948,1.47937,1340000,2360000
2022-10-14 13:55:36.592000,1.47949,1.47937,1340000,2940000
2022-10-14 13:55:36.694000,1.47948,1.47938,1200000,1320000
2022-10-14 13:55:36.796000,1.47947,1.47936,4500000,2630000
2022-10-14 13:55:36.898000,1.47945,1.47935,1340000,1620000
2022-10-14 13:55:37,1.47945,1.47934,1200000,1200000
2022-10-14 13:55:37.203000,1.47945,1.47935,1340000,1800000
2022-10-14 13:55:37.304000,1.47945,1.47936,1340000,1340000
2022-10-14 13:55:37.412000,1.47946,1.47939,1200000,1200000
2022-10-14 13:55:37.514000,1.4795,1.47941,2400000,1340000
2022-10-14 13:55:37.615000,1.4795,1.47941,1340000,1340000
2022-10-14 13:55:37.818000,1.47946,1.47939,1800000,1340000
2022-10-14 13:55:37.920000,1.47944,1.47935,1200000,2240000
2022-10-14 13:55:38.022000,1.47946,1.47937,1340000,1200000
2022-10-14 13:55:38.124000,1.47948,1.47938,2100000,1200000
2022-10-14 13:55:38.226000,1.47948,1.47938,2240000,1200000
2022-10-14 13:55:38.327000,1.47946,1.47937,2240000,1340000
2022-10-14 13:55:38.480000,1.47945,1.47935,2240000,2700000
2022-10-14 13:55:38.531000,1.47943,1.47933,1800000,4370000
2022-10-14 13:55:38.633000,1.47945,1.47938,1500000,1200000
2022-10-14 13:55:38.684000,1.47943,1.47939,1200000,1200000
2022-10-14 13:55:38.735000,1.47943,1.47934,1800000,1500000
2022-10-14 13:55:38.838000,1.47943,1.47932,1800000,3680000
2022-10-14 13:55:38.889000,1.47942,1.47932,1500000,3680000
2022-10-14 13:55:39.092000,1.47942,1.47932,1500000,3680000
2022-10-14 13:55:39.501000,1.4794,1.47932,1200000,1340000
2022-10-14 13:55:39.602000,1.4794,1.47931,1200000,1200000
2022-10-14 13:55:39.806000,1.47941,1.47931,1500000,2930000
2022-10-14 13:55:40.370000,1.47941,1.47931,1500000,2240000
2022-10-14 13:55:41.029000,1.47939,1.47931,1200000,1800000
2022-10-14 13:55:41.702000,1.4794,1.47931,1200000,2700000
2022-10-14 13:55:41.805000,1.47938,1.4793,1200000,4640000
2022-10-14 13:55:41.907000,1.47937,1.47931,2700000,3230000
2022-10-14 13:55:41.958000,1.47941,1.47932,1340000,1640000
2022-10-14 13:55:42.060000,1.47943,1.47931,1340000,2100000
2022-10-14 13:55:42.172000,1.47942,1.47932,1640000,1800000
2022-10-14 13:55:42.274000,1.47942,1.47933,1500000,1800000
2022-10-14 13:55:42.375000,1.47943,1.47934,2240000,1500000
2022-10-14 13:55:42.528000,1.47944,1.47935,3300000,1500000
2022-10-14 13:55:42.579000,1.47942,1.47933,1800000,1500000
2022-10-14 13:55:42.681000,1.47942,1.47933,2100000,1200000
2022-10-14 13:55:43.288000,1.4794,1.47933,1200000,1200000
2022-10-14 13:55:43.390000,1.47941,1.47933,1500000,1200000
2022-10-14 13:55:43.961000,1.47941,1.47932,1500000,1340000
2022-10-14 13:55:44.366000,1.47941,1.47932,1200000,3000000
2022-10-14 13:55:44.468000,1.47941,1.47932,1500000,2340000
2022-10-14 13:55:44.803000,1.47942,1.47932,1200000,3980000
2022-10-14 13:55:44.904000,1.47942,1.47932,1500000,3680000
2022-10-14 13:55:45.158000,1.47941,1.47932,1500000,1800000
2022-10-14 13:55:45.310000,1.47941,1.47932,1500000,1340000
2022-10-14 13:55:45.541000,1.47941,1.47932,1640000,1340000
2022-10-14 13:55:46.887000,1.47941,1.47932,1500000,2240000
2022-10-14 13:55:46.989000,1.47941,1.47932,1500000,2700000
2022-10-14 13:55:47.308000,1.47941,1.47932,1500000,2840000
2022-10-14 13:55:47.427000,1.47941,1.47933,1500000,1200000
2022-10-14 13:55:47.630000,1.47942,1.47934,1200000,1200000
2022-10-14 13:55:47.798000,1.47944,1.47933,3370000,1200000
2022-10-14 13:55:47.950000,1.47942,1.47934,1200000,1200000
2022-10-14 13:55:48.052000,1.47942,1.47934,1500000,1200000
2022-10-14 13:55:48.941000,1.47942,1.47933,1200000,4040000
2022-10-14 13:55:49.094000,1.47942,1.47933,1500000,3740000
2022-10-14 13:55:49.196000,1.47943,1.47934,1800000,1500000
2022-10-14 13:55:49.297000,1.47943,1.47934,2100000,1200000
2022-10-14 13:55:49.399000,1.47943,1.47934,1800000,1500000
2022-10-14 13:55:49.500000,1.47943,1.47934,2100000,1200000
2022-10-14 13:55:49.602000,1.47943,1.47934,1800000,1800000
2022-10-14 13:55:49.653000,1.47943,1.4794,1200000,1800000
2022-10-14 13:55:49.770000,1.47944,1.47941,1200000,1340000
2022-10-14 13:55:50.520000,1.47945,1.47941,1200000,2540000
2022-10-14 13:55:50.622000,1.47946,1.47943,1200000,1200000
2022-10-14 13:55:50.775000,1.47946,1.47942,1200000,1440000
2022-10-14 13:55:50.927000,1.47946,1.47943,1200000,1200000
2022-10-14 13:55:51.434000,1.47951,1.47944,1200000,1200000
2022-10-14 13:55:51.637000,1.47946,1.47943,1200000,1200000
2022-10-14 13:55:52.043000,1.47944,1.47942,1200000,1200000
2022-10-14 13:55:52.947000,1.47944,1.47941,1200000,1200000
2022-10-14 13:55:53.933000,1.47944,1.47938,1200000,2240000
2022-10-14 13:55:54.153000,1.47944,1.47941,1200000,1200000
2022-10-14 13:55:54.254000,1.47945,1.47942,1200000,1200000
2022-10-14 13:55:54.356000,1.47945,1.47943,1200000,1200000
2022-10-14 13:55:54.759000,1.47944,1.47942,1200000,1200000
2022-10-14 13:55:54.862000,1.47944,1.47938,1200000,1200000
2022-10-14 13:55:55.002000,1.47943,1.47935,3600000,2170000
2022-10-14 13:55:55.104000,1.47943,1.47935,2700000,1500000
2022-10-14 13:55:55.206000,1.47942,1.47935,1340000,1200000
2022-10-14 13:55:55.307000,1.47943,1.47934,2840000,1200000
2022-10-14 13:55:55.460000,1.47944,1.47933,1200000,1200000
2022-10-14 13:55:55.819000,1.47942,1.47934,1200000,1200000
2022-10-14 13:55:55.921000,1.47942,1.47934,1200000,1200000
2022-10-14 13:55:56.073000,1.47941,1.47934,1200000,1200000
2022-10-14 13:55:57.887000,1.47942,1.47935,1200000,1200000
2022-10-14 13:55:58.596000,1.47943,1.47941,1320000,1340000
2022-10-14 13:55:58.698000,1.47949,1.47943,1500000,1200000
2022-10-14 13:55:58.800000,1.47947,1.47942,1500000,4140000
2022-10-14 13:55:58.851000,1.4795,1.47945,1370000,1200000
2022-10-14 13:55:58.902000,1.4795,1.47945,2100000,1200000
2022-10-14 13:55:58.953000,1.4795,1.47945,1200000,1200000
2022-10-14 13:55:59.110000,1.4795,1.47944,1200000,1200000
2022-10-14 13:55:59.428000,1.47952,1.47944,2700000,1200000
2022-10-14 13:55:59.783000,1.47952,1.47943,1800000,1200000
2022-10-14 13:56:00.714000,1.4794,1.47934,1200000,1500000
2022-10-14 13:56:00.765000,1.47942,1.47933,2240000,1200000
2022-10-14 13:56:01.069000,1.47943,1.47933,4040000,2240000
2022-10-14 13:56:01.121000,1.47943,1.47935,2700000,1200000
2022-10-14 13:56:01.222000,1.47944,1.47935,3140000,1800000
2022-10-14 13:56:01.820000,1.47945,1.47937,1800000,1200000
2022-10-14 13:56:01.922000,1.47944,1.47937,1200000,1200000
2022-10-14 13:56:02.074000,1.47946,1.47938,1800000,1200000
2022-10-14 13:56:02.126000,1.47948,1.47939,1200000,2400000
2022-10-14 13:56:02.228000,1.47948,1.47941,1200000,1200000
2022-10-14 13:56:02.279000,1.47949,1.47941,2240000,1200000
2022-10-14 13:56:02.736000,1.47948,1.47941,1200000,1200000
2022-10-14 13:56:02.837000,1.47948,1.4794,1200000,1200000
2022-10-14 13:56:02.888000,1.47949,1.47942,1940000,1200000
2022-10-14 13:56:02.990000,1.47949,1.47941,2240000,1200000
2022-10-14 13:56:03.092000,1.47948,1.47941,1200000,1200000
2022-10-14 13:56:03.194000,1.47949,1.47942,1200000,1500000
2022-10-14 13:56:03.296000,1.47951,1.47942,1200000,1200000
2022-10-14 13:56:03.397000,1.4795,1.47942,1200000,1200000
2022-10-14 13:56:03.499000,1.47952,1.47942,1200000,1340000
2022-10-14 13:56:03.606000,1.47952,1.47944,1200000,1200000
2022-10-14 13:56:03.708000,1.47953,1.4795,1600000,1200000
2022-10-14 13:56:03.810000,1.47957,1.47952,1500000,1200000
2022-10-14 13:56:03.912000,1.4796,1.47955,1200000,1200000
2022-10-14 13:56:04.014000,1.47962,1.47955,1200000,1200000
2022-10-14 13:56:04.140000,1.47962,1.47956,1200000,1200000
2022-10-14 13:56:04.248000,1.47962,1.47955,1340000,1340000
2022-10-14 13:56:04.400000,1.47964,1.47955,1800000,1340000
2022-10-14 13:56:04.451000,1.47965,1.47956,4940000,1200000
2022-10-14 13:56:04.553000,1.47965,1.47958,1200000,1200000
2022-10-14 13:56:04.756000,1.47965,1.47957,1200000,1800000
2022-10-14 13:56:04.858000,1.47966,1.47958,3140000,1200000
2022-10-14 13:56:04.960000,1.47966,1.47958,3300000,1200000
2022-10-14 13:56:05.113000,1.47956,1.47951,1800000,1200000
2022-10-14 13:56:05.164000,1.47962,1.47958,2100000,1200000
2022-10-14 13:56:05.215000,1.47961,1.47952,1200000,1800000
2022-10-14 13:56:05.317000,1.47957,1.47953,1200000,1200000
2022-10-14 13:56:05.419000,1.47957,1.47951,1200000,1200000
2022-10-14 13:56:05.599000,1.47957,1.47952,1200000,1200000
2022-10-14 13:56:05.701000,1.47957,1.47951,1200000,1200000
2022-10-14 13:56:05.803000,1.4796,1.47952,1800000,1200000
2022-10-14 13:56:05.904000,1.47961,1.4795,1800000,1200000
2022-10-14 13:56:06.253000,1.47961,1.4795,1200000,2240000
2022-10-14 13:56:06.304000,1.47963,1.47952,1340000,1940000
2022-10-14 13:56:06.406000,1.47963,1.47956,1800000,1200000
2022-10-14 13:56:06.829000,1.47963,1.47955,2400000,1200000
2022-10-14 13:56:07.134000,1.47963,1.47954,4200000,1200000
2022-10-14 13:56:07.388000,1.47962,1.47954,1340000,1200000
2022-10-14 13:56:07.489000,1.47963,1.47955,2240000,1200000
2022-10-14 13:56:07.642000,1.47963,1.47955,1340000,1800000
2022-10-14 13:56:07.744000,1.47964,1.47957,1200000,1800000
2022-10-14 13:56:07.845000,1.47965,1.47958,2240000,1200000
2022-10-14 13:56:10.035000,1.47966,1.47958,1340000,1200000
2022-10-14 13:56:11.526000,1.47965,1.47959,1200000,1200000
2022-10-14 13:56:11.627000,1.47967,1.47959,2840000,1200000
2022-10-14 13:56:11.811000,1.47968,1.4796,2840000,1320000
2022-10-14 13:56:11.913000,1.47971,1.47966,1200000,1200000
2022-10-14 13:56:11.964000,1.47971,1.47964,1200000,1200000
2022-10-14 13:56:12.117000,1.47972,1.47964,1800000,1200000
2022-10-14 13:56:12.300000,1.47972,1.47964,1200000,1200000
2022-10-14 13:56:12.402000,1.47971,1.47965,1200000,1340000
2022-10-14 13:56:12.453000,1.47972,1.47966,1200000,1800000
2022-10-14 13:56:12.555000,1.47972,1.47967,1200000,1200000
2022-10-14 13:56:12.664000,1.47972,1.47968,1200000,1340000
2022-10-14 13:56:12.766000,1.47972,1.4797,1200000,1200000
2022-10-14 13:56:12.969000,1.47972,1.47969,1200000,1200000
2022-10-14 13:56:13.505000,1.47972,1.47968,1200000,1200000
2022-10-14 13:56:13.606000,1.47972,1.47969,1200000,1200000
2022-10-14 13:56:13.763000,1.47972,1.47968,1200000,1200000
2022-10-14 13:56:13.965000,1.47972,1.47969,1200000,1200000
2022-10-14 13:56:15.005000,1.47973,1.47967,1200000,1200000
2022-10-14 13:56:15.502000,1.47972,1.47969,1200000,1200000
2022-10-14 13:56:15.806000,1.47973,1.47966,1200000,1200000
2022-10-14 13:56:16.022000,1.47972,1.47966,1200000,1340000
2022-10-14 13:56:16.377000,1.47973,1.47966,1200000,1200000
2022-10-14 13:56:17.849000,1.47973,1.47969,1200000,1800000
2022-10-14 13:56:17.951000,1.47972,1.47969,1200000,1500000
2022-10-14 13:56:18.154000,1.47972,1.47967,1200000,1200000
2022-10-14 13:56:18.593000,1.47972,1.47968,1200000,1200000
2022-10-14 13:56:19.364000,1.47978,1.47968,1940000,1340000
2022-10-14 13:56:19.466000,1.47978,1.47967,2840000,1340000
2022-10-14 13:56:19.576000,1.47978,1.47968,2400000,1200000
2022-10-14 13:56:19.997000,1.47979,1.47966,2840000,1340000
2022-10-14 13:56:20.655000,1.47979,1.47966,3740000,1800000
2022-10-14 13:56:21.735000,1.47978,1.47967,3740000,1340000
2022-10-14 13:56:21.837000,1.47978,1.47967,3740000,1200000
2022-10-14 13:56:21.939000,1.47978,1.47967,3740000,1340000
2022-10-14 13:56:21.990000,1.47979,1.47968,2840000,3300000
2022-10-14 13:56:22.091000,1.47976,1.47967,1200000,3600000
2022-10-14 13:56:23.170000,1.47973,1.47967,1200000,1200000
2022-10-14 13:56:23.272000,1.47973,1.47966,1200000,2470000
2022-10-14 13:56:23.479000,1.47973,1.47967,1200000,1200000
2022-10-14 13:56:23.607000,1.47978,1.47966,3530000,1200000
2022-10-14 13:56:24.101000,1.47977,1.47968,2400000,1200000
2022-10-14 13:56:24.779000,1.47977,1.47967,1200000,1800000
2022-10-14 13:56:28.151000,1.47978,1.47969,1940000,1200000
2022-10-14 13:56:28.253000,1.4798,1.47968,4200000,1200000
2022-10-14 13:56:28.711000,1.47981,1.47972,2420000,2100000
2022-10-14 13:56:28.812000,1.47981,1.47972,1940000,1200000
2022-10-14 13:56:28.949000,1.47981,1.47971,1940000,1340000
2022-10-14 13:56:29.054000,1.47981,1.47972,1940000,1200000
2022-10-14 13:56:29.156000,1.47982,1.47971,2840000,1940000
2022-10-14 13:56:29.258000,1.47982,1.47972,1340000,2240000
2022-10-14 13:56:29.664000,1.47983,1.47972,2840000,3070000
2022-10-14 13:56:29.766000,1.47982,1.47972,1200000,2470000
2022-10-14 13:56:30.951000,1.47982,1.47973,1200000,1200000
2022-10-14 13:56:31.054000,1.47983,1.47973,2840000,1340000
2022-10-14 13:56:31.578000,1.47982,1.47972,3740000,1800000
2022-10-14 13:56:32.620000,1.47981,1.47971,1200000,1200000
2022-10-14 13:56:33.970000,1.47981,1.47972,1200000,1200000
2022-10-14 13:56:34.441000,1.47981,1.47971,1800000,1200000
2022-10-14 13:56:34.644000,1.47981,1.47971,1940000,1200000
2022-10-14 13:56:35.228000,1.47981,1.47971,1200000,1200000
2022-10-14 13:56:35.855000,1.47982,1.47972,3740000,1570000
2022-10-14 13:56:36.012000,1.47981,1.47971,1800000,1340000
2022-10-14 13:56:36.216000,1.4798,1.47971,1200000,1200000
2022-10-14 13:56:36.415000,1.47981,1.47971,2840000,1200000
2022-10-14 13:56:36.719000,1.47981,1.47971,2840000,1200000
2022-10-14 13:56:37.460000,1.4798,1.47971,1200000,1200000
2022-10-14 13:56:37.562000,1.47978,1.4797,1340000,1200000
2022-10-14 13:56:37.664000,1.47979,1.47966,1940000,1200000
2022-10-14 13:56:39.268000,1.47977,1.47966,1340000,2030000
2022-10-14 13:56:40.222000,1.47976,1.47966,1200000,1570000
2022-10-14 13:56:40.273000,1.47978,1.47971,1340000,2040000
2022-10-14 13:56:40.375000,1.47985,1.47976,2150000,1200000
2022-10-14 13:56:40.477000,1.47986,1.47974,1800000,2470000
2022-10-14 13:56:40.579000,1.47985,1.47975,1340000,2630000
2022-10-14 13:56:41.335000,1.47987,1.47979,3300000,1200000
2022-10-14 13:56:41.437000,1.47989,1.47978,1200000,1550000
2022-10-14 13:56:41.489000,1.47987,1.47978,1200000,1340000
2022-10-14 13:56:41.590000,1.47988,1.47976,1940000,1340000
2022-10-14 13:56:42.034000,1.47987,1.47977,1340000,1340000
2022-10-14 13:56:42.187000,1.4799,1.47984,1340000,1200000
2022-10-14 13:56:42.289000,1.47991,1.4798,1800000,1500000
2022-10-14 13:56:42.340000,1.4799,1.4798,1940000,1200000
2022-10-14 13:56:42.442000,1.47989,1.47978,2700000,1800000
2022-10-14 13:56:42.612000,1.47988,1.47978,1800000,1200000
2022-10-14 13:56:43.627000,1.4799,1.47981,1940000,1200000
2022-10-14 13:56:43.730000,1.47992,1.47985,1200000,1340000
2022-10-14 13:56:43.933000,1.47995,1.47985,1800000,2700000
2022-10-14 13:56:44.559000,1.47995,1.47987,2400000,1200000
2022-10-14 13:56:44.660000,1.47993,1.47986,1200000,1200000
2022-10-14 13:56:44.762000,1.47995,1.47986,2400000,1340000
2022-10-14 13:56:45.043000,1.47992,1.47984,1200000,2400000
2022-10-14 13:56:45.145000,1.47993,1.47984,1800000,1340000
2022-10-14 13:56:45.247000,1.47991,1.47982,1200000,1200000
2022-10-14 13:56:45.298000,1.4799,1.4798,3740000,1200000
2022-10-14 13:56:45.501000,1.4799,1.47979,1200000,1200000
2022-10-14 13:56:45.838000,1.47989,1.4798,1340000,1200000
2022-10-14 13:56:46.414000,1.47987,1.47978,1200000,1340000
2022-10-14 13:56:46.516000,1.47987,1.47977,1800000,1340000
2022-10-14 13:56:47.621000,1.47988,1.47978,3300000,1340000
2022-10-14 13:56:48.134000,1.47988,1.4798,1200000,1200000
2022-10-14 13:56:48.236000,1.47988,1.47977,1940000,1800000
2022-10-14 13:56:48.426000,1.47988,1.47978,1940000,1200000
2022-10-14 13:56:48.730000,1.47987,1.47977,1800000,1800000
2022-10-14 13:56:50.131000,1.4799,1.4798,3140000,1340000
2022-10-14 13:56:50.233000,1.47991,1.47981,1940000,1200000
2022-10-14 13:56:50.386000,1.4799,1.47979,1940000,2700000
2022-10-14 13:56:50.589000,1.47988,1.47978,1340000,1340000
2022-10-14 13:56:50.893000,1.47989,1.47983,1200000,1200000
2022-10-14 13:56:50.997000,1.47992,1.47984,1500000,2240000
2022-10-14 13:56:51.098000,1.47993,1.47983,1200000,2240000
2022-10-14 13:56:51.200000,1.47993,1.47984,1340000,2240000
2022-10-14 13:56:51.403000,1.47994,1.47985,1340000,2400000
2022-10-14 13:56:51.505000,1.47995,1.47985,2240000,2840000
2022-10-14 13:56:51.607000,1.47994,1.47985,1200000,3140000
2022-10-14 13:56:51.760000,1.47992,1.47984,1200000,1200000
2022-10-14 13:56:51.862000,1.47992,1.47981,1940000,3000000
2022-10-14 13:56:51.913000,1.47995,1.47986,1340000,1800000
2022-10-14 13:56:52.065000,1.47997,1.47987,1800000,2700000
2022-10-14 13:56:52.212000,1.47997,1.47987,2400000,2240000
2022-10-14 13:56:52.313000,1.47996,1.47987,1800000,2240000
2022-10-14 13:56:52.804000,1.47997,1.47987,2240000,1800000
2022-10-14 13:56:53.551000,1.47996,1.47987,1800000,1200000
2022-10-14 13:56:53.653000,1.47996,1.47986,2100000,2700000
2022-10-14 13:56:53.979000,1.47996,1.47986,1500000,3140000
2022-10-14 13:56:54.233000,1.47997,1.47986,2240000,3140000
2022-10-14 13:56:54.385000,1.47996,1.47986,1200000,2700000
2022-10-14 13:56:55.151000,1.47998,1.47986,1800000,1200000
2022-10-14 13:56:56.345000,1.47997,1.47987,1940000,1200000
2022-10-14 13:56:56.396000,1.4799,1.47985,3140000,1200000
2022-10-14 13:56:56.498000,1.47991,1.4798,1570000,2400000
2022-10-14 13:56:58.406000,1.47989,1.47979,1340000,1340000
2022-10-14 13:56:58.537000,1.47988,1.47978,1570000,2240000
2022-10-14 13:56:58.943000,1.47988,1.47979,1500000,1200000
2022-10-14 13:56:59.457000,1.47987,1.47977,1800000,1340000
2022-10-14 13:56:59.558000,1.47987,1.47977,2100000,1340000
2022-10-14 13:57:00.150000,1.47986,1.47977,1500000,1340000
2022-10-14 13:57:00.252000,1.47986,1.47977,1500000,1340000
2022-10-14 13:57:00.764000,1.47987,1.47975,2630000,1200000
2022-10-14 13:57:00.816000,1.47979,1.47972,1200000,1200000
2022-10-14 13:57:00.918000,1.47978,1.47969,1200000,1200000
2022-10-14 13:57:01.071000,1.47978,1.47968,1500000,1200000
2022-10-14 13:57:01.173000,1.4798,1.4797,1500000,1940000
2022-10-14 13:57:01.276000,1.47981,1.4797,3000000,1200000
2022-10-14 13:57:01.327000,1.47981,1.4797,2100000,1200000
2022-10-14 13:57:01.581000,1.4798,1.4797,1500000,1940000
2022-10-14 13:57:01.683000,1.47983,1.47974,3140000,3300000
2022-10-14 13:57:01.836000,1.47984,1.47974,1500000,1940000
2022-10-14 13:57:01.938000,1.47983,1.47975,2100000,1200000
2022-10-14 13:57:02.040000,1.47983,1.47975,1500000,1200000
2022-10-14 13:57:02.091000,1.47984,1.47975,1500000,1200000
2022-10-14 13:57:02.192000,1.47984,1.47975,1500000,1200000
2022-10-14 13:57:02.659000,1.47985,1.47976,1640000,1200000
2022-10-14 13:57:03.167000,1.47986,1.47974,1500000,2240000
2022-10-14 13:57:03.421000,1.47985,1.47975,1500000,2840000
2022-10-14 13:57:03.979000,1.47986,1.47976,2630000,1340000
2022-10-14 13:57:04.449000,1.47986,1.47976,2470000,1340000
2022-10-14 13:57:04.651000,1.47986,1.47977,2470000,1200000
2022-10-14 13:57:04.877000,1.47986,1.47976,2470000,1340000
2022-10-14 13:57:05.068000,1.47987,1.47976,2100000,1940000
2022-10-14 13:57:07.447000,1.47986,1.47975,1570000,2840000
2022-10-14 13:57:07.548000,1.47985,1.47975,1500000,2840000
2022-10-14 13:57:08.048000,1.47988,1.47979,2540000,1800000
2022-10-14 13:57:08.251000,1.47988,1.47978,1570000,1940000
2022-10-14 13:57:08.391000,1.47988,1.47978,2170000,1200000
2022-10-14 13:57:09.044000,1.4799,1.47981,2540000,1200000
2022-10-14 13:57:09.095000,1.4799,1.47981,1500000,1800000
2022-10-14 13:57:09.197000,1.47992,1.4798,2540000,1340000
2022-10-14 13:57:09.603000,1.47986,1.47978,1800000,1500000
2022-10-14 13:57:09.705000,1.47983,1.47976,1500000,1200000
2022-10-14 13:57:09.806000,1.47983,1.47974,1500000,4640000
2022-10-14 13:57:09.908000,1.47983,1.47974,1500000,4640000
2022-10-14 13:57:09.959000,1.47983,1.47974,1500000,3600000
2022-10-14 13:57:11.707000,1.47983,1.47974,1500000,4200000
2022-10-14 13:57:12.030000,1.47983,1.47974,1500000,3600000
2022-10-14 13:57:12.447000,1.47983,1.47974,1200000,3830000
2022-10-14 13:57:13.336000,1.47983,1.47974,2100000,3140000
2022-10-14 13:57:13.438000,1.47983,1.47974,1800000,2930000
2022-10-14 13:57:15.721000,1.47983,1.47974,1200000,3970000
2022-10-14 13:57:16.623000,1.47983,1.47976,1200000,1200000
2022-10-14 13:57:16.725000,1.47983,1.47975,1200000,2240000
2022-10-14 13:57:17.860000,1.47983,1.47976,1200000,1200000
2022-10-14 13:57:17.961000,1.47983,1.47975,1200000,2240000
2022-10-14 13:57:18.483000,1.47986,1.47982,1500000,1940000
2022-10-14 13:57:18.534000,1.47991,1.47985,1640000,1200000
2022-10-14 13:57:18.636000,1.47992,1.47983,1640000,1200000
2022-10-14 13:57:19.667000,1.47989,1.47984,1200000,1200000
2022-10-14 13:57:19.802000,1.47991,1.47984,1640000,1200000
2022-10-14 13:57:20.247000,1.4799,1.47983,2030000,2240000
2022-10-14 13:57:20.298000,1.4799,1.47985,1500000,1340000
2022-10-14 13:57:20.400000,1.47993,1.47986,2100000,1200000
2022-10-14 13:57:20.502000,1.47993,1.47986,2030000,1200000
2022-10-14 13:57:20.705000,1.47992,1.47985,1200000,1200000
2022-10-14 13:57:20.756000,1.47993,1.47986,2030000,1200000
2022-10-14 13:57:21.287000,1.47993,1.47985,1690000,1200000
2022-10-14 13:57:21.495000,1.47991,1.47985,2700000,1200000
2022-10-14 13:57:21.597000,1.47991,1.47983,3680000,1200000
2022-10-14 13:57:21.905000,1.47989,1.47983,2700000,1200000
2022-10-14 13:57:22.025000,1.47989,1.47982,1200000,1200000
2022-10-14 13:57:22.228000,1.47989,1.47982,3070000,1200000
2022-10-14 13:57:22.381000,1.4799,1.47982,3010000,1200000
2022-10-14 13:57:22.666000,1.47988,1.47982,1200000,1200000
2022-10-14 13:57:22.819000,1.4799,1.47982,3910000,1200000
2022-10-14 13:57:22.959000,1.47988,1.47981,1500000,1200000
2022-10-14 13:57:23.162000,1.47989,1.47982,1800000,1200000
2022-10-14 13:57:23.264000,1.4799,1.47982,4070000,1200000
2022-10-14 13:57:23.366000,1.47988,1.47981,1200000,1200000
2022-10-14 13:57:23.518000,1.47989,1.47981,3600000,1200000
2022-10-14 13:57:23.645000,1.47988,1.47981,1200000,1200000
2022-10-14 13:57:23.696000,1.47988,1.47979,1200000,1200000
2022-10-14 13:57:23.934000,1.47987,1.47978,1200000,1200000
2022-10-14 13:57:24.137000,1.47988,1.47978,1200000,1200000
2022-10-14 13:57:24.610000,1.47988,1.47978,1940000,1200000
2022-10-14 13:57:24.712000,1.47987,1.47977,1340000,1800000
2022-10-14 13:57:25.196000,1.47988,1.47977,3380000,1940000
2022-10-14 13:57:27.036000,1.47987,1.47977,1340000,1340000
2022-10-14 13:57:27.240000,1.47985,1.47976,1320000,1340000
2022-10-14 13:57:27.341000,1.47979,1.47975,1340000,1200000
2022-10-14 13:57:27.494000,1.47979,1.47969,1340000,2030000
2022-10-14 13:57:27.744000,1.47976,1.47968,1200000,1500000
2022-10-14 13:57:27.846000,1.47967,1.47962,2940000,1200000
2022-10-14 13:57:27.897000,1.47966,1.47958,2100000,1200000
2022-10-14 13:57:27.949000,1.47966,1.47955,1200000,1200000
2022-10-14 13:57:28.596000,1.47966,1.47956,1340000,1200000
2022-10-14 13:57:28.898000,1.47965,1.47956,1200000,1200000
2022-10-14 13:57:29.316000,1.47965,1.47956,1200000,1200000
2022-10-14 13:57:29.417000,1.47966,1.47956,1880000,1200000
2022-10-14 13:57:29.585000,1.47966,1.47957,1880000,1200000
2022-10-14 13:57:29.687000,1.47966,1.47956,1880000,1200000
2022-10-14 13:57:29.991000,1.47966,1.47957,1880000,1200000
2022-10-14 13:57:30.093000,1.47965,1.47955,1500000,1570000
2022-10-14 13:57:30.195000,1.47965,1.47954,1340000,2400000
2022-10-14 13:57:30.297000,1.47965,1.47957,1500000,1200000
2022-10-14 13:57:30.399000,1.4797,1.47963,1640000,1200000
2022-10-14 13:57:30.450000,1.4797,1.4796,1640000,4500000
2022-10-14 13:57:30.501000,1.4797,1.4796,1340000,4500000
2022-10-14 13:57:30.603000,1.47969,1.4796,1340000,2240000
2022-10-14 13:57:30.705000,1.47969,1.47959,1340000,1340000
2022-10-14 13:57:30.807000,1.4797,1.47958,1940000,1340000
2022-10-14 13:57:30.909000,1.47968,1.47959,1800000,1200000
2022-10-14 13:57:31.010000,1.47967,1.47959,2240000,1200000
2022-10-14 13:57:31.264000,1.47965,1.47959,1800000,1200000
2022-10-14 13:57:31.366000,1.47965,1.47957,2030000,1200000
2022-10-14 13:57:31.468000,1.47966,1.47956,2710000,1200000
2022-10-14 13:57:31.569000,1.47965,1.47957,1800000,1200000
2022-10-14 13:57:32.076000,1.47966,1.47957,1940000,1940000
2022-10-14 13:57:32.308000,1.47966,1.47958,1200000,1340000
2022-10-14 13:57:33.300000,1.47967,1.47958,3140000,1200000
2022-10-14 13:57:33.787000,1.47967,1.47959,2240000,1200000
2022-10-14 13:57:33.889000,1.47956,1.47952,1200000,1800000
2022-10-14 13:57:33.991000,1.47962,1.47954,3600000,1200000
2022-10-14 13:57:34.042000,1.47962,1.47955,1340000,1200000
2022-10-14 13:57:34.873000,1.47964,1.47955,1940000,1340000
2022-10-14 13:57:34.974000,1.47964,1.47955,1800000,1340000
2022-10-14 13:57:35.076000,1.47965,1.47955,2400000,1340000
2022-10-14 13:57:35.381000,1.47966,1.47959,1800000,1340000
2022-10-14 13:57:35.484000,1.47972,1.47962,2270000,1200000
2022-10-14 13:57:35.691000,1.47972,1.47962,2170000,3530000
2022-10-14 13:57:35.793000,1.47972,1.47962,1500000,3530000
2022-10-14 13:57:36.826000,1.4797,1.47961,1200000,2280000
2022-10-14 13:57:36.877000,1.47973,1.47963,3140000,1800000
2022-10-14 13:57:36.979000,1.47973,1.47962,1800000,3680000
2022-10-14 13:57:37.030000,1.47973,1.47962,2100000,3380000
2022-10-14 13:57:37.081000,1.47974,1.47962,2030000,1500000
2022-10-14 13:57:37.183000,1.47973,1.47963,1340000,3980000
2022-10-14 13:57:37.285000,1.47973,1.47963,1340000,3680000
2022-10-14 13:57:37.387000,1.47973,1.47963,2240000,3600000
2022-10-14 13:57:38.224000,1.47973,1.47963,1800000,3370000
2022-10-14 13:57:38.427000,1.47973,1.47963,1940000,4270000
2022-10-14 13:57:39.055000,1.47973,1.47963,1800000,3680000
2022-10-14 13:57:39.157000,1.47973,1.4797,1200000,1320000
2022-10-14 13:57:39.208000,1.4798,1.47971,1500000,1320000
2022-10-14 13:57:39.259000,1.47981,1.47971,1500000,1200000
2022-10-14 13:57:39.310000,1.47982,1.47972,2240000,1920000
2022-10-14 13:57:39.412000,1.47985,1.47976,1800000,1550000
2022-10-14 13:57:39.514000,1.47988,1.47978,3740000,1400000
2022-10-14 13:57:40.602000,1.4799,1.47979,4040000,1520000
2022-10-14 13:57:40.703000,1.4799,1.47979,1800000,1740000
2022-10-14 13:57:41.067000,1.47989,1.47978,1200000,4160000
2022-10-14 13:57:41.169000,1.47989,1.47978,2240000,3010000
2022-10-14 13:57:41.373000,1.47988,1.47978,1200000,3010000
2022-10-14 13:57:41.475000,1.47988,1.47978,1200000,3080000
2022-10-14 13:57:41.576000,1.47988,1.47978,1200000,3010000
2022-10-14 13:57:41.729000,1.47986,1.47977,1200000,2160000
2022-10-14 13:57:42.477000,1.47988,1.47977,3300000,1200000
2022-10-14 13:57:42.578000,1.47988,1.47977,3300000,1200000
2022-10-14 13:57:42.984000,1.47987,1.47976,1800000,1340000
2022-10-14 13:57:43.252000,1.47987,1.47977,1800000,1200000
2022-10-14 13:57:43.564000,1.47987,1.47976,1800000,1340000
2022-10-14 13:57:44.062000,1.47988,1.47977,3740000,1200000
2022-10-14 13:57:44.163000,1.47988,1.47978,1200000,1200000
2022-10-14 13:57:44.265000,1.4799,1.47978,2240000,1200000
2022-10-14 13:57:44.479000,1.47989,1.47978,1800000,1800000
2022-10-14 13:57:44.581000,1.47989,1.47978,3740000,1800000
2022-10-14 13:57:45.513000,1.47989,1.47978,2240000,1200000
2022-10-14 13:57:46.238000,1.47988,1.47977,1200000,2040000
2022-10-14 13:57:46.492000,1.47987,1.47978,1200000,1200000
2022-10-14 13:57:46.695000,1.47987,1.47977,2840000,1800000
2022-10-14 13:57:46.797000,1.47983,1.47976,1200000,1800000
2022-10-14 13:57:46.848000,1.47985,1.47976,1340000,1800000
2022-10-14 13:57:46.950000,1.47985,1.47976,1940000,1800000
2022-10-14 13:57:47.052000,1.47983,1.47975,1340000,1800000
2022-10-14 13:57:47.543000,1.47983,1.47974,1340000,4280000
2022-10-14 13:57:47.847000,1.47979,1.47974,1200000,1200000
2022-10-14 13:57:47.898000,1.47978,1.47969,2240000,1200000
2022-10-14 13:57:48.045000,1.47977,1.47967,1200000,2480000
2022-10-14 13:57:48.149000,1.47977,1.47967,1200000,2340000
2022-10-14 13:57:48.302000,1.47976,1.47967,1200000,1880000
2022-10-14 13:57:48.943000,1.47976,1.47967,1200000,1920000
2022-10-14 13:57:49.095000,1.47977,1.47968,1200000,1320000
2022-10-14 13:57:49.197000,1.47978,1.4797,1200000,1200000
2022-10-14 13:57:49.349000,1.47978,1.47969,1200000,1570000
2022-10-14 13:57:49.451000,1.47977,1.47967,1200000,1940000
2022-10-14 13:57:49.553000,1.47976,1.47967,1200000,1340000
2022-10-14 13:57:49.705000,1.47975,1.47967,1200000,1800000
2022-10-14 13:57:50.073000,1.47976,1.47967,1200000,2710000
2022-10-14 13:57:50.175000,1.47977,1.47966,1200000,1800000
2022-10-14 13:57:50.276000,1.47975,1.47967,1200000,1340000
2022-10-14 13:57:50.580000,1.47976,1.47967,1200000,1340000
2022-10-14 13:57:51.101000,1.47975,1.47967,1200000,1340000
2022-10-14 13:57:51.257000,1.47976,1.47967,1200000,2240000
2022-10-14 13:57:51.501000,1.47976,1.47968,1200000,1200000
2022-10-14 13:57:51.704000,1.47976,1.47969,1200000,1340000
2022-10-14 13:57:51.806000,1.47978,1.4797,1200000,1200000
2022-10-14 13:57:51.959000,1.47978,1.47971,1200000,1340000
2022-10-14 13:57:52.010000,1.47981,1.4797,1200000,1340000
2022-10-14 13:57:52.518000,1.47978,1.4797,1200000,2480000
2022-10-14 13:57:53.444000,1.47978,1.4797,1200000,1440000
2022-10-14 13:57:54.219000,1.47978,1.47968,1800000,1440000
2022-10-14 13:57:54.320000,1.47978,1.47969,1800000,1200000
2022-10-14 13:57:54.422000,1.47977,1.47969,1200000,1200000
2022-10-14 13:57:54.473000,1.47977,1.47967,1340000,4270000
2022-10-14 13:57:54.524000,1.47976,1.47967,1800000,1200000
2022-10-14 13:57:54.631000,1.47976,1.47965,1800000,3380000
2022-10-14 13:57:55.053000,1.47977,1.47964,1940000,3840000
2022-10-14 13:57:55.262000,1.47976,1.47965,1200000,3610000
2022-10-14 13:57:55.364000,1.47977,1.47966,1800000,1320000
2022-10-14 13:57:55.465000,1.47976,1.47966,1200000,1320000
2022-10-14 13:57:55.567000,1.47976,1.47966,1340000,1320000
2022-10-14 13:57:56.768000,1.47976,1.47967,1200000,1500000
2022-10-14 13:57:57.873000,1.47976,1.47966,1340000,2570000
2022-10-14 13:57:57.974000,1.47977,1.47965,1340000,3540000
2022-10-14 13:57:58.076000,1.47977,1.47967,1940000,1500000
2022-10-14 13:57:58.178000,1.47978,1.47967,1340000,1340000
2022-10-14 13:57:58.279000,1.47977,1.47968,1200000,1940000
2022-10-14 13:57:58.432000,1.47977,1.47968,1800000,1340000
2022-10-14 13:57:58.584000,1.47977,1.47966,3140000,3380000
2022-10-14 13:57:58.787000,1.47976,1.47967,1200000,1200000
2022-10-14 13:57:58.992000,1.47977,1.47968,2400000,1200000
2022-10-14 13:57:59.094000,1.47977,1.47967,1800000,1500000
2022-10-14 13:57:59.196000,1.47976,1.47967,1200000,1200000
2022-10-14 13:57:59.297000,1.47976,1.47966,1200000,1800000
2022-10-14 13:58:00.662000,1.47977,1.47966,2240000,1340000
2022-10-14 13:58:01.077000,1.47977,1.47966,1800000,3170000
2022-10-14 13:58:01.178000,1.47977,1.47966,2240000,1440000
2022-10-14 13:58:01.280000,1.47977,1.47966,1340000,2480000
2022-10-14 13:58:01.432000,1.47977,1.47966,1340000,1440000
2022-10-14 13:58:01.926000,1.47977,1.47967,1340000,2100000
2022-10-14 13:58:02.034000,1.47978,1.47968,2060000,1340000
2022-10-14 13:58:02.135000,1.47977,1.47968,1200000,1570000
2022-10-14 13:58:02.439000,1.47977,1.47966,1200000,2240000
2022-10-14 13:58:02.541000,1.47976,1.47966,1200000,2240000
2022-10-14 13:58:03.005000,1.47977,1.47966,1200000,2470000
2022-10-14 13:58:04.297000,1.47978,1.47969,1940000,1880000
2022-10-14 13:58:04.399000,1.47983,1.47974,1200000,1940000
2022-10-14 13:58:04.962000,1.47983,1.47977,1200000,1800000
2022-10-14 13:58:05.013000,1.47988,1.47977,1200000,2700000
2022-10-14 13:58:05.115000,1.47989,1.47977,4140000,3600000
2022-10-14 13:58:05.919000,1.47989,1.47977,4640000,2240000
2022-10-14 13:58:06.270000,1.47989,1.47978,4500000,1200000
2022-10-14 13:58:06.561000,1.47989,1.47977,4640000,2940000
2022-10-14 13:58:06.663000,1.47989,1.47978,4040000,1200000
2022-10-14 13:58:06.885000,1.47989,1.47978,4040000,1940000
2022-10-14 13:58:07.022000,1.47989,1.47978,4040000,1800000
2022-10-14 13:58:07.181000,1.47989,1.47978,3740000,1340000
2022-10-14 13:58:07.283000,1.47989,1.47978,4040000,1800000
2022-10-14 13:58:07.389000,1.47988,1.47978,1200000,1200000
2022-10-14 13:58:09.541000,1.47989,1.47984,1200000,1200000
2022-10-14 13:58:09.592000,1.47991,1.47982,1200000,2470000
2022-10-14 13:58:09.745000,1.47991,1.47982,1200000,2630000
2022-10-14 13:58:09.847000,1.4799,1.47981,1800000,2100000
2022-10-14 13:58:09.949000,1.4799,1.47981,1940000,1500000
2022-10-14 13:58:10.050000,1.47991,1.47981,1800000,1500000
2022-10-14 13:58:10.273000,1.4799,1.47981,1200000,1500000
2022-10-14 13:58:10.393000,1.47988,1.47981,1200000,1200000
2022-10-14 13:58:10.495000,1.47988,1.47979,1200000,1880000
2022-10-14 13:58:10.597000,1.47989,1.47979,1200000,2480000
2022-10-14 13:58:10.951000,1.4799,1.47979,1340000,2040000
2022-10-14 13:58:11.104000,1.47992,1.47979,3600000,1640000
2022-10-14 13:58:11.449000,1.47991,1.47981,1800000,1500000
2022-10-14 13:58:11.551000,1.47991,1.4798,1940000,1210000
2022-10-14 13:58:11.653000,1.4799,1.4798,1200000,2220000
2022-10-14 13:58:11.755000,1.47991,1.4798,2700000,2340000
2022-10-14 13:58:11.867000,1.4799,1.4798,1200000,2340000
2022-10-14 13:58:11.968000,1.47992,1.47979,1800000,2780000
2022-10-14 13:58:12.614000,1.47992,1.47982,1200000,3230000
2022-10-14 13:58:12.918000,1.47992,1.47983,1200000,1500000
2022-10-14 13:58:13.133000,1.47993,1.47983,2240000,2940000
2022-10-14 13:58:13.285000,1.47993,1.47985,1200000,3000000
2022-10-14 13:58:13.336000,1.47994,1.47984,1200000,2700000
2022-10-14 13:58:15.273000,1.47992,1.47985,1800000,1340000
2022-10-14 13:58:15.376000,1.47994,1.47986,1800000,1200000
2022-10-14 13:58:15.427000,1.47996,1.47986,1200000,1800000
2022-10-14 13:58:15.528000,1.47997,1.47986,1340000,3740000
2022-10-14 13:58:15.731000,1.47995,1.47985,1200000,3740000
2022-10-14 13:58:15.833000,1.47994,1.47984,2700000,2770000
2022-10-14 13:58:15.935000,1.47995,1.47984,2240000,4040000
2022-10-14 13:58:16.138000,1.47996,1.47985,1340000,3600000
2022-10-14 13:58:16.240000,1.47996,1.47986,1200000,2100000
2022-10-14 13:58:16.545000,1.47991,1.47984,1200000,1500000
2022-10-14 13:58:16.647000,1.47987,1.47982,1200000,1340000
2022-10-14 13:58:16.749000,1.47987,1.47978,1500000,2930000
2022-10-14 13:58:16.800000,1.47988,1.47984,1800000,1200000
2022-10-14 13:58:16.851000,1.4799,1.47982,1500000,2240000
2022-10-14 13:58:16.903000,1.47991,1.47984,1940000,1500000
2022-10-14 13:58:16.954000,1.47991,1.47982,1500000,2100000
2022-10-14 13:58:17.005000,1.47991,1.47985,1200000,1500000
2022-10-14 13:58:17.056000,1.47991,1.47982,1500000,1500000
2022-10-14 13:58:17.107000,1.47991,1.47982,1200000,2100000
2022-10-14 13:58:17.158000,1.47991,1.47982,1200000,1200000
2022-10-14 13:58:17.310000,1.47991,1.4798,1200000,3240000
2022-10-14 13:58:17.412000,1.47991,1.47981,1200000,1500000
2022-10-14 13:58:17.514000,1.47988,1.47977,1940000,4500000
2022-10-14 13:58:17.565000,1.47987,1.47977,1200000,2700000
2022-10-14 13:58:17.667000,1.47986,1.47976,1200000,6540000
2022-10-14 13:58:18.174000,1.47986,1.47976,1200000,2240000
2022-10-14 13:58:18.326000,1.47987,1.47976,1200000,2400000
2022-10-14 13:58:18.666000,1.47987,1.47977,1200000,1200000
2022-10-14 13:58:21.436000,1.47989,1.47979,1200000,1200000
2022-10-14 13:58:21.537000,1.4799,1.47979,3600000,1800000
2022-10-14 13:58:22.179000,1.4799,1.47977,2700000,4070000
2022-10-14 13:58:22.481000,1.47988,1.47978,1200000,2840000
2022-10-14 13:58:22.887000,1.47987,1.47978,1200000,1940000
2022-10-14 13:58:22.989000,1.47989,1.47977,1200000,1940000
2022-10-14 13:58:24.409000,1.47989,1.47979,1200000,1200000
2022-10-14 13:58:24.896000,1.47987,1.47977,1200000,1940000
2022-10-14 13:58:24.997000,1.47986,1.47976,1200000,2100000
2022-10-14 13:58:26.892000,1.47987,1.47977,1200000,1440000
2022-10-14 13:58:26.943000,1.47989,1.47978,2240000,1200000
2022-10-14 13:58:27.050000,1.47989,1.47978,2240000,1800000
2022-10-14 13:58:27.160000,1.4799,1.47977,2400000,1800000
2022-10-14 13:58:28.005000,1.47989,1.47978,2700000,2040000
2022-10-14 13:58:28.107000,1.4799,1.47979,2840000,3240000
2022-10-14 13:58:28.209000,1.4799,1.4798,2240000,1500000
2022-10-14 13:58:28.361000,1.47989,1.47979,1340000,2030000
2022-10-14 13:58:28.808000,1.47987,1.47978,1200000,1340000
2022-10-14 13:58:29.304000,1.47988,1.47978,1200000,1340000
2022-10-14 13:58:32.744000,1.47988,1.47978,1200000,2100000
2022-10-14 13:58:32.846000,1.47989,1.47978,1800000,1800000
2022-10-14 13:58:33.049000,1.47989,1.47979,1200000,1340000
2022-10-14 13:58:33.151000,1.47989,1.47978,2240000,1340000
2022-10-14 13:58:33.354000,1.4799,1.47979,1340000,1200000
2022-10-14 13:58:33.911000,1.47989,1.47979,1200000,1200000
2022-10-14 13:58:34.064000,1.4799,1.47979,1800000,1200000
2022-10-14 13:58:34.216000,1.4799,1.4798,1340000,1200000
2022-10-14 13:58:34.419000,1.4799,1.4798,1200000,1200000
2022-10-14 13:58:34.521000,1.4799,1.47979,1340000,2270000
2022-10-14 13:58:34.986000,1.47989,1.47979,1800000,2100000
2022-10-14 13:58:35.189000,1.47989,1.47979,1200000,2640000
2022-10-14 13:58:35.404000,1.4799,1.47978,1200000,1200000
2022-10-14 13:58:35.614000,1.47989,1.47979,1200000,1800000
2022-10-14 13:58:35.716000,1.47988,1.47978,1800000,1800000
2022-10-14 13:58:35.920000,1.47988,1.47977,1200000,2400000
2022-10-14 13:58:36.022000,1.47988,1.47977,1200000,2400000
2022-10-14 13:58:36.124000,1.47988,1.47978,1200000,1800000
2022-10-14 13:58:36.276000,1.47988,1.47978,1800000,1200000
2022-10-14 13:58:36.852000,1.47988,1.47978,1200000,1200000
2022-10-14 13:58:37.250000,1.47987,1.47977,1200000,1200000
2022-10-14 13:58:37.352000,1.47988,1.47977,2700000,1340000
2022-10-14 13:58:37.454000,1.47988,1.47977,1340000,3650000
2022-10-14 13:58:38.265000,1.47987,1.47977,1200000,2940000
2022-10-14 13:58:38.367000,1.47987,1.47977,1200000,1880000
2022-10-14 13:58:38.520000,1.47988,1.47977,1340000,1880000
2022-10-14 13:58:38.629000,1.47987,1.47977,1200000,1200000
2022-10-14 13:58:38.749000,1.47987,1.47976,1200000,2400000
2022-10-14 13:58:38.851000,1.47988,1.47977,1340000,1880000
2022-10-14 13:58:38.988000,1.47987,1.47977,1200000,1340000
2022-10-14 13:58:39.191000,1.47988,1.47978,1800000,1320000
2022-10-14 13:58:39.293000,1.47987,1.47976,1340000,2400000
2022-10-14 13:58:39.395000,1.47989,1.47976,1200000,1920000
2022-10-14 13:58:40.807000,1.4798,1.47973,3600000,1500000
2022-10-14 13:58:40.909000,1.47979,1.47973,3740000,1500000
2022-10-14 13:58:41.011000,1.47983,1.47973,2100000,1800000
2022-10-14 13:58:41.062000,1.47983,1.47973,1340000,2400000
2022-10-14 13:58:41.164000,1.47984,1.47974,2700000,1200000
2022-10-14 13:58:41.316000,1.47984,1.47973,2400000,2240000
2022-10-14 13:58:41.552000,1.47984,1.47973,2240000,1940000
2022-10-14 13:58:41.817000,1.47986,1.47975,4040000,1800000
2022-10-14 13:58:41.918000,1.47986,1.47975,1800000,1940000
2022-10-14 13:58:42.235000,1.47986,1.47975,2240000,2240000
2022-10-14 13:58:42.614000,1.47986,1.47975,1800000,1800000
2022-10-14 13:58:43.517000,1.47986,1.47975,2240000,2340000
2022-10-14 13:58:44.246000,1.47986,1.47975,2400000,1880000
2022-10-14 13:58:44.297000,1.47987,1.47976,1340000,1800000
2022-10-14 13:58:46.158000,1.47989,1.47976,4200000,2840000
2022-10-14 13:58:46.260000,1.47986,1.47977,1340000,1200000
2022-10-14 13:58:46.373000,1.47986,1.47976,1200000,1800000
2022-10-14 13:58:46.520000,1.47986,1.47976,1200000,1940000
2022-10-14 13:58:46.622000,1.47989,1.47976,4200000,1200000
2022-10-14 13:58:46.724000,1.47988,1.47977,4200000,1800000
2022-10-14 13:58:46.960000,1.47989,1.47977,4040000,1200000
2022-10-14 13:58:48.334000,1.47989,1.47978,5100000,2170000
2022-10-14 13:58:50.303000,1.47989,1.47978,3300000,1880000
2022-10-14 13:58:51.095000,1.47989,1.47982,1200000,1200000
2022-10-14 13:58:51.146000,1.47991,1.47982,1500000,1200000
2022-10-14 13:58:51.248000,1.47992,1.47982,1500000,1800000
2022-10-14 13:58:51.352000,1.47993,1.4798,2170000,3610000
2022-10-14 13:58:52.745000,1.47992,1.4798,1200000,2470000
2022-10-14 13:58:52.947000,1.47991,1.47981,1200000,3530000
2022-10-14 13:58:53.049000,1.47989,1.47981,1800000,1200000
2022-10-14 13:58:53.302000,1.47991,1.47981,2470000,1800000
2022-10-14 13:58:53.455000,1.4799,1.4798,1200000,3530000
2022-10-14 13:58:53.557000,1.47992,1.47981,1200000,1640000
2022-10-14 13:58:53.658000,1.47992,1.47982,1340000,2100000
2022-10-14 13:58:57.491000,1.47993,1.47988,1260000,1200000
2022-10-14 13:58:57.543000,1.47997,1.47988,1200000,1200000
2022-10-14 13:58:57.644000,1.47997,1.47987,1800000,1800000
2022-10-14 13:58:57.746000,1.47996,1.47987,1200000,1940000
2022-10-14 13:58:58.931000,1.47994,1.47987,1200000,2700000
2022-10-14 13:58:59.033000,1.47989,1.47982,1800000,1200000
2022-10-14 13:58:59.084000,1.47989,1.47979,1320000,1340000
2022-10-14 13:58:59.136000,1.47988,1.47977,1800000,2030000
2022-10-14 13:58:59.238000,1.47987,1.47978,1200000,1200000
2022-10-14 13:58:59.340000,1.47986,1.47976,1200000,1200000
2022-10-14 13:58:59.543000,1.47987,1.47976,1340000,1800000
2022-10-14 13:58:59.695000,1.47987,1.47976,1800000,3070000
2022-10-14 13:58:59.817000,1.47987,1.47977,1340000,1200000
2022-10-14 13:59:00.224000,1.47987,1.4798,1200000,1200000
2022-10-14 13:59:00.326000,1.47989,1.4798,1200000,1200000
2022-10-14 13:59:00.428000,1.47989,1.47982,2700000,1200000
2022-10-14 13:59:00.479000,1.47988,1.47979,1440000,1200000
2022-10-14 13:59:01.011000,1.47989,1.47979,1880000,1200000
2022-10-14 13:59:02.431000,1.47989,1.4798,2340000,1200000
2022-10-14 13:59:02.482000,1.47986,1.4798,1920000,1200000
2022-10-14 13:59:02.533000,1.47981,1.47976,1440000,1200000
2022-10-14 13:59:02.637000,1.47981,1.47973,2480000,1500000
2022-10-14 13:59:02.738000,1.47982,1.47972,3380000,1500000
2022-10-14 13:59:02.808000,1.47981,1.47973,3380000,1200000
2022-10-14 13:59:02.864000,1.47982,1.47975,1200000,1200000
2022-10-14 13:59:02.965000,1.47983,1.47973,1340000,1200000
2022-10-14 13:59:03.068000,1.47983,1.47974,2240000,1200000
2022-10-14 13:59:03.170000,1.47983,1.47973,3140000,1200000
2022-10-14 13:59:03.329000,1.4798,1.47972,1320000,1200000
2022-10-14 13:59:03.430000,1.47978,1.47971,1200000,1200000
2022-10-14 13:59:03.583000,1.4798,1.47971,4140000,1200000
2022-10-14 13:59:03.685000,1.47979,1.47971,1200000,1200000
2022-10-14 13:59:03.787000,1.4798,1.47971,4040000,1200000
2022-10-14 13:59:04.100000,1.4798,1.4797,3600000,2100000
2022-10-14 13:59:04.202000,1.4798,1.4797,3600000,1500000
2022-10-14 13:59:04.318000,1.4798,1.47971,2700000,1200000
2022-10-14 13:59:04.420000,1.47981,1.47971,2340000,1200000
2022-10-14 13:59:04.522000,1.47981,1.4797,2780000,1500000
2022-10-14 13:59:04.624000,1.47981,1.47971,2340000,1200000
2022-10-14 13:59:04.776000,1.4798,1.47971,1340000,1200000
2022-10-14 13:59:04.827000,1.47979,1.47969,1200000,2470000
2022-10-14 13:59:05.030000,1.4798,1.47969,1340000,3000000
2022-10-14 13:59:05.200000,1.47981,1.47971,1200000,1500000
2022-10-14 13:59:05.302000,1.47981,1.47971,1200000,1200000
2022-10-14 13:59:05.404000,1.47982,1.47971,1880000,1200000
2022-10-14 13:59:05.507000,1.4798,1.4797,1200000,2100000
2022-10-14 13:59:05.632000,1.47981,1.4797,1340000,2100000
2022-10-14 13:59:06.275000,1.4798,1.4797,1200000,2100000
2022-10-14 13:59:06.478000,1.47981,1.47971,1340000,1200000
2022-10-14 13:59:06.977000,1.47984,1.47974,1340000,1200000
2022-10-14 13:59:07.079000,1.47985,1.47977,1320000,1200000
2022-10-14 13:59:07.181000,1.47986,1.47977,2940000,1200000
2022-10-14 13:59:07.788000,1.47986,1.47976,2940000,1200000
2022-10-14 13:59:07.958000,1.47986,1.47975,2940000,1200000
2022-10-14 13:59:08.212000,1.47986,1.47975,1940000,2100000
2022-10-14 13:59:08.263000,1.47988,1.47977,3320000,1570000
2022-10-14 13:59:08.365000,1.47988,1.47978,2240000,1500000
2022-10-14 13:59:08.568000,1.47987,1.47978,1200000,1200000
2022-10-14 13:59:09.613000,1.47987,1.47977,1340000,1570000
2022-10-14 13:59:09.715000,1.47988,1.47979,1340000,1200000
2022-10-14 13:59:09.816000,1.47988,1.47977,1800000,3140000
2022-10-14 13:59:10.554000,1.47988,1.47977,1800000,5040000
2022-10-14 13:59:10.658000,1.47988,1.47978,1200000,1340000
2022-10-14 13:59:11.023000,1.47989,1.47978,3300000,2400000
2022-10-14 13:59:12.904000,1.47989,1.47979,1800000,1800000
2022-10-14 13:59:13.238000,1.47989,1.47979,1800000,1640000
2022-10-14 13:59:13.340000,1.47989,1.47978,1800000,3530000
2022-10-14 13:59:16.385000,1.47983,1.47978,1200000,2240000
2022-10-14 13:59:19.083000,1.47983,1.47978,1200000,1500000
2022-10-14 13:59:19.936000,1.47983,1.47977,1200000,4040000
2022-10-14 13:59:20.444000,1.47983,1.47977,1200000,3300000
2022-10-14 13:59:22.262000,1.47983,1.47978,1200000,2100000
2022-10-14 13:59:26.603000,1.47983,1.47978,1200000,1200000
2022-10-14 13:59:30.091000,1.47984,1.47979,1200000,1640000
2022-10-14 13:59:30.498000,1.47982,1.47977,1340000,1500000
2022-10-14 13:59:30.549000,1.47983,1.47973,3140000,1500000
2022-10-14 13:59:30.651000,1.47983,1.47973,2100000,1200000
2022-10-14 13:59:30.753000,1.47983,1.47974,1340000,1200000
2022-10-14 13:59:30.855000,1.47983,1.47974,1200000,1800000
2022-10-14 13:59:31.058000,1.47983,1.47973,1340000,1200000
2022-10-14 13:59:31.363000,1.47983,1.47973,1200000,1800000
2022-10-14 13:59:32.250000,1.47983,1.47973,1340000,1340000
2022-10-14 13:59:32.973000,1.47983,1.47973,1340000,1800000
2022-10-14 13:59:33.328000,1.47983,1.47973,1340000,1340000
2022-10-14 13:59:33.582000,1.47983,1.47974,1200000,1200000
2022-10-14 13:59:33.633000,1.47981,1.47972,1340000,1200000
2022-10-14 13:59:33.736000,1.47983,1.47974,1800000,1800000
2022-10-14 13:59:34.161000,1.47983,1.47975,1200000,1340000
2022-10-14 13:59:34.263000,1.47983,1.47975,1200000,1200000
2022-10-14 13:59:34.416000,1.47984,1.47983,1200000,1200000
2022-10-14 13:59:34.569000,1.47983,1.47982,1200000,1200000
2022-10-14 13:59:34.671000,1.47983,1.4798,1200000,1200000
2022-10-14 13:59:35.230000,1.47983,1.47978,1200000,2630000
2022-10-14 13:59:35.534000,1.47983,1.47978,1200000,2240000
2022-10-14 13:59:36.474000,1.47984,1.47979,1200000,1200000
2022-10-14 13:59:36.864000,1.47983,1.47978,1200000,1800000
2022-10-14 13:59:37.575000,1.47984,1.47979,1200000,1340000
2022-10-14 13:59:37.778000,1.47983,1.47978,1200000,1800000
2022-10-14 13:59:39.932000,1.47983,1.47976,1200000,1940000
2022-10-14 13:59:40.206000,1.47979,1.47974,1200000,2420000
2022-10-14 13:59:40.307000,1.47979,1.47969,1200000,1940000
2022-10-14 13:59:40.412000,1.47977,1.47968,1200000,2700000
2022-10-14 13:59:43.406000,1.47978,1.47968,1200000,2240000
2022-10-14 13:59:44.404000,1.47975,1.47968,1200000,2240000
2022-10-14 13:59:44.506000,1.47976,1.47968,1200000,2240000
2022-10-14 13:59:45.114000,1.4798,1.47968,1920000,1800000
2022-10-14 13:59:48.891000,1.47971,1.47966,1200000,1200000
2022-10-14 13:59:50.611000,1.47971,1.47965,1340000,1200000
2022-10-14 13:59:50.662000,1.47972,1.47957,1340000,2520000
2022-10-14 13:59:50.967000,1.47972,1.47959,1200000,2060000
2022-10-14 13:59:51.018000,1.47977,1.47963,1200000,1920000
2022-10-14 13:59:51.070000,1.47979,1.47963,1200000,3840000
2022-10-14 13:59:51.121000,1.47982,1.47964,1800000,1800000
2022-10-14 13:59:51.223000,1.47981,1.47964,1200000,1200000
2022-10-14 13:59:51.325000,1.47982,1.47964,1800000,2480000
2022-10-14 13:59:51.427000,1.47983,1.47964,1800000,2780000
2022-10-14 13:59:51.580000,1.47983,1.47969,2700000,2400000
2022-10-14 13:59:51.682000,1.47983,1.47969,1200000,1200000
2022-10-14 13:59:51.835000,1.47983,1.47968,1200000,1340000
2022-10-14 13:59:52.091000,1.47983,1.47969,1200000,1340000
2022-10-14 13:59:52.193000,1.47983,1.47971,1200000,1200000
2022-10-14 13:59:52.762000,1.47983,1.4797,1200000,1670000
2022-10-14 13:59:52.864000,1.47983,1.4797,1200000,3190000
2022-10-14 13:59:52.966000,1.47983,1.47972,1200000,1200000
2022-10-14 13:59:53.160000,1.47983,1.47973,1200000,1200000
2022-10-14 13:59:53.465000,1.47983,1.47972,1200000,2340000
2022-10-14 13:59:53.669000,1.47983,1.47972,1200000,5660000
2022-10-14 13:59:55.807000,1.47983,1.47975,1200000,2340000
2022-10-14 13:59:56.120000,1.47983,1.47974,1200000,3240000
2022-10-14 13:59:56.324000,1.47984,1.47966,2700000,2400000
2022-10-14 13:59:56.482000,1.47983,1.47967,1800000,1340000
2022-10-14 13:59:56.534000,1.47983,1.4797,1200000,1200000
2022-10-14 13:59:56.838000,1.47983,1.47969,1200000,1200000
2022-10-14 13:59:56.940000,1.47983,1.4797,1800000,1200000
2022-10-14 13:59:57.042000,1.47983,1.47969,1200000,1200000
2022-10-14 13:59:57.093000,1.47982,1.47966,1200000,1340000
2022-10-14 13:59:57.195000,1.47983,1.47971,1200000,1200000
2022-10-14 13:59:57.297000,1.47983,1.47971,1200000,1940000
2022-10-14 13:59:58.090000,1.47983,1.47971,1200000,1200000
2022-10-14 13:59:58.222000,1.47983,1.4797,1200000,1200000
2022-10-14 13:59:58.528000,1.47983,1.47971,1200000,1200000
2022-10-14 13:59:59.601000,1.47983,1.4797,1200000,2700000
2022-10-14 13:59:59.652000,1.47983,1.47968,1200000,1200000
2022-10-14 13:59:59.754000,1.47983,1.47968,1200000,1200000
2022-10-14 14:00:00.093000,1.47984,1.47967,1200000,1200000
2022-10-14 14:00:00.144000,1.47991,1.47983,2400000,900000
2022-10-14 14:00:00.201000,1.48004,1.47962,1200000,1500000
2022-10-14 14:00:00.302000,1.48135,1.4807,230000,1340000
2022-10-14 14:00:00.353000,1.48167,1.48117,1200000,1200000
2022-10-14 14:00:00.404000,1.48155,1.48131,1200000,900000
2022-10-14 14:00:00.506000,1.48154,1.48134,1200000,1800000
2022-10-14 14:00:00.573000,1.48161,1.48133,3600000,1800000
2022-10-14 14:00:00.624000,1.48156,1.48133,4500000,2400000
2022-10-14 14:00:00.674000,1.48172,1.48147,900000,1800000
2022-10-14 14:00:00.726000,1.48172,1.48147,900000,1800000
2022-10-14 14:00:00.866000,1.48186,1.48159,440000,900000
2022-10-14 14:00:00.916000,1.48202,1.48168,900000,1200000
2022-10-14 14:00:00.982000,1.48197,1.48168,1500000,1800000
2022-10-14 14:00:01.134000,1.48203,1.48168,1500000,1800000
2022-10-14 14:00:01.235000,1.48188,1.4817,230000,1200000
2022-10-14 14:00:01.437000,1.48188,1.48176,230000,1800000
2022-10-14 14:00:01.488000,1.48204,1.48177,1800000,1800000
2022-10-14 14:00:01.741000,1.48204,1.48177,1800000,1200000
2022-10-14 14:00:01.792000,1.48203,1.48174,1800000,4940000
2022-10-14 14:00:01.843000,1.48202,1.48179,1800000,1800000
2022-10-14 14:00:01.945000,1.48203,1.48181,1800000,1200000
2022-10-14 14:00:01.995000,1.48195,1.48178,1340000,1340000
2022-10-14 14:00:02.097000,1.48196,1.48175,1200000,2400000
2022-10-14 14:00:02.198000,1.48195,1.48183,1800000,1200000
2022-10-14 14:00:02.300000,1.48203,1.48192,1800000,1800000
2022-10-14 14:00:02.401000,1.48203,1.48188,1640000,1200000
2022-10-14 14:00:02.515000,1.48203,1.48181,1500000,1800000
2022-10-14 14:00:02.568000,1.48195,1.48178,1200000,1200000
2022-10-14 14:00:02.669000,1.48208,1.48199,2100000,1200000
2022-10-14 14:00:02.720000,1.48208,1.48199,1200000,1200000
2022-10-14 14:00:02.772000,1.48205,1.48197,1200000,1200000
2022-10-14 14:00:02.925000,1.48203,1.48192,1200000,1800000
2022-10-14 14:00:02.976000,1.48203,1.48185,1200000,2240000
2022-10-14 14:00:03.027000,1.48201,1.48185,1800000,2240000
2022-10-14 14:00:03.078000,1.482,1.48178,2400000,1340000
2022-10-14 14:00:03.180000,1.48195,1.4818,1200000,1800000
2022-10-14 14:00:03.282000,1.48184,1.48169,1200000,2400000
2022-10-14 14:00:03.333000,1.48184,1.48171,1200000,1200000
2022-10-14 14:00:03.385000,1.48189,1.48179,1040000,2400000
2022-10-14 14:00:03.487000,1.48195,1.48181,1200000,1200000
2022-10-14 14:00:03.538000,1.48202,1.48181,1200000,3740000
2022-10-14 14:00:03.589000,1.48195,1.48181,1200000,1200000
2022-10-14 14:00:03.690000,1.48195,1.48176,1200000,1200000
2022-10-14 14:00:03.741000,1.48198,1.48177,1800000,1940000
2022-10-14 14:00:03.792000,1.48195,1.48179,1200000,1800000
2022-10-14 14:00:03.843000,1.48195,1.4818,1200000,1200000
2022-10-14 14:00:03.945000,1.48196,1.48188,1200000,1200000
2022-10-14 14:00:03.996000,1.48211,1.48205,1800000,1200000
2022-10-14 14:00:04.098000,1.48205,1.48198,1200000,1200000
2022-10-14 14:00:04.200000,1.48205,1.48195,900000,4200000
2022-10-14 14:00:04.302000,1.48204,1.48194,1200000,1200000
2022-10-14 14:00:04.353000,1.48203,1.48193,1200000,1200000
2022-10-14 14:00:04.505000,1.48198,1.48187,1200000,1800000
2022-10-14 14:00:04.607000,1.48203,1.48184,1340000,1200000
2022-10-14 14:00:04.697000,1.482,1.48184,1200000,1200000
2022-10-14 14:00:04.799000,1.48202,1.48195,1940000,1200000
2022-10-14 14:00:04.901000,1.48202,1.48189,1340000,1800000
2022-10-14 14:00:04.952000,1.48202,1.48188,1200000,1340000
2022-10-14 14:00:05.003000,1.482,1.48186,1200000,1200000
2022-10-14 14:00:05.105000,1.48205,1.48185,1940000,1200000
2022-10-14 14:00:05.207000,1.48205,1.48182,1200000,2060000
2022-10-14 14:00:05.359000,1.48201,1.48182,1940000,1800000
2022-10-14 14:00:05.410000,1.48206,1.48184,1200000,1200000
2022-10-14 14:00:05.512000,1.48205,1.48182,1800000,1200000
2022-10-14 14:00:05.613000,1.48194,1.48171,1800000,1200000
2022-10-14 14:00:05.664000,1.48205,1.48171,2100000,2160000
2022-10-14 14:00:05.715000,1.48195,1.48179,1200000,1800000
2022-10-14 14:00:05.817000,1.48195,1.48181,1200000,1800000
2022-10-14 14:00:05.919000,1.48195,1.48181,2400000,2700000
2022-10-14 14:00:06.021000,1.48184,1.48169,1200000,1200000
2022-10-14 14:00:06.073000,1.48184,1.48165,1200000,1200000
2022-10-14 14:00:06.225000,1.48188,1.48162,1200000,1200000
2022-10-14 14:00:06.276000,1.48178,1.4816,1800000,1200000
2022-10-14 14:00:06.378000,1.48166,1.4816,1200000,440000
2022-10-14 14:00:06.429000,1.48171,1.48152,1200000,2100000
2022-10-14 14:00:06.492000,1.48171,1.48158,900000,1200000
2022-10-14 14:00:06.543000,1.48183,1.48158,1200000,1500000
2022-10-14 14:00:06.598000,1.48168,1.48152,1200000,1200000
2022-10-14 14:00:06.700000,1.48179,1.48145,1800000,1200000
2022-10-14 14:00:06.751000,1.48178,1.48145,1340000,1500000
2022-10-14 14:00:06.854000,1.48168,1.48143,1200000,1570000
2022-10-14 14:00:06.956000,1.48163,1.48145,1200000,1200000
2022-10-14 14:00:07.058000,1.48163,1.48137,1200000,1800000
2022-10-14 14:00:07.160000,1.48159,1.48138,1800000,1620000
2022-10-14 14:00:07.261000,1.48157,1.48138,1800000,1500000
2022-10-14 14:00:07.363000,1.48148,1.48132,1800000,3240000
2022-10-14 14:00:07.414000,1.4815,1.48133,1200000,1620000
2022-10-14 14:00:07.466000,1.48148,1.48132,1800000,2100000
2022-10-14 14:00:07.568000,1.48145,1.4813,1200000,1500000
2022-10-14 14:00:07.619000,1.48141,1.48119,1200000,2820000
2022-10-14 14:00:07.721000,1.48147,1.48132,1340000,1200000
2022-10-14 14:00:07.775000,1.48143,1.48125,1200000,1320000
2022-10-14 14:00:07.826000,1.48143,1.48129,1200000,1800000
2022-10-14 14:00:07.929000,1.48143,1.48123,1200000,2520000
2022-10-14 14:00:08.031000,1.48142,1.48132,1200000,1800000
2022-10-14 14:00:08.133000,1.48135,1.48118,1200000,1920000
2022-10-14 14:00:08.184000,1.48135,1.48118,1200000,1440000
2022-10-14 14:00:08.235000,1.4813,1.48121,1200000,2640000
2022-10-14 14:00:08.337000,1.48141,1.48118,1200000,1920000
2022-10-14 14:00:08.477000,1.48141,1.48124,900000,2520000
2022-10-14 14:00:08.528000,1.48153,1.48128,1200000,2520000
2022-10-14 14:00:08.630000,1.48151,1.48129,1500000,2520000
2022-10-14 14:00:08.681000,1.48142,1.48125,1200000,1200000
2022-10-14 14:00:08.732000,1.48145,1.48124,1200000,2520000
2022-10-14 14:00:08.783000,1.48145,1.48123,1200000,2340000
2022-10-14 14:00:08.834000,1.48152,1.48124,1200000,2340000
2022-10-14 14:00:08.936000,1.48146,1.4812,1200000,2520000
2022-10-14 14:00:09.039000,1.48151,1.48126,1440000,2340000
2022-10-14 14:00:09.140000,1.48152,1.48126,1200000,2940000
2022-10-14 14:00:09.242000,1.48153,1.48131,1200000,1320000
2022-10-14 14:00:09.345000,1.48156,1.48146,1200000,1200000
2022-10-14 14:00:09.446000,1.48158,1.4815,1200000,3050000
2022-10-14 14:00:09.497000,1.48156,1.48149,1200000,1200000
2022-10-14 14:00:09.548000,1.48147,1.48132,1800000,2750000
2022-10-14 14:00:09.600000,1.48148,1.4813,1800000,2640000
2022-10-14 14:00:09.651000,1.48152,1.48126,1800000,2340000
2022-10-14 14:00:09.753000,1.48143,1.48128,1800000,1200000
2022-10-14 14:00:09.855000,1.48141,1.48129,1500000,1500000
2022-10-14 14:00:09.906000,1.48135,1.48118,1200000,1920000
2022-10-14 14:00:09.957000,1.4813,1.48118,1200000,1740000
2022-10-14 14:00:10.060000,1.4813,1.48118,1800000,1670000
2022-10-14 14:00:10.111000,1.48131,1.48117,1800000,1920000
2022-10-14 14:00:10.240000,1.4813,1.4812,1200000,2520000
2022-10-14 14:00:10.291000,1.48141,1.48123,2170000,2520000
2022-10-14 14:00:10.347000,1.48141,1.48131,1270000,1920000
2022-10-14 14:00:10.449000,1.48148,1.48136,1200000,2060000
2022-10-14 14:00:10.499000,1.48149,1.4814,1200000,2960000
2022-10-14 14:00:10.602000,1.48147,1.48139,1200000,2030000
2022-10-14 14:00:10.654000,1.48147,1.48131,1200000,1320000
2022-10-14 14:00:10.705000,1.48143,1.4813,1200000,1440000
2022-10-14 14:00:10.807000,1.48141,1.48137,1200000,1200000
2022-10-14 14:00:10.858000,1.48141,1.48123,2840000,1320000
2022-10-14 14:00:10.909000,1.48137,1.48126,1200000,1200000
2022-10-14 14:00:11.011000,1.4813,1.48118,1200000,2100000
2022-10-14 14:00:11.113000,1.4813,1.48118,1800000,1920000
2022-10-14 14:00:11.215000,1.4813,1.48118,1800000,2060000
2022-10-14 14:00:11.317000,1.48131,1.48117,1200000,1920000
2022-10-14 14:00:11.419000,1.48136,1.48118,1800000,1920000
2022-10-14 14:00:11.471000,1.4814,1.48118,1800000,1920000
2022-10-14 14:00:11.522000,1.48141,1.48118,2840000,1440000
2022-10-14 14:00:11.573000,1.48141,1.48119,2400000,2960000
2022-10-14 14:00:11.675000,1.48146,1.4812,2100000,2520000
2022-10-14 14:00:11.726000,1.48144,1.48119,1800000,2520000
2022-10-14 14:00:11.827000,1.48141,1.48118,1200000,1440000
2022-10-14 14:00:11.953000,1.48143,1.48118,2400000,1440000
2022-10-14 14:00:12.061000,1.48141,1.48118,2240000,1440000
2022-10-14 14:00:12.568000,1.48138,1.48118,1200000,2240000
2022-10-14 14:00:12.670000,1.48142,1.48118,1940000,4320000
2022-10-14 14:00:12.722000,1.48141,1.48118,1940000,1440000
2022-10-14 14:00:12.874000,1.48141,1.48118,1940000,1440000
2022-10-14 14:00:12.976000,1.48136,1.4812,1340000,1200000
2022-10-14 14:00:13.027000,1.48137,1.48118,1800000,1200000
2022-10-14 14:00:13.128000,1.48136,1.48118,1200000,1200000
2022-10-14 14:00:13.230000,1.48137,1.48118,1940000,1200000
2022-10-14 14:00:13.332000,1.48136,1.48118,1200000,1200000
2022-10-14 14:00:13.433000,1.48137,1.48117,1200000,1200000
2022-10-14 14:00:13.535000,1.48137,1.48118,1200000,1800000
2022-10-14 14:00:13.637000,1.48137,1.48118,1200000,1320000
2022-10-14 14:00:13.809000,1.4814,1.48118,1200000,1440000
2022-10-14 14:00:14.164000,1.4814,1.48118,1200000,1320000
2022-10-14 14:00:14.266000,1.48139,1.48118,1200000,1200000
2022-10-14 14:00:14.369000,1.48144,1.48124,1200000,1920000
2022-10-14 14:00:14.470000,1.48141,1.48125,1800000,3420000
2022-10-14 14:00:14.942000,1.48141,1.48125,2400000,2520000
2022-10-14 14:00:15.044000,1.48141,1.48127,2240000,1920000
2022-10-14 14:00:15.196000,1.48137,1.48124,1200000,1340000
2022-10-14 14:00:15.247000,1.48141,1.48127,2030000,1320000
2022-10-14 14:00:15.298000,1.48141,1.48127,1800000,2060000
2022-10-14 14:00:15.400000,1.48142,1.48126,1800000,1920000
2022-10-14 14:00:15.502000,1.48141,1.48127,1800000,1880000
2022-10-14 14:00:15.592000,1.48143,1.48136,1800000,1200000
2022-10-14 14:00:15.661000,1.48144,1.48137,1200000,2040000
2022-10-14 14:00:15.763000,1.48143,1.48135,1200000,5640000
2022-10-14 14:00:15.814000,1.48143,1.48135,1500000,6000000
2022-10-14 14:00:15.916000,1.48147,1.48135,1500000,5100000
2022-10-14 14:00:16.018000,1.48149,1.48136,2100000,1920000
2022-10-14 14:00:16.069000,1.48148,1.48136,1500000,1340000
2022-10-14 14:00:16.120000,1.48145,1.48136,2170000,1340000
2022-10-14 14:00:16.223000,1.48152,1.48129,4160000,1200000
2022-10-14 14:00:16.274000,1.48153,1.48137,3560000,1560000
2022-10-14 14:00:16.325000,1.48152,1.48147,2590000,1200000
2022-10-14 14:00:16.528000,1.48152,1.48147,2660000,1200000
2022-10-14 14:00:16.580000,1.48152,1.48147,2360000,1200000
2022-10-14 14:00:16.681000,1.48152,1.48147,2340000,1500000
2022-10-14 14:00:16.732000,1.48156,1.48147,1200000,2040000
2022-10-14 14:00:16.835000,1.48157,1.48151,1200000,1200000
2022-10-14 14:00:16.937000,1.48156,1.4815,1200000,1930000
2022-10-14 14:00:17.038000,1.48157,1.48151,1200000,1380000
2022-10-14 14:00:17.090000,1.48166,1.48157,4730000,1560000
2022-10-14 14:00:17.141000,1.48158,1.48152,1200000,1200000
2022-10-14 14:00:17.297000,1.48156,1.48151,1200000,1200000
2022-10-14 14:00:17.405000,1.48157,1.48154,1200000,1200000
2022-10-14 14:00:17.467000,1.48163,1.48156,1200000,1200000
2022-10-14 14:00:17.520000,1.48173,1.48156,5770000,1200000
2022-10-14 14:00:17.672000,1.48161,1.48155,1200000,1880000
2022-10-14 14:00:17.774000,1.48175,1.48159,1200000,1200000
2022-10-14 14:00:17.825000,1.48173,1.48158,1340000,1800000
2022-10-14 14:00:17.876000,1.48175,1.48161,1200000,1670000
2022-10-14 14:00:17.978000,1.48177,1.48159,1800000,1440000
2022-10-14 14:00:18.080000,1.48173,1.4816,1200000,1340000
2022-10-14 14:00:18.182000,1.48174,1.48161,1200000,1500000
2022-10-14 14:00:18.284000,1.48173,1.48161,1200000,1500000
2022-10-14 14:00:18.335000,1.48173,1.48161,1200000,1500000
2022-10-14 14:00:18.386000,1.48173,1.48161,1200000,1500000
2022-10-14 14:00:18.675000,1.48173,1.48158,1880000,2030000
2022-10-14 14:00:18.777000,1.48172,1.48158,1320000,1200000
2022-10-14 14:00:18.879000,1.4816,1.48155,1200000,1200000
2022-10-14 14:00:18.930000,1.48157,1.48151,1200000,2470000
2022-10-14 14:00:18.981000,1.48157,1.48151,1200000,2770000
2022-10-14 14:00:19.083000,1.48157,1.48149,1200000,3920000
2022-10-14 14:00:19.134000,1.48156,1.48149,1200000,1640000
2022-10-14 14:00:19.287000,1.48158,1.48154,1200000,1200000
2022-10-14 14:00:19.425000,1.4816,1.48155,1200000,1200000
2022-10-14 14:00:19.476000,1.48171,1.48156,1320000,1200000
2022-10-14 14:00:19.532000,1.4816,1.48153,1200000,1920000
2022-10-14 14:00:19.634000,1.48158,1.48153,1200000,1200000
2022-10-14 14:00:19.736000,1.48156,1.48149,1200000,1500000
2022-10-14 14:00:19.787000,1.48156,1.48149,1200000,2100000
2022-10-14 14:00:19.838000,1.48156,1.48148,1200000,2100000
2022-10-14 14:00:19.940000,1.48156,1.48147,1200000,2840000
2022-10-14 14:00:19.991000,1.48156,1.48147,1200000,2540000
2022-10-14 14:00:20.144000,1.48156,1.48147,1200000,1870000
2022-10-14 14:00:20.347000,1.48156,1.48147,1200000,2100000
2022-10-14 14:00:20.449000,1.48156,1.48147,1200000,1800000
2022-10-14 14:00:20.602000,1.48156,1.48149,1200000,1200000
2022-10-14 14:00:20.704000,1.48156,1.48147,1200000,2220000
2022-10-14 14:00:20.856000,1.48156,1.48149,1200000,1200000
2022-10-14 14:00:20.958000,1.48156,1.48148,1200000,2220000
2022-10-14 14:00:21.060000,1.4816,1.48157,4730000,2520000
2022-10-14 14:00:21.111000,1.48167,1.48162,4730000,2240000
2022-10-14 14:00:21.213000,1.48166,1.48162,4730000,1340000
2022-10-14 14:00:21.314000,1.48166,1.4816,4730000,2630000
2022-10-14 14:00:21.365000,1.48173,1.4816,5630000,1800000
2022-10-14 14:00:21.505000,1.48173,1.48158,1800000,5840000
2022-10-14 14:00:21.607000,1.48167,1.48158,2060000,1500000
2022-10-14 14:00:21.709000,1.48156,1.48153,1200000,3320000
2022-10-14 14:00:21.760000,1.48156,1.48143,1800000,3050000
2022-10-14 14:00:21.862000,1.48156,1.48145,1200000,3600000
2022-10-14 14:00:21.913000,1.48156,1.48146,1200000,1940000
2022-10-14 14:00:22.015000,1.48157,1.4815,1200000,2240000
2022-10-14 14:00:22.117000,1.48156,1.48149,1200000,1200000
2022-10-14 14:00:22.320000,1.48161,1.48155,1210000,1500000
2022-10-14 14:00:22.371000,1.48156,1.48148,1200000,1800000
2022-10-14 14:00:22.474000,1.48157,1.48151,1200000,1200000
2022-10-14 14:00:22.525000,1.48156,1.48149,1200000,1340000
2022-10-14 14:00:22.678000,1.48156,1.48147,1200000,3260000
2022-10-14 14:00:22.830000,1.48156,1.48148,1200000,1920000
2022-10-14 14:00:23.125000,1.48141,1.48137,1200000,1200000
2022-10-14 14:00:23.176000,1.48141,1.48128,2400000,1320000
2022-10-14 14:00:23.279000,1.4814,1.48127,1200000,1320000
2022-10-14 14:00:23.381000,1.48141,1.48127,1940000,1920000
2022-10-14 14:00:23.482000,1.48142,1.48126,2700000,1920000
2022-10-14 14:00:23.584000,1.48141,1.48133,2240000,1200000
2022-10-14 14:00:23.635000,1.48161,1.48154,1200000,1620000
2022-10-14 14:00:23.686000,1.48171,1.48163,1200000,1800000
2022-10-14 14:00:23.739000,1.4818,1.48163,1800000,1200000
2022-10-14 14:00:23.790000,1.48179,1.48164,1800000,1440000
2022-10-14 14:00:23.841000,1.48171,1.48164,1200000,1880000
2022-10-14 14:00:23.892000,1.48178,1.48164,1200000,1880000
2022-10-14 14:00:23.994000,1.48177,1.48164,1200000,1800000
2022-10-14 14:00:24.096000,1.48178,1.48164,1200000,2480000
2022-10-14 14:00:24.198000,1.48178,1.48164,1200000,2420000
2022-10-14 14:00:24.350000,1.48173,1.48164,1800000,1980000
2022-10-14 14:00:24.452000,1.48172,1.48164,1800000,1980000
2022-10-14 14:00:24.655000,1.48173,1.48164,2240000,1200000
2022-10-14 14:00:25.025000,1.48173,1.48164,1640000,1200000
2022-10-14 14:00:25.128000,1.48173,1.48161,1500000,1800000
2022-10-14 14:00:25.331000,1.48167,1.48159,1200000,1800000
2022-10-14 14:00:25.382000,1.48163,1.48158,1200000,1200000
2022-10-14 14:00:25.484000,1.48169,1.48157,1200000,1200000
2022-10-14 14:00:25.535000,1.48169,1.48153,1940000,1440000
2022-10-14 14:00:25.587000,1.4816,1.48152,1200000,1200000
2022-10-14 14:00:25.690000,1.48163,1.48147,1940000,1500000
2022-10-14 14:00:25.741000,1.48155,1.48145,1800000,2100000
2022-10-14 14:00:25.843000,1.48157,1.48142,1800000,1500000
2022-10-14 14:00:25.894000,1.48158,1.48142,1200000,1500000
2022-10-14 14:00:25.945000,1.48162,1.48146,1320000,3600000
2022-10-14 14:00:26.047000,1.48161,1.48147,1500000,1940000
2022-10-14 14:00:26.150000,1.48162,1.48148,1200000,1200000
2022-10-14 14:00:26.252000,1.48151,1.48144,2480000,1200000
2022-10-14 14:00:26.303000,1.48152,1.48136,2240000,1920000
2022-10-14 14:00:26.405000,1.48151,1.48136,2100000,2400000
2022-10-14 14:00:26.622000,1.48153,1.48139,2100000,1200000
2022-10-14 14:00:26.729000,1.48151,1.48138,2030000,1200000
2022-10-14 14:00:26.780000,1.48151,1.48137,3860000,1200000
2022-10-14 14:00:26.882000,1.48163,1.48157,1200000,1200000
2022-10-14 14:00:26.984000,1.48173,1.48158,1690000,1340000
2022-10-14 14:00:27.086000,1.48173,1.48166,1200000,1800000
2022-10-14 14:00:27.188000,1.48185,1.48167,2780000,2240000
2022-10-14 14:00:27.240000,1.48185,1.48171,1200000,1800000
2022-10-14 14:00:27.342000,1.48175,1.48164,1500000,1200000
2022-10-14 14:00:27.444000,1.48176,1.48167,1340000,1200000
2022-10-14 14:00:27.495000,1.48173,1.48161,1200000,1200000
2022-10-14 14:00:27.597000,1.48172,1.48159,1200000,1200000
2022-10-14 14:00:27.750000,1.48173,1.48158,1200000,1640000
2022-10-14 14:00:27.852000,1.48171,1.48159,1200000,1200000
2022-10-14 14:00:27.954000,1.48171,1.48158,1200000,4040000
2022-10-14 14:00:28.005000,1.48168,1.48158,1200000,1940000
2022-10-14 14:00:28.108000,1.48162,1.48157,1200000,1200000
2022-10-14 14:00:28.159000,1.48172,1.48158,1200000,1200000
2022-10-14 14:00:28.210000,1.48168,1.48158,1200000,1200000
2022-10-14 14:00:28.261000,1.4817,1.48158,1200000,1200000
2022-10-14 14:00:28.457000,1.48165,1.48157,1440000,1500000
2022-10-14 14:00:28.559000,1.48163,1.48157,1200000,1500000
2022-10-14 14:00:28.610000,1.48171,1.48159,1200000,1200000
2022-10-14 14:00:28.712000,1.48171,1.4816,1500000,1200000
2022-10-14 14:00:28.763000,1.48172,1.48157,1500000,1800000
2022-10-14 14:00:28.814000,1.48167,1.48158,1500000,1200000
2022-10-14 14:00:28.866000,1.48168,1.48157,1200000,1800000
2022-10-14 14:00:28.968000,1.48171,1.4816,1200000,3140000
2022-10-14 14:00:29.070000,1.48171,1.48159,1200000,5100000
2022-10-14 14:00:29.172000,1.48191,1.48176,1940000,2400000
2022-10-14 14:00:29.274000,1.48194,1.48182,1800000,1800000
2022-10-14 14:00:29.325000,1.48193,1.48184,1800000,1200000
2022-10-14 14:00:29.377000,1.48197,1.48187,1200000,1200000
2022-10-14 14:00:29.479000,1.48203,1.48193,2140000,1800000
2022-10-14 14:00:29.631000,1.48203,1.48191,1320000,1940000
2022-10-14 14:00:29.733000,1.48201,1.48191,1320000,1200000
2022-10-14 14:00:29.785000,1.48201,1.48186,1320000,1340000
2022-10-14 14:00:29.836000,1.48197,1.48186,2180000,1200000
2022-10-14 14:00:29.888000,1.48195,1.48182,1500000,1800000
2022-10-14 14:00:29.990000,1.48194,1.48182,1800000,1340000
2022-10-14 14:00:30.041000,1.48195,1.48182,1570000,1940000
2022-10-14 14:00:30.092000,1.48196,1.48186,1200000,1200000
2022-10-14 14:00:30.194000,1.48198,1.48192,1500000,1200000
2022-10-14 14:00:30.339000,1.48204,1.4819,2200000,1940000
2022-10-14 14:00:30.390000,1.48203,1.48191,1740000,1940000
2022-10-14 14:00:30.443000,1.48201,1.48191,1200000,1200000
2022-10-14 14:00:30.545000,1.48201,1.4819,1920000,1200000
2022-10-14 14:00:30.596000,1.48195,1.48184,1200000,1340000
2022-10-14 14:00:30.698000,1.48195,1.4818,1320000,2240000
2022-10-14 14:00:30.800000,1.48192,1.4818,1200000,2240000
2022-10-14 14:00:30.902000,1.48195,1.4818,2150000,2240000
2022-10-14 14:00:30.953000,1.48186,1.4818,1320000,1500000
2022-10-14 14:00:31.106000,1.48189,1.4818,1920000,1500000
2022-10-14 14:00:31.157000,1.48193,1.4818,2040000,1500000
2022-10-14 14:00:31.209000,1.48196,1.48188,3120000,1200000
2022-10-14 14:00:31.260000,1.48187,1.48183,1800000,1500000
2022-10-14 14:00:31.312000,1.48184,1.48173,1200000,1500000
2022-10-14 14:00:31.413000,1.48188,1.48179,1200000,3530000
2022-10-14 14:00:31.515000,1.4819,1.4818,1200000,1340000
2022-10-14 14:00:31.617000,1.4819,1.4818,1200000,1940000
2022-10-14 14:00:31.721000,1.4819,1.48179,1620000,1200000
2022-10-14 14:00:31.823000,1.48184,1.4817,1200000,1740000
2022-10-14 14:00:31.938000,1.48184,1.4817,2340000,1500000
2022-10-14 14:00:32.010000,1.48174,1.48167,1500000,1500000
2022-10-14 14:00:32.065000,1.48176,1.48169,1200000,1500000
2022-10-14 14:00:32.117000,1.48181,1.48176,1200000,1200000
2022-10-14 14:00:32.168000,1.48184,1.4818,1200000,1340000
2022-10-14 14:00:32.219000,1.48188,1.48183,1200000,1200000
2022-10-14 14:00:32.271000,1.48191,1.48183,1500000,1200000
2022-10-14 14:00:32.322000,1.48193,1.4818,1500000,1340000
2022-10-14 14:00:32.424000,1.48184,1.48177,1200000,1200000
2022-10-14 14:00:32.483000,1.48184,1.48173,1340000,1500000
2022-10-14 14:00:32.535000,1.48184,1.48169,2780000,1340000
2022-10-14 14:00:32.586000,1.48184,1.48171,2540000,1800000
2022-10-14 14:00:32.638000,1.48184,1.4817,2100000,3140000
2022-10-14 14:00:32.691000,1.48184,1.48169,1500000,1940000
2022-10-14 14:00:32.742000,1.48184,1.4817,1340000,1500000
2022-10-14 14:00:32.844000,1.48195,1.4819,1500000,2240000
2022-10-14 14:00:32.896000,1.48195,1.48188,1570000,1200000
2022-10-14 14:00:32.947000,1.48195,1.48185,2170000,1200000
2022-10-14 14:00:32.998000,1.48193,1.48181,1200000,1200000
2022-10-14 14:00:33.100000,1.48194,1.4818,1500000,1340000
2022-10-14 14:00:33.202000,1.48194,1.4818,1500000,1340000
2022-10-14 14:00:33.304000,1.48185,1.4818,1500000,1200000
2022-10-14 14:00:33.406000,1.48193,1.4818,1500000,1340000
2022-10-14 14:00:33.457000,1.48187,1.4818,1500000,1340000
2022-10-14 14:00:33.559000,1.48182,1.48177,1500000,1200000
2022-10-14 14:00:33.611000,1.48184,1.48175,2100000,1200000
2022-10-14 14:00:33.696000,1.48184,1.48176,1920000,1500000
2022-10-14 14:00:33.762000,1.48187,1.48168,1920000,3000000
2022-10-14 14:00:33.864000,1.48183,1.48169,1440000,2100000
2022-10-14 14:00:33.966000,1.48183,1.48169,1620000,1500000
2022-10-14 14:00:34.068000,1.48181,1.48167,2520000,2100000
2022-10-14 14:00:34.170000,1.48179,1.48165,1200000,1500000
2022-10-14 14:00:34.272000,1.4818,1.48165,2520000,1640000
2022-10-14 14:00:34.323000,1.4818,1.48165,1800000,2400000
2022-10-14 14:00:34.374000,1.4818,1.48168,1200000,1940000
2022-10-14 14:00:34.476000,1.48183,1.48169,2040000,1940000
2022-10-14 14:00:34.578000,1.48184,1.48169,3080000,1940000
2022-10-14 14:00:34.680000,1.48184,1.48169,3240000,1940000
2022-10-14 14:00:34.782000,1.48184,1.4817,2180000,1200000
2022-10-14 14:00:34.884000,1.48182,1.48169,1810000,1800000
2022-10-14 14:00:34.985000,1.48181,1.48168,1200000,2400000
2022-10-14 14:00:35.087000,1.48183,1.4817,1500000,1800000
2022-10-14 14:00:35.189000,1.48185,1.48171,2840000,1200000
2022-10-14 14:00:35.291000,1.48184,1.48171,2180000,2240000
2022-10-14 14:00:35.342000,1.48184,1.4817,1620000,1200000
2022-10-14 14:00:35.393000,1.48184,1.4817,1620000,1200000
2022-10-14 14:00:35.444000,1.48184,1.48169,1440000,3300000
2022-10-14 14:00:35.561000,1.48184,1.48169,1740000,2400000
2022-10-14 14:00:35.765000,1.48185,1.48171,1800000,1800000
2022-10-14 14:00:35.816000,1.48189,1.48175,2780000,2400000
2022-10-14 14:00:35.918000,1.48185,1.48175,1500000,1800000
2022-10-14 14:00:35.969000,1.4819,1.48175,1320000,1800000
2022-10-14 14:00:36.071000,1.48185,1.48174,1200000,1200000
2022-10-14 14:00:36.122000,1.48184,1.48173,1200000,1800000
2022-10-14 14:00:36.224000,1.48187,1.48172,2340000,2700000
2022-10-14 14:00:36.275000,1.48184,1.48172,1340000,1800000
2022-10-14 14:00:36.377000,1.48184,1.48174,1340000,1800000
2022-10-14 14:00:36.428000,1.48184,1.48172,1210000,1800000
2022-10-14 14:00:36.531000,1.48185,1.48169,1320000,1200000
2022-10-14 14:00:36.633000,1.48179,1.48166,1320000,1500000
2022-10-14 14:00:36.735000,1.48181,1.48166,2960000,1500000
2022-10-14 14:00:36.939000,1.48179,1.48164,1920000,1640000
2022-10-14 14:00:37.041000,1.48173,1.48161,1200000,3000000
2022-10-14 14:00:37.146000,1.48172,1.48161,1200000,2100000
2022-10-14 14:00:37.334000,1.48169,1.48161,1440000,1500000
2022-10-14 14:00:37.541000,1.48168,1.48161,1320000,1500000
2022-10-14 14:00:37.592000,1.48164,1.48154,1200000,1200000
2022-10-14 14:00:37.643000,1.48171,1.48161,3300000,1500000
2022-10-14 14:00:37.745000,1.48174,1.48161,1340000,1500000
2022-10-14 14:00:37.847000,1.48174,1.48159,3380000,1800000
2022-10-14 14:00:37.949000,1.48173,1.48158,1320000,1940000
2022-10-14 14:00:38.050000,1.48167,1.48156,1200000,1200000
2022-10-14 14:00:38.152000,1.4817,1.48153,1440000,2240000
2022-10-14 14:00:38.203000,1.4817,1.48158,1800000,1200000
2022-10-14 14:00:38.305000,1.48163,1.48158,1200000,1200000
2022-10-14 14:00:38.356000,1.48168,1.48153,1800000,2840000
2022-10-14 14:00:38.407000,1.48168,1.48157,2480000,1800000
2022-10-14 14:00:38.510000,1.48165,1.48155,1320000,1800000
2022-10-14 14:00:38.561000,1.48163,1.48151,1340000,1200000
2022-10-14 14:00:38.663000,1.48167,1.48152,2220000,1800000
2022-10-14 14:00:38.765000,1.48155,1.48151,1340000,1200000
2022-10-14 14:00:38.867000,1.48151,1.4814,1200000,2240000
2022-10-14 14:00:38.919000,1.48151,1.48138,1200000,2100000
2022-10-14 14:00:38.970000,1.48151,1.48146,1800000,1200000
2022-10-14 14:00:39.021000,1.48151,1.48141,2100000,1200000
2022-10-14 14:00:39.073000,1.48151,1.48136,1800000,3600000
2022-10-14 14:00:39.203000,1.48151,1.48136,3240000,4640000
2022-10-14 14:00:39.256000,1.48141,1.48136,1200000,1570000
2022-10-14 14:00:39.461000,1.48151,1.48138,2700000,1200000
2022-10-14 14:00:39.512000,1.48146,1.48136,1320000,2240000
2022-10-14 14:00:39.563000,1.48144,1.48134,2240000,1500000
2022-10-14 14:00:39.665000,1.48146,1.48135,1740000,1200000
2022-10-14 14:00:39.717000,1.48148,1.48144,3440000,1200000
2022-10-14 14:00:39.819000,1.48149,1.48142,2100000,3300000
2022-10-14 14:00:39.870000,1.48149,1.48142,1200000,1500000
2022-10-14 14:00:39.921000,1.48151,1.48142,3600000,1200000
2022-10-14 14:00:39.972000,1.48151,1.48139,2700000,1800000
2022-10-14 14:00:40.073000,1.48151,1.4814,2700000,1200000
2022-10-14 14:00:40.175000,1.4815,1.48143,1620000,1200000
2022-10-14 14:00:40.226000,1.4815,1.48143,2220000,1200000
2022-10-14 14:00:40.278000,1.48145,1.4814,1320000,1200000
2022-10-14 14:00:40.329000,1.48147,1.4814,2340000,1200000
2022-10-14 14:00:40.380000,1.48148,1.48136,2180000,1200000
2022-10-14 14:00:40.431000,1.48143,1.48136,2100000,1200000
2022-10-14 14:00:40.533000,1.48143,1.48137,1200000,1200000
2022-10-14 14:00:40.584000,1.4815,1.4814,2820000,1200000
2022-10-14 14:00:40.686000,1.4815,1.48142,1200000,1800000
2022-10-14 14:00:40.789000,1.4815,1.48141,3140000,1340000
2022-10-14 14:00:40.840000,1.4815,1.48141,1800000,1800000
2022-10-14 14:00:40.968000,1.48146,1.48142,1500000,1200000
2022-10-14 14:00:41.027000,1.48146,1.48137,1200000,1800000
2022-10-14 14:00:41.078000,1.48144,1.48134,1200000,1800000
2022-10-14 14:00:41.180000,1.48147,1.48136,1200000,1200000
2022-10-14 14:00:41.231000,1.48141,1.48135,1800000,1200000
2022-10-14 14:00:41.282000,1.48141,1.48128,2700000,1940000
2022-10-14 14:00:41.334000,1.48141,1.48128,2700000,1200000
2022-10-14 14:00:41.487000,1.4814,1.48126,1200000,1200000
2022-10-14 14:00:41.589000,1.4814,1.48125,1200000,4940000
2022-10-14 14:00:41.691000,1.48138,1.48127,1200000,4200000
2022-10-14 14:00:41.793000,1.48142,1.48135,1500000,2400000
2022-10-14 14:00:41.845000,1.48145,1.48133,1200000,1200000
2022-10-14 14:00:41.896000,1.48145,1.48135,1200000,1200000
2022-10-14 14:00:41.998000,1.4814,1.4813,1200000,1200000
2022-10-14 14:00:42.100000,1.48139,1.48128,1200000,1200000
2022-10-14 14:00:42.202000,1.4814,1.48126,1200000,1200000
2022-10-14 14:00:42.304000,1.48141,1.48126,3680000,1200000
2022-10-14 14:00:42.405000,1.48137,1.48125,1320000,1340000
2022-10-14 14:00:42.458000,1.48135,1.48122,1200000,1800000
2022-10-14 14:00:42.559000,1.48134,1.48118,1940000,1620000
2022-10-14 14:00:42.661000,1.48136,1.48119,2710000,1500000
2022-10-14 14:00:42.915000,1.48137,1.48124,2100000,1200000
2022-10-14 14:00:43.046000,1.48139,1.48129,1500000,1200000
2022-10-14 14:00:43.120000,1.48141,1.48126,4280000,1940000
2022-10-14 14:00:43.171000,1.48137,1.48125,1200000,2100000
2022-10-14 14:00:43.274000,1.4814,1.48125,1800000,1940000
2022-10-14 14:00:43.375000,1.48141,1.48126,3740000,1340000
2022-10-14 14:00:43.477000,1.48137,1.48124,1200000,1940000
2022-10-14 14:00:43.630000,1.48136,1.48125,1200000,1200000
2022-10-14 14:00:43.732000,1.48132,1.48123,1200000,1200000
2022-10-14 14:00:43.783000,1.48135,1.48123,1200000,1200000
2022-10-14 14:00:43.885000,1.48138,1.4812,1200000,1570000
2022-10-14 14:00:43.936000,1.4814,1.48125,1640000,1320000
2022-10-14 14:00:44.039000,1.48141,1.48135,1200000,1200000
2022-10-14 14:00:44.090000,1.48143,1.48135,1200000,1200000
2022-10-14 14:00:44.141000,1.48141,1.48135,1940000,1200000
2022-10-14 14:00:44.192000,1.4814,1.48128,1200000,1500000
2022-10-14 14:00:44.244000,1.48137,1.48128,1200000,1500000
2022-10-14 14:00:44.295000,1.48141,1.48125,2480000,1340000
2022-10-14 14:00:44.397000,1.48133,1.4812,1200000,2340000
2022-10-14 14:00:44.448000,1.48136,1.48123,1620000,1800000
2022-10-14 14:00:44.499000,1.48136,1.48123,1210000,1200000
2022-10-14 14:00:44.550000,1.48134,1.48119,1620000,1200000
2022-10-14 14:00:44.652000,1.48135,1.48118,2340000,1320000
2022-10-14 14:00:44.794000,1.48135,1.48119,3010000,1200000
2022-10-14 14:00:44.850000,1.48137,1.48123,2240000,1320000
2022-10-14 14:00:44.952000,1.48141,1.48126,1340000,1340000
2022-10-14 14:00:45.054000,1.48142,1.48126,2340000,1940000
2022-10-14 14:00:45.156000,1.48142,1.48124,1200000,3240000
2022-10-14 14:00:45.257000,1.48142,1.48125,2340000,2940000
2022-10-14 14:00:45.359000,1.48144,1.48127,3860000,1200000
2022-10-14 14:00:45.410000,1.48142,1.48126,1880000,1200000
2022-10-14 14:00:45.461000,1.48142,1.48126,2060000,1200000
2022-10-14 14:00:45.563000,1.48142,1.48126,1210000,1940000
2022-10-14 14:00:45.614000,1.48137,1.48127,1200000,1200000
2022-10-14 14:00:45.716000,1.48137,1.48128,1200000,1200000
2022-10-14 14:00:45.868000,1.48137,1.48127,1200000,1200000
2022-10-14 14:00:45.971000,1.48137,1.48128,1200000,1200000
2022-10-14 14:00:46.073000,1.48135,1.48128,1200000,1200000
2022-10-14 14:00:46.175000,1.48128,1.48121,1200000,1500000
2022-10-14 14:00:46.226000,1.48128,1.48117,1200000,2700000
2022-10-14 14:00:46.277000,1.48127,1.48118,1200000,1200000
2022-10-14 14:00:46.379000,1.48129,1.48117,1200000,1200000
2022-10-14 14:00:46.685000,1.48128,1.48125,1340000,1200000
2022-10-14 14:00:46.787000,1.48141,1.48126,1510000,2220000
2022-10-14 14:00:46.893000,1.48142,1.48127,1500000,2240000
2022-10-14 14:00:47.147000,1.48136,1.48125,1200000,1800000
2022-10-14 14:00:47.198000,1.48136,1.48122,2780000,1340000
2022-10-14 14:00:47.249000,1.48132,1.48121,1800000,1200000
2022-10-14 14:00:47.301000,1.48132,1.48117,3140000,1620000
2022-10-14 14:00:47.403000,1.48136,1.48121,2110000,1200000
2022-10-14 14:00:47.454000,1.48135,1.48121,1320000,1200000
2022-10-14 14:00:47.505000,1.48133,1.48117,1200000,1820000
2022-10-14 14:00:47.556000,1.48133,1.4812,1200000,1200000
2022-10-14 14:00:47.658000,1.48135,1.48121,1200000,1200000
2022-10-14 14:00:47.709000,1.48137,1.48122,1620000,1200000
2022-10-14 14:00:48.064000,1.48139,1.48122,1200000,1200000
2022-10-14 14:00:48.166000,1.48139,1.48126,1200000,1200000
2022-10-14 14:00:48.217000,1.48142,1.48127,1810000,1200000
2022-10-14 14:00:48.319000,1.48142,1.48127,2480000,1200000
2022-10-14 14:00:48.420000,1.48141,1.48126,1200000,2400000
2022-10-14 14:00:48.683000,1.4814,1.48125,1340000,2170000
2022-10-14 14:00:48.793000,1.48141,1.48127,1210000,1200000
2022-10-14 14:00:49.098000,1.48141,1.48126,1440000,2400000
2022-10-14 14:00:49.251000,1.48141,1.48129,1320000,1200000
2022-10-14 14:00:49.302000,1.48139,1.48123,1320000,1500000
2022-10-14 14:00:49.353000,1.48132,1.48123,1200000,1640000
2022-10-14 14:00:49.455000,1.48127,1.48122,1200000,1800000
2022-10-14 14:00:49.506000,1.48131,1.48119,2040000,1640000
2022-10-14 14:00:49.558000,1.48128,1.48119,1200000,1500000
2022-10-14 14:00:49.609000,1.4813,1.48117,1500000,1200000
2022-10-14 14:00:49.711000,1.48125,1.48117,2400000,1200000
2022-10-14 14:00:49.816000,1.48127,1.48112,1460000,1200000
2022-10-14 14:00:49.918000,1.48127,1.48112,1200000,1200000
2022-10-14 14:00:50.020000,1.48126,1.48111,1200000,1200000
2022-10-14 14:00:50.071000,1.48129,1.48115,1920000,1200000
2022-10-14 14:00:50.223000,1.4813,1.48116,1320000,1200000
2022-10-14 14:00:50.325000,1.48128,1.48112,1920000,2400000
2022-10-14 14:00:50.427000,1.48126,1.48111,1200000,2240000
2022-10-14 14:00:50.478000,1.48127,1.4811,1320000,1500000
2022-10-14 14:00:50.536000,1.48123,1.48107,1440000,1200000
2022-10-14 14:00:50.587000,1.48118,1.48106,1200000,1940000
2022-10-14 14:00:50.689000,1.48114,1.48102,1920000,2400000
2022-10-14 14:00:50.741000,1.48113,1.481,2110000,1200000
2022-10-14 14:00:50.844000,1.48113,1.481,1200000,1500000
2022-10-14 14:00:50.946000,1.48115,1.48099,1800000,1200000
2022-10-14 14:00:51.048000,1.48111,1.48097,1200000,2240000
2022-10-14 14:00:51.201000,1.48111,1.48097,1340000,1640000
2022-10-14 14:00:51.303000,1.4811,1.48097,2040000,1500000
2022-10-14 14:00:51.405000,1.48111,1.48096,1340000,1570000
2022-10-14 14:00:51.456000,1.48114,1.48097,1880000,1200000
2022-10-14 14:00:51.507000,1.48111,1.48097,1340000,1500000
2022-10-14 14:00:51.608000,1.48111,1.48098,1320000,1200000
2022-10-14 14:00:51.710000,1.48111,1.48097,1880000,1800000
2022-10-14 14:00:51.812000,1.48112,1.48098,2820000,1200000
2022-10-14 14:00:51.914000,1.48115,1.48107,1500000,1360000
2022-10-14 14:00:51.965000,1.48115,1.48107,1200000,1210000
2022-10-14 14:00:52.118000,1.48119,1.48106,1200000,1210000
2022-10-14 14:00:52.317000,1.4812,1.48106,1200000,1810000
2022-10-14 14:00:52.377000,1.48118,1.48105,1200000,1810000
2022-10-14 14:00:52.480000,1.48116,1.48104,1200000,1960000
2022-10-14 14:00:52.582000,1.48114,1.48103,1200000,1210000
2022-10-14 14:00:52.634000,1.48115,1.48104,1940000,1200000
2022-10-14 14:00:52.736000,1.48115,1.481,1200000,1340000
2022-10-14 14:00:52.838000,1.48114,1.48098,1200000,2170000
2022-10-14 14:00:52.991000,1.48113,1.48098,1340000,1500000
2022-10-14 14:00:53.092000,1.48112,1.48098,1320000,1200000
2022-10-14 14:00:53.245000,1.48111,1.48097,1800000,2030000
2022-10-14 14:00:53.296000,1.48114,1.48104,1800000,1200000
2022-10-14 14:00:53.398000,1.48117,1.48104,1200000,1800000
2022-10-14 14:00:53.602000,1.48117,1.48104,1200000,2240000
2022-10-14 14:00:53.704000,1.48115,1.48104,1800000,1200000
2022-10-14 14:00:53.755000,1.48115,1.48101,1340000,1200000
2022-10-14 14:00:53.907000,1.48111,1.48101,1200000,1200000
2022-10-14 14:00:54.009000,1.48112,1.481,1200000,1500000
2022-10-14 14:00:54.111000,1.48114,1.48098,1200000,2240000
2022-10-14 14:00:54.162000,1.48114,1.48099,1320000,2330000
2022-10-14 14:00:54.214000,1.48115,1.481,1200000,1200000
2022-10-14 14:00:54.265000,1.48116,1.481,1920000,1500000
2022-10-14 14:00:54.424000,1.48116,1.48101,1320000,1500000
2022-10-14 14:00:54.475000,1.48118,1.48104,1940000,1800000
2022-10-14 14:00:54.526000,1.48119,1.48103,1940000,1940000
2022-10-14 14:00:54.578000,1.48119,1.48105,2240000,1200000
2022-10-14 14:00:54.680000,1.4812,1.48106,1340000,1200000
2022-10-14 14:00:54.731000,1.48119,1.48105,1200000,1500000
2022-10-14 14:00:54.934000,1.4812,1.48105,1800000,1500000
2022-10-14 14:00:55.087000,1.48121,1.48107,1340000,1200000
2022-10-14 14:00:55.242000,1.4812,1.48105,1920000,1500000
2022-10-14 14:00:55.344000,1.4812,1.48105,1320000,1500000
2022-10-14 14:00:55.446000,1.48122,1.48109,1880000,1200000
2022-10-14 14:00:55.548000,1.48122,1.48109,3240000,1200000
2022-10-14 14:00:55.650000,1.48122,1.48109,2940000,1200000
2022-10-14 14:00:55.701000,1.48122,1.48107,3380000,1200000
2022-10-14 14:00:55.955000,1.48122,1.48107,3240000,1200000
2022-10-14 14:00:56.058000,1.48119,1.48106,1800000,1200000
2022-10-14 14:00:56.160000,1.4812,1.48105,1320000,1500000
2022-10-14 14:00:56.300000,1.4812,1.48105,1880000,1200000
2022-10-14 14:00:56.402000,1.48121,1.48106,2520000,1500000
2022-10-14 14:00:56.505000,1.48115,1.48104,1200000,1640000
2022-10-14 14:00:56.607000,1.48116,1.48103,1200000,1500000
2022-10-14 14:00:56.709000,1.48116,1.48102,1200000,2240000
2022-10-14 14:00:56.811000,1.48116,1.48101,1740000,1200000
2022-10-14 14:00:56.862000,1.48117,1.48104,2100000,1340000
2022-10-14 14:00:56.914000,1.48115,1.48101,1200000,1800000
2022-10-14 14:00:57.016000,1.48115,1.48102,1200000,1200000
2022-10-14 14:00:57.117000,1.48116,1.48102,1810000,1200000
2022-10-14 14:00:57.169000,1.48116,1.48102,1920000,2240000
2022-10-14 14:00:57.271000,1.48123,1.48114,1660000,1200000
2022-10-14 14:00:57.373000,1.48127,1.48115,1500000,2240000
2022-10-14 14:00:57.424000,1.48129,1.48115,2640000,2240000
2022-10-14 14:00:57.475000,1.48129,1.48115,1440000,2470000
2022-10-14 14:00:57.577000,1.48126,1.48113,4280000,2100000
2022-10-14 14:00:57.629000,1.48125,1.48114,1440000,2100000
2022-10-14 14:00:57.680000,1.48124,1.48113,1200000,1500000
2022-10-14 14:00:57.782000,1.48126,1.48114,1320000,1200000
2022-10-14 14:00:57.884000,1.48126,1.48113,1320000,1200000
2022-10-14 14:00:58.204000,1.48126,1.48114,1320000,1200000
2022-10-14 14:00:58.575000,1.48125,1.48115,1920000,1200000
2022-10-14 14:00:58.626000,1.48121,1.48112,2040000,1500000
2022-10-14 14:00:58.728000,1.4812,1.48115,1200000,1200000
2022-10-14 14:00:58.830000,1.4812,1.48115,1200000,1200000
2022-10-14 14:00:58.882000,1.4812,1.48105,3260000,1940000
2022-10-14 14:00:58.984000,1.48118,1.48106,1200000,1200000
2022-10-14 14:00:59.035000,1.48118,1.48105,1200000,2240000
2022-10-14 14:00:59.086000,1.48119,1.48105,3240000,1200000
2022-10-14 14:00:59.137000,1.48114,1.48104,1500000,1200000
2022-10-14 14:00:59.240000,1.48114,1.481,1200000,2700000
2022-10-14 14:00:59.291000,1.48109,1.481,1200000,1340000
2022-10-14 14:00:59.393000,1.48109,1.48097,2840000,1200000
2022-10-14 14:00:59.765000,1.48109,1.48097,2930000,1200000
2022-10-14 14:00:59.968000,1.48111,1.48099,2100000,1200000
2022-10-14 14:01:00.019000,1.4811,1.48097,1640000,1200000
2022-10-14 14:01:00.172000,1.48103,1.48097,1800000,1260000
2022-10-14 14:01:00.223000,1.48088,1.48074,1440000,2600000
2022-10-14 14:01:00.274000,1.48087,1.4808,1200000,1800000
2022-10-14 14:01:00.376000,1.4809,1.4808,1500000,1200000
2022-10-14 14:01:00.478000,1.48086,1.48074,1340000,1200000
2022-10-14 14:01:00.579000,1.48088,1.48074,1920000,1800000
2022-10-14 14:01:00.681000,1.48089,1.48072,2040000,1200000
2022-10-14 14:01:00.783000,1.48084,1.48069,4280000,1940000
