time,ask,bid,ask_volume,bid_volume
2022-07-20 14:25:00.457000,1.38184,1.38178,1990000,1200000
2022-07-20 14:25:01.676000,1.38188,1.38185,1300000,1350000
2022-07-20 14:25:01.728000,1.38189,1.38184,2430000,3240000
2022-07-20 14:25:02.033000,1.38189,1.38183,1440000,1800000
2022-07-20 14:25:02.237000,1.38176,1.38174,1320000,1200000
2022-07-20 14:25:02.288000,1.38179,1.38177,1100000,1800000
2022-07-20 14:25:02.339000,1.38184,1.38179,1200000,1720000
2022-07-20 14:25:02.391000,1.38188,1.38183,1200000,2220000
2022-07-20 14:25:02.442000,1.38185,1.38183,1200000,1970000
2022-07-20 14:25:02.494000,1.38188,1.38182,1120000,2220000
2022-07-20 14:25:02.596000,1.38189,1.38181,1200000,3910000
2022-07-20 14:25:02.749000,1.38187,1.38182,1200000,1720000
2022-07-20 14:25:03.707000,1.38191,1.38187,1350000,1200000
2022-07-20 14:25:03.809000,1.38192,1.38186,1890000,1440000
2022-07-20 14:25:04.063000,1.38192,1.38186,1350000,1720000
2022-07-20 14:25:04.607000,1.38194,1.38188,1800000,1720000
2022-07-20 14:25:04.812000,1.38195,1.38187,1300000,2220000
2022-07-20 14:25:04.914000,1.38194,1.38188,1500000,2340000
2022-07-20 14:25:05.079000,1.38194,1.38188,1200000,2220000
2022-07-20 14:25:05.283000,1.38193,1.38187,1660000,1440000
2022-07-20 14:25:05.385000,1.38195,1.38187,1540000,1440000
2022-07-20 14:25:06.549000,1.38194,1.38188,1210000,1440000
2022-07-20 14:25:06.661000,1.38194,1.38188,1120000,1720000
2022-07-20 14:25:08.404000,1.38192,1.38186,1990000,1800000
2022-07-20 14:25:08.929000,1.38192,1.38184,1210000,2340000
2022-07-20 14:25:09.709000,1.38192,1.38187,1120000,1200000
2022-07-20 14:25:09.811000,1.38191,1.38184,1120000,1440000
2022-07-20 14:25:09.863000,1.38192,1.38186,6610000,1200000
2022-07-20 14:25:09.965000,1.38191,1.38185,1200000,2340000
2022-07-20 14:25:10.412000,1.3819,1.38185,1200000,1440000
2022-07-20 14:25:12.063000,1.38189,1.38182,1200000,1720000
2022-07-20 14:25:12.114000,1.38185,1.3818,1200000,2550000
2022-07-20 14:25:12.217000,1.38186,1.3818,2110000,1440000
2022-07-20 14:25:12.319000,1.38186,1.38178,1200000,2340000
2022-07-20 14:25:12.929000,1.38183,1.38177,1440000,1350000
2022-07-20 14:25:13.478000,1.38184,1.38178,1200000,2220000
2022-07-20 14:25:13.751000,1.38186,1.3818,2250000,1440000
2022-07-20 14:25:13.803000,1.38189,1.38183,2360000,1800000
2022-07-20 14:25:13.905000,1.38186,1.38182,1200000,1440000
2022-07-20 14:25:14.007000,1.38185,1.38182,1200000,1440000
2022-07-20 14:25:14.888000,1.38186,1.38179,1200000,2220000
2022-07-20 14:25:15.365000,1.38184,1.38179,1200000,1720000
2022-07-20 14:25:16.767000,1.38185,1.3818,1200000,1240000
2022-07-20 14:25:16.869000,1.38187,1.38181,1200000,1990000
2022-07-20 14:25:16.921000,1.38189,1.38183,5490000,1440000
2022-07-20 14:25:16.972000,1.38187,1.38182,1200000,1720000
2022-07-20 14:25:17.074000,1.38186,1.38181,1200000,1720000
2022-07-20 14:25:17.176000,1.38186,1.38181,1200000,1720000
2022-07-20 14:25:17.757000,1.3819,1.38184,2340000,1440000
2022-07-20 14:25:21.482000,1.38189,1.38184,1200000,1440000
2022-07-20 14:25:23.585000,1.38188,1.38184,1200000,1440000
2022-07-20 14:25:23.687000,1.38188,1.38182,1200000,1720000
2022-07-20 14:25:23.840000,1.38187,1.38183,1200000,1320000
2022-07-20 14:25:25.049000,1.38187,1.38181,1200000,2220000
2022-07-20 14:25:25.329000,1.38187,1.3818,1200000,1720000
2022-07-20 14:25:25.826000,1.3819,1.38184,1200000,1720000
2022-07-20 14:25:26.344000,1.3819,1.38184,1440000,2340000
2022-07-20 14:25:28.091000,1.3819,1.38183,1200000,1440000
2022-07-20 14:25:28.604000,1.38191,1.38185,1440000,2370000
2022-07-20 14:25:28.756000,1.38191,1.38185,1200000,2490000
2022-07-20 14:25:29.135000,1.38193,1.38185,1200000,1990000
2022-07-20 14:25:29.250000,1.38191,1.38186,1200000,1990000
2022-07-20 14:25:29.357000,1.38194,1.38186,1350000,1870000
2022-07-20 14:25:29.459000,1.3819,1.38185,1200000,1540000
2022-07-20 14:25:29.561000,1.38189,1.38185,1200000,1240000
2022-07-20 14:25:29.613000,1.38191,1.38185,1350000,2490000
2022-07-20 14:25:29.715000,1.38191,1.38185,1200000,3340000
2022-07-20 14:25:29.868000,1.38193,1.38187,1440000,1720000
2022-07-20 14:25:30.072000,1.38194,1.38188,1200000,1720000
2022-07-20 14:25:30.174000,1.38201,1.38194,2740000,1320000
2022-07-20 14:25:30.276000,1.38199,1.38193,1890000,2970000
2022-07-20 14:25:30.528000,1.38198,1.38193,1440000,1440000
2022-07-20 14:25:30.630000,1.38198,1.38193,1200000,1240000
2022-07-20 14:25:31.189000,1.38198,1.38193,1200000,1440000
2022-07-20 14:25:31.419000,1.38198,1.38193,1200000,1720000
2022-07-20 14:25:31.772000,1.38198,1.38194,1200000,1720000
2022-07-20 14:25:32.026000,1.38201,1.38195,1200000,1740000
2022-07-20 14:25:32.180000,1.38197,1.38194,1200000,1800000
2022-07-20 14:25:32.282000,1.38197,1.38193,1200000,1440000
2022-07-20 14:25:34.246000,1.38199,1.38193,1720000,1440000
2022-07-20 14:25:34.450000,1.38199,1.38193,1440000,1720000
2022-07-20 14:25:34.929000,1.38198,1.38192,1200000,1720000
2022-07-20 14:25:35.032000,1.38195,1.38191,1200000,1220000
2022-07-20 14:25:35.975000,1.38197,1.38192,1720000,1720000
2022-07-20 14:25:36.077000,1.38198,1.38192,2170000,2970000
2022-07-20 14:25:36.993000,1.38198,1.38192,1440000,2220000
2022-07-20 14:25:38.937000,1.382,1.38195,1200000,1320000
2022-07-20 14:25:39.305000,1.38201,1.38195,1440000,1890000
2022-07-20 14:25:39.407000,1.38197,1.38194,1200000,1200000
2022-07-20 14:25:39.458000,1.38196,1.38191,1200000,1020000
2022-07-20 14:25:39.611000,1.38196,1.38188,1200000,5490000
2022-07-20 14:25:39.764000,1.38194,1.38189,1200000,2790000
2022-07-20 14:25:41.028000,1.38193,1.38189,1200000,1440000
2022-07-20 14:25:41.729000,1.38193,1.38187,1200000,1990000
2022-07-20 14:25:42.269000,1.38194,1.38188,1200000,2220000
2022-07-20 14:25:43.543000,1.38193,1.38188,1200000,1440000
2022-07-20 14:25:46.989000,1.38193,1.38187,1440000,2340000
2022-07-20 14:25:47.192000,1.38192,1.38186,2590000,1800000
2022-07-20 14:25:47.315000,1.38189,1.38184,1200000,1200000
2022-07-20 14:25:47.417000,1.38189,1.38183,1200000,2340000
2022-07-20 14:25:47.622000,1.38188,1.38183,1200000,2340000
2022-07-20 14:25:47.825000,1.38189,1.38183,2340000,2340000
2022-07-20 14:25:47.927000,1.38188,1.38183,1200000,1440000
2022-07-20 14:25:49.915000,1.38187,1.38182,1200000,1200000
2022-07-20 14:25:50.170000,1.38188,1.38182,1440000,1800000
2022-07-20 14:25:50.389000,1.3819,1.38182,2220000,1200000
2022-07-20 14:25:50.491000,1.38189,1.38183,1440000,2340000
2022-07-20 14:25:50.937000,1.38188,1.38183,1800000,1440000
2022-07-20 14:25:51.276000,1.38189,1.38183,1800000,2220000
2022-07-20 14:25:52.086000,1.3819,1.38182,2340000,2340000
2022-07-20 14:25:52.377000,1.38188,1.38183,1200000,1440000
2022-07-20 14:25:53.966000,1.38187,1.38183,1200000,1440000
2022-07-20 14:25:54.611000,1.38188,1.38183,1440000,1200000
2022-07-20 14:25:55.197000,1.3819,1.38185,1200000,1840000
2022-07-20 14:25:55.299000,1.38193,1.38184,2340000,2590000
2022-07-20 14:25:56.274000,1.38193,1.38186,1440000,1200000
2022-07-20 14:25:56.494000,1.38193,1.38187,3460000,1440000
2022-07-20 14:25:56.546000,1.38193,1.38187,1200000,2120000
2022-07-20 14:25:57.794000,1.38194,1.38188,1890000,1240000
2022-07-20 14:25:57.907000,1.38194,1.38188,2970000,1200000
2022-07-20 14:25:58.162000,1.38193,1.38187,2220000,1200000
2022-07-20 14:25:58.315000,1.38193,1.38187,2790000,1990000
2022-07-20 14:26:00.262000,1.38191,1.38185,1320000,2790000
2022-07-20 14:26:00.364000,1.38191,1.38186,1200000,1240000
2022-07-20 14:26:00.466000,1.38192,1.38186,2340000,1240000
2022-07-20 14:26:01.616000,1.38193,1.38186,2250000,1240000
2022-07-20 14:26:01.797000,1.38192,1.38185,1890000,3240000
2022-07-20 14:26:02.200000,1.38193,1.38186,4050000,1620000
2022-07-20 14:26:02.355000,1.38192,1.38184,1200000,2490000
2022-07-20 14:26:02.914000,1.38191,1.38185,1200000,4090000
2022-07-20 14:26:03.881000,1.38193,1.38186,2790000,1620000
2022-07-20 14:26:03.983000,1.38192,1.38186,1200000,1620000
2022-07-20 14:26:06.320000,1.38192,1.38185,1800000,1320000
2022-07-20 14:26:06.596000,1.3819,1.38186,1200000,1320000
2022-07-20 14:26:06.771000,1.38188,1.38183,1200000,2920000
2022-07-20 14:26:06.873000,1.38188,1.38183,1800000,1440000
2022-07-20 14:26:07.331000,1.38188,1.38184,1200000,1320000
2022-07-20 14:26:07.687000,1.38189,1.38184,1200000,1440000
2022-07-20 14:26:07.942000,1.3819,1.38186,1200000,1120000
2022-07-20 14:26:08.044000,1.38192,1.38186,2340000,1120000
2022-07-20 14:26:09.396000,1.38192,1.38186,1200000,1120000
2022-07-20 14:26:09.498000,1.38193,1.38188,1120000,1320000
2022-07-20 14:26:09.804000,1.38194,1.38188,1440000,1890000
2022-07-20 14:26:09.906000,1.38196,1.38193,1120000,1200000
2022-07-20 14:26:09.958000,1.38195,1.3819,1200000,1440000
2022-07-20 14:26:10.314000,1.38195,1.38189,1440000,1890000
2022-07-20 14:26:10.768000,1.38194,1.38188,1440000,2790000
2022-07-20 14:26:10.921000,1.38195,1.38187,1800000,2490000
2022-07-20 14:26:11.125000,1.38194,1.38188,1440000,2790000
2022-07-20 14:26:11.805000,1.38194,1.38189,1200000,1320000
2022-07-20 14:26:14.147000,1.38193,1.38188,1200000,1440000
2022-07-20 14:26:14.795000,1.38194,1.38191,1200000,1440000
2022-07-20 14:26:14.897000,1.38194,1.38192,1200000,3600000
2022-07-20 14:26:14.949000,1.38196,1.38192,1320000,1800000
2022-07-20 14:26:15,1.382,1.38194,2340000,2790000
2022-07-20 14:26:15.052000,1.38199,1.38193,1300000,2790000
2022-07-20 14:26:15.154000,1.38199,1.38194,2020000,1440000
2022-07-20 14:26:15.662000,1.38199,1.38195,1200000,1320000
2022-07-20 14:26:15.764000,1.382,1.38195,1200000,1320000
2022-07-20 14:26:16.238000,1.38199,1.38194,1200000,1440000
2022-07-20 14:26:16.383000,1.38199,1.38194,1200000,1720000
2022-07-20 14:26:16.637000,1.38198,1.38194,1200000,1720000
2022-07-20 14:26:16.739000,1.382,1.38194,1800000,1720000
2022-07-20 14:26:17.010000,1.38199,1.38194,1200000,1720000
2022-07-20 14:26:17.330000,1.382,1.38194,1800000,1720000
2022-07-20 14:26:17.722000,1.38199,1.38194,1200000,1720000
2022-07-20 14:26:17.939000,1.382,1.38194,1800000,1720000
2022-07-20 14:26:18.428000,1.38199,1.38194,1200000,1720000
2022-07-20 14:26:19.097000,1.38199,1.38194,1200000,1440000
2022-07-20 14:26:19.198000,1.38198,1.38194,1200000,1440000
2022-07-20 14:26:19.552000,1.38197,1.38194,2250000,1200000
2022-07-20 14:26:19.654000,1.38198,1.38194,1200000,1720000
2022-07-20 14:26:19.756000,1.38198,1.38194,1200000,1440000
2022-07-20 14:26:20.196000,1.38198,1.38194,1200000,1800000
2022-07-20 14:26:20.298000,1.38199,1.38194,1800000,1800000
2022-07-20 14:26:20.518000,1.38197,1.38194,1200000,1200000
2022-07-20 14:26:20.620000,1.38196,1.38194,1200000,1200000
2022-07-20 14:26:20.742000,1.38195,1.38189,1320000,1440000
2022-07-20 14:26:20.896000,1.38194,1.38189,1200000,1320000
2022-07-20 14:26:22.430000,1.38195,1.38189,1800000,1620000
2022-07-20 14:26:22.532000,1.38195,1.38189,1200000,1620000
2022-07-20 14:26:22.685000,1.38195,1.38189,1200000,1720000
2022-07-20 14:26:22.888000,1.38195,1.38189,1200000,2310000
2022-07-20 14:26:22.990000,1.38197,1.38193,1200000,1200000
2022-07-20 14:26:23.144000,1.38195,1.38193,1200000,1200000
2022-07-20 14:26:23.500000,1.38195,1.38189,1840000,1200000
2022-07-20 14:26:23.755000,1.38194,1.38188,1200000,1620000
2022-07-20 14:26:23.933000,1.38195,1.38187,1440000,1240000
2022-07-20 14:26:24.036000,1.38194,1.38188,1200000,1620000
2022-07-20 14:26:24.138000,1.38194,1.38188,1320000,1440000
2022-07-20 14:26:25.047000,1.38194,1.38188,1840000,1320000
2022-07-20 14:26:25.323000,1.38193,1.38187,1200000,1620000
2022-07-20 14:26:25.541000,1.38193,1.38187,1440000,1240000
2022-07-20 14:26:26.223000,1.38193,1.38187,1200000,1620000
2022-07-20 14:26:26.489000,1.38193,1.38187,1440000,1440000
2022-07-20 14:26:26.592000,1.38192,1.38186,1200000,1720000
2022-07-20 14:26:26.897000,1.38193,1.38187,1200000,1620000
2022-07-20 14:26:26.999000,1.38193,1.38187,1440000,1240000
2022-07-20 14:26:27.470000,1.38192,1.38186,1200000,2120000
2022-07-20 14:26:28.031000,1.38193,1.38186,1440000,2120000
2022-07-20 14:26:29.252000,1.3819,1.38185,1200000,1440000
2022-07-20 14:26:30.161000,1.38192,1.38186,1200000,1720000
2022-07-20 14:26:30.314000,1.38192,1.38186,1200000,3620000
2022-07-20 14:26:30.416000,1.38192,1.38186,1200000,2120000
2022-07-20 14:26:31.844000,1.38193,1.38187,1200000,1720000
2022-07-20 14:26:33.313000,1.38193,1.38187,1200000,1720000
2022-07-20 14:26:34.166000,1.38192,1.38186,1200000,2220000
2022-07-20 14:26:34.268000,1.38192,1.38186,1440000,1990000
2022-07-20 14:26:34.370000,1.38193,1.38185,1200000,2120000
2022-07-20 14:26:34.657000,1.38192,1.38186,1440000,1990000
2022-07-20 14:26:34.761000,1.38192,1.38186,1200000,2120000
2022-07-20 14:26:36.084000,1.38191,1.38186,1200000,1440000
2022-07-20 14:26:36.378000,1.38192,1.38185,1200000,1720000
2022-07-20 14:26:36.531000,1.38192,1.38185,1200000,1720000
2022-07-20 14:26:38.272000,1.3819,1.38184,5040000,1440000
2022-07-20 14:26:38.374000,1.38189,1.38183,1200000,2220000
2022-07-20 14:26:38.944000,1.3819,1.38185,1200000,2590000
2022-07-20 14:26:39.047000,1.38192,1.38185,1800000,2970000
2022-07-20 14:26:39.991000,1.38193,1.38186,1800000,1620000
2022-07-20 14:26:40.093000,1.38194,1.38188,1890000,1240000
2022-07-20 14:26:40.732000,1.38194,1.38188,1800000,1620000
2022-07-20 14:26:41.484000,1.38194,1.38188,2340000,1240000
2022-07-20 14:26:41.637000,1.38194,1.38188,1200000,1620000
2022-07-20 14:26:41.841000,1.38196,1.38188,1440000,1240000
2022-07-20 14:26:42.096000,1.38195,1.38189,1800000,1620000
2022-07-20 14:26:42.403000,1.38195,1.38189,2340000,1240000
2022-07-20 14:26:42.910000,1.38195,1.38189,1200000,2120000
2022-07-20 14:26:43.012000,1.38197,1.38189,1800000,2120000
2022-07-20 14:26:43.681000,1.38196,1.3819,1200000,5040000
2022-07-20 14:26:43.732000,1.38199,1.38192,1200000,2870000
2022-07-20 14:26:43.834000,1.38199,1.38193,1800000,3620000
2022-07-20 14:26:43.886000,1.38199,1.38193,1800000,2220000
2022-07-20 14:26:44.394000,1.38198,1.38193,1200000,2340000
2022-07-20 14:26:44.782000,1.38197,1.38191,1800000,2220000
2022-07-20 14:26:44.936000,1.38195,1.3819,1200000,1720000
2022-07-20 14:26:45.038000,1.38195,1.38189,1200000,2220000
2022-07-20 14:26:45.140000,1.38194,1.38189,1200000,2220000
2022-07-20 14:26:45.242000,1.38193,1.38189,1200000,2220000
2022-07-20 14:26:45.562000,1.38194,1.38189,1200000,2220000
2022-07-20 14:26:45.722000,1.38194,1.38189,1200000,2340000
2022-07-20 14:26:47.338000,1.38193,1.38188,1440000,1200000
2022-07-20 14:26:47.440000,1.3819,1.38185,1320000,1320000
2022-07-20 14:26:47.543000,1.38189,1.38185,1200000,2490000
2022-07-20 14:26:47.594000,1.38191,1.38185,1800000,2120000
2022-07-20 14:26:48.052000,1.38192,1.38184,1200000,2220000
2022-07-20 14:26:48.944000,1.38191,1.38184,1320000,1200000
2022-07-20 14:26:49.097000,1.38189,1.38185,1200000,1200000
2022-07-20 14:26:50.020000,1.38189,1.38183,2550000,2340000
2022-07-20 14:26:50.071000,1.38185,1.3818,1200000,1440000
2022-07-20 14:26:50.173000,1.38185,1.38179,3240000,1440000
2022-07-20 14:26:50.276000,1.38184,1.38179,1200000,1440000
2022-07-20 14:26:50.401000,1.38185,1.38179,2560000,1440000
2022-07-20 14:26:50.762000,1.38186,1.3818,1440000,1890000
2022-07-20 14:26:50.889000,1.38186,1.38181,1800000,1320000
2022-07-20 14:26:50.991000,1.38187,1.38181,1200000,3240000
2022-07-20 14:26:51.043000,1.38188,1.38183,1800000,1320000
2022-07-20 14:26:51.298000,1.38187,1.38181,1200000,2220000
2022-07-20 14:26:51.400000,1.38185,1.3818,1200000,1240000
2022-07-20 14:26:51.502000,1.38185,1.38181,1200000,1220000
2022-07-20 14:26:51.605000,1.38186,1.38181,1200000,1890000
2022-07-20 14:26:52.011000,1.38186,1.38178,1200000,2590000
2022-07-20 14:26:52.113000,1.38186,1.3818,1800000,2590000
2022-07-20 14:26:52.216000,1.38186,1.3818,2340000,1320000
2022-07-20 14:26:52.318000,1.38187,1.38179,2020000,1220000
2022-07-20 14:26:52.523000,1.38186,1.38182,1200000,2550000
2022-07-20 14:26:52.625000,1.38189,1.38184,1300000,1220000
2022-07-20 14:26:52.778000,1.3819,1.38184,1200000,1220000
2022-07-20 14:26:54.542000,1.38189,1.38184,1800000,1120000
2022-07-20 14:26:54.702000,1.3819,1.38182,2340000,2590000
2022-07-20 14:26:59.078000,1.38186,1.38182,1200000,1200000
2022-07-20 14:26:59.129000,1.38185,1.38179,1320000,2790000
2022-07-20 14:26:59.232000,1.38186,1.38178,2220000,2250000
2022-07-20 14:26:59.435000,1.38184,1.38178,1240000,1800000
2022-07-20 14:26:59.588000,1.38183,1.38177,1890000,3690000
2022-07-20 14:27:00.811000,1.38183,1.38177,1840000,1200000
2022-07-20 14:27:00.862000,1.38181,1.38175,2340000,1440000
2022-07-20 14:27:00.965000,1.3818,1.38174,1200000,2970000
2022-07-20 14:27:01.067000,1.38182,1.38176,2340000,1440000
2022-07-20 14:27:01.220000,1.38181,1.38175,1200000,2220000
2022-07-20 14:27:01.322000,1.38184,1.38177,2870000,2340000
2022-07-20 14:27:02.040000,1.38184,1.38178,1740000,1200000
2022-07-20 14:27:02.091000,1.38184,1.38178,1440000,1440000
2022-07-20 14:27:02.485000,1.38185,1.38177,1200000,2220000
2022-07-20 14:27:02.638000,1.38184,1.38179,1200000,2220000
2022-07-20 14:27:02.740000,1.38185,1.38179,1320000,2340000
2022-07-20 14:27:02.944000,1.38184,1.38179,1200000,2340000
2022-07-20 14:27:03.046000,1.38186,1.38178,1890000,2340000
2022-07-20 14:27:04.207000,1.38182,1.38177,1200000,1240000
2022-07-20 14:27:04.309000,1.3818,1.38177,1200000,1200000
2022-07-20 14:27:04.412000,1.3818,1.38175,1350000,1440000
2022-07-20 14:27:05.209000,1.38182,1.38175,2340000,2590000
2022-07-20 14:27:05.362000,1.38179,1.38173,1200000,1320000
2022-07-20 14:27:05.467000,1.38178,1.38172,1350000,1720000
2022-07-20 14:27:05.569000,1.38178,1.38171,2790000,1840000
2022-07-20 14:27:05.722000,1.38176,1.38171,1200000,1840000
2022-07-20 14:27:05.975000,1.38177,1.38171,1200000,1840000
2022-07-20 14:27:06.580000,1.38176,1.38171,1200000,1840000
2022-07-20 14:27:07.037000,1.38176,1.38171,1200000,1840000
2022-07-20 14:27:07.088000,1.3818,1.38174,1200000,2220000
2022-07-20 14:27:07.947000,1.3818,1.38174,1200000,1620000
2022-07-20 14:27:08.151000,1.3818,1.38174,1350000,1720000
2022-07-20 14:27:08.254000,1.38177,1.38171,1200000,4280000
2022-07-20 14:27:08.356000,1.38176,1.38171,1200000,1320000
2022-07-20 14:27:09.281000,1.38176,1.38171,1200000,2220000
2022-07-20 14:27:09.332000,1.38178,1.38172,2340000,1440000
2022-07-20 14:27:10.161000,1.38177,1.38171,1200000,1720000
2022-07-20 14:27:10.263000,1.38177,1.38174,1200000,1720000
2022-07-20 14:27:10.314000,1.3818,1.38174,1200000,1720000
2022-07-20 14:27:12.619000,1.38183,1.38175,5400000,1720000
2022-07-20 14:27:12.726000,1.38183,1.38178,1200000,1720000
2022-07-20 14:27:12.828000,1.38184,1.38178,1200000,1720000
2022-07-20 14:27:12.931000,1.38183,1.38177,1200000,1720000
2022-07-20 14:27:13.248000,1.38184,1.38178,1440000,1440000
2022-07-20 14:27:13.350000,1.38185,1.38177,1200000,1240000
2022-07-20 14:27:13.845000,1.38185,1.38179,1440000,1320000
2022-07-20 14:27:14.284000,1.38181,1.38176,2250000,1320000
2022-07-20 14:27:14.386000,1.3818,1.38174,1200000,1720000
2022-07-20 14:27:14.488000,1.38183,1.38177,2250000,1440000
2022-07-20 14:27:14.590000,1.38183,1.38177,1200000,1720000
2022-07-20 14:27:14.895000,1.38183,1.38177,1200000,1720000
2022-07-20 14:27:15.251000,1.38183,1.38177,1200000,1720000
2022-07-20 14:27:15.455000,1.38181,1.38175,1200000,7660000
2022-07-20 14:27:15.557000,1.38181,1.38175,1200000,1720000
2022-07-20 14:27:15.659000,1.38182,1.38176,1200000,1620000
2022-07-20 14:27:15.761000,1.38183,1.38176,2790000,1720000
2022-07-20 14:27:15.863000,1.38183,1.38175,1350000,1720000
2022-07-20 14:27:16.794000,1.38183,1.38177,1800000,1240000
2022-07-20 14:27:16.896000,1.38182,1.38176,1200000,1620000
2022-07-20 14:27:16.998000,1.38182,1.38174,1200000,1840000
2022-07-20 14:27:18.168000,1.3818,1.38174,1200000,1720000
2022-07-20 14:27:18.270000,1.38181,1.38174,1200000,1720000
2022-07-20 14:27:18.626000,1.38182,1.38175,2790000,1720000
2022-07-20 14:27:18.982000,1.38182,1.38176,1200000,1720000
2022-07-20 14:27:19.135000,1.38181,1.38175,1200000,1720000
2022-07-20 14:27:19.485000,1.38181,1.38175,1200000,1720000
2022-07-20 14:27:20.095000,1.3818,1.38174,1200000,2970000
2022-07-20 14:27:23.781000,1.38178,1.38172,1800000,1720000
2022-07-20 14:27:23.885000,1.38177,1.38172,1200000,1720000
2022-07-20 14:27:23.987000,1.38178,1.38172,1800000,1720000
2022-07-20 14:27:24.367000,1.38179,1.38173,1320000,1440000
2022-07-20 14:27:24.469000,1.38179,1.38173,1200000,1720000
2022-07-20 14:27:24.761000,1.38182,1.38176,1890000,1440000
2022-07-20 14:27:24.864000,1.38183,1.38176,1350000,1720000
2022-07-20 14:27:24.966000,1.38182,1.38176,1200000,1720000
2022-07-20 14:27:25.222000,1.38184,1.38178,1200000,1720000
2022-07-20 14:27:25.551000,1.38184,1.38178,1440000,1440000
2022-07-20 14:27:25.653000,1.38185,1.38179,1200000,1720000
2022-07-20 14:27:25.756000,1.38186,1.38179,1800000,1720000
2022-07-20 14:27:25.858000,1.38186,1.38179,1440000,1720000
2022-07-20 14:27:25.960000,1.38185,1.38179,1440000,1440000
2022-07-20 14:27:26.062000,1.38184,1.38178,1200000,1720000
2022-07-20 14:27:26.530000,1.38185,1.38178,1570000,1720000
2022-07-20 14:27:26.683000,1.38185,1.38178,1890000,1720000
2022-07-20 14:27:27.376000,1.38184,1.38178,1200000,1720000
2022-07-20 14:27:27.929000,1.38184,1.38176,1200000,1720000
2022-07-20 14:27:28.081000,1.38184,1.38177,1350000,1720000
2022-07-20 14:27:28.293000,1.38183,1.38177,1200000,1720000
2022-07-20 14:27:29.299000,1.38184,1.38177,2340000,1720000
2022-07-20 14:27:29.401000,1.38186,1.38179,2560000,1620000
2022-07-20 14:27:29.503000,1.38186,1.38178,1200000,1620000
2022-07-20 14:27:29.656000,1.38184,1.38178,1200000,1620000
2022-07-20 14:27:29.911000,1.38183,1.38177,1200000,1720000
2022-07-20 14:27:30.013000,1.38183,1.38177,1200000,1720000
2022-07-20 14:27:32.735000,1.38183,1.38178,1200000,1120000
2022-07-20 14:27:32.939000,1.38179,1.38174,1200000,2220000
2022-07-20 14:27:33.092000,1.3818,1.38177,1200000,1200000
2022-07-20 14:27:33.194000,1.38183,1.38178,1300000,2590000
2022-07-20 14:27:33.401000,1.38184,1.38178,1300000,2590000
2022-07-20 14:27:33.452000,1.38185,1.38178,1440000,2590000
2022-07-20 14:27:33.722000,1.38185,1.38179,1200000,1220000
2022-07-20 14:27:34.102000,1.38185,1.38179,1440000,1320000
2022-07-20 14:27:34.255000,1.38186,1.38181,1800000,1240000
2022-07-20 14:27:34.419000,1.38187,1.3818,1800000,1740000
2022-07-20 14:27:34.887000,1.38185,1.38179,1200000,2590000
2022-07-20 14:27:34.994000,1.38184,1.38179,1200000,1840000
2022-07-20 14:27:35.249000,1.38184,1.38179,1200000,1440000
2022-07-20 14:27:35.301000,1.38185,1.38179,1800000,2490000
2022-07-20 14:27:35.403000,1.38186,1.38181,1800000,1240000
2022-07-20 14:27:35.877000,1.38186,1.38181,1800000,1620000
2022-07-20 14:27:35.928000,1.38186,1.38181,1800000,1440000
2022-07-20 14:27:36.052000,1.38186,1.38181,1800000,1620000
2022-07-20 14:27:36.192000,1.38186,1.38181,1800000,1440000
2022-07-20 14:27:36.243000,1.38186,1.38183,1200000,1890000
2022-07-20 14:27:36.295000,1.38188,1.38183,1200000,1320000
2022-07-20 14:27:36.447000,1.38187,1.38182,1200000,2970000
2022-07-20 14:27:36.753000,1.38188,1.38184,2020000,1440000
2022-07-20 14:27:36.855000,1.38188,1.38183,1200000,1320000
2022-07-20 14:27:36.957000,1.38187,1.38183,1200000,1320000
2022-07-20 14:27:37.059000,1.38188,1.38183,1800000,1320000
2022-07-20 14:27:37.161000,1.38187,1.38183,1200000,1320000
2022-07-20 14:27:37.264000,1.38187,1.38183,1200000,1220000
2022-07-20 14:27:37.545000,1.38187,1.38183,1200000,1320000
2022-07-20 14:27:37.749000,1.38187,1.38181,1800000,1840000
2022-07-20 14:27:37.851000,1.38186,1.38181,1200000,1840000
2022-07-20 14:27:37.953000,1.38187,1.38181,1800000,1840000
2022-07-20 14:27:38.055000,1.38187,1.38181,1800000,1840000
2022-07-20 14:27:38.411000,1.38191,1.38186,1420000,1890000
2022-07-20 14:27:38.462000,1.38192,1.38186,1440000,1890000
2022-07-20 14:27:38.667000,1.38189,1.38182,1200000,5250000
2022-07-20 14:27:38.718000,1.38187,1.38182,1200000,1440000
2022-07-20 14:27:38.872000,1.38186,1.38182,1200000,1440000
2022-07-20 14:27:39.177000,1.38187,1.38182,1800000,1440000
2022-07-20 14:27:39.279000,1.38186,1.38182,1200000,1440000
2022-07-20 14:27:39.638000,1.38187,1.3818,1200000,1440000
2022-07-20 14:27:40.694000,1.38187,1.38182,1200000,1120000
2022-07-20 14:27:40.855000,1.38186,1.38181,1200000,1620000
2022-07-20 14:27:41.922000,1.38192,1.38187,1200000,1120000
2022-07-20 14:27:41.973000,1.38192,1.38185,2340000,2590000
2022-07-20 14:27:42.076000,1.38191,1.38184,1200000,1840000
2022-07-20 14:27:42.178000,1.38191,1.38185,1200000,4470000
2022-07-20 14:27:42.385000,1.38192,1.38187,1200000,1740000
2022-07-20 14:27:42.593000,1.38192,1.38187,1200000,1890000
2022-07-20 14:27:43.012000,1.38192,1.38187,1200000,1840000
2022-07-20 14:27:43.330000,1.38193,1.38186,1200000,1890000
2022-07-20 14:27:43.676000,1.38192,1.38187,1200000,1840000
2022-07-20 14:27:43.777000,1.38193,1.38186,1200000,1890000
2022-07-20 14:27:44.133000,1.38192,1.38187,1200000,1720000
2022-07-20 14:27:44.806000,1.38193,1.38187,1200000,2220000
2022-07-20 14:27:46.476000,1.38194,1.38188,1800000,1720000
2022-07-20 14:27:46.578000,1.38193,1.38188,1200000,1440000
2022-07-20 14:27:46.793000,1.38193,1.38189,1200000,2410000
2022-07-20 14:27:46.844000,1.38193,1.38188,1200000,1440000
2022-07-20 14:27:46.946000,1.38194,1.38187,1200000,1720000
2022-07-20 14:27:47.048000,1.38192,1.38188,1200000,1200000
2022-07-20 14:27:47.404000,1.38193,1.38186,1200000,1440000
2022-07-20 14:27:48.726000,1.38193,1.38187,1440000,2340000
2022-07-20 14:27:49.685000,1.38192,1.38187,1200000,1440000
2022-07-20 14:27:49.923000,1.38192,1.38187,1200000,1720000
2022-07-20 14:27:49.974000,1.38192,1.38186,3340000,1200000
2022-07-20 14:27:50.026000,1.38186,1.38183,1200000,2470000
2022-07-20 14:27:50.078000,1.38189,1.38183,1440000,2340000
2022-07-20 14:27:50.180000,1.38188,1.38183,1200000,1440000
2022-07-20 14:27:50.627000,1.38188,1.38184,1200000,1440000
2022-07-20 14:27:50.729000,1.38189,1.38184,1800000,1440000
2022-07-20 14:27:50.984000,1.38189,1.38185,1200000,2340000
2022-07-20 14:27:51.035000,1.38191,1.38185,1440000,2340000
2022-07-20 14:27:51.289000,1.38191,1.38185,1200000,2120000
2022-07-20 14:27:51.442000,1.3819,1.38185,1200000,1620000
2022-07-20 14:27:51.493000,1.3819,1.38185,1200000,1440000
2022-07-20 14:27:52.570000,1.38192,1.38186,1800000,1620000
2022-07-20 14:27:52.723000,1.38191,1.38185,1200000,3720000
2022-07-20 14:27:54.789000,1.38191,1.38185,1660000,2340000
2022-07-20 14:27:55.220000,1.3819,1.38185,1210000,1200000
2022-07-20 14:27:55.424000,1.3819,1.38184,2340000,1440000
2022-07-20 14:27:55.526000,1.38189,1.38183,1890000,1440000
2022-07-20 14:27:55.629000,1.38188,1.38181,1200000,1440000
2022-07-20 14:27:55.731000,1.38186,1.38182,1800000,1200000
2022-07-20 14:27:55.833000,1.38185,1.38179,1200000,4470000
2022-07-20 14:27:55.936000,1.38185,1.38179,1890000,2340000
2022-07-20 14:27:56.038000,1.38185,1.38179,1200000,2220000
2022-07-20 14:27:56.140000,1.38188,1.38182,2020000,3460000
2022-07-20 14:27:56.242000,1.38187,1.38182,2250000,1440000
2022-07-20 14:27:56.580000,1.38186,1.38182,1200000,1200000
2022-07-20 14:27:56.689000,1.38185,1.3818,1200000,1440000
2022-07-20 14:27:56.841000,1.38186,1.3818,2560000,1440000
2022-07-20 14:27:57.228000,1.38186,1.38181,1200000,2220000
2022-07-20 14:27:57.330000,1.38188,1.3818,1800000,2220000
2022-07-20 14:27:58.274000,1.38186,1.38181,1200000,1440000
2022-07-20 14:27:58.590000,1.38186,1.38181,1200000,1720000
2022-07-20 14:27:58.797000,1.38187,1.38181,1800000,1720000
2022-07-20 14:27:58.950000,1.38187,1.38183,1200000,1720000
2022-07-20 14:27:59.052000,1.38188,1.38184,1120000,2340000
2022-07-20 14:27:59.154000,1.38189,1.38184,1120000,2340000
2022-07-20 14:28:00.501000,1.38188,1.38184,1200000,1200000
2022-07-20 14:28:00.807000,1.38189,1.38182,1200000,1440000
2022-07-20 14:28:01.010000,1.3819,1.38182,1440000,2340000
2022-07-20 14:28:01.714000,1.38188,1.38182,1200000,1440000
2022-07-20 14:28:01.867000,1.38186,1.38181,1200000,1440000
2022-07-20 14:28:01.969000,1.38186,1.38181,1800000,1440000
2022-07-20 14:28:02.071000,1.38186,1.38181,1890000,1200000
2022-07-20 14:28:02.695000,1.38187,1.3818,2620000,1200000
2022-07-20 14:28:02.797000,1.38185,1.38178,2020000,1320000
2022-07-20 14:28:02.899000,1.38183,1.38178,1200000,1440000
2022-07-20 14:28:05.002000,1.38184,1.38178,1660000,2340000
2022-07-20 14:28:05.358000,1.38184,1.38178,1200000,2220000
2022-07-20 14:28:05.461000,1.38185,1.38179,1800000,2220000
2022-07-20 14:28:06.011000,1.38185,1.38179,1660000,1440000
2022-07-20 14:28:06.113000,1.38184,1.38178,1200000,2220000
2022-07-20 14:28:06.540000,1.38183,1.38178,1200000,1440000
2022-07-20 14:28:09.426000,1.38183,1.38177,1660000,2340000
2022-07-20 14:28:09.478000,1.38181,1.38174,1120000,1440000
2022-07-20 14:28:09.716000,1.38179,1.38173,1300000,2220000
2022-07-20 14:28:11.544000,1.3818,1.38175,1300000,1840000
2022-07-20 14:28:11.596000,1.38183,1.38175,1800000,1840000
2022-07-20 14:28:11.905000,1.38181,1.38176,1350000,1320000
2022-07-20 14:28:12.159000,1.38182,1.38176,1660000,1320000
2022-07-20 14:28:13.022000,1.38182,1.38176,1440000,1800000
2022-07-20 14:28:13.147000,1.38182,1.38176,1440000,1890000
2022-07-20 14:28:13.924000,1.38183,1.38177,1720000,1200000
2022-07-20 14:28:15.323000,1.38183,1.38178,1200000,1120000
2022-07-20 14:28:15.375000,1.38185,1.38179,1120000,1890000
2022-07-20 14:28:15.885000,1.38185,1.38179,1200000,1240000
2022-07-20 14:28:16.882000,1.38184,1.38179,1200000,1240000
2022-07-20 14:28:16.984000,1.38184,1.38178,1200000,2590000
2022-07-20 14:28:18.921000,1.38184,1.38179,1200000,1220000
2022-07-20 14:28:19.430000,1.38184,1.38178,1120000,2220000
2022-07-20 14:28:19.532000,1.38183,1.38177,1200000,2590000
2022-07-20 14:28:19.685000,1.38183,1.38176,1200000,1720000
2022-07-20 14:28:21.090000,1.38184,1.38178,1200000,2590000
2022-07-20 14:28:21.346000,1.38184,1.3818,1200000,1120000
2022-07-20 14:28:22.486000,1.38185,1.38179,1200000,1320000
2022-07-20 14:28:23.222000,1.38188,1.38183,1200000,2220000
2022-07-20 14:28:23.324000,1.38189,1.38183,1120000,1840000
2022-07-20 14:28:23.375000,1.38189,1.38183,1870000,1440000
2022-07-20 14:28:23.477000,1.38188,1.38182,1320000,2790000
2022-07-20 14:28:23.529000,1.38186,1.3818,1570000,1240000
2022-07-20 14:28:23.631000,1.38186,1.3818,2780000,1200000
2022-07-20 14:28:23.783000,1.38185,1.38179,1660000,1320000
2022-07-20 14:28:25.455000,1.38183,1.38178,1020000,1200000
2022-07-20 14:28:25.829000,1.38184,1.38178,1890000,1440000
2022-07-20 14:28:26.445000,1.38183,1.38177,1120000,2220000
2022-07-20 14:28:26.826000,1.38183,1.38177,1660000,2340000
2022-07-20 14:28:27.725000,1.38182,1.38176,1210000,1440000
2022-07-20 14:28:28.195000,1.38183,1.38177,1990000,1200000
2022-07-20 14:28:28.297000,1.38184,1.38178,1320000,1840000
2022-07-20 14:28:29.197000,1.38186,1.3818,1660000,1440000
2022-07-20 14:28:31.092000,1.38185,1.38179,1200000,2590000
2022-07-20 14:28:33.746000,1.38187,1.38181,1660000,1440000
2022-07-20 14:28:34.317000,1.38186,1.3818,1200000,2220000
2022-07-20 14:28:34.419000,1.38186,1.3818,2110000,1440000
2022-07-20 14:28:34.972000,1.38186,1.3818,2030000,1200000
2022-07-20 14:28:35.392000,1.38184,1.38178,1970000,1200000
2022-07-20 14:28:35.494000,1.38184,1.38176,1440000,1800000
2022-07-20 14:28:35.647000,1.38183,1.38177,2780000,1200000
2022-07-20 14:28:36.121000,1.38185,1.38176,2370000,1720000
2022-07-20 14:28:37.570000,1.38182,1.38176,1660000,1800000
2022-07-20 14:28:38.754000,1.3818,1.38174,1350000,1440000
2022-07-20 14:28:38.856000,1.3818,1.38174,1870000,2340000
2022-07-20 14:28:38.958000,1.38181,1.38173,2110000,1440000
2022-07-20 14:28:39.060000,1.3818,1.38174,3000000,1440000
2022-07-20 14:28:40.402000,1.38181,1.38173,2110000,1720000
2022-07-20 14:28:40.504000,1.3818,1.38174,3000000,1320000
2022-07-20 14:28:40.671000,1.38182,1.38176,2180000,1440000
2022-07-20 14:28:41.457000,1.38184,1.38177,3910000,1890000
2022-07-20 14:28:43.491000,1.38185,1.38179,1240000,1890000
2022-07-20 14:28:43.695000,1.38187,1.38178,2370000,1840000
2022-07-20 14:28:45.763000,1.38186,1.3818,1890000,1320000
2022-07-20 14:28:46.221000,1.38185,1.38179,2110000,1320000
2022-07-20 14:28:46.642000,1.38184,1.38178,1440000,2250000
2022-07-20 14:28:46.744000,1.38182,1.38176,1350000,1440000
2022-07-20 14:28:46.897000,1.38184,1.38177,1720000,1350000
2022-07-20 14:28:46.999000,1.38184,1.38178,1720000,1200000
2022-07-20 14:28:47.764000,1.38183,1.38177,1440000,1350000
2022-07-20 14:28:47.866000,1.38182,1.38176,1320000,1320000
2022-07-20 14:28:49.553000,1.38183,1.38177,1720000,1350000
2022-07-20 14:28:49.656000,1.38183,1.38177,1320000,1890000
2022-07-20 14:28:49.926000,1.38184,1.38178,2370000,1200000
2022-07-20 14:28:53.264000,1.38184,1.38178,1890000,1890000
2022-07-20 14:28:54.838000,1.38185,1.38179,1440000,1890000
2022-07-20 14:28:55.924000,1.38185,1.38178,2180000,2340000
2022-07-20 14:28:56.306000,1.38185,1.38178,1440000,2590000
2022-07-20 14:28:56.953000,1.38186,1.38177,1240000,2790000
2022-07-20 14:28:58.229000,1.38185,1.38179,1440000,3690000
2022-07-20 14:28:59.032000,1.38188,1.38183,4050000,1200000
2022-07-20 14:28:59.135000,1.38189,1.38184,1300000,2590000
2022-07-20 14:28:59.237000,1.38191,1.38184,1660000,2590000
2022-07-20 14:28:59.288000,1.38193,1.38187,2410000,1200000
2022-07-20 14:28:59.441000,1.38193,1.38187,2340000,1440000
2022-07-20 14:28:59.949000,1.38193,1.38187,1990000,1200000
2022-07-20 14:29:00.156000,1.38193,1.38187,2340000,1440000
2022-07-20 14:29:00.302000,1.38193,1.38187,1990000,1200000
2022-07-20 14:29:00.506000,1.38193,1.38186,1990000,1890000
2022-07-20 14:29:01.326000,1.38193,1.38188,1440000,1200000
2022-07-20 14:29:02.300000,1.38194,1.38188,1440000,2790000
2022-07-20 14:29:02.402000,1.38195,1.38189,1720000,1200000
2022-07-20 14:29:02.504000,1.38194,1.38188,1660000,2340000
2022-07-20 14:29:03.447000,1.38194,1.38188,1970000,1800000
2022-07-20 14:29:03.660000,1.38194,1.38188,2110000,2340000
2022-07-20 14:29:04.958000,1.38194,1.38188,1840000,1800000
2022-07-20 14:29:05.200000,1.38195,1.38187,1890000,2340000
2022-07-20 14:29:05.302000,1.38194,1.38188,1840000,1800000
2022-07-20 14:29:05.404000,1.38194,1.38186,1620000,1200000
2022-07-20 14:29:05.506000,1.38192,1.38185,1890000,2590000
2022-07-20 14:29:05.794000,1.38192,1.38185,1890000,2790000
2022-07-20 14:29:06.210000,1.38192,1.38186,1200000,1720000
2022-07-20 14:29:06.312000,1.38192,1.38186,1440000,1320000
2022-07-20 14:29:06.775000,1.38192,1.38186,1200000,1720000
2022-07-20 14:29:07.323000,1.38193,1.38187,1440000,1440000
2022-07-20 14:29:08.284000,1.38194,1.38188,1440000,2340000
2022-07-20 14:29:08.836000,1.38195,1.38187,1840000,1200000
2022-07-20 14:29:09.826000,1.38194,1.38188,1440000,1890000
2022-07-20 14:29:09.979000,1.38196,1.3819,1320000,2370000
2022-07-20 14:29:10.081000,1.38195,1.38189,1440000,2340000
2022-07-20 14:29:10.285000,1.38195,1.38189,2220000,1800000
2022-07-20 14:29:10.387000,1.38191,1.38186,1200000,1890000
2022-07-20 14:29:11.593000,1.38193,1.38187,2030000,1200000
2022-07-20 14:29:12.592000,1.38194,1.38186,1320000,1720000
2022-07-20 14:29:14.067000,1.38194,1.38187,2110000,1720000
2022-07-20 14:29:14.169000,1.38195,1.3819,1200000,1720000
2022-07-20 14:29:14.272000,1.38201,1.38196,1800000,1200000
2022-07-20 14:29:14.374000,1.38199,1.38194,1120000,1350000
2022-07-20 14:29:14.476000,1.38198,1.38193,1120000,1200000
2022-07-20 14:29:14.578000,1.38198,1.38192,1840000,1200000
2022-07-20 14:29:15.389000,1.38199,1.38193,2590000,1200000
2022-07-20 14:29:15.492000,1.38202,1.38196,3710000,1200000
2022-07-20 14:29:15.644000,1.38202,1.38196,2590000,1200000
2022-07-20 14:29:16.110000,1.38202,1.38196,2790000,1440000
2022-07-20 14:29:16.578000,1.38202,1.38197,1320000,1200000
2022-07-20 14:29:16.951000,1.38202,1.38198,1320000,1200000
2022-07-20 14:29:17.054000,1.38204,1.38199,2220000,1200000
2022-07-20 14:29:17.156000,1.38205,1.38199,1470000,1200000
2022-07-20 14:29:17.258000,1.38205,1.382,1370000,1200000
2022-07-20 14:29:17.665000,1.38205,1.38197,1620000,1800000
2022-07-20 14:29:17.873000,1.38202,1.38196,1660000,2340000
2022-07-20 14:29:17.975000,1.38202,1.38197,1020000,1200000
2022-07-20 14:29:19.431000,1.38202,1.38198,1020000,1200000
2022-07-20 14:29:19.533000,1.38203,1.38198,1440000,1200000
2022-07-20 14:29:19.635000,1.38203,1.38199,1200000,1200000
2022-07-20 14:29:20.560000,1.3821,1.38204,7660000,1200000
2022-07-20 14:29:20.611000,1.38204,1.38202,1200000,1440000
2022-07-20 14:29:20.765000,1.38208,1.38205,1200000,1200000
2022-07-20 14:29:20.867000,1.38211,1.38206,4360000,1200000
2022-07-20 14:29:21.176000,1.38207,1.38202,1890000,4590000
2022-07-20 14:29:21.278000,1.38204,1.382,1200000,1320000
2022-07-20 14:29:21.431000,1.38204,1.38201,1200000,1200000
2022-07-20 14:29:21.790000,1.38203,1.382,1200000,1320000
2022-07-20 14:29:24.664000,1.38204,1.38201,1200000,1720000
2022-07-20 14:29:24.766000,1.38209,1.38204,1200000,1840000
2022-07-20 14:29:24.868000,1.3821,1.38204,1320000,1840000
2022-07-20 14:29:25.021000,1.38208,1.38202,1440000,4590000
2022-07-20 14:29:25.073000,1.38205,1.38202,1200000,4590000
2022-07-20 14:29:25.124000,1.38204,1.38199,1320000,2250000
2022-07-20 14:29:25.227000,1.38205,1.38197,1720000,1200000
2022-07-20 14:29:25.456000,1.38203,1.38197,1440000,1440000
2022-07-20 14:29:25.905000,1.38203,1.38197,1200000,1720000
2022-07-20 14:29:26.212000,1.38208,1.38202,5920000,1990000
2022-07-20 14:29:26.263000,1.38209,1.38202,1660000,2120000
2022-07-20 14:29:26.365000,1.38209,1.38203,1440000,1800000
2022-07-20 14:29:26.518000,1.38208,1.38202,1200000,1320000
2022-07-20 14:29:26.570000,1.38205,1.382,1200000,3600000
2022-07-20 14:29:26.672000,1.38204,1.38198,1320000,1240000
2022-07-20 14:29:26.972000,1.38205,1.38197,1240000,1440000
2022-07-20 14:29:27.177000,1.38202,1.38196,1240000,1800000
2022-07-20 14:29:28.520000,1.38204,1.38195,1240000,1240000
2022-07-20 14:29:28.774000,1.38203,1.38197,1200000,1720000
2022-07-20 14:29:29.029000,1.38202,1.38196,1440000,1200000
2022-07-20 14:29:29.934000,1.38203,1.38196,1210000,1200000
2022-07-20 14:29:30.075000,1.38205,1.38201,7510000,1200000
2022-07-20 14:29:30.126000,1.38204,1.38198,2370000,1320000
2022-07-20 14:29:30.228000,1.38203,1.38198,1370000,1200000
2022-07-20 14:29:30.330000,1.38203,1.38197,1440000,1720000
2022-07-20 14:29:30.432000,1.38202,1.38197,1120000,1200000
2022-07-20 14:29:30.534000,1.38202,1.38196,2590000,1440000
2022-07-20 14:29:31.059000,1.38202,1.38197,1120000,1200000
2022-07-20 14:29:31.628000,1.38203,1.38197,1840000,1320000
2022-07-20 14:29:33.674000,1.38201,1.38195,1200000,1890000
2022-07-20 14:29:34.766000,1.38198,1.38193,1320000,4720000
2022-07-20 14:29:34.818000,1.38199,1.38193,1620000,3150000
2022-07-20 14:29:35.258000,1.38199,1.38193,1440000,1720000
2022-07-20 14:29:35.919000,1.38201,1.38195,1540000,1440000
2022-07-20 14:29:36.021000,1.38201,1.38195,1200000,1890000
2022-07-20 14:29:36.123000,1.382,1.38194,1890000,1200000
2022-07-20 14:29:36.225000,1.38199,1.38193,1350000,1440000
2022-07-20 14:29:36.327000,1.38199,1.38193,1620000,1320000
2022-07-20 14:29:37.984000,1.38197,1.38192,1200000,1990000
2022-07-20 14:29:38.087000,1.38197,1.38192,1800000,1200000
2022-07-20 14:29:38.545000,1.38198,1.38192,1620000,2340000
2022-07-20 14:29:39.156000,1.38198,1.38192,1320000,1990000
2022-07-20 14:29:39.258000,1.38199,1.38193,1320000,1720000
2022-07-20 14:29:40.057000,1.382,1.38197,1200000,1720000
2022-07-20 14:29:40.159000,1.38201,1.38197,1200000,2120000
2022-07-20 14:29:40.211000,1.382,1.38197,1200000,1200000
2022-07-20 14:29:40.313000,1.382,1.38195,1200000,1320000
2022-07-20 14:29:40.415000,1.382,1.38194,1890000,1200000
2022-07-20 14:29:40.568000,1.382,1.38194,2590000,1200000
2022-07-20 14:29:41.538000,1.382,1.38194,2590000,1200000
2022-07-20 14:29:42.363000,1.382,1.38194,2970000,1200000
2022-07-20 14:29:42.617000,1.38199,1.38193,4540000,1320000
2022-07-20 14:29:42.770000,1.38199,1.38191,5220000,1800000
2022-07-20 14:29:42.821000,1.382,1.38194,2560000,1440000
2022-07-20 14:29:42.873000,1.38199,1.38194,1300000,1440000
2022-07-20 14:29:42.975000,1.382,1.38194,3000000,1440000
2022-07-20 14:29:43.026000,1.382,1.38194,2340000,1440000
2022-07-20 14:29:43.179000,1.382,1.38193,1200000,1440000
2022-07-20 14:29:43.351000,1.38199,1.38193,2340000,1440000
2022-07-20 14:29:43.937000,1.382,1.38192,1800000,1720000
2022-07-20 14:29:43.988000,1.38196,1.38192,1020000,1200000
2022-07-20 14:29:44.358000,1.38196,1.3819,1200000,2220000
2022-07-20 14:29:44.461000,1.38196,1.38191,1200000,1720000
2022-07-20 14:29:44.563000,1.38198,1.38192,2020000,2970000
2022-07-20 14:29:45.124000,1.38197,1.38192,1200000,1440000
2022-07-20 14:29:45.226000,1.38203,1.38198,1100000,2220000
2022-07-20 14:29:45.329000,1.38201,1.38198,1300000,1440000
2022-07-20 14:29:45.431000,1.38201,1.38198,1300000,1720000
2022-07-20 14:29:45.533000,1.38203,1.38198,1320000,1200000
2022-07-20 14:29:45.839000,1.38204,1.38202,1200000,1440000
2022-07-20 14:29:45.891000,1.38206,1.38201,1020000,2250000
2022-07-20 14:29:45.942000,1.38205,1.382,1200000,1200000
2022-07-20 14:29:46.044000,1.38204,1.38199,1200000,1720000
2022-07-20 14:29:46.197000,1.38204,1.38199,1300000,1720000
2022-07-20 14:29:46.299000,1.38204,1.38199,1120000,1720000
2022-07-20 14:29:46.401000,1.38204,1.38199,1300000,1720000
2022-07-20 14:29:46.503000,1.38204,1.38199,1120000,1440000
2022-07-20 14:29:46.978000,1.38203,1.38199,1200000,1440000
2022-07-20 14:29:47.643000,1.38203,1.38198,2920000,1200000
2022-07-20 14:29:49.196000,1.38203,1.38196,1320000,1200000
2022-07-20 14:29:52.019000,1.38202,1.38198,1890000,1200000
2022-07-20 14:29:54.078000,1.38202,1.38197,1320000,1200000
2022-07-20 14:29:54.180000,1.38203,1.38197,1440000,1200000
2022-07-20 14:29:54.578000,1.38204,1.38198,5590000,2250000
2022-07-20 14:29:54.680000,1.38203,1.38199,1200000,1200000
2022-07-20 14:29:54.985000,1.38202,1.38199,1200000,1200000
2022-07-20 14:29:55.088000,1.38202,1.38199,1200000,2590000
2022-07-20 14:29:55.190000,1.38205,1.38199,2370000,2250000
2022-07-20 14:29:56.215000,1.38203,1.38199,1200000,1800000
2022-07-20 14:29:56.507000,1.38203,1.38198,2290000,1200000
2022-07-20 14:29:56.710000,1.38204,1.38198,1350000,2250000
2022-07-20 14:29:56.812000,1.38204,1.38198,2100000,1800000
2022-07-20 14:29:59.123000,1.38203,1.38199,1200000,1200000
2022-07-20 14:29:59.226000,1.38204,1.38199,2250000,1200000
2022-07-20 14:29:59.598000,1.38204,1.38198,2100000,1200000
2022-07-20 14:30:01.255000,1.38204,1.38198,1350000,1200000
2022-07-20 14:30:01.357000,1.38201,1.38198,1120000,1200000
2022-07-20 14:30:01.408000,1.38197,1.38194,1800000,2700000
2022-07-20 14:30:01.460000,1.38202,1.38195,1800000,1200000
2022-07-20 14:30:02.414000,1.38202,1.38197,1720000,1200000
2022-07-20 14:30:02.466000,1.38203,1.38197,1200000,1800000
2022-07-20 14:30:02.821000,1.38202,1.38197,1200000,1800000
2022-07-20 14:30:03.125000,1.38203,1.38197,2700000,1800000
2022-07-20 14:30:03.227000,1.38201,1.38194,2250000,1800000
2022-07-20 14:30:03.329000,1.38198,1.38192,1800000,1200000
2022-07-20 14:30:03.533000,1.38195,1.38191,1200000,1200000
2022-07-20 14:30:03.737000,1.38197,1.38192,1200000,1200000
2022-07-20 14:30:03.839000,1.38199,1.38191,1200000,1200000
2022-07-20 14:30:04.392000,1.38201,1.38195,3600000,1350000
2022-07-20 14:30:04.494000,1.38204,1.38196,1570000,1200000
2022-07-20 14:30:05.405000,1.38202,1.38196,1200000,1800000
2022-07-20 14:30:05.507000,1.38201,1.38196,1200000,1800000
2022-07-20 14:30:05.609000,1.38202,1.38196,1800000,1800000
2022-07-20 14:30:06.128000,1.38199,1.38196,1200000,1200000
2022-07-20 14:30:06.179000,1.38198,1.38194,1800000,1800000
2022-07-20 14:30:06.281000,1.38198,1.38193,1200000,1200000
2022-07-20 14:30:06.390000,1.38199,1.38193,1200000,1200000
2022-07-20 14:30:07.206000,1.38199,1.38193,1200000,1240000
2022-07-20 14:30:08.343000,1.38198,1.38193,1200000,1240000
2022-07-20 14:30:08.553000,1.38199,1.38193,1800000,1240000
2022-07-20 14:30:10.876000,1.38199,1.38191,1200000,3620000
2022-07-20 14:30:11.464000,1.382,1.38194,1890000,1320000
2022-07-20 14:30:11.516000,1.38202,1.38197,1320000,1200000
2022-07-20 14:30:11.902000,1.38203,1.38197,1350000,1240000
2022-07-20 14:30:12.571000,1.38203,1.38197,1890000,1320000
2022-07-20 14:30:13.269000,1.38204,1.38196,1200000,1990000
2022-07-20 14:30:13.371000,1.38207,1.38203,1300000,1720000
2022-07-20 14:30:13.422000,1.38209,1.38203,1350000,1720000
2022-07-20 14:30:13.524000,1.38207,1.38203,1200000,1660000
2022-07-20 14:30:13.881000,1.38209,1.38203,2850000,1440000
2022-07-20 14:30:14.084000,1.3821,1.38202,1600000,1720000
2022-07-20 14:30:14.186000,1.38211,1.38205,1500000,2340000
2022-07-20 14:30:14.288000,1.38212,1.38204,1200000,1990000
2022-07-20 14:30:14.340000,1.38208,1.38202,1350000,5410000
2022-07-20 14:30:14.442000,1.38209,1.38202,1450000,1200000
2022-07-20 14:30:14.544000,1.38208,1.38202,1800000,1890000
2022-07-20 14:30:14.711000,1.38209,1.38204,1200000,1440000
2022-07-20 14:30:14.813000,1.38211,1.38203,3600000,1220000
2022-07-20 14:30:14.915000,1.38211,1.38206,1890000,1200000
2022-07-20 14:30:15.267000,1.38208,1.38202,1350000,2220000
2022-07-20 14:30:15.369000,1.38208,1.38202,1350000,1890000
2022-07-20 14:30:15.471000,1.38208,1.38202,1350000,2220000
2022-07-20 14:30:17.771000,1.38198,1.38193,1840000,1720000
2022-07-20 14:30:17.873000,1.38202,1.38197,2670000,1200000
2022-07-20 14:30:17.925000,1.38201,1.38197,1400000,1200000
2022-07-20 14:30:18.027000,1.38203,1.38197,3540000,1200000
2022-07-20 14:30:18.290000,1.38201,1.38193,1890000,1600000
2022-07-20 14:30:18.394000,1.38201,1.38195,6160000,1320000
2022-07-20 14:30:18.547000,1.38202,1.38197,1440000,1200000
2022-07-20 14:30:19.021000,1.38203,1.38196,1500000,1200000
2022-07-20 14:30:19.979000,1.38203,1.38197,2780000,1200000
2022-07-20 14:30:20.131000,1.38203,1.38197,1890000,1200000
2022-07-20 14:30:20.868000,1.38203,1.38197,1200000,2220000
2022-07-20 14:30:20.970000,1.38204,1.38198,1200000,1440000
2022-07-20 14:30:21.072000,1.38206,1.382,2560000,1320000
2022-07-20 14:30:21.174000,1.38206,1.38201,1200000,1440000
2022-07-20 14:30:21.277000,1.38208,1.38203,3600000,1800000
2022-07-20 14:30:21.379000,1.3821,1.38204,1540000,1440000
2022-07-20 14:30:21.574000,1.3821,1.38204,1620000,1200000
2022-07-20 14:30:21.676000,1.38207,1.38202,1200000,1720000
2022-07-20 14:30:21.931000,1.38207,1.38202,1320000,1440000
2022-07-20 14:30:23.105000,1.3821,1.38204,1200000,1440000
2022-07-20 14:30:23.613000,1.3821,1.38204,1300000,1440000
2022-07-20 14:30:23.715000,1.3821,1.38204,1200000,1440000
2022-07-20 14:30:24.001000,1.38209,1.38203,1800000,1240000
2022-07-20 14:30:24.104000,1.38211,1.38206,1320000,1440000
2022-07-20 14:30:25.666000,1.38205,1.38202,1200000,3220000
2022-07-20 14:30:25.819000,1.38205,1.38201,1200000,1200000
2022-07-20 14:30:26.088000,1.38206,1.38201,1350000,1200000
2022-07-20 14:30:26.191000,1.38207,1.382,1350000,1240000
2022-07-20 14:30:26.302000,1.38207,1.382,1350000,1200000
2022-07-20 14:30:26.354000,1.38203,1.382,1660000,1200000
2022-07-20 14:30:27.197000,1.38202,1.382,1320000,1200000
2022-07-20 14:30:27.248000,1.38202,1.38196,2360000,2340000
2022-07-20 14:30:28.680000,1.38201,1.38195,2340000,2790000
2022-07-20 14:30:28.782000,1.38201,1.38195,1800000,2590000
2022-07-20 14:30:29.646000,1.38202,1.38196,2560000,1440000
2022-07-20 14:30:31.155000,1.38202,1.38197,1320000,1200000
2022-07-20 14:30:32.017000,1.38203,1.38197,2340000,1440000
2022-07-20 14:30:35.391000,1.38203,1.38197,2560000,1200000
2022-07-20 14:30:36.599000,1.38202,1.38196,1210000,1320000
2022-07-20 14:30:37.832000,1.38198,1.38195,1200000,1200000
2022-07-20 14:30:37.935000,1.38198,1.38194,1440000,1200000
2022-07-20 14:30:38.037000,1.38196,1.3819,1200000,1890000
2022-07-20 14:30:38.190000,1.38196,1.38191,1120000,1200000
2022-07-20 14:30:38.446000,1.38195,1.3819,1200000,1320000
2022-07-20 14:30:38.600000,1.38196,1.3819,1440000,2340000
2022-07-20 14:30:38.854000,1.38195,1.3819,1200000,1440000
2022-07-20 14:30:39.833000,1.38195,1.38191,1200000,1200000
2022-07-20 14:30:39.936000,1.38196,1.38191,1200000,1200000
2022-07-20 14:30:40.089000,1.38197,1.38191,1200000,1800000
2022-07-20 14:30:40.383000,1.38196,1.38191,1200000,1200000
2022-07-20 14:30:40.536000,1.38196,1.38192,1200000,1200000
2022-07-20 14:30:40.638000,1.38196,1.38191,1200000,1200000
2022-07-20 14:30:41.156000,1.38195,1.3819,1200000,1200000
2022-07-20 14:30:43.044000,1.38195,1.38189,2550000,1800000
2022-07-20 14:30:43.197000,1.38195,1.38189,2560000,1800000
2022-07-20 14:30:43.706000,1.38195,1.3819,1200000,1350000
2022-07-20 14:30:43.757000,1.38197,1.38191,1440000,1350000
2022-07-20 14:30:44.064000,1.38197,1.38191,1200000,1800000
2022-07-20 14:30:44.477000,1.38197,1.38191,1200000,1890000
2022-07-20 14:30:44.999000,1.38198,1.38192,1200000,2120000
2022-07-20 14:30:45.051000,1.38202,1.38196,2110000,1440000
2022-07-20 14:30:48.970000,1.38202,1.38196,1200000,2590000
2022-07-20 14:30:50.339000,1.38203,1.38197,1200000,1890000
2022-07-20 14:30:51.513000,1.38205,1.38199,2180000,1200000
2022-07-20 14:30:51.667000,1.38205,1.38199,2560000,1320000
2022-07-20 14:30:52.091000,1.38203,1.38197,1200000,3990000
2022-07-20 14:30:52.142000,1.38202,1.38196,1200000,3600000
2022-07-20 14:30:53.005000,1.38202,1.38196,1300000,1350000
2022-07-20 14:30:53.370000,1.38202,1.38196,1120000,1350000
2022-07-20 14:30:53.625000,1.38202,1.38196,1200000,1840000
2022-07-20 14:30:56.141000,1.38205,1.382,1120000,1320000
2022-07-20 14:30:57.740000,1.38209,1.38203,1350000,1220000
2022-07-20 14:30:57.843000,1.38209,1.38203,1200000,2490000
2022-07-20 14:30:58.260000,1.38209,1.38203,1200000,2370000
2022-07-20 14:30:59.868000,1.38213,1.38205,3370000,1320000
2022-07-20 14:30:59.970000,1.38212,1.38207,1200000,1350000
2022-07-20 14:31:00.174000,1.38212,1.38206,1200000,1800000
2022-07-20 14:31:00.277000,1.38207,1.38202,1200000,3970000
2022-07-20 14:31:00.379000,1.38207,1.38201,1120000,1800000
2022-07-20 14:31:00.431000,1.3821,1.38205,1300000,1440000
2022-07-20 14:31:00.533000,1.38212,1.38206,1660000,1440000
2022-07-20 14:31:01.662000,1.38212,1.38205,1500000,2590000
2022-07-20 14:31:01.764000,1.3821,1.38205,1200000,1200000
2022-07-20 14:31:02.298000,1.3821,1.38204,1440000,1440000
2022-07-20 14:31:02.761000,1.3821,1.38204,1500000,1320000
2022-07-20 14:31:02.863000,1.3821,1.38203,1660000,2370000
2022-07-20 14:31:03.068000,1.38211,1.38202,1500000,2370000
2022-07-20 14:31:03.343000,1.3821,1.38203,1660000,2370000
2022-07-20 14:31:03.696000,1.38211,1.38202,1500000,2370000
2022-07-20 14:31:03.849000,1.3821,1.38203,1660000,2370000
2022-07-20 14:31:03.952000,1.38209,1.38203,2110000,1890000
2022-07-20 14:31:04.004000,1.38207,1.38202,1200000,1200000
2022-07-20 14:31:04.106000,1.38207,1.38202,1720000,1200000
2022-07-20 14:31:04.208000,1.38207,1.38202,1440000,1200000
2022-07-20 14:31:05.040000,1.3821,1.38204,2590000,1200000
2022-07-20 14:31:05.193000,1.3821,1.38205,1470000,1200000
2022-07-20 14:31:07.058000,1.3821,1.38204,1840000,1200000
2022-07-20 14:31:07.161000,1.38206,1.38201,1420000,1200000
2022-07-20 14:31:07.264000,1.38206,1.38201,1900000,1200000
2022-07-20 14:31:07.366000,1.38206,1.38201,1420000,1200000
2022-07-20 14:31:07.656000,1.38206,1.382,1920000,1200000
2022-07-20 14:31:07.855000,1.38206,1.38201,1320000,1200000
2022-07-20 14:31:08.753000,1.38206,1.382,1320000,1440000
2022-07-20 14:31:08.856000,1.38206,1.382,1840000,1200000
2022-07-20 14:31:09.921000,1.38207,1.38201,2590000,1200000
2022-07-20 14:31:10.587000,1.38208,1.38202,2790000,1890000
2022-07-20 14:31:11.473000,1.38207,1.38201,1890000,1800000
2022-07-20 14:31:11.576000,1.38208,1.38202,1800000,1200000
2022-07-20 14:31:11.678000,1.38208,1.38202,1890000,1200000
2022-07-20 14:31:11.853000,1.38212,1.38205,1350000,1440000
2022-07-20 14:31:11.955000,1.38213,1.38205,2340000,1440000
2022-07-20 14:31:13.787000,1.38207,1.38202,1240000,3220000
2022-07-20 14:31:13.839000,1.38206,1.38201,1800000,1200000
2022-07-20 14:31:13.942000,1.38204,1.382,1020000,1200000
2022-07-20 14:31:14.146000,1.38204,1.382,1690000,1200000
2022-07-20 14:31:14.277000,1.38203,1.382,1300000,1200000
2022-07-20 14:31:14.481000,1.38205,1.382,1500000,1200000
2022-07-20 14:31:14.634000,1.38203,1.382,1200000,1200000
2022-07-20 14:31:14.736000,1.38202,1.38197,2470000,2250000
2022-07-20 14:31:14.839000,1.382,1.38194,1440000,3600000
2022-07-20 14:31:14.941000,1.382,1.38194,2340000,1200000
2022-07-20 14:31:15.298000,1.382,1.38193,2340000,1890000
2022-07-20 14:31:15.840000,1.38201,1.38194,1440000,1200000
2022-07-20 14:31:15.943000,1.38204,1.38198,3160000,1200000
2022-07-20 14:31:16.146000,1.38202,1.38196,1200000,2790000
2022-07-20 14:31:17.053000,1.38201,1.38195,1200000,2790000
2022-07-20 14:31:18.601000,1.38202,1.38197,4050000,1200000
2022-07-20 14:31:18.703000,1.38203,1.38198,1440000,1200000
2022-07-20 14:31:21.751000,1.38203,1.38198,1620000,1200000
2022-07-20 14:31:23.348000,1.38197,1.38195,1720000,1200000
2022-07-20 14:31:23.450000,1.38197,1.38194,1890000,1200000
2022-07-20 14:31:23.502000,1.38197,1.38191,1890000,1200000
2022-07-20 14:31:23.553000,1.38198,1.38194,1320000,1200000
2022-07-20 14:31:24.532000,1.38197,1.38191,1320000,1200000
2022-07-20 14:31:24.685000,1.38197,1.38191,2170000,1200000
2022-07-20 14:31:25.041000,1.38196,1.3819,2790000,1800000
2022-07-20 14:31:25.702000,1.38195,1.38189,6390000,1200000
2022-07-20 14:31:25.754000,1.38195,1.38188,1840000,1200000
2022-07-20 14:31:26.358000,1.38194,1.38189,1740000,1200000
2022-07-20 14:31:27.044000,1.38194,1.38189,1840000,1200000
2022-07-20 14:31:27.310000,1.38194,1.38188,2590000,1200000
2022-07-20 14:31:27.412000,1.38195,1.38187,1840000,1200000
2022-07-20 14:31:27.624000,1.38194,1.38188,1840000,1200000
2022-07-20 14:31:27.731000,1.38194,1.38188,1840000,1200000
2022-07-20 14:31:27.788000,1.38194,1.38188,1890000,1200000
2022-07-20 14:31:34.293000,1.38191,1.38185,1440000,2790000
2022-07-20 14:31:34.399000,1.38191,1.38185,1720000,1350000
2022-07-20 14:31:34.704000,1.38191,1.38185,1200000,1890000
2022-07-20 14:31:36.016000,1.38192,1.38186,3240000,1200000
2022-07-20 14:31:38.087000,1.38192,1.38187,1440000,1200000
2022-07-20 14:31:38.189000,1.38193,1.38187,1440000,1350000
2022-07-20 14:31:38.412000,1.38194,1.38188,1890000,1440000
2022-07-20 14:31:38.514000,1.38195,1.38187,1840000,1200000
2022-07-20 14:31:38.616000,1.38194,1.38188,1890000,1890000
2022-07-20 14:31:38.718000,1.38195,1.38189,1440000,2790000
2022-07-20 14:31:38.820000,1.38197,1.38191,1440000,1440000
2022-07-20 14:31:38.969000,1.38196,1.3819,1620000,1800000
2022-07-20 14:31:39.196000,1.38196,1.3819,1890000,2340000
2022-07-20 14:31:39.317000,1.38197,1.38189,2590000,1200000
2022-07-20 14:31:39.419000,1.38195,1.38189,2970000,1200000
2022-07-20 14:31:39.928000,1.38195,1.38189,1440000,2340000
2022-07-20 14:31:40.081000,1.38195,1.38188,1840000,2340000
2022-07-20 14:31:41.267000,1.38193,1.38187,1440000,1200000
2022-07-20 14:31:41.556000,1.38193,1.38186,1440000,2790000
2022-07-20 14:31:41.709000,1.3819,1.38184,1440000,1350000
2022-07-20 14:31:41.812000,1.38189,1.38183,1440000,1800000
2022-07-20 14:31:42.222000,1.38192,1.38186,1600000,1440000
2022-07-20 14:31:42.369000,1.38193,1.38185,1200000,1890000
2022-07-20 14:31:44.489000,1.38193,1.38187,1440000,1200000
2022-07-20 14:31:44.864000,1.38195,1.38189,5490000,1200000
2022-07-20 14:31:45.659000,1.38194,1.38188,1890000,1200000
2022-07-20 14:31:45.956000,1.38193,1.38187,1200000,1320000
2022-07-20 14:31:48.101000,1.38194,1.38188,2340000,1350000
2022-07-20 14:31:48.457000,1.38195,1.38189,1440000,1200000
2022-07-20 14:31:48.559000,1.38196,1.38189,2790000,1440000
2022-07-20 14:31:49.918000,1.38196,1.38189,1990000,1890000
2022-07-20 14:31:52.102000,1.38196,1.3819,1320000,1890000
2022-07-20 14:31:52.549000,1.38195,1.38189,1200000,1890000
2022-07-20 14:31:53.006000,1.38196,1.38189,1890000,1890000
2022-07-20 14:31:53.403000,1.38196,1.38189,1840000,1800000
2022-07-20 14:31:53.506000,1.38194,1.38187,2220000,1350000
2022-07-20 14:31:53.608000,1.38194,1.38188,1990000,1200000
2022-07-20 14:31:54.556000,1.38193,1.38187,1440000,2250000
2022-07-20 14:31:56.286000,1.38192,1.38186,1200000,1890000
2022-07-20 14:31:56.744000,1.38193,1.38186,1440000,2790000
2022-07-20 14:31:57.768000,1.38193,1.38186,1720000,2250000
2022-07-20 14:31:58.708000,1.38193,1.38187,1200000,1320000
2022-07-20 14:31:59.194000,1.38194,1.38187,2340000,1890000
2022-07-20 14:31:59.725000,1.38193,1.38187,1200000,1890000
2022-07-20 14:32:00.635000,1.38193,1.38187,1200000,1800000
2022-07-20 14:32:01.950000,1.38192,1.38187,1200000,1320000
2022-07-20 14:32:03.242000,1.38195,1.38186,2790000,1890000
2022-07-20 14:32:03.447000,1.38194,1.38186,1200000,2790000
2022-07-20 14:32:03.549000,1.38192,1.38187,1200000,1890000
2022-07-20 14:32:03.702000,1.38194,1.38186,1440000,2250000
2022-07-20 14:32:08.504000,1.38192,1.38187,1200000,1200000
2022-07-20 14:32:08.708000,1.3819,1.38185,1200000,1890000
2022-07-20 14:32:08.810000,1.38187,1.38181,1440000,1800000
2022-07-20 14:32:09.510000,1.3819,1.38184,1320000,1200000
2022-07-20 14:32:11.921000,1.38191,1.38184,1200000,2370000
2022-07-20 14:32:12.025000,1.38192,1.38186,1800000,1440000
2022-07-20 14:32:12.888000,1.38193,1.38187,2340000,1350000
2022-07-20 14:32:13.952000,1.38194,1.38185,2790000,1440000
2022-07-20 14:32:14.317000,1.38193,1.38186,2250000,1620000
2022-07-20 14:32:17.085000,1.38194,1.38185,2590000,1200000
2022-07-20 14:32:17.187000,1.38191,1.38185,1200000,2790000
2022-07-20 14:32:17.289000,1.38192,1.38185,1440000,2790000
2022-07-20 14:32:17.391000,1.38191,1.38185,1200000,1890000
2022-07-20 14:32:18.539000,1.38191,1.38186,1200000,1200000
2022-07-20 14:32:19.400000,1.38193,1.38187,1440000,1320000
2022-07-20 14:32:19.502000,1.38193,1.38188,1200000,1200000
2022-07-20 14:32:20.115000,1.38194,1.38188,1200000,1440000
2022-07-20 14:32:21.199000,1.38193,1.38188,1200000,1200000
2022-07-20 14:32:21.504000,1.38193,1.38187,1200000,1890000
2022-07-20 14:32:21.903000,1.38193,1.38188,1200000,1350000
2022-07-20 14:32:22.918000,1.38192,1.38187,1440000,1200000
2022-07-20 14:32:23.071000,1.38193,1.38187,1890000,1200000
2022-07-20 14:32:23.224000,1.38192,1.38187,1200000,1200000
2022-07-20 14:32:23.326000,1.38193,1.38187,1890000,1200000
2022-07-20 14:32:24.098000,1.38194,1.38187,1440000,2370000
2022-07-20 14:32:24.357000,1.38194,1.38187,1200000,2590000
2022-07-20 14:32:24.510000,1.38194,1.38187,1440000,2550000
2022-07-20 14:32:26.113000,1.38195,1.38187,1200000,1120000
2022-07-20 14:32:28.275000,1.38198,1.38192,2060000,1200000
2022-07-20 14:32:28.328000,1.38196,1.3819,1440000,1200000
2022-07-20 14:32:28.430000,1.38195,1.38189,1840000,1200000
2022-07-20 14:32:28.532000,1.38194,1.38188,1440000,1800000
2022-07-20 14:32:32.610000,1.38193,1.38187,1200000,2790000
2022-07-20 14:32:34.853000,1.38188,1.38183,1440000,4950000
2022-07-20 14:32:34.904000,1.38187,1.38181,1440000,1890000
2022-07-20 14:32:35.592000,1.3819,1.38184,1800000,1890000
2022-07-20 14:32:35.694000,1.38191,1.38185,1320000,1200000
2022-07-20 14:32:36.007000,1.38193,1.38184,2920000,1240000
2022-07-20 14:32:36.109000,1.38193,1.38186,2790000,1620000
2022-07-20 14:32:36.326000,1.38191,1.38185,1440000,2250000
2022-07-20 14:32:36.428000,1.38191,1.38184,1890000,2790000
2022-07-20 14:32:36.800000,1.38193,1.38187,2340000,1320000
2022-07-20 14:32:37.004000,1.38191,1.38184,1890000,4140000
2022-07-20 14:32:37.998000,1.38191,1.38185,1890000,1200000
2022-07-20 14:32:38.101000,1.38193,1.38186,2340000,1440000
2022-07-20 14:32:38.254000,1.38193,1.38187,2340000,1200000
2022-07-20 14:32:38.879000,1.38194,1.38188,1800000,1440000
2022-07-20 14:32:38.982000,1.38195,1.38189,1800000,1440000
2022-07-20 14:32:39.737000,1.38194,1.38187,1720000,1800000
2022-07-20 14:32:40.348000,1.38194,1.38188,1440000,1200000
2022-07-20 14:32:41.027000,1.38194,1.38188,1200000,2220000
2022-07-20 14:32:41.333000,1.38195,1.38189,1800000,1890000
2022-07-20 14:32:42.286000,1.38194,1.38188,1200000,1440000
2022-07-20 14:32:43.327000,1.38194,1.38189,1200000,1200000
2022-07-20 14:32:43.480000,1.38195,1.38189,1440000,1800000
2022-07-20 14:32:46.102000,1.38195,1.38189,1840000,1200000
2022-07-20 14:32:46.765000,1.38194,1.38188,1440000,1200000
2022-07-20 14:32:47.675000,1.38194,1.38187,1720000,1800000
2022-07-20 14:32:47.844000,1.38194,1.38188,2340000,1200000
2022-07-20 14:32:47.946000,1.38194,1.38187,2340000,1440000
2022-07-20 14:32:48.149000,1.38194,1.38187,2220000,1200000
2022-07-20 14:32:48.527000,1.38193,1.38186,1440000,2340000
2022-07-20 14:32:48.629000,1.38194,1.38187,2590000,1200000
2022-07-20 14:32:51.742000,1.38193,1.38187,2220000,1200000
2022-07-20 14:32:51.844000,1.38193,1.38187,2340000,1320000
2022-07-20 14:32:52.253000,1.38192,1.38186,1200000,1240000
2022-07-20 14:32:52.406000,1.38191,1.38185,1660000,1800000
2022-07-20 14:32:52.508000,1.38191,1.38185,1720000,1800000
2022-07-20 14:32:53.982000,1.38188,1.38185,1020000,1200000
2022-07-20 14:32:56.917000,1.38188,1.38185,2170000,1200000
2022-07-20 14:32:57.223000,1.38189,1.38184,1440000,1200000
2022-07-20 14:32:58.077000,1.38187,1.38184,1440000,1200000
2022-07-20 14:32:59.136000,1.38188,1.38185,1440000,1200000
2022-07-20 14:32:59.238000,1.38189,1.38182,1660000,1800000
2022-07-20 14:32:59.802000,1.38189,1.38183,1200000,1840000
2022-07-20 14:33:01.282000,1.3819,1.38184,2250000,1440000
2022-07-20 14:33:01.486000,1.38189,1.38183,1200000,2340000
2022-07-20 14:33:01.588000,1.38188,1.38182,1200000,2790000
2022-07-20 14:33:02.506000,1.38187,1.38181,1200000,1800000
2022-07-20 14:33:02.557000,1.38186,1.3818,1200000,1320000
2022-07-20 14:33:06.016000,1.38186,1.38179,3010000,1890000
2022-07-20 14:33:06.381000,1.38187,1.3818,1890000,1890000
2022-07-20 14:33:06.483000,1.38187,1.3818,1350000,1840000
2022-07-20 14:33:08.036000,1.38187,1.3818,1890000,1890000
2022-07-20 14:33:08.493000,1.38186,1.3818,1120000,1890000
2022-07-20 14:33:08.829000,1.38185,1.38179,1200000,1890000
2022-07-20 14:33:09.316000,1.38181,1.38177,1890000,1100000
2022-07-20 14:33:09.368000,1.3818,1.38174,1200000,4120000
2022-07-20 14:33:09.419000,1.38181,1.38173,1200000,4810000
2022-07-20 14:33:12.264000,1.38179,1.38174,1200000,1350000
2022-07-20 14:33:12.627000,1.38178,1.38171,1200000,3340000
2022-07-20 14:33:13.165000,1.38178,1.38171,1200000,1440000
2022-07-20 14:33:14.086000,1.38178,1.38172,1800000,1890000
2022-07-20 14:33:14.950000,1.38177,1.38171,1200000,1840000
2022-07-20 14:33:15.053000,1.38177,1.38171,1440000,1890000
2022-07-20 14:33:15.206000,1.38177,1.38171,1200000,1840000
2022-07-20 14:33:15.308000,1.38177,1.38171,1440000,1890000
2022-07-20 14:33:15.683000,1.38177,1.38169,1440000,1320000
2022-07-20 14:33:17.688000,1.38177,1.38172,1200000,1120000
2022-07-20 14:33:18.036000,1.38177,1.38171,1320000,1700000
2022-07-20 14:33:19.957000,1.38176,1.3817,1200000,1620000
2022-07-20 14:33:20.102000,1.38176,1.3817,1320000,1440000
2022-07-20 14:33:20.204000,1.38176,1.3817,2590000,1200000
2022-07-20 14:33:20.375000,1.38176,1.38168,1440000,1440000
2022-07-20 14:33:20.747000,1.38176,1.38168,1200000,1840000
2022-07-20 14:33:21.212000,1.38175,1.38169,1440000,1890000
2022-07-20 14:33:21.534000,1.38174,1.38168,1320000,1440000
2022-07-20 14:33:21.636000,1.38174,1.38168,1720000,1200000
2022-07-20 14:33:22.015000,1.38173,1.38167,1440000,1890000
2022-07-20 14:33:22.209000,1.38175,1.38168,2030000,1200000
2022-07-20 14:33:22.260000,1.38175,1.38168,2110000,1240000
2022-07-20 14:33:22.666000,1.38176,1.38167,1870000,1240000
2022-07-20 14:33:23.254000,1.38175,1.38166,1430000,1440000
2022-07-20 14:33:24.607000,1.38174,1.38169,1020000,1200000
2022-07-20 14:33:24.759000,1.38174,1.38168,1020000,1440000
2022-07-20 14:33:28.861000,1.38173,1.38167,1440000,1320000
2022-07-20 14:33:28.963000,1.38167,1.38162,1200000,3000000
2022-07-20 14:33:29.116000,1.3817,1.38164,1440000,2560000
2022-07-20 14:33:29.218000,1.3817,1.38164,1200000,2780000
2022-07-20 14:33:29.321000,1.38171,1.38164,1300000,1840000
2022-07-20 14:33:29.524000,1.38172,1.38165,1890000,1440000
2022-07-20 14:33:30.445000,1.38171,1.38165,1200000,1890000
2022-07-20 14:33:30.497000,1.38173,1.38167,1200000,1890000
2022-07-20 14:33:31.570000,1.38174,1.38168,1320000,1200000
2022-07-20 14:33:31.723000,1.38175,1.38169,1660000,1200000
2022-07-20 14:33:31.825000,1.38174,1.38168,1200000,2340000
2022-07-20 14:33:31.927000,1.38177,1.38168,1200000,1840000
2022-07-20 14:33:32.181000,1.38177,1.38171,1440000,1200000
2022-07-20 14:33:32.709000,1.38177,1.3817,1440000,1890000
2022-07-20 14:33:32.811000,1.38176,1.3817,1200000,1440000
2022-07-20 14:33:33.065000,1.38177,1.3817,1440000,1890000
2022-07-20 14:33:33.931000,1.38178,1.38171,1840000,1200000
2022-07-20 14:33:34.084000,1.38177,1.3817,1440000,3690000
2022-07-20 14:33:38.782000,1.38176,1.38169,1890000,1440000
2022-07-20 14:33:38.935000,1.38176,1.38169,1840000,1350000
2022-07-20 14:33:39.087000,1.38176,1.38171,1440000,1200000
2022-07-20 14:33:39.190000,1.38177,1.38171,1200000,1890000
2022-07-20 14:33:39.393000,1.38179,1.38173,1200000,1220000
2022-07-20 14:33:39.546000,1.3818,1.38173,1570000,1840000
2022-07-20 14:33:39.953000,1.38181,1.38174,1890000,1890000
2022-07-20 14:33:40.160000,1.38183,1.38176,1440000,1890000
2022-07-20 14:33:40.262000,1.38182,1.38176,1440000,1350000
2022-07-20 14:33:40.364000,1.3818,1.38173,1200000,4470000
2022-07-20 14:33:40.615000,1.38181,1.38175,1440000,1350000
2022-07-20 14:33:40.920000,1.3818,1.38174,1200000,1440000
2022-07-20 14:33:41.276000,1.38177,1.38171,1200000,1320000
2022-07-20 14:33:41.378000,1.38177,1.38171,1200000,1720000
2022-07-20 14:33:41.480000,1.38178,1.3817,1200000,1440000
2022-07-20 14:33:41.836000,1.38178,1.38171,1890000,1440000
2022-07-20 14:33:42.511000,1.38178,1.38171,1350000,1720000
2022-07-20 14:33:42.663000,1.38178,1.38171,1890000,1440000
2022-07-20 14:33:42.825000,1.38177,1.38171,1200000,1440000
2022-07-20 14:33:42.982000,1.38177,1.3817,1720000,1200000
2022-07-20 14:33:43.084000,1.38178,1.38169,1440000,1440000
2022-07-20 14:33:43.993000,1.38177,1.38171,1440000,1200000
2022-07-20 14:33:44.095000,1.38178,1.38172,1440000,1200000
2022-07-20 14:33:44.456000,1.38177,1.3817,1200000,2370000
2022-07-20 14:33:44.558000,1.38177,1.38171,1200000,1720000
2022-07-20 14:33:44.882000,1.3818,1.38173,1890000,1440000
2022-07-20 14:33:44.985000,1.3818,1.38173,1200000,1720000
2022-07-20 14:33:48.732000,1.38176,1.3817,1440000,1100000
2022-07-20 14:33:48.784000,1.38176,1.38168,1200000,2070000
2022-07-20 14:33:49.256000,1.38175,1.38168,1890000,2340000
2022-07-20 14:33:49.711000,1.38175,1.38169,1200000,1440000
2022-07-20 14:33:51.955000,1.38175,1.38169,1200000,1720000
2022-07-20 14:33:53.033000,1.38175,1.38168,1440000,2220000
2022-07-20 14:33:53.186000,1.38174,1.38168,1200000,1720000
2022-07-20 14:33:53.390000,1.38174,1.38168,1440000,1440000
2022-07-20 14:33:53.696000,1.38173,1.38167,1200000,3720000
2022-07-20 14:33:54.205000,1.38175,1.38168,1440000,1440000
2022-07-20 14:33:56.012000,1.38176,1.38169,2020000,1720000
2022-07-20 14:33:56.114000,1.38176,1.38169,1200000,3720000
2022-07-20 14:33:57.340000,1.38176,1.3817,1200000,1440000
2022-07-20 14:34:00.843000,1.38171,1.38168,1200000,1350000
2022-07-20 14:34:00.945000,1.38168,1.38165,1210000,3150000
2022-07-20 14:34:00.997000,1.38166,1.38161,1200000,1200000
2022-07-20 14:34:01.048000,1.38165,1.38159,1200000,1440000
2022-07-20 14:34:02.747000,1.38168,1.38164,2170000,1200000
2022-07-20 14:34:02.849000,1.3817,1.38165,1300000,1440000
2022-07-20 14:34:02.952000,1.3817,1.38164,1890000,1200000
2022-07-20 14:34:03.054000,1.3817,1.38163,1890000,2340000
2022-07-20 14:34:03.105000,1.38172,1.38164,2780000,1200000
2022-07-20 14:34:03.157000,1.38169,1.38163,1890000,2340000
2022-07-20 14:34:04.736000,1.38171,1.38166,1050000,2590000
2022-07-20 14:34:04.838000,1.38174,1.38168,1350000,1440000
2022-07-20 14:34:05.610000,1.38176,1.3817,2940000,1200000
2022-07-20 14:34:05.712000,1.38176,1.3817,2340000,1200000
2022-07-20 14:34:05.915000,1.38175,1.3817,1200000,1200000
2022-07-20 14:34:06.238000,1.38176,1.3817,2250000,1440000
2022-07-20 14:34:06.376000,1.38175,1.38168,1200000,1840000
2022-07-20 14:34:09.127000,1.38174,1.38169,1200000,1890000
2022-07-20 14:34:09.393000,1.38174,1.38169,1200000,1840000
2022-07-20 14:34:10.228000,1.38174,1.38169,1200000,1890000
2022-07-20 14:34:10.330000,1.38175,1.38167,1210000,1200000
2022-07-20 14:34:10.432000,1.38171,1.38165,1200000,1840000
2022-07-20 14:34:10.534000,1.3817,1.38165,1800000,1720000
2022-07-20 14:34:10.586000,1.38169,1.38163,1800000,2790000
2022-07-20 14:34:10.688000,1.38169,1.38164,1800000,1440000
2022-07-20 14:34:10.790000,1.38168,1.38162,1200000,2590000
2022-07-20 14:34:10.892000,1.38168,1.38164,1200000,1440000
2022-07-20 14:34:10.994000,1.38168,1.38163,1200000,3690000
2022-07-20 14:34:11.205000,1.38168,1.38163,1200000,1840000
2022-07-20 14:34:11.410000,1.3817,1.38165,1800000,1320000
2022-07-20 14:34:12.223000,1.38171,1.38167,1800000,1320000
2022-07-20 14:34:12.325000,1.38173,1.38166,1200000,1220000
2022-07-20 14:34:12.428000,1.38173,1.38168,1200000,1320000
2022-07-20 14:34:12.631000,1.38172,1.38167,1200000,1320000
2022-07-20 14:34:12.733000,1.38172,1.38167,1200000,1220000
2022-07-20 14:34:12.988000,1.38172,1.38166,1200000,4590000
2022-07-20 14:34:13.298000,1.38172,1.38166,1200000,4090000
2022-07-20 14:34:13.401000,1.38173,1.38168,1200000,1320000
2022-07-20 14:34:13.803000,1.38173,1.38167,1200000,1320000
2022-07-20 14:34:13.905000,1.38172,1.38167,1200000,1320000
2022-07-20 14:34:14.145000,1.38175,1.38169,1200000,1220000
2022-07-20 14:34:14.247000,1.38175,1.38169,1200000,1220000
2022-07-20 14:34:14.578000,1.38174,1.38168,1320000,2370000
2022-07-20 14:34:14.844000,1.38171,1.38166,1200000,3240000
2022-07-20 14:34:14.947000,1.38172,1.38167,1800000,1320000
2022-07-20 14:34:15.049000,1.38173,1.38167,1440000,1890000
2022-07-20 14:34:15.150000,1.38173,1.38167,1200000,1840000
2022-07-20 14:34:15.253000,1.38173,1.38167,1440000,1890000
2022-07-20 14:34:16.412000,1.38172,1.38167,1200000,1890000
2022-07-20 14:34:16.666000,1.38173,1.38167,1440000,1890000
2022-07-20 14:34:17.498000,1.38173,1.38167,1200000,1840000
2022-07-20 14:34:17.600000,1.38175,1.38169,1440000,1320000
2022-07-20 14:34:17.702000,1.38174,1.38169,1200000,1320000
2022-07-20 14:34:17.855000,1.38175,1.38169,1440000,1320000
2022-07-20 14:34:19.076000,1.38175,1.38169,1200000,1840000
2022-07-20 14:34:19.187000,1.38176,1.38169,1800000,1840000
2022-07-20 14:34:21.879000,1.38173,1.38168,1440000,2920000
2022-07-20 14:34:21.981000,1.38173,1.38167,1890000,2340000
2022-07-20 14:34:22.185000,1.38173,1.38168,1200000,1320000
2022-07-20 14:34:22.627000,1.38173,1.38168,1200000,1220000
2022-07-20 14:34:23.403000,1.38173,1.38168,1200000,1320000
2022-07-20 14:34:23.455000,1.38167,1.38162,1200000,2170000
2022-07-20 14:34:23.557000,1.38167,1.38161,1200000,3720000
2022-07-20 14:34:24.597000,1.38166,1.38161,1200000,1440000
2022-07-20 14:34:26.313000,1.38166,1.3816,1440000,1890000
2022-07-20 14:34:26.941000,1.38166,1.3816,1200000,1840000
2022-07-20 14:34:27.917000,1.38166,1.3816,1440000,2790000
2022-07-20 14:34:28.019000,1.38165,1.3816,1200000,1890000
2022-07-20 14:34:28.618000,1.38165,1.38159,1200000,2790000
2022-07-20 14:34:28.720000,1.38165,1.38159,1200000,2550000
2022-07-20 14:34:29.217000,1.38164,1.38159,1200000,3240000
2022-07-20 14:34:29.319000,1.38163,1.38158,1200000,1200000
2022-07-20 14:34:30.638000,1.38165,1.38158,3530000,1350000
2022-07-20 14:34:30.740000,1.38166,1.38157,3910000,1620000
2022-07-20 14:34:30.893000,1.38164,1.38158,1200000,1240000
2022-07-20 14:34:30.944000,1.3816,1.38157,1200000,1200000
2022-07-20 14:34:31.046000,1.3816,1.38155,1200000,1350000
2022-07-20 14:34:31.148000,1.38161,1.38155,1440000,1350000
2022-07-20 14:34:31.698000,1.38164,1.38159,1920000,1720000
2022-07-20 14:34:31.749000,1.38165,1.38157,2060000,1800000
2022-07-20 14:34:31.800000,1.38164,1.38158,1200000,1890000
2022-07-20 14:34:31.953000,1.38164,1.38157,1500000,5060000
2022-07-20 14:34:32.055000,1.38164,1.38157,1300000,5210000
2022-07-20 14:34:32.208000,1.38166,1.3816,1200000,1800000
2022-07-20 14:34:32.440000,1.38166,1.3816,1200000,1890000
2022-07-20 14:34:32.595000,1.38167,1.3816,1440000,2790000
2022-07-20 14:34:33.427000,1.38166,1.3816,1200000,2790000
2022-07-20 14:34:33.529000,1.38166,1.3816,1200000,2590000
2022-07-20 14:34:34.153000,1.38166,1.3816,1200000,1660000
2022-07-20 14:34:34.306000,1.38166,1.3816,1200000,2590000
2022-07-20 14:34:34.590000,1.38167,1.38161,1440000,1440000
2022-07-20 14:34:35.427000,1.38166,1.38161,1200000,1020000
2022-07-20 14:34:36.359000,1.38166,1.3816,1200000,2780000
2022-07-20 14:34:36.461000,1.38168,1.38162,1440000,1890000
2022-07-20 14:34:39.045000,1.38169,1.38164,1200000,1020000
2022-07-20 14:34:39.508000,1.3817,1.38164,1890000,1440000
2022-07-20 14:34:41.176000,1.38168,1.38163,1200000,2030000
2022-07-20 14:34:42.276000,1.38168,1.38162,1200000,1470000
2022-07-20 14:34:42.733000,1.38169,1.38164,1200000,1470000
2022-07-20 14:34:43.141000,1.38169,1.38161,1200000,1540000
2022-07-20 14:34:43.294000,1.38166,1.38161,1200000,1570000
2022-07-20 14:34:44.903000,1.38166,1.3816,1320000,1570000
2022-07-20 14:34:45.259000,1.38166,1.3816,1200000,2030000
2022-07-20 14:34:45.462000,1.38167,1.38161,1350000,1240000
2022-07-20 14:34:45.929000,1.3817,1.38163,1210000,1740000
2022-07-20 14:34:46.031000,1.38168,1.38162,1200000,2620000
2022-07-20 14:34:46.082000,1.38168,1.38162,1200000,3010000
2022-07-20 14:34:46.184000,1.38169,1.38163,1200000,2110000
2022-07-20 14:34:47.073000,1.38167,1.38162,1320000,1800000
2022-07-20 14:34:47.154000,1.38167,1.38161,1890000,1120000
2022-07-20 14:34:47.594000,1.38167,1.3816,1200000,2490000
2022-07-20 14:34:47.696000,1.38167,1.3816,1440000,2790000
2022-07-20 14:34:48.724000,1.38167,1.3816,1320000,2780000
2022-07-20 14:34:49.243000,1.38166,1.3816,1200000,2670000
2022-07-20 14:34:50.071000,1.38166,1.3816,1200000,2590000
2022-07-20 14:34:50.452000,1.38169,1.38162,1890000,2030000
2022-07-20 14:34:51.704000,1.38168,1.38162,1200000,2030000
2022-07-20 14:34:51.755000,1.38168,1.38162,1200000,1320000
2022-07-20 14:34:53.654000,1.38167,1.3816,1440000,2560000
2022-07-20 14:34:54.316000,1.38168,1.38161,2790000,1970000
2022-07-20 14:34:58.769000,1.38171,1.38165,1890000,2370000
2022-07-20 14:34:58.871000,1.3817,1.38164,1200000,2250000
2022-07-20 14:35:00.149000,1.3817,1.38164,1200000,2340000
2022-07-20 14:35:00.253000,1.38168,1.38162,1200000,2560000
2022-07-20 14:35:01.401000,1.3817,1.38163,2220000,1850000
2022-07-20 14:35:01.503000,1.3817,1.38163,2340000,1990000
2022-07-20 14:35:01.790000,1.3817,1.38163,2790000,1890000
2022-07-20 14:35:02.643000,1.3817,1.38164,2790000,1200000
2022-07-20 14:35:03.326000,1.38169,1.38162,1440000,3860000
2022-07-20 14:35:03.681000,1.38168,1.38162,1200000,1610000
2022-07-20 14:35:03.784000,1.38168,1.38162,1440000,2020000
2022-07-20 14:35:04.602000,1.38172,1.38164,1350000,3000000
2022-07-20 14:35:04.704000,1.38172,1.38166,1440000,1990000
2022-07-20 14:35:04.826000,1.38174,1.38167,6110000,1440000
2022-07-20 14:35:05.081000,1.38174,1.38168,2340000,1200000
2022-07-20 14:35:05.339000,1.38176,1.3817,2110000,1200000
2022-07-20 14:35:07.698000,1.38179,1.38174,1200000,1440000
2022-07-20 14:35:07.801000,1.3818,1.38173,1200000,3340000
2022-07-20 14:35:08.130000,1.3818,1.38173,1440000,3240000
2022-07-20 14:35:10.125000,1.3818,1.38174,1440000,1200000
2022-07-20 14:35:10.228000,1.38185,1.38179,1940000,1200000
2022-07-20 14:35:10.330000,1.38182,1.38177,1700000,1200000
2022-07-20 14:35:10.432000,1.38181,1.38174,1620000,2550000
2022-07-20 14:35:10.535000,1.3818,1.38174,1320000,1350000
2022-07-20 14:35:11.321000,1.38183,1.38178,1020000,1200000
2022-07-20 14:35:11.424000,1.38185,1.38179,2030000,1200000
2022-07-20 14:35:12.750000,1.38184,1.38178,1720000,1200000
2022-07-20 14:35:12.954000,1.38185,1.38177,1320000,1350000
2022-07-20 14:35:13.656000,1.38185,1.38177,1240000,1350000
2022-07-20 14:35:14.157000,1.38183,1.38177,1320000,1350000
2022-07-20 14:35:15.154000,1.38183,1.38177,1320000,2100000
2022-07-20 14:35:15.256000,1.38183,1.38177,1320000,2250000
2022-07-20 14:35:15.359000,1.3818,1.38174,1320000,1200000
2022-07-20 14:35:15.461000,1.38179,1.38172,1320000,1200000
2022-07-20 14:35:15.614000,1.3818,1.38173,2970000,1200000
2022-07-20 14:35:15.808000,1.38178,1.38172,1200000,4140000
2022-07-20 14:35:16.577000,1.38178,1.38172,1720000,1200000
2022-07-20 14:35:16.680000,1.38176,1.3817,2370000,1200000
2022-07-20 14:35:16.782000,1.38175,1.38169,1320000,1800000
2022-07-20 14:35:16.884000,1.38175,1.38169,1240000,1800000
2022-07-20 14:35:18.631000,1.38175,1.38169,1320000,1350000
2022-07-20 14:35:19.497000,1.38177,1.3817,1620000,1800000
2022-07-20 14:35:20.234000,1.38178,1.38172,1440000,2250000
2022-07-20 14:35:21.841000,1.38179,1.38173,1320000,1800000
2022-07-20 14:35:22.506000,1.38179,1.38173,1200000,3340000
2022-07-20 14:35:22.557000,1.38182,1.38175,3460000,3120000
2022-07-20 14:35:22.837000,1.38181,1.38175,2370000,1200000
2022-07-20 14:35:22.939000,1.38179,1.38172,1620000,1800000
2022-07-20 14:35:23.387000,1.38177,1.38171,1200000,2340000
2022-07-20 14:35:23.635000,1.38177,1.38171,1200000,2550000
2022-07-20 14:35:23.737000,1.38177,1.38171,1620000,1800000
2022-07-20 14:35:23.954000,1.38177,1.38171,1440000,1800000
2022-07-20 14:35:24.056000,1.3818,1.38174,1810000,1350000
2022-07-20 14:35:24.159000,1.38179,1.38173,1320000,1350000
2022-07-20 14:35:24.939000,1.38178,1.38172,1440000,1800000
2022-07-20 14:35:25.111000,1.38178,1.38172,1620000,1800000
2022-07-20 14:35:25.214000,1.38179,1.38171,1440000,1800000
2022-07-20 14:35:28.363000,1.38181,1.38175,1120000,2370000
2022-07-20 14:35:28.632000,1.38183,1.38176,1620000,1890000
2022-07-20 14:35:29.359000,1.38178,1.38175,1200000,1200000
2022-07-20 14:35:29.410000,1.38178,1.38172,1200000,3490000
2022-07-20 14:35:29.563000,1.38178,1.38172,1200000,2790000
2022-07-20 14:35:30.361000,1.38183,1.38175,3300000,1440000
2022-07-20 14:35:30.463000,1.38182,1.38176,1320000,2340000
2022-07-20 14:35:30.566000,1.38183,1.38177,1240000,1200000
2022-07-20 14:35:31.838000,1.38181,1.38176,1620000,1200000
2022-07-20 14:35:31.941000,1.38181,1.38175,1620000,1200000
2022-07-20 14:35:32.497000,1.38179,1.38174,1200000,1200000
2022-07-20 14:35:32.882000,1.38178,1.38173,1320000,1200000
2022-07-20 14:35:32.985000,1.38177,1.38173,1890000,1200000
2022-07-20 14:35:33.087000,1.38176,1.38173,1440000,1200000
2022-07-20 14:35:33.417000,1.38175,1.38173,1200000,1200000
2022-07-20 14:35:34.117000,1.38174,1.38171,1440000,1200000
2022-07-20 14:35:35.986000,1.38174,1.38168,1440000,1200000
2022-07-20 14:35:36.037000,1.38175,1.38172,1720000,1200000
2022-07-20 14:35:36.305000,1.38175,1.38168,1720000,1350000
2022-07-20 14:35:36.877000,1.38174,1.38171,1440000,1200000
2022-07-20 14:35:37.081000,1.38174,1.38168,1440000,1200000
2022-07-20 14:35:37.566000,1.38175,1.38172,1840000,1200000
2022-07-20 14:35:38.696000,1.38175,1.38172,1890000,1200000
2022-07-20 14:35:39.434000,1.38172,1.38167,1020000,2020000
2022-07-20 14:35:39.537000,1.38171,1.38165,1200000,2920000
2022-07-20 14:35:39.810000,1.38175,1.38172,2550000,1200000
2022-07-20 14:35:39.912000,1.38175,1.38172,1200000,1200000
2022-07-20 14:35:40.328000,1.38176,1.38173,1200000,1200000
2022-07-20 14:35:41.112000,1.38177,1.38173,1890000,1200000
2022-07-20 14:35:41.214000,1.38176,1.38173,1200000,1200000
2022-07-20 14:35:41.829000,1.38176,1.3817,1200000,1200000
2022-07-20 14:35:42.116000,1.38175,1.38169,1200000,4050000
2022-07-20 14:35:43.428000,1.38174,1.38168,1200000,2340000
2022-07-20 14:35:45.421000,1.38175,1.38168,1200000,2590000
2022-07-20 14:35:46.271000,1.38174,1.38167,1440000,3150000
2022-07-20 14:35:46.373000,1.38174,1.38167,1890000,2340000
2022-07-20 14:35:46.476000,1.38174,1.38168,1200000,2370000
2022-07-20 14:35:48.244000,1.38174,1.38168,1200000,4590000
2022-07-20 14:35:49.893000,1.38175,1.38169,1200000,1200000
2022-07-20 14:35:49.995000,1.38174,1.38168,1200000,1890000
2022-07-20 14:35:50.148000,1.38175,1.38169,1440000,1200000
2022-07-20 14:35:50.250000,1.38175,1.38169,1200000,1240000
2022-07-20 14:35:51.039000,1.38177,1.3817,1200000,3490000
2022-07-20 14:35:51.141000,1.38176,1.3817,1200000,1890000
2022-07-20 14:35:54.177000,1.38175,1.3817,1200000,1200000
2022-07-20 14:35:54.279000,1.38175,1.38169,1200000,1890000
2022-07-20 14:35:59.914000,1.38177,1.38169,1440000,1200000
2022-07-20 14:36:00.016000,1.38177,1.38171,1720000,1200000
2022-07-20 14:36:00.131000,1.38177,1.38171,1440000,1200000
2022-07-20 14:36:01.152000,1.38177,1.38169,1200000,1890000
2022-07-20 14:36:04.987000,1.38176,1.38168,1200000,1800000
2022-07-20 14:36:05.039000,1.38174,1.38168,2220000,1200000
2022-07-20 14:36:05.141000,1.38174,1.38168,2340000,1200000
2022-07-20 14:36:05.447000,1.38174,1.38168,1200000,2220000
2022-07-20 14:36:05.650000,1.38176,1.38169,1440000,2340000
2022-07-20 14:36:05.752000,1.38176,1.38169,1200000,2220000
2022-07-20 14:36:07.408000,1.38175,1.38169,1200000,2220000
2022-07-20 14:36:09.538000,1.38176,1.3817,1440000,1350000
2022-07-20 14:36:09.872000,1.38175,1.38169,1200000,2170000
2022-07-20 14:36:09.974000,1.38175,1.38169,1890000,1800000
2022-07-20 14:36:12.138000,1.38174,1.38168,1200000,2170000
2022-07-20 14:36:12.519000,1.38174,1.38168,1440000,2250000
2022-07-20 14:36:13.688000,1.38175,1.38169,1890000,1200000
2022-07-20 14:36:14.145000,1.38175,1.38169,1200000,1800000
2022-07-20 14:36:14.738000,1.38175,1.38169,1200000,2790000
2022-07-20 14:36:14.840000,1.38175,1.38168,1200000,1320000
2022-07-20 14:36:14.993000,1.38176,1.38168,1200000,1320000
2022-07-20 14:36:15.312000,1.38174,1.38168,1200000,2550000
2022-07-20 14:36:15.414000,1.38173,1.38168,1200000,1800000
2022-07-20 14:36:15.516000,1.38173,1.38168,1200000,1890000
2022-07-20 14:36:16.417000,1.38175,1.38169,1300000,1890000
2022-07-20 14:36:16.520000,1.38176,1.38168,1200000,1890000
2022-07-20 14:36:17.701000,1.38176,1.38169,2790000,1890000
2022-07-20 14:36:18.683000,1.38175,1.38169,1200000,1890000
2022-07-20 14:36:19.274000,1.38174,1.38168,1660000,2250000
2022-07-20 14:36:19.790000,1.38173,1.38166,3340000,4050000
2022-07-20 14:36:19.892000,1.38173,1.38167,1350000,1440000
2022-07-20 14:36:19.994000,1.38174,1.38167,2340000,1890000
2022-07-20 14:36:20.580000,1.38175,1.38169,1800000,1440000
2022-07-20 14:36:20.682000,1.38175,1.38169,1200000,1440000
2022-07-20 14:36:21.190000,1.38176,1.3817,1440000,1200000
2022-07-20 14:36:21.394000,1.38176,1.38169,1440000,2790000
2022-07-20 14:36:21.649000,1.38175,1.38169,1200000,2790000
2022-07-20 14:36:21.915000,1.38176,1.38169,1440000,2790000
2022-07-20 14:36:22.660000,1.38175,1.38169,1200000,2790000
2022-07-20 14:36:22.762000,1.38174,1.38168,2110000,1800000
2022-07-20 14:36:23.769000,1.38175,1.38169,1890000,1200000
2022-07-20 14:36:23.872000,1.38176,1.38169,2560000,1890000
2022-07-20 14:36:24.169000,1.38176,1.38169,2220000,1350000
2022-07-20 14:36:24.271000,1.38174,1.38169,1320000,1200000
2022-07-20 14:36:25.297000,1.38175,1.38169,2340000,1350000
2022-07-20 14:36:25.551000,1.38176,1.38169,2790000,1890000
2022-07-20 14:36:25.754000,1.38175,1.38169,1200000,1320000
2022-07-20 14:36:25.875000,1.38174,1.38166,1200000,1440000
2022-07-20 14:36:27.377000,1.38174,1.38167,2790000,1440000
2022-07-20 14:36:27.479000,1.38174,1.38168,2790000,1200000
2022-07-20 14:36:30.725000,1.38174,1.38168,1120000,1840000
2022-07-20 14:36:30.828000,1.38176,1.38169,1440000,2590000
2022-07-20 14:36:32.098000,1.38175,1.38169,1200000,2590000
2022-07-20 14:36:32.200000,1.38175,1.38169,1890000,2340000
2022-07-20 14:36:32.718000,1.38175,1.38169,1350000,2220000
2022-07-20 14:36:32.820000,1.38175,1.38169,1890000,2340000
2022-07-20 14:36:34.213000,1.38175,1.38166,1890000,1720000
2022-07-20 14:36:34.315000,1.38172,1.38167,1200000,1720000
2022-07-20 14:36:34.418000,1.38173,1.38168,1200000,1440000
2022-07-20 14:36:34.819000,1.38172,1.38165,1660000,1800000
2022-07-20 14:36:38.509000,1.38171,1.38168,1200000,1970000
2022-07-20 14:36:38.560000,1.38174,1.3817,1100000,1220000
2022-07-20 14:36:38.611000,1.38176,1.3817,2110000,1220000
2022-07-20 14:36:38.714000,1.38177,1.38168,1990000,1840000
2022-07-20 14:36:40.179000,1.38175,1.38169,2560000,1440000
2022-07-20 14:36:40.636000,1.38173,1.38169,1200000,1440000
2022-07-20 14:36:40.996000,1.38169,1.38166,1200000,1200000
2022-07-20 14:36:41.047000,1.38168,1.38163,1200000,1840000
2022-07-20 14:36:41.286000,1.38168,1.38162,1200000,4840000
2022-07-20 14:36:41.389000,1.38169,1.38162,1890000,3340000
2022-07-20 14:36:41.491000,1.38169,1.38164,1200000,1720000
2022-07-20 14:36:41.593000,1.3817,1.38164,1320000,1720000
2022-07-20 14:36:42.050000,1.3817,1.38165,1200000,1220000
2022-07-20 14:36:42.355000,1.38171,1.38165,1890000,1220000
2022-07-20 14:36:42.756000,1.3817,1.38165,1200000,1220000
2022-07-20 14:36:42.858000,1.38171,1.38165,1890000,1220000
2022-07-20 14:36:43.248000,1.38171,1.38165,2180000,1890000
2022-07-20 14:36:43.657000,1.3817,1.38165,1200000,1840000
2022-07-20 14:36:43.759000,1.38171,1.38165,2110000,1840000
2022-07-20 14:36:43.861000,1.38171,1.38165,2180000,1890000
2022-07-20 14:36:44.730000,1.3817,1.38163,1320000,2340000
2022-07-20 14:36:44.782000,1.38168,1.38161,2370000,2970000
2022-07-20 14:36:44.884000,1.38166,1.38161,1200000,1720000
2022-07-20 14:36:44.992000,1.38167,1.38161,1320000,1720000
2022-07-20 14:36:45.195000,1.38167,1.38161,1120000,1720000
2022-07-20 14:36:45.348000,1.38168,1.38161,2340000,1720000
2022-07-20 14:36:45.704000,1.38167,1.38161,1200000,1720000
2022-07-20 14:36:46.070000,1.38167,1.38162,1200000,1840000
2022-07-20 14:36:46.227000,1.38168,1.38162,1890000,1840000
2022-07-20 14:36:47.989000,1.38167,1.38162,1200000,1720000
2022-07-20 14:36:48.391000,1.38168,1.38162,1890000,1720000
2022-07-20 14:36:48.711000,1.38166,1.38161,1320000,1440000
2022-07-20 14:36:49.826000,1.38166,1.38161,1200000,2220000
2022-07-20 14:36:49.928000,1.38167,1.38161,1320000,2220000
2022-07-20 14:36:51.197000,1.38167,1.38164,1200000,1800000
2022-07-20 14:36:51.299000,1.3817,1.38164,1300000,2970000
2022-07-20 14:36:51.401000,1.3817,1.38164,1240000,2340000
2022-07-20 14:36:53.840000,1.3817,1.38165,1200000,1720000
2022-07-20 14:36:53.942000,1.38171,1.38165,2340000,1720000
2022-07-20 14:36:54.044000,1.3817,1.38164,1320000,2220000
2022-07-20 14:36:55.030000,1.3817,1.38164,2370000,2340000
2022-07-20 14:36:55.132000,1.38168,1.38162,1320000,2220000
2022-07-20 14:36:56.221000,1.38168,1.38162,1800000,2220000
2022-07-20 14:36:56.517000,1.38168,1.38162,1890000,2220000
2022-07-20 14:36:57.920000,1.38167,1.38162,1200000,2220000
2022-07-20 14:36:58.741000,1.38166,1.38162,1200000,1440000
2022-07-20 14:36:59.087000,1.38166,1.38161,1320000,2340000
2022-07-20 14:36:59.523000,1.3816,1.38156,1720000,1100000
2022-07-20 14:36:59.575000,1.38161,1.38154,2590000,1120000
2022-07-20 14:36:59.677000,1.3816,1.38154,3520000,1200000
2022-07-20 14:36:59.779000,1.38159,1.38152,1200000,3420000
2022-07-20 14:37:00.135000,1.38157,1.38153,1200000,1440000
2022-07-20 14:37:00.752000,1.38158,1.38152,1800000,1720000
2022-07-20 14:37:01.785000,1.38157,1.38151,1200000,2590000
2022-07-20 14:37:05.484000,1.38158,1.38152,1200000,1720000
2022-07-20 14:37:05.822000,1.3816,1.38154,1800000,3340000
2022-07-20 14:37:05.975000,1.3816,1.38154,1890000,2700000
2022-07-20 14:37:06.077000,1.3816,1.38154,1200000,2970000
2022-07-20 14:37:06.179000,1.3816,1.38153,1320000,1350000
2022-07-20 14:37:07.083000,1.3816,1.38154,1200000,2590000
2022-07-20 14:37:07.134000,1.38161,1.38155,1200000,2590000
2022-07-20 14:37:07.237000,1.38161,1.38155,1620000,1200000
2022-07-20 14:37:07.893000,1.38161,1.38155,2790000,1440000
2022-07-20 14:37:09.091000,1.38161,1.38156,1200000,2590000
2022-07-20 14:37:09.193000,1.38162,1.38156,2250000,2590000
2022-07-20 14:37:13.940000,1.38164,1.3816,1370000,1320000
2022-07-20 14:37:14.397000,1.38164,1.3816,1200000,1840000
2022-07-20 14:37:15.569000,1.38169,1.38165,1200000,1320000
2022-07-20 14:37:15.621000,1.38172,1.38166,1100000,2590000
2022-07-20 14:37:15.672000,1.38173,1.38166,1440000,2590000
2022-07-20 14:37:15.774000,1.38173,1.38167,1200000,1120000
2022-07-20 14:37:15.968000,1.38173,1.38167,1200000,1120000
2022-07-20 14:37:16.070000,1.38174,1.38169,1200000,1540000
2022-07-20 14:37:16.172000,1.38176,1.38169,1440000,2290000
2022-07-20 14:37:16.325000,1.38175,1.38169,4720000,2290000
2022-07-20 14:37:16.427000,1.38176,1.38169,6160000,2290000
2022-07-20 14:37:16.579000,1.38176,1.38169,1200000,2370000
2022-07-20 14:37:16.631000,1.38178,1.38173,4720000,1430000
2022-07-20 14:37:16.733000,1.38179,1.38173,1200000,1430000
2022-07-20 14:37:17.654000,1.38183,1.38176,1910000,1810000
2022-07-20 14:37:17.757000,1.38184,1.38175,1200000,1930000
2022-07-20 14:37:22.293000,1.38184,1.38178,1200000,2410000
2022-07-20 14:37:22.786000,1.3819,1.38185,3600000,2250000
2022-07-20 14:37:22.837000,1.38191,1.38186,1350000,1020000
2022-07-20 14:37:22.990000,1.38192,1.38187,1800000,1200000
2022-07-20 14:37:23.093000,1.38194,1.38188,1720000,1200000
2022-07-20 14:37:23.195000,1.38195,1.38187,1440000,1200000
2022-07-20 14:37:24.202000,1.38195,1.38189,1440000,1200000
2022-07-20 14:37:24.304000,1.38195,1.3819,1200000,1020000
2022-07-20 14:37:24.697000,1.38201,1.38195,4160000,1440000
2022-07-20 14:37:24.748000,1.38201,1.38197,1100000,1200000
2022-07-20 14:37:24.800000,1.38202,1.38196,1440000,1440000
2022-07-20 14:37:27.457000,1.38202,1.38196,1200000,3370000
2022-07-20 14:37:27.508000,1.38204,1.38199,1200000,1400000
2022-07-20 14:37:27.559000,1.38208,1.38201,1320000,1800000
2022-07-20 14:37:27.611000,1.38204,1.382,1200000,1870000
2022-07-20 14:37:27.663000,1.38204,1.38198,1200000,2740000
2022-07-20 14:37:27.815000,1.38205,1.38197,1200000,1890000
2022-07-20 14:37:27.866000,1.38204,1.38199,1200000,1300000
2022-07-20 14:37:28.284000,1.38205,1.38199,1440000,1800000
2022-07-20 14:37:29.631000,1.38204,1.38199,1200000,1500000
2022-07-20 14:37:29.682000,1.38204,1.38199,1200000,1020000
2022-07-20 14:37:29.886000,1.38204,1.38199,1200000,1500000
2022-07-20 14:37:30.343000,1.38204,1.38199,1200000,1660000
2022-07-20 14:37:30.835000,1.38204,1.38198,1200000,2110000
2022-07-20 14:37:31.090000,1.38204,1.38199,1200000,1120000
2022-07-20 14:37:34.746000,1.38204,1.38199,1240000,1120000
2022-07-20 14:37:34.797000,1.38201,1.38195,1200000,2340000
2022-07-20 14:37:34.950000,1.38199,1.38193,1320000,4240000
2022-07-20 14:37:35.002000,1.38197,1.38191,1320000,2470000
2022-07-20 14:37:35.053000,1.38196,1.3819,1320000,1890000
2022-07-20 14:37:35.155000,1.38197,1.38189,1320000,1700000
2022-07-20 14:37:35.424000,1.38195,1.3819,1200000,1450000
2022-07-20 14:37:35.475000,1.38195,1.38189,1320000,1210000
2022-07-20 14:37:36.671000,1.38194,1.38188,1200000,3040000
2022-07-20 14:37:37.589000,1.38195,1.38189,1200000,2180000
2022-07-20 14:37:37.742000,1.38198,1.38192,1200000,1320000
2022-07-20 14:37:37.844000,1.38198,1.38192,1200000,1240000
2022-07-20 14:37:37.946000,1.38195,1.38189,1200000,1800000
2022-07-20 14:37:38.167000,1.38194,1.38189,1200000,1300000
2022-07-20 14:37:38.269000,1.38194,1.38188,1200000,4120000
2022-07-20 14:37:39.213000,1.38194,1.38188,1200000,1660000
2022-07-20 14:37:39.315000,1.38194,1.38187,1200000,1020000
2022-07-20 14:37:39.569000,1.38193,1.38187,1320000,1660000
2022-07-20 14:37:39.953000,1.38193,1.38187,1620000,1200000
2022-07-20 14:37:40.055000,1.38192,1.38186,1320000,2470000
2022-07-20 14:37:40.641000,1.38192,1.38185,1200000,1200000
2022-07-20 14:37:40.743000,1.38186,1.38182,1200000,1200000
2022-07-20 14:37:40.846000,1.38186,1.38181,1200000,1200000
2022-07-20 14:37:41.100000,1.38186,1.3818,1200000,1890000
2022-07-20 14:37:41.202000,1.38187,1.38181,1200000,1440000
2022-07-20 14:37:41.512000,1.38186,1.3818,1200000,2030000
2022-07-20 14:37:41.665000,1.38185,1.38179,1200000,3220000
2022-07-20 14:37:41.716000,1.38187,1.38181,1440000,1200000
2022-07-20 14:37:41.819000,1.38185,1.38179,1200000,4240000
2022-07-20 14:37:42.594000,1.38186,1.3818,1200000,1570000
2022-07-20 14:37:42.747000,1.38186,1.38181,1200000,1200000
2022-07-20 14:37:43.852000,1.38184,1.38178,1320000,3820000
2022-07-20 14:37:45.423000,1.38177,1.38175,1200000,3150000
2022-07-20 14:37:45.475000,1.38177,1.38173,1200000,1350000
2022-07-20 14:37:45.577000,1.38176,1.38171,1200000,1200000
2022-07-20 14:37:45.679000,1.38176,1.3817,1200000,2790000
2022-07-20 14:37:46.319000,1.38175,1.38169,1200000,1840000
2022-07-20 14:37:46.653000,1.38175,1.38168,1740000,2250000
2022-07-20 14:37:46.755000,1.38173,1.38166,1200000,2180000
2022-07-20 14:37:47.009000,1.38173,1.38167,1200000,1540000
2022-07-20 14:37:47.637000,1.38173,1.38166,2340000,1800000
2022-07-20 14:37:47.688000,1.38174,1.38169,1200000,1320000
2022-07-20 14:37:47.943000,1.38174,1.38168,1200000,1210000
2022-07-20 14:37:48.714000,1.38173,1.38167,1200000,1240000
2022-07-20 14:37:48.817000,1.38173,1.38168,1200000,1120000
2022-07-20 14:37:49.385000,1.38174,1.38169,1200000,1320000
2022-07-20 14:37:49.640000,1.38173,1.38165,1200000,4240000
2022-07-20 14:37:49.742000,1.38173,1.38167,1200000,1620000
2022-07-20 14:37:49.845000,1.38167,1.38161,1320000,3600000
2022-07-20 14:37:49.998000,1.38166,1.38161,1200000,1200000
2022-07-20 14:37:50.437000,1.38165,1.3816,1320000,1200000
2022-07-20 14:37:50.641000,1.38165,1.38159,1200000,1660000
2022-07-20 14:37:50.743000,1.38165,1.38159,1200000,2030000
2022-07-20 14:37:51.285000,1.38164,1.38159,1200000,1660000
2022-07-20 14:37:51.387000,1.38165,1.3816,1200000,1440000
2022-07-20 14:37:51.692000,1.38166,1.3816,1320000,1660000
2022-07-20 14:37:52.956000,1.38167,1.38161,1990000,1200000
2022-07-20 14:37:53.059000,1.38167,1.38161,1200000,1720000
2022-07-20 14:37:53.110000,1.3817,1.38164,2170000,2220000
2022-07-20 14:37:53.243000,1.38171,1.38166,1300000,1840000
2022-07-20 14:37:53.345000,1.38172,1.38165,1200000,1220000
2022-07-20 14:37:53.651000,1.38174,1.38166,1890000,1440000
2022-07-20 14:37:54.572000,1.38172,1.38166,1200000,2220000
2022-07-20 14:37:56.522000,1.38173,1.38167,1800000,1720000
2022-07-20 14:37:57.134000,1.38173,1.38167,1890000,1440000
2022-07-20 14:37:57.481000,1.38173,1.38167,1800000,1720000
2022-07-20 14:38:00.909000,1.38173,1.38169,1200000,1440000
2022-07-20 14:38:03.415000,1.38173,1.3817,1200000,1200000
2022-07-20 14:38:05.897000,1.3818,1.38175,2100000,1440000
2022-07-20 14:38:05.999000,1.3818,1.38175,1200000,1470000
2022-07-20 14:38:06.101000,1.38182,1.38174,1200000,2030000
2022-07-20 14:38:06.389000,1.38184,1.38178,1460000,1440000
2022-07-20 14:38:06.877000,1.38186,1.38178,1320000,1890000
2022-07-20 14:38:06.979000,1.38186,1.38178,1240000,1350000
2022-07-20 14:38:07.916000,1.38185,1.38177,1320000,1440000
2022-07-20 14:38:08.962000,1.38182,1.38177,1320000,1200000
2022-07-20 14:38:09.064000,1.38182,1.38176,1320000,1440000
2022-07-20 14:38:09.170000,1.38183,1.38175,1200000,1720000
2022-07-20 14:38:09.850000,1.38181,1.38175,1200000,1720000
2022-07-20 14:38:09.952000,1.3818,1.38175,1200000,1720000
2022-07-20 14:38:10.821000,1.3818,1.38175,1200000,1440000
2022-07-20 14:38:11.669000,1.3818,1.38175,1200000,2220000
2022-07-20 14:38:12.190000,1.38182,1.38177,1200000,1890000
2022-07-20 14:38:12.564000,1.38183,1.38177,1200000,1890000
2022-07-20 14:38:13.025000,1.38183,1.38177,1200000,1840000
2022-07-20 14:38:14.066000,1.38183,1.38177,1200000,2590000
2022-07-20 14:38:14.270000,1.38185,1.38179,1800000,1440000
2022-07-20 14:38:14.372000,1.38185,1.38179,1800000,1720000
2022-07-20 14:38:14.576000,1.38185,1.3818,1200000,1720000
2022-07-20 14:38:15.304000,1.38185,1.38179,1200000,2590000
2022-07-20 14:38:15.406000,1.38185,1.38179,1200000,4470000
2022-07-20 14:38:15.558000,1.38185,1.38179,1200000,2220000
2022-07-20 14:38:15.660000,1.38186,1.3818,1200000,2220000
2022-07-20 14:38:17.217000,1.38186,1.3818,1200000,2790000
2022-07-20 14:38:17.319000,1.38186,1.3818,1200000,2590000
2022-07-20 14:38:20.007000,1.38185,1.38179,1200000,2220000
2022-07-20 14:38:20.172000,1.3819,1.38186,4270000,1720000
2022-07-20 14:38:20.225000,1.38193,1.38185,1200000,1720000
2022-07-20 14:38:20.480000,1.38192,1.38186,1200000,1440000
2022-07-20 14:38:21.241000,1.3819,1.38185,1200000,2220000
2022-07-20 14:38:21.292000,1.3819,1.38183,1200000,1440000
2022-07-20 14:38:22.496000,1.38192,1.38186,1200000,1840000
2022-07-20 14:38:26.314000,1.38191,1.38185,1200000,1720000
2022-07-20 14:38:26.655000,1.38191,1.38185,1200000,1440000
2022-07-20 14:38:26.808000,1.38191,1.38185,1800000,1840000
2022-07-20 14:38:28.271000,1.38189,1.38183,1200000,4090000
2022-07-20 14:38:28.576000,1.38189,1.38183,1200000,1720000
2022-07-20 14:38:28.741000,1.38193,1.38187,2470000,1890000
2022-07-20 14:38:28.914000,1.38191,1.38185,1200000,2590000
2022-07-20 14:38:33.665000,1.38192,1.38186,1200000,1840000
2022-07-20 14:38:33.989000,1.38193,1.38187,1800000,1440000
2022-07-20 14:38:34.525000,1.38193,1.38187,1200000,1720000
2022-07-20 14:38:34.627000,1.38193,1.38187,1200000,2590000
2022-07-20 14:38:34.729000,1.38194,1.38188,1200000,1720000
2022-07-20 14:38:34.937000,1.38194,1.38188,1200000,3240000
2022-07-20 14:38:39.789000,1.38193,1.38187,1200000,2590000
2022-07-20 14:38:39.891000,1.38193,1.38187,1800000,2340000
2022-07-20 14:38:44.499000,1.38192,1.38186,1200000,1840000
2022-07-20 14:38:44.603000,1.3819,1.38185,1320000,1440000
2022-07-20 14:38:45.423000,1.3819,1.38184,1240000,1890000
2022-07-20 14:38:46.164000,1.38189,1.38184,1200000,1240000
2022-07-20 14:38:46.266000,1.38191,1.38183,1440000,1990000
2022-07-20 14:38:50.643000,1.3819,1.38184,1240000,1890000
2022-07-20 14:38:50.897000,1.3819,1.38184,1440000,2370000
2022-07-20 14:38:54.629000,1.38189,1.38184,1120000,1200000
2022-07-20 14:38:54.833000,1.3819,1.38184,2590000,1320000
2022-07-20 14:38:56.007000,1.38194,1.38192,1370000,1320000
2022-07-20 14:38:56.059000,1.38197,1.38192,1220000,1200000
2022-07-20 14:38:56.110000,1.38196,1.3819,1240000,1200000
2022-07-20 14:38:56.822000,1.38196,1.3819,1200000,1620000
2022-07-20 14:38:56.924000,1.38196,1.38191,1120000,1200000
2022-07-20 14:38:57.127000,1.38196,1.3819,1620000,1890000
2022-07-20 14:39:00.380000,1.38196,1.3819,1890000,1240000
2022-07-20 14:39:00.533000,1.38196,1.3819,1620000,1200000
2022-07-20 14:39:00.635000,1.38197,1.38191,2590000,1320000
2022-07-20 14:39:02.238000,1.38196,1.38191,1120000,1200000
2022-07-20 14:39:03.431000,1.38194,1.38188,2490000,1200000
2022-07-20 14:39:03.534000,1.38193,1.38187,2370000,1200000
2022-07-20 14:39:03.636000,1.38193,1.38187,2490000,1200000
2022-07-20 14:39:03.738000,1.38193,1.38187,2370000,1320000
2022-07-20 14:39:05.606000,1.38194,1.38188,2680000,1200000
2022-07-20 14:39:05.708000,1.38194,1.38188,2370000,1320000
2022-07-20 14:39:07.094000,1.38194,1.38188,1890000,1240000
2022-07-20 14:39:07.409000,1.38194,1.38189,1240000,1200000
2022-07-20 14:39:11.371000,1.38194,1.38188,1990000,1200000
2022-07-20 14:39:11.575000,1.38194,1.38188,2680000,1200000
2022-07-20 14:39:12.677000,1.38194,1.38189,1740000,1200000
2022-07-20 14:39:13.002000,1.38194,1.38189,1240000,1200000
2022-07-20 14:39:14.142000,1.38194,1.38188,2490000,1200000
2022-07-20 14:39:14.244000,1.38194,1.38189,1320000,1200000
2022-07-20 14:39:14.346000,1.38196,1.3819,2680000,1200000
2022-07-20 14:39:15.130000,1.38196,1.3819,2180000,1200000
2022-07-20 14:39:17.197000,1.382,1.38196,4120000,2220000
2022-07-20 14:39:17.299000,1.38203,1.38197,1440000,1440000
2022-07-20 14:39:17.401000,1.38204,1.38196,1720000,1200000
2022-07-20 14:39:17.948000,1.38204,1.38198,1720000,1350000
2022-07-20 14:39:18.068000,1.38204,1.38198,1200000,2340000
2022-07-20 14:39:18.170000,1.38204,1.38198,1200000,1990000
2022-07-20 14:39:18.272000,1.38204,1.38198,1440000,2340000
2022-07-20 14:39:20.774000,1.38209,1.38203,1800000,2590000
2022-07-20 14:39:20.877000,1.3821,1.38204,1440000,1440000
2022-07-20 14:39:20.979000,1.38212,1.38206,1890000,1440000
2022-07-20 14:39:21.792000,1.38214,1.38208,2370000,1200000
2022-07-20 14:39:23.393000,1.38215,1.38209,2490000,1200000
2022-07-20 14:39:23.597000,1.38214,1.38206,1320000,2790000
2022-07-20 14:39:24.072000,1.38214,1.38206,1620000,1200000
2022-07-20 14:39:37.373000,1.38214,1.38206,2110000,1440000
2022-07-20 14:39:37.576000,1.38213,1.38207,2180000,1200000
2022-07-20 14:39:37.822000,1.38213,1.38207,2110000,1440000
2022-07-20 14:39:37.975000,1.38213,1.38207,2180000,1200000
2022-07-20 14:39:41.429000,1.38214,1.38206,3430000,1200000
2022-07-20 14:39:41.652000,1.38212,1.38206,1240000,1200000
2022-07-20 14:39:42.678000,1.38211,1.38205,2180000,1200000
2022-07-20 14:39:43.804000,1.3821,1.38204,1320000,2790000
2022-07-20 14:39:43.867000,1.38209,1.38203,1240000,3150000
2022-07-20 14:39:43.972000,1.38208,1.38202,1620000,1200000
2022-07-20 14:39:44.110000,1.38208,1.38203,1240000,1200000
2022-07-20 14:39:44.226000,1.38208,1.38202,1240000,1200000
2022-07-20 14:39:44.278000,1.38209,1.38203,2790000,1440000
2022-07-20 14:39:44.380000,1.38209,1.38203,1990000,1200000
2022-07-20 14:39:44.533000,1.38208,1.38203,1120000,1200000
2022-07-20 14:39:44.657000,1.38209,1.38203,2780000,1200000
2022-07-20 14:39:45.648000,1.38207,1.38199,1660000,2360000
2022-07-20 14:39:45.858000,1.38206,1.382,2030000,1200000
2022-07-20 14:39:45.960000,1.38205,1.38199,1890000,2340000
