time,ask,bid,ask_volume,bid_volume
2018-12-13 13:25:00.013000,1.13481,1.13478,2250000,3000000
2018-12-13 13:25:00.532000,1.13481,1.13478,1500000,4750000
2018-12-13 13:25:01.355000,1.1348,1.13478,1000000,4000000
2018-12-13 13:25:01.457000,1.13478,1.13476,1000000,5140000
2018-12-13 13:25:01.669000,1.13477,1.13474,1250000,4310000
2018-12-13 13:25:01.773000,1.13475,1.13474,1000000,1690000
2018-12-13 13:25:02.291000,1.13476,1.13473,1120000,4750000
2018-12-13 13:25:05.457000,1.13475,1.13473,1000000,2870000
2018-12-13 13:25:05.971000,1.13476,1.13473,1120000,2870000
2018-12-13 13:25:07.706000,1.13475,1.13473,1000000,2870000
2018-12-13 13:25:08.259000,1.13476,1.13473,1870000,2870000
2018-12-13 13:25:08.794000,1.13475,1.13473,1000000,2120000
2018-12-13 13:25:09.332000,1.13476,1.13473,1870000,2870000
2018-12-13 13:25:10.127000,1.13475,1.13473,1000000,2120000
2018-12-13 13:25:10.687000,1.13476,1.13473,1870000,2120000
2018-12-13 13:25:12.305000,1.13475,1.13473,1000000,1750000
2018-12-13 13:25:12.428000,1.13475,1.13472,1690000,8140000
2018-12-13 13:25:12.976000,1.13474,1.13472,1000000,2440000
2018-12-13 13:25:13.468000,1.13475,1.13473,2250000,1250000
2018-12-13 13:25:14.030000,1.13476,1.13473,1500000,1370000
2018-12-13 13:25:15.174000,1.13475,1.13473,1000000,1250000
2018-12-13 13:25:15.705000,1.13476,1.13473,1500000,3620000
2018-12-13 13:25:16.253000,1.13475,1.13472,2440000,2440000
2018-12-13 13:25:18.021000,1.13474,1.13472,1000000,1250000
2018-12-13 13:25:18.545000,1.13475,1.13472,1500000,1750000
2018-12-13 13:25:19.089000,1.13475,1.13472,1690000,1690000
2018-12-13 13:25:19.645000,1.13475,1.13472,1500000,2500000
2018-12-13 13:25:20.169000,1.13475,1.13472,1690000,1250000
2018-12-13 13:25:21.028000,1.13474,1.13472,1000000,1250000
2018-12-13 13:25:21.577000,1.13473,1.13471,1000000,1010000
2018-12-13 13:25:22.182000,1.13473,1.1347,1000000,5870000
2018-12-13 13:25:22.906000,1.13474,1.13471,2620000,4820000
2018-12-13 13:25:25.239000,1.13475,1.13472,2060000,1250000
2018-12-13 13:25:26.563000,1.13475,1.13472,1120000,4750000
2018-12-13 13:25:29.518000,1.13475,1.13472,1310000,3190000
2018-12-13 13:25:30.110000,1.13475,1.13472,1120000,3250000
2018-12-13 13:25:31.163000,1.13475,1.13472,1250000,3260000
2018-12-13 13:25:31.672000,1.13475,1.13472,1000000,4070000
2018-12-13 13:25:33.287000,1.13476,1.13472,1690000,5200000
2018-12-13 13:25:34.929000,1.13475,1.13473,1000000,1250000
2018-12-13 13:25:35.432000,1.13475,1.13472,1250000,3560000
2018-12-13 13:25:47.119000,1.13475,1.13472,2500000,1500000
2018-12-13 13:25:47.659000,1.13475,1.13472,1250000,1690000
2018-12-13 13:25:51.707000,1.13474,1.13472,1000000,1690000
2018-12-13 13:25:52.250000,1.13475,1.13471,5440000,5500000
2018-12-13 13:25:52.944000,1.13475,1.13472,1000000,2500000
2018-12-13 13:25:55.717000,1.13475,1.13472,1250000,2810000
2018-12-13 13:25:57.042000,1.13474,1.13472,1000000,1250000
2018-12-13 13:25:57.591000,1.13473,1.13471,1000000,4690000
2018-12-13 13:25:58.399000,1.13474,1.13471,2060000,4690000
2018-12-13 13:25:58.930000,1.13474,1.1347,3620000,6560000
2018-12-13 13:26:00.312000,1.13474,1.1347,2810000,6620000
2018-12-13 13:26:01.357000,1.13474,1.13471,1120000,4750000
2018-12-13 13:26:01.664000,1.13475,1.13472,1120000,2570000
2018-12-13 13:26:02.175000,1.13476,1.13473,1120000,1750000
2018-12-13 13:26:04.475000,1.13476,1.13473,1310000,1690000
2018-12-13 13:26:05.349000,1.13475,1.13472,1690000,1760000
2018-12-13 13:26:07.328000,1.13476,1.13472,2810000,3250000
2018-12-13 13:26:08.306000,1.13475,1.13472,1250000,3940000
2018-12-13 13:26:08.858000,1.13474,1.13471,1000000,4370000
2018-12-13 13:26:10.408000,1.13475,1.13472,1310000,3190000
2018-12-13 13:26:10.934000,1.13475,1.13472,1120000,2500000
2018-12-13 13:26:11.443000,1.13474,1.13471,1000000,4370000
2018-12-13 13:26:12.021000,1.13475,1.13472,1310000,1690000
2018-12-13 13:26:12.527000,1.13475,1.13472,1120000,2570000
2018-12-13 13:26:13.154000,1.13474,1.13471,1000000,3250000
2018-12-13 13:26:14.351000,1.13474,1.13471,1250000,3190000
2018-12-13 13:26:14.859000,1.13473,1.1347,1120000,4000000
2018-12-13 13:26:15.838000,1.13474,1.13471,3120000,2500000
2018-12-13 13:26:16.382000,1.13474,1.13471,2810000,2440000
2018-12-13 13:26:16.903000,1.13473,1.13471,1000000,4000000
2018-12-13 13:26:18.456000,1.13473,1.13471,1000000,3940000
2018-12-13 13:26:19.085000,1.13474,1.13471,1120000,4000000
2018-12-13 13:26:19.631000,1.13474,1.13471,2060000,3940000
2018-12-13 13:26:20.192000,1.13471,1.1347,1500000,3940000
2018-12-13 13:26:20.245000,1.1347,1.13467,3870000,1350000
2018-12-13 13:26:20.782000,1.13469,1.13466,1500000,2870000
2018-12-13 13:26:22.538000,1.13468,1.13466,1000000,1250000
2018-12-13 13:26:24.531000,1.13467,1.13465,1120000,1250000
2018-12-13 13:26:24.916000,1.13466,1.13464,1000000,1390000
2018-12-13 13:26:24.969000,1.13464,1.13463,2810000,1200000
2018-12-13 13:26:25.023000,1.13463,1.13461,1120000,1250000
2018-12-13 13:26:25.284000,1.13462,1.13459,1000000,1310000
2018-12-13 13:26:26.746000,1.13461,1.13459,1000000,1310000
2018-12-13 13:26:26.903000,1.13462,1.13459,1000000,4000000
2018-12-13 13:26:27.428000,1.13463,1.1346,1870000,2500000
2018-12-13 13:26:27.945000,1.13463,1.13459,2620000,5200000
2018-12-13 13:26:28.405000,1.13461,1.13459,1000000,1250000
2018-12-13 13:26:28.943000,1.13461,1.13459,1000000,1250000
2018-12-13 13:26:30.379000,1.13462,1.13458,2950000,1310000
2018-12-13 13:26:30.936000,1.13462,1.13458,2140000,1370000
2018-12-13 13:26:31.246000,1.13463,1.13459,2370000,5870000
2018-12-13 13:26:32.454000,1.13463,1.13462,1690000,1000000
2018-12-13 13:26:33.026000,1.13463,1.1346,1120000,1250000
2018-12-13 13:26:34.419000,1.13464,1.13461,1120000,2500000
2018-12-13 13:26:34.961000,1.13464,1.13461,1120000,4000000
2018-12-13 13:26:36.777000,1.13465,1.13461,2620000,7000000
2018-12-13 13:26:37.093000,1.13462,1.1346,1000000,1750000
2018-12-13 13:26:37.628000,1.13462,1.13459,1120000,1250000
2018-12-13 13:26:38.176000,1.13461,1.13458,1000000,4750000
2018-12-13 13:26:38.693000,1.13462,1.13458,1120000,5500000
2018-12-13 13:26:39.322000,1.13462,1.13458,1120000,8870000
2018-12-13 13:26:43.521000,1.13463,1.13459,4140000,2870000
2018-12-13 13:26:45.175000,1.13464,1.13462,1120000,1000000
2018-12-13 13:26:45.602000,1.13466,1.13463,1500000,1250000
2018-12-13 13:26:46.141000,1.13467,1.13463,3120000,5500000
2018-12-13 13:26:46.741000,1.13465,1.13463,1000000,4690000
2018-12-13 13:26:47.117000,1.13466,1.13463,1200000,4750000
2018-12-13 13:26:47.645000,1.13467,1.13464,1000000,3250000
2018-12-13 13:26:49.209000,1.13467,1.13464,1000000,1250000
2018-12-13 13:26:50.791000,1.13468,1.13464,1870000,2500000
2018-12-13 13:26:54.060000,1.13468,1.13465,1120000,3250000
2018-12-13 13:26:54.589000,1.13467,1.13465,1000000,1250000
2018-12-13 13:26:55.127000,1.13467,1.13464,1570000,1250000
2018-12-13 13:26:55.845000,1.13464,1.13463,1000000,3560000
2018-12-13 13:26:56.453000,1.13463,1.1346,1120000,1250000
2018-12-13 13:27:00.353000,1.13463,1.1346,1870000,1250000
2018-12-13 13:27:00.890000,1.13462,1.1346,1000000,1250000
2018-12-13 13:27:01.404000,1.13462,1.13459,2870000,1500000
2018-12-13 13:27:01.932000,1.13462,1.13459,1310000,2440000
2018-12-13 13:27:03.623000,1.13461,1.13459,1000000,1250000
2018-12-13 13:27:04.166000,1.13462,1.13458,2810000,3250000
2018-12-13 13:27:08.638000,1.13462,1.1346,1310000,1000000
2018-12-13 13:27:10.247000,1.13462,1.13459,1310000,1690000
2018-12-13 13:27:16.753000,1.13461,1.13458,1000000,1950000
2018-12-13 13:27:17.622000,1.13462,1.13459,2810000,1000000
2018-12-13 13:27:19.173000,1.13462,1.13459,1120000,1250000
2018-12-13 13:27:19.440000,1.13464,1.13462,1870000,1250000
2018-12-13 13:27:20.423000,1.13464,1.13461,2500000,1000000
2018-12-13 13:27:20.939000,1.13464,1.13461,1690000,2810000
2018-12-13 13:27:22.674000,1.13465,1.13463,1000000,1250000
2018-12-13 13:27:23.057000,1.13467,1.13464,2440000,1250000
2018-12-13 13:27:32.142000,1.13467,1.13464,1000000,1820000
2018-12-13 13:27:32.664000,1.13467,1.13464,1000000,2500000
2018-12-13 13:27:33.197000,1.13468,1.13464,3560000,2570000
2018-12-13 13:27:35.130000,1.13468,1.13465,1120000,3700000
2018-12-13 13:27:35.633000,1.13468,1.13465,1310000,1250000
2018-12-13 13:27:41.043000,1.13468,1.13466,1310000,1000000
2018-12-13 13:27:41.696000,1.13468,1.13465,1310000,1690000
2018-12-13 13:27:43.682000,1.13468,1.13465,1120000,1750000
2018-12-13 13:27:44.219000,1.13468,1.13465,1310000,1250000
2018-12-13 13:27:58.301000,1.13467,1.13464,1000000,2200000
2018-12-13 13:27:58.854000,1.13468,1.13464,1310000,2120000
2018-12-13 13:28:01.254000,1.13467,1.13464,1000000,2120000
2018-12-13 13:28:02.693000,1.13468,1.13464,2060000,2120000
2018-12-13 13:28:05.579000,1.13468,1.13464,2060000,2060000
2018-12-13 13:28:07.808000,1.13467,1.13464,1000000,1250000
2018-12-13 13:28:09.609000,1.13464,1.13463,1870000,2700000
2018-12-13 13:28:09.766000,1.13462,1.13459,1310000,1500000
2018-12-13 13:28:10.270000,1.13461,1.13459,1500000,1000000
2018-12-13 13:28:12.221000,1.13461,1.13458,1500000,2060000
2018-12-13 13:28:18.558000,1.13462,1.13459,2620000,1250000
2018-12-13 13:28:20.188000,1.13463,1.1346,3310000,1000000
2018-12-13 13:28:21.311000,1.13463,1.13459,3310000,4010000
2018-12-13 13:28:24.982000,1.13463,1.1346,2560000,1000000
2018-12-13 13:28:30.166000,1.13463,1.13459,2560000,3940000
2018-12-13 13:28:47.882000,1.13462,1.13458,1310000,3640000
2018-12-13 13:28:53.028000,1.13462,1.13458,1870000,3700000
2018-12-13 13:28:53.535000,1.13462,1.13458,1310000,3640000
2018-12-13 13:28:54.050000,1.13462,1.13458,1120000,4040000
2018-12-13 13:28:55.389000,1.13462,1.13458,1120000,4310000
2018-12-13 13:28:56.408000,1.13461,1.13458,1000000,4310000
2018-12-13 13:28:56.924000,1.13463,1.13458,3870000,3560000
2018-12-13 13:28:57.434000,1.13462,1.13459,1120000,1500000
2018-12-13 13:29:00.115000,1.13461,1.13458,1000000,3560000
2018-12-13 13:29:00.660000,1.13461,1.13458,1000000,4370000
2018-12-13 13:29:04.200000,1.13463,1.13458,4060000,3700000
2018-12-13 13:29:07.991000,1.13462,1.13458,2060000,3640000
2018-12-13 13:29:09.991000,1.13462,1.13459,1310000,1000000
2018-12-13 13:29:20.554000,1.13462,1.13458,4310000,1690000
2018-12-13 13:29:20.659000,1.1346,1.13456,3620000,1570000
2018-12-13 13:29:20.998000,1.13457,1.13454,1690000,1000000
2018-12-13 13:29:21.514000,1.13457,1.13453,1690000,2060000
2018-12-13 13:29:22.089000,1.13457,1.13453,2560000,1690000
2018-12-13 13:29:25.647000,1.13456,1.13452,1310000,5440000
2018-12-13 13:29:28.119000,1.13455,1.13452,1000000,3940000
2018-12-13 13:29:29.010000,1.13456,1.13453,2060000,1000000
2018-12-13 13:29:30.098000,1.13456,1.13452,1810000,3940000
2018-12-13 13:29:30.613000,1.13456,1.13453,1310000,1000000
2018-12-13 13:29:31.395000,1.13457,1.13453,2250000,1500000
2018-12-13 13:29:34.915000,1.13456,1.13453,1000000,1000000
2018-12-13 13:29:40.153000,1.13455,1.13453,1000000,1500000
2018-12-13 13:29:40.682000,1.13456,1.13453,1000000,1500000
2018-12-13 13:29:42.775000,1.13456,1.13452,1500000,2250000
2018-12-13 13:29:44.683000,1.13456,1.13453,1000000,1000000
2018-12-13 13:29:45.201000,1.13457,1.13452,1500000,2250000
2018-12-13 13:29:45.743000,1.13456,1.13452,1000000,1500000
2018-12-13 13:29:47.642000,1.13456,1.13453,1000000,1000000
2018-12-13 13:29:48.536000,1.13456,1.13452,1500000,1000000
2018-12-13 13:29:50.135000,1.13457,1.13454,1000000,1000000
2018-12-13 13:29:50.187000,1.13457,1.13452,1500000,1500000
2018-12-13 13:29:50.291000,1.13456,1.13454,1000000,1000000
2018-12-13 13:29:50.498000,1.13458,1.13454,3750000,1000000
2018-12-13 13:29:50.679000,1.13456,1.13454,1000000,1000000
2018-12-13 13:29:51.712000,1.13457,1.13454,1000000,1000000
2018-12-13 13:29:52.629000,1.13457,1.13455,1000000,1000000
2018-12-13 13:29:53.181000,1.13458,1.13455,1500000,1000000
2018-12-13 13:29:53.688000,1.13458,1.13454,2250000,3750000
2018-12-13 13:29:55.190000,1.13458,1.13453,2250000,1000000
2018-12-13 13:29:57.171000,1.13456,1.13453,1000000,1000000
2018-12-13 13:29:57.275000,1.13458,1.13453,2250000,1000000
2018-12-13 13:30:00.092000,1.13457,1.13453,1000000,1000000
2018-12-13 13:30:00.789000,1.13458,1.13453,2250000,1500000
2018-12-13 13:30:01.334000,1.13457,1.13452,1000000,3000000
2018-12-13 13:30:01.861000,1.13456,1.13452,2250000,1000000
2018-12-13 13:30:02.125000,1.13457,1.13454,1000000,1500000
2018-12-13 13:30:02.660000,1.13458,1.13455,1500000,1000000
2018-12-13 13:30:03.367000,1.1346,1.13455,6000000,1500000
2018-12-13 13:30:03.887000,1.1346,1.13456,1000000,1500000
2018-12-13 13:30:04.461000,1.13459,1.13455,1690000,1750000
2018-12-13 13:30:04.516000,1.13458,1.13454,1750000,1000000
2018-12-13 13:30:05.044000,1.13457,1.13453,1250000,1500000
2018-12-13 13:30:05.580000,1.13458,1.13454,2500000,1000000
2018-12-13 13:30:06.134000,1.13457,1.13453,1750000,1500000
2018-12-13 13:30:07.720000,1.13457,1.13454,1750000,1000000
2018-12-13 13:30:10.089000,1.13458,1.13454,3940000,1750000
2018-12-13 13:30:10.141000,1.13458,1.13455,1750000,1000000
2018-12-13 13:30:10.194000,1.13459,1.13455,4370000,2440000
2018-12-13 13:30:14.117000,1.13459,1.13456,3250000,1000000
2018-12-13 13:30:16.400000,1.1346,1.13458,1500000,1500000
2018-12-13 13:30:17.657000,1.13461,1.13458,1690000,1500000
2018-12-13 13:30:29.501000,1.1346,1.13458,1690000,2250000
2018-12-13 13:30:30.037000,1.13462,1.13458,2870000,2250000
2018-12-13 13:30:38.757000,1.13462,1.13459,2870000,1000000
2018-12-13 13:30:40.502000,1.13462,1.13458,2870000,3000000
2018-12-13 13:30:40.857000,1.13463,1.1346,1000000,2060000
2018-12-13 13:30:43.715000,1.13465,1.13464,1120000,1250000
2018-12-13 13:30:43.820000,1.13467,1.13465,1000000,3000000
2018-12-13 13:30:43.970000,1.13468,1.13466,1250000,2250000
2018-12-13 13:30:44.282000,1.13472,1.13471,4120000,1000000
2018-12-13 13:30:44.826000,1.13474,1.13471,1250000,1000000
2018-12-13 13:30:48.909000,1.13475,1.13472,1750000,1000000
2018-12-13 13:30:49.451000,1.13475,1.13473,1250000,1000000
2018-12-13 13:30:53.675000,1.13475,1.13472,1250000,1870000
2018-12-13 13:31:01.744000,1.13477,1.13474,2370000,1750000
2018-12-13 13:31:01.904000,1.13478,1.13475,4310000,1250000
2018-12-13 13:31:02.307000,1.13477,1.13474,1250000,4620000
2018-12-13 13:31:02.921000,1.13477,1.13474,2120000,1500000
2018-12-13 13:31:03.455000,1.13477,1.13473,2120000,2810000
2018-12-13 13:31:07.999000,1.13477,1.13474,2120000,1000000
2018-12-13 13:31:08.527000,1.13477,1.13473,3370000,2440000
2018-12-13 13:31:09.068000,1.13476,1.13473,1370000,1500000
2018-12-13 13:31:11.877000,1.13474,1.13472,4120000,1000000
2018-12-13 13:31:12.071000,1.1347,1.13467,1250000,3750000
2018-12-13 13:31:14.207000,1.13471,1.13467,2870000,3190000
2018-12-13 13:31:14.753000,1.1347,1.13467,1750000,1120000
2018-12-13 13:31:15.478000,1.1347,1.13466,2120000,4310000
2018-12-13 13:31:24.928000,1.1347,1.13466,2810000,3370000
2018-12-13 13:31:25.973000,1.1347,1.13467,2810000,1000000
2018-12-13 13:31:27.157000,1.1347,1.13466,2810000,4120000
2018-12-13 13:31:30.534000,1.1347,1.13467,2120000,1000000
2018-12-13 13:31:33.901000,1.13471,1.13467,2560000,2120000
2018-12-13 13:31:34.409000,1.13471,1.13467,3370000,1690000
2018-12-13 13:31:35.088000,1.13471,1.13467,4120000,1500000
2018-12-13 13:31:37.525000,1.13471,1.13467,3310000,3070000
2018-12-13 13:31:37.631000,1.13472,1.13469,1000000,3700000
2018-12-13 13:31:37.684000,1.13474,1.1347,4440000,3250000
2018-12-13 13:31:38.196000,1.13474,1.1347,2060000,3620000
2018-12-13 13:31:41.475000,1.13475,1.13472,1120000,1870000
2018-12-13 13:31:41.580000,1.13477,1.13473,3750000,2750000
2018-12-13 13:31:42.082000,1.13477,1.13473,3000000,1250000
2018-12-13 13:31:43.363000,1.13476,1.13472,1310000,3820000
2018-12-13 13:31:47.935000,1.13477,1.13473,3370000,3190000
2018-12-13 13:31:56.049000,1.13476,1.13473,1370000,3000000
2018-12-13 13:31:57.279000,1.13475,1.13473,1250000,3000000
2018-12-13 13:32:00.457000,1.13475,1.13473,1000000,1000000
2018-12-13 13:32:00.823000,1.13473,1.13471,3470000,1000000
2018-12-13 13:32:00.876000,1.13471,1.13467,2060000,5200000
2018-12-13 13:32:01.034000,1.13469,1.13466,1000000,2570000
2018-12-13 13:32:03.919000,1.13467,1.13464,1000000,8570000
2018-12-13 13:32:03.971000,1.13465,1.13462,2810000,1690000
2018-12-13 13:32:04.492000,1.13465,1.13461,4870000,1690000
2018-12-13 13:32:05.019000,1.13463,1.1346,1000000,4000000
2018-12-13 13:32:18.275000,1.13464,1.1346,2060000,3620000
2018-12-13 13:32:24.898000,1.13464,1.13461,2620000,1250000
2018-12-13 13:32:25.549000,1.13464,1.13463,1000000,1690000
2018-12-13 13:32:25.653000,1.13466,1.13464,2140000,1000000
2018-12-13 13:32:25.912000,1.13468,1.13464,2890000,2120000
2018-12-13 13:32:26.250000,1.13465,1.13463,2620000,1000000
2018-12-13 13:32:26.303000,1.13464,1.1346,1310000,6320000
2018-12-13 13:32:26.850000,1.13464,1.1346,3310000,2870000
2018-12-13 13:32:30.169000,1.13464,1.13461,2370000,1750000
2018-12-13 13:32:31.114000,1.13465,1.13462,1620000,1250000
2018-12-13 13:32:31.621000,1.13466,1.13464,1000000,1690000
2018-12-13 13:32:32.128000,1.13467,1.13464,1620000,2500000
2018-12-13 13:32:32.946000,1.13468,1.13465,1000000,2500000
2018-12-13 13:32:33.464000,1.13468,1.13465,1250000,2440000
2018-12-13 13:32:34.448000,1.13467,1.13465,1000000,1250000
2018-12-13 13:32:34.991000,1.13467,1.13465,1000000,1750000
2018-12-13 13:32:37,1.13467,1.13464,1000000,2200000
2018-12-13 13:32:37.178000,1.13464,1.13463,1500000,1000000
2018-12-13 13:32:37.695000,1.13464,1.1346,3120000,2870000
2018-12-13 13:32:41.897000,1.13464,1.13462,1000000,1750000
2018-12-13 13:32:41.950000,1.13465,1.13463,1120000,2060000
2018-12-13 13:32:42.469000,1.13467,1.13464,2370000,1250000
2018-12-13 13:32:42.986000,1.13467,1.13464,1620000,1250000
2018-12-13 13:32:43.515000,1.13467,1.13464,3310000,1690000
2018-12-13 13:32:43.674000,1.13465,1.13463,3870000,1250000
2018-12-13 13:32:43.846000,1.13463,1.1346,1120000,1250000
2018-12-13 13:32:49.025000,1.13463,1.13459,1310000,4000000
2018-12-13 13:32:49.569000,1.13463,1.13459,2620000,1690000
2018-12-13 13:33:00.056000,1.13463,1.13459,4060000,2500000
2018-12-13 13:33:00.160000,1.13461,1.13459,1000000,1690000
2018-12-13 13:33:01.467000,1.1346,1.13457,1620000,5500000
2018-12-13 13:33:02.605000,1.13457,1.13454,1620000,3620000
2018-12-13 13:33:03.202000,1.13456,1.13453,1120000,2500000
2018-12-13 13:33:04.474000,1.13457,1.13453,4570000,3190000
2018-12-13 13:33:05,1.13456,1.13452,3310000,2500000
2018-12-13 13:33:05.593000,1.13456,1.13455,1250000,1000000
2018-12-13 13:33:05.935000,1.13462,1.13459,3820000,1500000
2018-12-13 13:33:06.457000,1.13461,1.13458,2060000,1250000
2018-12-13 13:33:06.511000,1.13457,1.13454,4870000,1000000
2018-12-13 13:33:09.469000,1.13456,1.13453,2060000,1690000
2018-12-13 13:33:11.430000,1.13457,1.13454,2370000,2500000
2018-12-13 13:33:11.969000,1.13457,1.13453,2560000,5200000
2018-12-13 13:33:21.276000,1.13457,1.13455,1000000,2440000
2018-12-13 13:33:21.800000,1.13457,1.13454,1250000,1690000
2018-12-13 13:33:25.305000,1.13458,1.13455,1620000,2500000
2018-12-13 13:33:25.498000,1.1346,1.13458,1120000,2440000
2018-12-13 13:33:26.101000,1.13461,1.13459,1250000,1500000
2018-12-13 13:33:27.388000,1.13462,1.1346,1000000,1250000
2018-12-13 13:33:27.928000,1.13462,1.1346,1000000,1000000
2018-12-13 13:33:28.913000,1.13462,1.13459,1250000,6640000
2018-12-13 13:33:34.848000,1.13462,1.1346,1000000,1250000
2018-12-13 13:33:35.383000,1.13462,1.1346,1000000,1250000
2018-12-13 13:33:36.934000,1.13463,1.1346,1000000,3250000
2018-12-13 13:33:43.772000,1.13465,1.13462,2120000,2250000
2018-12-13 13:33:44.294000,1.13466,1.13463,2560000,1000000
2018-12-13 13:33:45.410000,1.13465,1.13462,1370000,2250000
2018-12-13 13:33:45.800000,1.13463,1.1346,1620000,3700000
2018-12-13 13:33:46.336000,1.13463,1.1346,3310000,1250000
2018-12-13 13:33:46.858000,1.13463,1.13459,3370000,2060000
2018-12-13 13:33:47.423000,1.13462,1.13458,3370000,2440000
2018-12-13 13:33:47.736000,1.13457,1.13453,2620000,4010000
2018-12-13 13:33:48.103000,1.13454,1.13451,1120000,3850000
2018-12-13 13:33:48.384000,1.13452,1.13449,2870000,1500000
2018-12-13 13:33:48.829000,1.1345,1.13448,1620000,1690000
2018-12-13 13:33:49.225000,1.13451,1.13449,1250000,2500000
2018-12-13 13:33:49.278000,1.13453,1.13451,4950000,1250000
2018-12-13 13:33:49.436000,1.13451,1.1345,1120000,1250000
2018-12-13 13:33:49.597000,1.13451,1.13447,2120000,3640000
2018-12-13 13:33:49.703000,1.13453,1.13451,2120000,2250000
2018-12-13 13:33:49.756000,1.13453,1.13452,1250000,1500000
2018-12-13 13:33:49.860000,1.13456,1.13452,3450000,1690000
2018-12-13 13:33:50.514000,1.13454,1.13452,1250000,1000000
2018-12-13 13:33:50.567000,1.13456,1.13452,3760000,1250000
2018-12-13 13:33:50.723000,1.13453,1.13451,1000000,1310000
2018-12-13 13:33:51.025000,1.13455,1.13453,1120000,1000000
2018-12-13 13:33:51.576000,1.13455,1.13452,1120000,1250000
2018-12-13 13:33:52.145000,1.13455,1.13453,1120000,1250000
2018-12-13 13:33:52.197000,1.13457,1.13453,2890000,1250000
2018-12-13 13:33:52.510000,1.13458,1.13454,3690000,3250000
2018-12-13 13:33:53.039000,1.13458,1.13455,1310000,1250000
2018-12-13 13:33:53.573000,1.13458,1.13454,1370000,4310000
2018-12-13 13:33:53.909000,1.13461,1.13458,1750000,1870000
2018-12-13 13:33:54.428000,1.13462,1.13459,1750000,1000000
2018-12-13 13:33:54.724000,1.1346,1.13456,3760000,1500000
2018-12-13 13:33:55.225000,1.13457,1.13454,1250000,1310000
2018-12-13 13:33:56.069000,1.13457,1.13453,2060000,1870000
2018-12-13 13:33:56.465000,1.13458,1.13454,1310000,3320000
2018-12-13 13:33:56.980000,1.13459,1.13455,1120000,1120000
2018-12-13 13:33:57.296000,1.13457,1.13453,1870000,2870000
2018-12-13 13:33:57.865000,1.13456,1.13453,1000000,2060000
2018-12-13 13:33:58.325000,1.13453,1.13451,1500000,4820000
2018-12-13 13:33:58.377000,1.13452,1.13448,1870000,8050000
2018-12-13 13:33:58.439000,1.13452,1.13448,2120000,2060000
2018-12-13 13:33:58.723000,1.13449,1.13447,1000000,1390000
2018-12-13 13:33:59.320000,1.1345,1.13447,1310000,1250000
2018-12-13 13:33:59.644000,1.13452,1.13449,1750000,1000000
2018-12-13 13:33:59.985000,1.13452,1.1345,1000000,1310000
2018-12-13 13:34:00.038000,1.13455,1.13452,1750000,1000000
2018-12-13 13:34:00.248000,1.13453,1.13451,1000000,2810000
2018-12-13 13:34:00.468000,1.1345,1.13446,2060000,5350000
2018-12-13 13:34:00.521000,1.13449,1.13447,1000000,1250000
2018-12-13 13:34:00.574000,1.1345,1.13447,1310000,1250000
2018-12-13 13:34:01.114000,1.13449,1.13445,1310000,3700000
2018-12-13 13:34:01.333000,1.13447,1.13444,1500000,1950000
2018-12-13 13:34:01.797000,1.1345,1.13447,2060000,1000000
2018-12-13 13:34:02.189000,1.13448,1.13445,1500000,1820000
2018-12-13 13:34:02.242000,1.13447,1.13443,1000000,1450000
2018-12-13 13:34:02.346000,1.13448,1.13446,1310000,1000000
2018-12-13 13:34:02.885000,1.13449,1.13445,2810000,1820000
2018-12-13 13:34:03.204000,1.13446,1.13443,1750000,1000000
2018-12-13 13:34:03.309000,1.13448,1.13444,4570000,1690000
2018-12-13 13:34:03.558000,1.13444,1.13441,1250000,2590000
2018-12-13 13:34:04.094000,1.13444,1.13441,1250000,1010000
2018-12-13 13:34:04.579000,1.13447,1.13444,1310000,1250000
2018-12-13 13:34:04.968000,1.1345,1.13446,2120000,2060000
2018-12-13 13:34:05.533000,1.13445,1.13444,1690000,2630000
2018-12-13 13:34:05.687000,1.13444,1.13441,1870000,1000000
2018-12-13 13:34:06.366000,1.13445,1.13441,4570000,1500000
2018-12-13 13:34:06.907000,1.13445,1.13441,3070000,1690000
2018-12-13 13:34:07.034000,1.13445,1.13443,1510000,1000000
2018-12-13 13:34:07.294000,1.13445,1.13441,2060000,2320000
2018-12-13 13:34:07.818000,1.13445,1.13442,2060000,1000000
2018-12-13 13:34:08.155000,1.13444,1.13441,2370000,1500000
2018-12-13 13:34:08.312000,1.13445,1.13441,2060000,1750000
2018-12-13 13:34:08.666000,1.13448,1.13445,1970000,1250000
2018-12-13 13:34:08.956000,1.1345,1.13446,3370000,1760000
2018-12-13 13:34:09.461000,1.1345,1.13447,1810000,1760000
2018-12-13 13:34:10.649000,1.13451,1.13447,1750000,1250000
2018-12-13 13:34:11.694000,1.13449,1.13446,2500000,1220000
2018-12-13 13:34:11.804000,1.1345,1.13446,1690000,1250000
2018-12-13 13:34:12.533000,1.1345,1.13446,2870000,1390000
2018-12-13 13:34:13.069000,1.13446,1.13444,2120000,1870000
2018-12-13 13:34:13.121000,1.13446,1.13442,2870000,1390000
2018-12-13 13:34:13.225000,1.13447,1.13443,3760000,1250000
2018-12-13 13:34:13.461000,1.1345,1.13446,2250000,1250000
2018-12-13 13:34:13.644000,1.13446,1.13445,1310000,1000000
2018-12-13 13:34:13.697000,1.13445,1.13443,2060000,1950000
2018-12-13 13:34:14.198000,1.13446,1.13442,1250000,2590000
2018-12-13 13:34:14.461000,1.13449,1.13446,3970000,1250000
2018-12-13 13:34:14.567000,1.1345,1.13447,2060000,1250000
2018-12-13 13:34:16.444000,1.1345,1.13448,1120000,1000000
2018-12-13 13:34:16.951000,1.13451,1.13447,1870000,1250000
2018-12-13 13:34:17.269000,1.13452,1.13449,4060000,1690000
2018-12-13 13:34:17.375000,1.13453,1.13449,3000000,1250000
2018-12-13 13:34:17.509000,1.13453,1.13449,1120000,3620000
2018-12-13 13:34:17.564000,1.13452,1.13449,1000000,1570000
2018-12-13 13:34:17.618000,1.13453,1.13449,1500000,4070000
2018-12-13 13:34:17.725000,1.13455,1.13452,1310000,1250000
2018-12-13 13:34:18.243000,1.13457,1.13453,3370000,1250000
2018-12-13 13:34:18.914000,1.13455,1.13452,1250000,2060000
2018-12-13 13:34:19.020000,1.13453,1.13449,1690000,3470000
2018-12-13 13:34:19.333000,1.13455,1.13452,2950000,1000000
2018-12-13 13:34:19.862000,1.13455,1.13452,1310000,1250000
2018-12-13 13:34:21.459000,1.13457,1.13453,2620000,1000000
2018-12-13 13:34:23.464000,1.13457,1.13455,1250000,2250000
2018-12-13 13:34:23.518000,1.13459,1.13455,3820000,2440000
2018-12-13 13:34:23.755000,1.13458,1.13454,1810000,1250000
2018-12-13 13:34:24.067000,1.13459,1.13456,1000000,1690000
2018-12-13 13:34:24.410000,1.13457,1.13454,1120000,1250000
2018-12-13 13:34:24.993000,1.13457,1.13453,1310000,2060000
2018-12-13 13:34:25.510000,1.13457,1.13454,1120000,1250000
2018-12-13 13:34:25.862000,1.1346,1.13455,2260000,4370000
2018-12-13 13:34:25.916000,1.13461,1.13457,2810000,2870000
2018-12-13 13:34:26.355000,1.1346,1.13458,1810000,1000000
2018-12-13 13:34:26.566000,1.13459,1.13455,3560000,5200000
2018-12-13 13:34:26.735000,1.13461,1.13458,1310000,1250000
2018-12-13 13:34:27.294000,1.13462,1.13458,1250000,2570000
2018-12-13 13:34:29.363000,1.13464,1.13462,3370000,2500000
2018-12-13 13:34:29.419000,1.13468,1.13464,3820000,1250000
2018-12-13 13:34:29.767000,1.13465,1.13463,1000000,1690000
2018-12-13 13:34:29.872000,1.13464,1.13461,1250000,1250000
2018-12-13 13:34:30.374000,1.13465,1.13462,1690000,1250000
2018-12-13 13:34:30.588000,1.13463,1.1346,1690000,1250000
2018-12-13 13:34:31.159000,1.13464,1.13461,1310000,1250000
2018-12-13 13:34:33.841000,1.13465,1.13462,3620000,1000000
2018-12-13 13:34:34.355000,1.13464,1.1346,1810000,1450000
2018-12-13 13:34:34.867000,1.13465,1.13462,3370000,1000000
2018-12-13 13:34:35.181000,1.13466,1.13464,1000000,2440000
2018-12-13 13:34:35.476000,1.13467,1.13463,1000000,1250000
2018-12-13 13:34:35.683000,1.13468,1.13464,2140000,1250000
2018-12-13 13:34:36.197000,1.13469,1.13466,3370000,1000000
2018-12-13 13:34:36.743000,1.13469,1.13465,2620000,1390000
2018-12-13 13:34:37.064000,1.13466,1.13463,1250000,2510000
2018-12-13 13:34:37.423000,1.13464,1.13461,2060000,1690000
2018-12-13 13:34:37.980000,1.13465,1.13463,1120000,1250000
2018-12-13 13:34:38.137000,1.13467,1.13464,1120000,1200000
2018-12-13 13:34:38.191000,1.13465,1.13464,1870000,1000000
2018-12-13 13:34:38.282000,1.13464,1.13461,1000000,2570000
2018-12-13 13:34:38.335000,1.13462,1.1346,1000000,1970000
2018-12-13 13:34:38.922000,1.13462,1.13459,1000000,2570000
2018-12-13 13:34:39.458000,1.13461,1.13458,1000000,1370000
2018-12-13 13:34:40.517000,1.13463,1.13458,2620000,3700000
2018-12-13 13:34:41.078000,1.13463,1.1346,2120000,1000000
2018-12-13 13:34:41.616000,1.13463,1.1346,1310000,1250000
2018-12-13 13:34:43.258000,1.13462,1.1346,1000000,1250000
2018-12-13 13:34:43.804000,1.13462,1.13458,1250000,3820000
2018-12-13 13:34:44.341000,1.13461,1.13458,1000000,2200000
2018-12-13 13:34:44.887000,1.13461,1.13458,1690000,1250000
2018-12-13 13:34:45.405000,1.13462,1.13458,1310000,1450000
2018-12-13 13:34:45.832000,1.13464,1.1346,4060000,2200000
2018-12-13 13:34:46.369000,1.13465,1.13462,1370000,1000000
2018-12-13 13:34:46.889000,1.13466,1.13463,3000000,1000000
2018-12-13 13:34:47.048000,1.13469,1.13465,3370000,1250000
2018-12-13 13:34:47.694000,1.13469,1.13466,1370000,1000000
2018-12-13 13:34:48.193000,1.13471,1.13468,1370000,1500000
2018-12-13 13:34:48.736000,1.13471,1.13467,1870000,1690000
2018-12-13 13:34:50.139000,1.1347,1.13466,2500000,1390000
2018-12-13 13:34:50.677000,1.1347,1.13467,3940000,1000000
2018-12-13 13:34:51.560000,1.13468,1.13465,1310000,1690000
2018-12-13 13:34:51.876000,1.1347,1.13467,2120000,1000000
2018-12-13 13:34:52.422000,1.13471,1.13467,4120000,1250000
2018-12-13 13:34:52.942000,1.1347,1.13467,2870000,1500000
2018-12-13 13:34:53.911000,1.1347,1.13466,3370000,3190000
2018-12-13 13:34:54.424000,1.1347,1.13467,3370000,1000000
2018-12-13 13:34:55.396000,1.1347,1.13468,1310000,1000000
2018-12-13 13:34:55.757000,1.13468,1.13467,1120000,1500000
2018-12-13 13:34:56.270000,1.13469,1.13466,1690000,3940000
2018-12-13 13:34:56.797000,1.13469,1.13466,3070000,1000000
2018-12-13 13:34:57.344000,1.1347,1.13467,3620000,1500000
2018-12-13 13:34:57.850000,1.1347,1.13466,4070000,3190000
2018-12-13 13:34:58.396000,1.1347,1.13467,3560000,1250000
2018-12-13 13:34:58.915000,1.1347,1.13466,4370000,3190000
2018-12-13 13:34:59.431000,1.13468,1.13466,1120000,1250000
2018-12-13 13:34:59.933000,1.13468,1.13465,1310000,2440000
2018-12-13 13:35:00.440000,1.13466,1.13464,1000000,2250000
2018-12-13 13:35:00.545000,1.13463,1.1346,1250000,3190000
2018-12-13 13:35:01.079000,1.13462,1.13459,2060000,1250000
2018-12-13 13:35:01.185000,1.1346,1.13458,1250000,2620000
2018-12-13 13:35:01.720000,1.13461,1.13459,1870000,1000000
2018-12-13 13:35:02.136000,1.13459,1.13457,1500000,1000000
2018-12-13 13:35:02.301000,1.13457,1.13454,1250000,2060000
2018-12-13 13:35:02.720000,1.13455,1.13452,1250000,2060000
2018-12-13 13:35:03.394000,1.13456,1.13453,3070000,1000000
2018-12-13 13:35:03.942000,1.13456,1.13452,3070000,1690000
2018-12-13 13:35:04.697000,1.13455,1.13453,1310000,1000000
2018-12-13 13:35:04.854000,1.13457,1.13454,1310000,1250000
2018-12-13 13:35:05.398000,1.13457,1.13453,2870000,1310000
2018-12-13 13:35:05.956000,1.13457,1.13454,2570000,1000000
2018-12-13 13:35:06.476000,1.13457,1.13454,1310000,1250000
2018-12-13 13:35:07.007000,1.13457,1.13453,2120000,2060000
2018-12-13 13:35:10.315000,1.13457,1.13454,2120000,1000000
2018-12-13 13:35:10.824000,1.13457,1.13453,2870000,2060000
2018-12-13 13:35:13.342000,1.13456,1.13454,1250000,1000000
2018-12-13 13:35:13.773000,1.13458,1.13456,2370000,1000000
2018-12-13 13:35:14.049000,1.13461,1.13458,2620000,1250000
2018-12-13 13:35:14.641000,1.13458,1.13457,1120000,1250000
2018-12-13 13:35:15.197000,1.13461,1.13458,1250000,1690000
2018-12-13 13:35:15.721000,1.13461,1.13456,1250000,3320000
2018-12-13 13:35:16.042000,1.13458,1.13455,1310000,3560000
2018-12-13 13:35:16.829000,1.13459,1.13456,4870000,1000000
2018-12-13 13:35:17.998000,1.1346,1.13458,1500000,1250000
2018-12-13 13:35:18.535000,1.13461,1.13457,1870000,2810000
2018-12-13 13:35:18.889000,1.13458,1.13456,1250000,3750000
2018-12-13 13:35:18.942000,1.13457,1.13454,1250000,3940000
2018-12-13 13:35:19.698000,1.13459,1.13457,1870000,1250000
2018-12-13 13:35:19.805000,1.13461,1.13457,2060000,2570000
2018-12-13 13:35:20.326000,1.13461,1.13457,2870000,1310000
2018-12-13 13:35:22.324000,1.13461,1.13458,1310000,1250000
2018-12-13 13:35:22.867000,1.13462,1.13458,3310000,1750000
2018-12-13 13:35:23.207000,1.13462,1.13459,1000000,2500000
2018-12-13 13:35:23.364000,1.13463,1.1346,1120000,1750000
2018-12-13 13:35:23.958000,1.13463,1.1346,2060000,1250000
2018-12-13 13:35:24.368000,1.13461,1.13459,1250000,1000000
2018-12-13 13:35:24.575000,1.1346,1.13457,2060000,1250000
2018-12-13 13:35:26.085000,1.13459,1.13457,1370000,1000000
2018-12-13 13:35:26.137000,1.13457,1.13455,1000000,1390000
2018-12-13 13:35:26.681000,1.13456,1.13453,1120000,3320000
2018-12-13 13:35:30.968000,1.13457,1.13454,1620000,2500000
2018-12-13 13:35:31.650000,1.13457,1.13454,1810000,1690000
2018-12-13 13:35:32.776000,1.13456,1.13452,1310000,4450000
2018-12-13 13:35:33.360000,1.13456,1.13453,1620000,1250000
2018-12-13 13:35:33.906000,1.13457,1.13453,1810000,2500000
2018-12-13 13:35:36.637000,1.13457,1.13454,1310000,3640000
2018-12-13 13:35:36.986000,1.1346,1.13456,1250000,1050000
2018-12-13 13:35:37.527000,1.13458,1.13456,1370000,1200000
2018-12-13 13:35:37.657000,1.13458,1.13454,1370000,2810000
2018-12-13 13:35:38.999000,1.13457,1.13456,1250000,1000000
2018-12-13 13:35:39.525000,1.13458,1.13455,1310000,2440000
2018-12-13 13:35:40.143000,1.13458,1.13455,1370000,2250000
2018-12-13 13:35:40.923000,1.13458,1.13455,1310000,1690000
2018-12-13 13:35:41.474000,1.13458,1.13455,1370000,1500000
2018-12-13 13:35:42.022000,1.13458,1.13455,1310000,2250000
2018-12-13 13:35:42.896000,1.13458,1.13455,1370000,2250000
2018-12-13 13:35:43.425000,1.13458,1.13455,1310000,2440000
2018-12-13 13:35:43.999000,1.13458,1.13455,1370000,2250000
2018-12-13 13:35:45.595000,1.13458,1.13455,2870000,1000000
2018-12-13 13:35:45.719000,1.13457,1.13453,2870000,2810000
2018-12-13 13:35:46.136000,1.13454,1.13452,1120000,1250000
2018-12-13 13:35:47.955000,1.13455,1.13452,1620000,1750000
2018-12-13 13:35:48.009000,1.13456,1.13453,1310000,1690000
2018-12-13 13:35:49.745000,1.13457,1.13454,2120000,1000000
2018-12-13 13:35:49.850000,1.13458,1.13454,3220000,4000000
2018-12-13 13:35:50.390000,1.13458,1.13454,2940000,2500000
2018-12-13 13:35:50.920000,1.13458,1.13455,1000000,2500000
2018-12-13 13:35:51.196000,1.13459,1.13457,1500000,2440000
2018-12-13 13:35:51.354000,1.13462,1.13458,4570000,1000000
2018-12-13 13:35:51.617000,1.13462,1.13459,1620000,2500000
2018-12-13 13:35:51.976000,1.13462,1.13458,4700000,1690000
2018-12-13 13:35:52.632000,1.13459,1.13456,1000000,1820000
2018-12-13 13:35:54.734000,1.13461,1.13458,5290000,2440000
2018-12-13 13:35:54.979000,1.13462,1.13459,1390000,1250000
2018-12-13 13:35:55.239000,1.13459,1.13456,1570000,1750000
2018-12-13 13:35:55.291000,1.13457,1.13454,1250000,3560000
2018-12-13 13:35:55.406000,1.13459,1.13456,1870000,4000000
2018-12-13 13:35:55.720000,1.13462,1.13459,1750000,2440000
2018-12-13 13:35:56.058000,1.13463,1.13461,1000000,1250000
2018-12-13 13:35:56.111000,1.13464,1.13461,1760000,1250000
2018-12-13 13:35:57.331000,1.13463,1.1346,1250000,2620000
2018-12-13 13:35:57.644000,1.13462,1.13458,1370000,3560000
2018-12-13 13:35:58.374000,1.13463,1.13458,4120000,2120000
2018-12-13 13:35:58.667000,1.13463,1.1346,1700000,2500000
2018-12-13 13:35:59.188000,1.13463,1.1346,1810000,1250000
2018-12-13 13:36:00.531000,1.13462,1.13459,1370000,1500000
2018-12-13 13:36:01.077000,1.13461,1.13458,1250000,2810000
2018-12-13 13:36:01.660000,1.13462,1.13459,1310000,1690000
2018-12-13 13:36:02.200000,1.13463,1.1346,1370000,1000000
2018-12-13 13:36:02.721000,1.13463,1.13459,1870000,3190000
2018-12-13 13:36:03.263000,1.13463,1.1346,1370000,1000000
2018-12-13 13:36:03.771000,1.13464,1.1346,1810000,4000000
2018-12-13 13:36:04.274000,1.13464,1.13461,1310000,1690000
2018-12-13 13:36:04.892000,1.13464,1.1346,2060000,3450000
2018-12-13 13:36:05.412000,1.13463,1.1346,1310000,2440000
2018-12-13 13:36:08.025000,1.13464,1.13462,1250000,1000000
2018-12-13 13:36:08.194000,1.13467,1.13465,1310000,1000000
2018-12-13 13:36:08.703000,1.13469,1.13466,1250000,1000000
2018-12-13 13:36:09.444000,1.1347,1.13466,1010000,6750000
2018-12-13 13:36:09.654000,1.13472,1.1347,1580000,2690000
2018-12-13 13:36:09.945000,1.13474,1.13471,4200000,1690000
2018-12-13 13:36:10.492000,1.13473,1.13471,1250000,1000000
2018-12-13 13:36:10.702000,1.13471,1.13468,1310000,3070000
2018-12-13 13:36:11.012000,1.13472,1.13471,1100000,1250000
2018-12-13 13:36:11.554000,1.13474,1.13471,1250000,1250000
2018-12-13 13:36:12.089000,1.13475,1.13472,1810000,1250000
2018-12-13 13:36:13.774000,1.13476,1.13473,1000000,1500000
2018-12-13 13:36:14.294000,1.13476,1.13472,1000000,4310000
2018-12-13 13:36:14.840000,1.13476,1.13473,1000000,1000000
2018-12-13 13:36:15.369000,1.13476,1.13472,1250000,3560000
2018-12-13 13:36:17.101000,1.13475,1.13471,1750000,1690000
2018-12-13 13:36:17.615000,1.13474,1.1347,2700000,2440000
2018-12-13 13:36:18.156000,1.13474,1.13471,1250000,2440000
2018-12-13 13:36:18.700000,1.13475,1.13472,2810000,1250000
2018-12-13 13:36:21.102000,1.13474,1.13471,1000000,2500000
2018-12-13 13:36:21.948000,1.13475,1.13471,3560000,2500000
2018-12-13 13:36:22.160000,1.13473,1.13471,1870000,1000000
2018-12-13 13:36:22.329000,1.13471,1.13469,2140000,1000000
2018-12-13 13:36:22.542000,1.13474,1.13471,1870000,1500000
2018-12-13 13:36:23.081000,1.13474,1.13471,3310000,1000000
2018-12-13 13:36:23.822000,1.13474,1.13472,1250000,1000000
2018-12-13 13:36:24.179000,1.13475,1.13472,1310000,2810000
2018-12-13 13:36:24.693000,1.13476,1.13473,1310000,1250000
2018-12-13 13:36:25.267000,1.13475,1.13473,1250000,1000000
2018-12-13 13:36:25.474000,1.13475,1.13471,3250000,2810000
2018-12-13 13:36:25.977000,1.13475,1.13471,2810000,3250000
2018-12-13 13:36:26.590000,1.13475,1.13474,1310000,1000000
2018-12-13 13:36:26.852000,1.13482,1.13478,2810000,2720000
2018-12-13 13:36:27.026000,1.1349,1.13488,1120000,1000000
2018-12-13 13:36:27.397000,1.13491,1.1349,2140000,1000000
2018-12-13 13:36:27.452000,1.13489,1.13486,1690000,1390000
2018-12-13 13:36:27.766000,1.13488,1.13486,1250000,1500000
2018-12-13 13:36:28.184000,1.1349,1.13486,3690000,3250000
2018-12-13 13:36:28.289000,1.13493,1.13489,4820000,2250000
2018-12-13 13:36:28.794000,1.13493,1.1349,1000000,2440000
2018-12-13 13:36:29.042000,1.13494,1.13493,1500000,1120000
2018-12-13 13:36:29.353000,1.13498,1.13495,1120000,3100000
2018-12-13 13:36:29.617000,1.13496,1.13495,1000000,2250000
2018-12-13 13:36:29.674000,1.13496,1.13492,1760000,4500000
2018-12-13 13:36:29.806000,1.13499,1.13496,1350000,3370000
2018-12-13 13:36:29.858000,1.135,1.13497,2140000,1690000
2018-12-13 13:36:29.963000,1.135,1.13498,1010000,2370000
2018-12-13 13:36:30.068000,1.135,1.13497,1690000,2060000
2018-12-13 13:36:30.259000,1.13495,1.13492,1120000,1370000
2018-12-13 13:36:30.422000,1.13495,1.13491,2120000,2060000
2018-12-13 13:36:30.538000,1.13495,1.13493,1370000,1000000
2018-12-13 13:36:30.987000,1.13494,1.1349,1250000,3310000
2018-12-13 13:36:31.505000,1.13494,1.1349,2500000,1250000
2018-12-13 13:36:31.611000,1.13494,1.13493,1250000,1000000
2018-12-13 13:36:31.837000,1.13497,1.13495,1000000,1500000
2018-12-13 13:36:32.049000,1.13495,1.13494,1000000,1100000
2018-12-13 13:36:32.102000,1.13496,1.13492,1310000,5220000
2018-12-13 13:36:32.617000,1.13495,1.13492,1690000,1310000
2018-12-13 13:36:32.777000,1.13493,1.13492,1000000,1000000
2018-12-13 13:36:32.939000,1.13496,1.13494,1200000,1000000
2018-12-13 13:36:33.049000,1.13496,1.13495,1250000,1000000
2018-12-13 13:36:33.102000,1.13495,1.13493,1690000,2320000
2018-12-13 13:36:33.258000,1.13493,1.13491,1000000,1870000
2018-12-13 13:36:33.636000,1.13495,1.13493,1000000,2440000
2018-12-13 13:36:33.847000,1.13493,1.13491,1000000,1000000
2018-12-13 13:36:34.171000,1.13499,1.13496,1000000,2500000
2018-12-13 13:36:35.079000,1.13498,1.13496,1250000,1000000
2018-12-13 13:36:35.502000,1.135,1.13496,2810000,2870000
2018-12-13 13:36:36.026000,1.13499,1.13497,1250000,1000000
2018-12-13 13:36:36.631000,1.13503,1.13499,5920000,4120000
2018-12-13 13:36:36.685000,1.13505,1.13502,4390000,2060000
2018-12-13 13:36:36.846000,1.13507,1.13503,1000000,6160000
2018-12-13 13:36:37.360000,1.13508,1.13504,3260000,3620000
2018-12-13 13:36:37.905000,1.13508,1.13503,2570000,3750000
2018-12-13 13:36:38.454000,1.13508,1.13503,1310000,5860000
2018-12-13 13:36:38.975000,1.13508,1.13505,1250000,1310000
2018-12-13 13:36:39.515000,1.13508,1.13505,2120000,1000000
2018-12-13 13:36:39.861000,1.13509,1.13506,1250000,1250000
2018-12-13 13:36:39.915000,1.13507,1.13505,1000000,2250000
2018-12-13 13:36:40.240000,1.13499,1.13497,1000000,1250000
2018-12-13 13:36:40.399000,1.13501,1.13498,1250000,3260000
2018-12-13 13:36:40.786000,1.13504,1.13502,1000000,1870000
2018-12-13 13:36:40.891000,1.13502,1.135,1000000,1350000
2018-12-13 13:36:41.005000,1.13501,1.13499,1000000,1200000
2018-12-13 13:36:41.489000,1.13503,1.13499,1810000,2950000
2018-12-13 13:36:41.543000,1.13504,1.13503,1000000,1000000
2018-12-13 13:36:41.933000,1.13506,1.13503,1500000,2950000
2018-12-13 13:36:42.267000,1.13508,1.13504,2060000,1250000
2018-12-13 13:36:42.796000,1.13508,1.13505,1370000,1000000
2018-12-13 13:36:43.338000,1.13508,1.13504,1000000,6200000
2018-12-13 13:36:43.876000,1.1351,1.13506,6070000,1690000
2018-12-13 13:36:44.532000,1.1351,1.13505,2190000,5060000
2018-12-13 13:36:44.637000,1.13511,1.13507,2250000,1000000
2018-12-13 13:36:45.184000,1.13512,1.13508,1250000,2890000
2018-12-13 13:36:45.577000,1.13514,1.13511,1370000,3750000
2018-12-13 13:36:46.117000,1.13514,1.1351,1370000,2510000
2018-12-13 13:36:46.558000,1.13518,1.13517,4310000,1000000
2018-12-13 13:36:46.667000,1.13523,1.1352,3470000,3220000
2018-12-13 13:36:46.721000,1.13522,1.1352,1750000,1120000
2018-12-13 13:36:46.827000,1.13522,1.13518,2870000,2250000
2018-12-13 13:36:47.217000,1.13523,1.13519,1870000,3260000
2018-12-13 13:36:47.331000,1.13524,1.13521,1250000,2620000
2018-12-13 13:36:47.655000,1.13528,1.13525,1120000,2250000
2018-12-13 13:36:48.161000,1.13529,1.13527,1390000,1000000
2018-12-13 13:36:48.505000,1.1353,1.13529,1000000,1690000
2018-12-13 13:36:48.782000,1.13533,1.1353,2620000,2120000
2018-12-13 13:36:49.331000,1.1353,1.13527,2810000,2000000
2018-12-13 13:36:49.869000,1.13533,1.1353,1450000,1000000
2018-12-13 13:36:50.608000,1.13533,1.13531,1250000,1000000
2018-12-13 13:36:51.119000,1.13533,1.1353,1390000,1200000
2018-12-13 13:36:51.455000,1.13528,1.13526,1000000,1250000
2018-12-13 13:36:52.007000,1.13531,1.13529,2810000,1000000
2018-12-13 13:36:52.163000,1.13532,1.1353,1250000,1000000
2018-12-13 13:36:52.693000,1.13533,1.1353,1250000,4390000
2018-12-13 13:36:53.229000,1.13534,1.13531,1370000,1000000
2018-12-13 13:36:53.787000,1.13535,1.13531,3070000,1690000
2018-12-13 13:36:54.325000,1.13535,1.13531,1310000,2870000
2018-12-13 13:36:55.552000,1.13536,1.13532,3640000,4870000
2018-12-13 13:36:55.605000,1.13535,1.13533,1250000,1000000
2018-12-13 13:36:55.761000,1.13536,1.13534,2250000,1000000
2018-12-13 13:36:55.816000,1.13537,1.13536,1000000,1250000
2018-12-13 13:36:55.869000,1.13541,1.13539,1970000,1500000
2018-12-13 13:36:55.924000,1.13544,1.13542,1950000,1370000
2018-12-13 13:36:56.074000,1.13542,1.13539,1000000,3390000
2018-12-13 13:36:56.126000,1.13544,1.13541,4870000,1000000
2018-12-13 13:36:56.232000,1.13545,1.13542,3070000,1690000
2018-12-13 13:36:56.773000,1.13547,1.13543,4160000,1000000
2018-12-13 13:36:57.293000,1.13546,1.13543,1250000,1000000
2018-12-13 13:36:59.168000,1.13547,1.13545,1250000,1000000
2018-12-13 13:36:59.611000,1.13547,1.13543,2060000,2440000
2018-12-13 13:36:59.717000,1.13544,1.13541,1250000,1250000
2018-12-13 13:37:00.048000,1.13541,1.13537,1250000,2510000
2018-12-13 13:37:00.311000,1.1354,1.13536,1370000,2440000
2018-12-13 13:37:00.691000,1.13541,1.13538,1250000,1870000
2018-12-13 13:37:00.916000,1.13543,1.13539,2120000,2510000
2018-12-13 13:37:01.135000,1.1354,1.13538,1250000,1500000
2018-12-13 13:37:01.590000,1.1354,1.13536,1250000,2810000
2018-12-13 13:37:02.035000,1.13541,1.13538,2950000,1000000
2018-12-13 13:37:02.441000,1.13543,1.1354,2640000,1250000
2018-12-13 13:37:03.043000,1.13543,1.1354,2810000,3190000
2018-12-13 13:37:03.565000,1.13542,1.1354,1000000,1250000
2018-12-13 13:37:04.101000,1.13543,1.13541,1310000,1000000
2018-12-13 13:37:04.429000,1.13542,1.1354,1250000,1870000
2018-12-13 13:37:04.537000,1.13541,1.13537,2500000,1950000
2018-12-13 13:37:04.745000,1.13541,1.13538,1250000,1310000
2018-12-13 13:37:05.025000,1.13542,1.1354,1000000,1000000
2018-12-13 13:37:05.238000,1.13544,1.1354,1250000,3620000
2018-12-13 13:37:05.652000,1.13547,1.13543,9550000,1000000
2018-12-13 13:37:05.757000,1.13547,1.13543,1870000,1870000
2018-12-13 13:37:06.273000,1.13547,1.13544,3320000,1000000
2018-12-13 13:37:06.772000,1.13543,1.13541,1000000,1750000
2018-12-13 13:37:06.825000,1.13543,1.1354,3370000,2250000
2018-12-13 13:37:06.953000,1.13541,1.13538,1250000,1000000
2018-12-13 13:37:07.464000,1.1354,1.13538,1000000,2870000
2018-12-13 13:37:07.516000,1.13542,1.13538,1010000,2810000
2018-12-13 13:37:07.569000,1.1354,1.13537,1000000,4870000
2018-12-13 13:37:08.089000,1.13542,1.13538,2140000,1310000
2018-12-13 13:37:08.196000,1.1354,1.13537,1000000,4870000
2018-12-13 13:37:08.249000,1.13542,1.13537,2140000,4120000
2018-12-13 13:37:08.419000,1.13543,1.13542,2330000,1000000
2018-12-13 13:37:08.474000,1.13546,1.13542,2420000,3000000
2018-12-13 13:37:08.681000,1.13547,1.13543,3190000,1250000
2018-12-13 13:37:09.096000,1.13545,1.13542,1250000,2060000
2018-12-13 13:37:09.730000,1.13546,1.13542,1760000,1250000
2018-12-13 13:37:10.273000,1.13546,1.13543,1250000,1500000
2018-12-13 13:37:10.860000,1.13545,1.13542,1000000,2140000
2018-12-13 13:37:11.172000,1.1354,1.13537,1250000,1760000
2018-12-13 13:37:11.489000,1.13538,1.13535,1250000,3640000
2018-12-13 13:37:11.837000,1.13534,1.13531,1250000,1250000
2018-12-13 13:37:11.993000,1.13536,1.13532,3260000,1000000
2018-12-13 13:37:12.496000,1.13535,1.13532,1000000,1000000
2018-12-13 13:37:12.601000,1.13537,1.13534,3700000,1000000
2018-12-13 13:37:12.707000,1.1354,1.13536,5600000,1000000
2018-12-13 13:37:13.053000,1.13542,1.1354,1100000,2060000
2018-12-13 13:37:13.105000,1.13544,1.1354,1820000,3690000
2018-12-13 13:37:13.486000,1.13546,1.13542,1870000,1690000
2018-12-13 13:37:13.644000,1.13547,1.13544,2700000,1000000
2018-12-13 13:37:14.031000,1.13546,1.13542,1250000,3560000
2018-12-13 13:37:14.561000,1.13545,1.13542,1000000,1120000
2018-12-13 13:37:15.100000,1.13545,1.13541,2070000,3940000
2018-12-13 13:37:15.645000,1.13545,1.13542,1950000,1000000
2018-12-13 13:37:16.167000,1.13545,1.13542,2570000,1000000
2018-12-13 13:37:16.923000,1.13545,1.13541,2950000,1310000
2018-12-13 13:37:17.226000,1.13545,1.13543,1350000,1000000
2018-12-13 13:37:17.331000,1.13546,1.13543,1250000,1000000
2018-12-13 13:37:17.868000,1.13547,1.13542,2970000,3370000
2018-12-13 13:37:18.256000,1.13545,1.13541,1750000,3640000
2018-12-13 13:37:18.780000,1.13545,1.13541,1760000,2870000
2018-12-13 13:37:20.096000,1.13544,1.13541,1000000,2870000
2018-12-13 13:37:20.651000,1.13544,1.13541,1690000,2060000
2018-12-13 13:37:22.366000,1.1354,1.13539,1250000,1120000
2018-12-13 13:37:22.421000,1.1354,1.13538,1500000,2250000
2018-12-13 13:37:22.529000,1.13539,1.13535,1690000,2250000
2018-12-13 13:37:22.628000,1.13539,1.13538,1250000,1500000
2018-12-13 13:37:22.682000,1.13542,1.13539,2850000,1250000
2018-12-13 13:37:22.736000,1.13543,1.1354,2890000,1250000
2018-12-13 13:37:22.790000,1.13542,1.13538,3620000,2440000
2018-12-13 13:37:23.103000,1.1354,1.13537,2500000,1120000
2018-12-13 13:37:23.627000,1.1354,1.13536,2890000,1370000
2018-12-13 13:37:24.175000,1.13539,1.13535,1250000,5100000
2018-12-13 13:37:25.401000,1.1354,1.13535,2950000,4810000
2018-12-13 13:37:26.420000,1.1354,1.13536,1760000,3250000
2018-12-13 13:37:26.957000,1.1354,1.13536,2200000,1690000
2018-12-13 13:37:28.307000,1.13542,1.13539,2100000,1500000
2018-12-13 13:37:28.414000,1.13539,1.13536,1250000,4760000
2018-12-13 13:37:28.521000,1.1354,1.13538,1010000,2120000
2018-12-13 13:37:28.629000,1.13544,1.13541,9070000,1250000
2018-12-13 13:37:28.749000,1.13543,1.13541,3570000,1000000
2018-12-13 13:37:28.906000,1.13544,1.1354,5510000,3620000
2018-12-13 13:37:29.468000,1.13543,1.1354,1250000,2810000
2018-12-13 13:37:30.101000,1.13544,1.13541,1570000,1870000
2018-12-13 13:37:30.605000,1.13544,1.13542,1000000,1000000
2018-12-13 13:37:30.861000,1.13546,1.13542,3940000,2370000
2018-12-13 13:37:31.366000,1.13545,1.13542,1120000,1000000
2018-12-13 13:37:32.236000,1.13544,1.13542,1000000,1250000
2018-12-13 13:37:32.288000,1.13546,1.13542,4010000,1250000
2018-12-13 13:37:32.548000,1.13547,1.13545,2570000,1500000
2018-12-13 13:37:32.664000,1.13548,1.13546,1200000,1250000
2018-12-13 13:37:32.877000,1.13547,1.13543,1750000,3190000
2018-12-13 13:37:32.931000,1.13547,1.13545,1500000,1750000
2018-12-13 13:37:33.136000,1.13547,1.13543,2950000,1310000
2018-12-13 13:37:33.689000,1.13545,1.13542,1010000,1310000
2018-12-13 13:37:33.903000,1.13543,1.13541,1000000,1750000
2018-12-13 13:37:34.439000,1.13544,1.13541,1250000,2440000
2018-12-13 13:37:35.145000,1.13545,1.13542,1760000,1250000
2018-12-13 13:37:35.674000,1.13546,1.13543,1010000,1690000
2018-12-13 13:37:36.655000,1.13548,1.13547,1000000,1870000
2018-12-13 13:37:36.938000,1.13548,1.13545,1690000,1200000
2018-12-13 13:37:37.097000,1.13547,1.13543,1750000,3010000
2018-12-13 13:37:37.647000,1.13546,1.13542,1750000,1890000
2018-12-13 13:37:37.839000,1.13545,1.13541,1750000,4760000
2018-12-13 13:37:38.598000,1.13544,1.13541,3250000,1000000
2018-12-13 13:37:39.090000,1.13541,1.1354,1000000,1120000
2018-12-13 13:37:39.142000,1.13541,1.13538,2060000,3190000
2018-12-13 13:37:39.298000,1.13542,1.1354,2250000,1250000
2018-12-13 13:37:39.842000,1.13543,1.13541,1000000,1690000
2018-12-13 13:37:40.522000,1.13545,1.13541,3250000,2940000
2018-12-13 13:37:41.028000,1.13545,1.13541,1690000,2570000
2018-12-13 13:37:41.552000,1.13545,1.13541,1750000,1310000
2018-12-13 13:37:42.052000,1.13541,1.1354,1690000,1000000
2018-12-13 13:37:42.469000,1.13543,1.1354,3370000,1000000
2018-12-13 13:37:43.009000,1.13544,1.13541,3560000,1250000
2018-12-13 13:37:43.558000,1.13544,1.13541,1000000,1750000
2018-12-13 13:37:44.776000,1.13545,1.13542,2810000,1250000
2018-12-13 13:37:45.446000,1.13546,1.13543,7750000,1000000
2018-12-13 13:37:45.655000,1.13547,1.13545,6620000,3000000
2018-12-13 13:37:45.811000,1.13548,1.13545,1000000,1370000
2018-12-13 13:37:45.865000,1.13545,1.13544,1250000,2100000
2018-12-13 13:37:45.918000,1.13545,1.13541,2440000,2760000
2018-12-13 13:37:46.450000,1.13545,1.13541,4000000,1310000
2018-12-13 13:37:47.823000,1.13544,1.13541,1750000,1000000
2018-12-13 13:37:48.394000,1.13545,1.13542,3250000,1000000
2018-12-13 13:37:48.946000,1.13544,1.13541,1250000,1310000
2018-12-13 13:37:50.124000,1.13542,1.13541,1690000,1000000
2018-12-13 13:37:50.483000,1.13544,1.13541,3260000,1250000
2018-12-13 13:37:50.988000,1.13544,1.13541,1870000,1750000
2018-12-13 13:37:51.820000,1.13544,1.13541,1000000,2250000
2018-12-13 13:37:52.099000,1.13544,1.13543,1000000,1000000
2018-12-13 13:37:52.206000,1.13544,1.13541,1250000,2810000
2018-12-13 13:37:52.707000,1.13543,1.1354,1250000,5940000
2018-12-13 13:37:53.211000,1.13544,1.13541,2440000,2060000
2018-12-13 13:37:53.759000,1.13544,1.13542,1690000,1000000
2018-12-13 13:37:54.021000,1.13547,1.13546,1200000,1250000
2018-12-13 13:37:54.178000,1.13549,1.13547,1200000,2060000
2018-12-13 13:37:54.438000,1.13547,1.13546,1250000,1870000
2018-12-13 13:37:54.492000,1.13546,1.13543,2500000,1000000
2018-12-13 13:37:54.996000,1.13546,1.13543,1690000,1690000
2018-12-13 13:37:55.502000,1.13545,1.13542,1250000,1690000
2018-12-13 13:37:56.101000,1.13545,1.13543,1000000,1250000
2018-12-13 13:37:56.480000,1.13547,1.13544,1120000,2120000
2018-12-13 13:37:56.588000,1.13547,1.13543,2060000,1750000
2018-12-13 13:37:57.107000,1.13546,1.13543,1250000,1250000
2018-12-13 13:37:57.315000,1.13549,1.13546,5140000,2440000
2018-12-13 13:37:57.902000,1.13549,1.13547,2060000,3370000
2018-12-13 13:37:58.418000,1.1355,1.13547,3120000,7370000
2018-12-13 13:37:58.740000,1.13549,1.13545,3620000,3560000
2018-12-13 13:37:59.173000,1.1355,1.13547,3120000,1250000
2018-12-13 13:37:59.721000,1.1355,1.13547,3620000,2620000
2018-12-13 13:38:00.189000,1.13548,1.13545,2440000,1250000
2018-12-13 13:38:00.318000,1.13547,1.13543,1000000,4760000
2018-12-13 13:38:00.866000,1.13547,1.13543,3470000,1250000
2018-12-13 13:38:01.274000,1.13545,1.13542,2120000,2250000
2018-12-13 13:38:01.787000,1.13546,1.13543,2500000,1000000
2018-12-13 13:38:02.232000,1.13545,1.13541,2120000,3640000
2018-12-13 13:38:03.346000,1.13545,1.13541,4010000,2250000
2018-12-13 13:38:04.901000,1.13545,1.13542,1390000,1250000
2018-12-13 13:38:05.005000,1.13546,1.13544,1010000,1500000
2018-12-13 13:38:05.315000,1.13548,1.13547,1200000,1000000
2018-12-13 13:38:05.524000,1.13547,1.13545,1000000,1250000
2018-12-13 13:38:06.553000,1.13547,1.13543,1000000,3940000
2018-12-13 13:38:06.688000,1.13545,1.13541,1370000,3640000
2018-12-13 13:38:08.777000,1.13543,1.13541,1690000,1000000
2018-12-13 13:38:09.375000,1.13542,1.1354,1000000,1250000
2018-12-13 13:38:09.917000,1.13543,1.1354,2320000,1000000
2018-12-13 13:38:10.424000,1.13542,1.1354,1690000,1000000
2018-12-13 13:38:10.668000,1.13544,1.13541,1950000,1690000
2018-12-13 13:38:11.032000,1.13547,1.13545,5250000,1690000
2018-12-13 13:38:11.129000,1.13548,1.13545,1310000,2940000
2018-12-13 13:38:11.494000,1.13548,1.13544,2200000,3190000
2018-12-13 13:38:12.022000,1.13548,1.13545,1370000,2250000
2018-12-13 13:38:12.807000,1.13548,1.13545,1390000,2060000
2018-12-13 13:38:13.356000,1.13548,1.13545,1570000,2870000
2018-12-13 13:38:14.014000,1.13548,1.13545,2060000,2810000
2018-12-13 13:38:14.072000,1.13548,1.13547,1100000,1870000
2018-12-13 13:38:14.596000,1.1355,1.13547,2370000,2870000
2018-12-13 13:38:14.703000,1.13555,1.13553,21150000,1500000
2018-12-13 13:38:14.757000,1.13554,1.13553,4650000,1310000
2018-12-13 13:38:14.811000,1.13557,1.13555,2570000,1000000
2018-12-13 13:38:15.311000,1.13554,1.13551,1250000,1250000
2018-12-13 13:38:15.593000,1.13552,1.13548,1250000,3820000
2018-12-13 13:38:16.094000,1.13552,1.13548,1250000,2500000
2018-12-13 13:38:17.075000,1.13552,1.13548,1820000,2810000
2018-12-13 13:38:17.624000,1.13551,1.13547,1000000,3560000
2018-12-13 13:38:17.920000,1.13552,1.13549,1750000,1000000
2018-12-13 13:38:18.238000,1.13557,1.13554,1000000,2570000
2018-12-13 13:38:19.626000,1.13558,1.13555,1310000,1250000
2018-12-13 13:38:20.241000,1.13557,1.13554,1000000,2860000
2018-12-13 13:38:20.754000,1.13557,1.13554,1000000,1690000
2018-12-13 13:38:21.821000,1.13558,1.13555,1870000,1000000
2018-12-13 13:38:22.348000,1.13557,1.13554,1000000,1750000
2018-12-13 13:38:22.802000,1.13555,1.13554,1690000,1000000
2018-12-13 13:38:22.855000,1.13555,1.13552,1690000,1760000
2018-12-13 13:38:22.961000,1.13554,1.1355,1000000,5510000
2018-12-13 13:38:23.221000,1.13552,1.1355,1000000,3940000
2018-12-13 13:38:24.619000,1.13553,1.1355,4200000,1250000
2018-12-13 13:38:25.010000,1.13554,1.13551,1120000,1250000
2018-12-13 13:38:25.285000,1.13553,1.1355,3120000,1690000
2018-12-13 13:38:25.339000,1.13554,1.13552,1000000,1000000
2018-12-13 13:38:25.788000,1.13552,1.1355,1000000,1750000
2018-12-13 13:38:26.339000,1.13549,1.13547,3220000,1450000
2018-12-13 13:38:26.512000,1.13548,1.13546,1870000,1250000
2018-12-13 13:38:26.566000,1.13547,1.13545,1500000,1250000
2018-12-13 13:38:26.620000,1.13547,1.13544,3320000,3820000
2018-12-13 13:38:26.997000,1.13544,1.13541,1250000,1250000
2018-12-13 13:38:27.502000,1.13544,1.13541,2870000,1000000
2018-12-13 13:38:27.606000,1.13545,1.13541,3940000,2420000
2018-12-13 13:38:28.133000,1.13544,1.13541,1000000,2800000
2018-12-13 13:38:28.343000,1.13546,1.13544,2570000,1120000
2018-12-13 13:38:28.620000,1.13547,1.13544,1000000,1310000
2018-12-13 13:38:28.730000,1.13549,1.13547,3450000,1250000
2018-12-13 13:38:29.231000,1.13551,1.13547,5120000,4390000
2018-12-13 13:38:29.467000,1.13547,1.13546,1000000,1000000
2018-12-13 13:38:29.519000,1.13547,1.13543,1000000,5270000
2018-12-13 13:38:29.683000,1.13549,1.13544,2510000,5720000
2018-12-13 13:38:29.789000,1.13549,1.13547,1250000,1000000
2018-12-13 13:38:29.937000,1.1355,1.13547,1250000,2440000
2018-12-13 13:38:30.486000,1.13551,1.13548,1250000,1250000
2018-12-13 13:38:31.088000,1.13551,1.13549,1250000,1000000
2018-12-13 13:38:31.299000,1.13556,1.13554,1000000,1500000
2018-12-13 13:38:31.487000,1.13559,1.13556,9710000,1000000
2018-12-13 13:38:31.646000,1.13562,1.13561,3000000,1000000
2018-12-13 13:38:31.699000,1.13564,1.13562,7910000,1000000
2018-12-13 13:38:32.019000,1.13563,1.1356,1120000,3000000
2018-12-13 13:38:32.073000,1.1356,1.13559,1000000,1880000
2018-12-13 13:38:32.126000,1.1356,1.13556,1120000,3370000
2018-12-13 13:38:32.180000,1.13561,1.1356,1000000,1500000
2018-12-13 13:38:32.338000,1.13564,1.13561,1500000,1870000
2018-12-13 13:38:32.819000,1.13567,1.13565,4700000,1690000
2018-12-13 13:38:33.083000,1.13569,1.13566,3620000,1500000
2018-12-13 13:38:33.226000,1.13569,1.13566,1870000,3620000
2018-12-13 13:38:33.634000,1.13569,1.13566,2120000,3000000
2018-12-13 13:38:33.970000,1.13565,1.13563,2060000,2170000
2018-12-13 13:38:34.188000,1.13564,1.13561,1000000,2570000
2018-12-13 13:38:34.345000,1.13567,1.13565,1950000,1250000
2018-12-13 13:38:34.557000,1.13566,1.13562,1690000,2320000
2018-12-13 13:38:34.610000,1.13564,1.13562,1250000,1200000
2018-12-13 13:38:34.956000,1.13566,1.13564,1370000,1000000
2018-12-13 13:38:35.199000,1.13568,1.13566,1690000,1000000
2018-12-13 13:38:35.306000,1.13566,1.13564,1120000,1000000
2018-12-13 13:38:35.359000,1.13566,1.13562,1120000,3640000
2018-12-13 13:38:35.412000,1.13565,1.13562,2560000,1390000
2018-12-13 13:38:35.655000,1.13569,1.13566,1200000,1000000
2018-12-13 13:38:35.914000,1.13565,1.13563,1500000,1120000
2018-12-13 13:38:36.019000,1.13565,1.13561,1500000,1870000
2018-12-13 13:38:36.072000,1.13566,1.13565,1690000,1000000
2018-12-13 13:38:36.133000,1.1357,1.13568,9940000,2220000
2018-12-13 13:38:36.296000,1.13572,1.13571,7750000,1000000
2018-12-13 13:38:36.400000,1.1357,1.13568,1250000,1120000
2018-12-13 13:38:36.767000,1.13571,1.13566,4120000,2810000
2018-12-13 13:38:36.875000,1.13572,1.13568,2060000,1250000
2018-12-13 13:38:37.207000,1.1357,1.13568,1250000,1000000
2018-12-13 13:38:37.261000,1.1357,1.13566,2870000,1250000
2018-12-13 13:38:37.443000,1.1357,1.13568,1250000,1500000
2018-12-13 13:38:37.652000,1.1357,1.13566,2560000,3000000
2018-12-13 13:38:37.950000,1.13571,1.13568,3370000,1000000
2018-12-13 13:38:38.058000,1.1357,1.13566,2620000,4540000
2018-12-13 13:38:38.590000,1.13568,1.13566,1000000,1250000
2018-12-13 13:38:38.951000,1.1357,1.13566,1250000,3190000
2018-12-13 13:38:39.015000,1.13572,1.13568,7200000,1000000
2018-12-13 13:38:39.324000,1.13575,1.13573,3310000,1000000
2018-12-13 13:38:39.924000,1.13576,1.13574,2120000,1000000
2018-12-13 13:38:40.310000,1.1357,1.13568,1310000,2320000
2018-12-13 13:38:40.571000,1.13571,1.1357,1250000,1000000
2018-12-13 13:38:40.732000,1.13576,1.13573,3070000,1000000
2018-12-13 13:38:41.323000,1.13577,1.13573,2620000,1690000
2018-12-13 13:38:41.725000,1.13577,1.13575,1310000,1000000
2018-12-13 13:38:42.399000,1.13576,1.13574,1000000,1250000
2018-12-13 13:38:42.916000,1.13577,1.13573,2700000,1690000
2018-12-13 13:38:43.405000,1.13574,1.13572,1000000,2060000
2018-12-13 13:38:43.925000,1.13575,1.13571,3820000,1690000
2018-12-13 13:38:44.371000,1.13575,1.13573,1620000,1250000
2018-12-13 13:38:44.423000,1.13576,1.13573,1390000,1250000
2018-12-13 13:38:44.527000,1.13577,1.13575,1120000,1250000
2018-12-13 13:38:44.632000,1.13578,1.13573,2700000,1250000
2018-12-13 13:38:45.076000,1.13575,1.13572,1000000,5890000
2018-12-13 13:38:45.260000,1.13578,1.13574,3820000,1500000
2018-12-13 13:38:45.418000,1.13578,1.13576,1370000,1500000
2018-12-13 13:38:45.735000,1.13581,1.13579,2070000,1250000
2018-12-13 13:38:46.447000,1.13581,1.13579,1120000,1250000
2018-12-13 13:38:46.688000,1.13579,1.13575,1870000,1310000
2018-12-13 13:38:46.742000,1.1358,1.13577,4600000,1000000
2018-12-13 13:38:46.796000,1.13581,1.13579,1250000,1500000
2018-12-13 13:38:47.095000,1.13578,1.13575,1120000,3100000
2018-12-13 13:38:47.307000,1.13581,1.13577,4510000,1500000
2018-12-13 13:38:47.363000,1.13578,1.13575,1690000,1310000
2018-12-13 13:38:47.896000,1.13577,1.13575,1250000,1500000
2018-12-13 13:38:48.054000,1.13577,1.13573,1250000,2810000
2018-12-13 13:38:48.566000,1.13577,1.13574,2120000,1000000
2018-12-13 13:38:48.745000,1.13579,1.13576,3370000,1000000
2018-12-13 13:38:49.067000,1.13579,1.13578,1870000,1250000
2018-12-13 13:38:49.173000,1.13579,1.13577,1120000,1250000
2018-12-13 13:38:49.342000,1.13581,1.13579,2250000,1690000
2018-12-13 13:38:49.451000,1.13583,1.1358,1120000,1250000
2018-12-13 13:38:49.661000,1.13581,1.13578,2370000,2120000
2018-12-13 13:38:50.054000,1.1358,1.13577,1000000,1250000
2018-12-13 13:38:50.415000,1.1358,1.13577,1000000,1250000
2018-12-13 13:38:50.468000,1.13582,1.13579,3040000,1500000
2018-12-13 13:38:50.573000,1.1358,1.13577,1620000,1250000
2018-12-13 13:38:50.923000,1.13582,1.13579,1870000,1500000
2018-12-13 13:38:51.432000,1.13581,1.13579,1250000,1000000
2018-12-13 13:38:51.813000,1.1358,1.13577,1810000,1390000
2018-12-13 13:38:52.077000,1.13577,1.13575,1000000,1250000
2018-12-13 13:38:52.221000,1.13577,1.13574,1870000,1250000
2018-12-13 13:38:52.725000,1.13577,1.13573,2620000,1310000
2018-12-13 13:38:52.779000,1.13575,1.13573,2560000,1000000
2018-12-13 13:38:52.889000,1.13574,1.13571,1120000,1390000
2018-12-13 13:38:53.411000,1.13574,1.13572,1120000,1100000
2018-12-13 13:38:53.961000,1.13576,1.13573,1810000,1250000
2018-12-13 13:38:54.661000,1.13577,1.13573,2560000,1750000
2018-12-13 13:38:54.892000,1.13577,1.13575,1000000,1250000
2018-12-13 13:38:55.159000,1.13579,1.13577,1870000,1000000
2018-12-13 13:38:55.302000,1.13579,1.13576,1310000,1390000
2018-12-13 13:38:55.842000,1.1358,1.13577,1810000,1250000
2018-12-13 13:38:56.213000,1.13578,1.13575,1810000,1250000
2018-12-13 13:38:57.140000,1.13577,1.13575,1620000,1250000
2018-12-13 13:38:57.247000,1.13578,1.13575,1120000,1250000
2018-12-13 13:38:57.905000,1.13578,1.13574,1310000,2500000
2018-12-13 13:38:58.189000,1.13577,1.13574,1620000,1200000
2018-12-13 13:38:58.693000,1.13575,1.13572,1120000,1450000
2018-12-13 13:38:58.745000,1.13577,1.13574,2250000,1500000
2018-12-13 13:38:58.850000,1.13577,1.13574,1370000,3000000
2018-12-13 13:38:59.360000,1.13576,1.13573,1250000,1690000
2018-12-13 13:38:59.952000,1.13577,1.13573,2070000,2140000
2018-12-13 13:39:00.447000,1.13575,1.13572,2120000,1000000
2018-12-13 13:39:00.877000,1.13574,1.1357,1750000,2510000
2018-12-13 13:39:00.929000,1.13574,1.13571,1620000,1750000
2018-12-13 13:39:01.064000,1.13575,1.13572,2060000,1250000
2018-12-13 13:39:01.827000,1.13577,1.13573,3760000,1250000
2018-12-13 13:39:02.337000,1.13577,1.13574,1250000,1200000
2018-12-13 13:39:02.663000,1.13575,1.13573,1000000,1250000
2018-12-13 13:39:02.783000,1.13574,1.1357,1310000,3320000
2018-12-13 13:39:03.003000,1.13575,1.13573,2570000,1000000
2018-12-13 13:39:03.454000,1.13576,1.13573,1310000,1250000
2018-12-13 13:39:04.007000,1.13578,1.13575,2570000,1000000
2018-12-13 13:39:04.060000,1.13578,1.13575,1870000,1250000
2018-12-13 13:39:04.245000,1.13576,1.13573,1000000,1250000
2018-12-13 13:39:04.353000,1.13574,1.13571,1310000,1250000
2018-12-13 13:39:04.651000,1.13575,1.13573,1250000,1000000
2018-12-13 13:39:05.185000,1.13575,1.13572,1750000,1000000
2018-12-13 13:39:05.340000,1.13573,1.1357,1000000,1250000
2018-12-13 13:39:05.443000,1.13574,1.13572,1120000,1500000
2018-12-13 13:39:05.825000,1.13576,1.13574,1000000,1000000
2018-12-13 13:39:06.034000,1.13574,1.13571,1390000,1250000
2018-12-13 13:39:06.430000,1.13575,1.13573,1250000,1500000
2018-12-13 13:39:06.767000,1.13574,1.1357,2700000,1250000
2018-12-13 13:39:07.173000,1.13572,1.13569,3390000,1250000
2018-12-13 13:39:07.701000,1.13572,1.13568,3450000,1500000
2018-12-13 13:39:07.804000,1.13569,1.13566,1690000,2060000
2018-12-13 13:39:07.908000,1.13567,1.13564,1450000,1000000
2018-12-13 13:39:08.490000,1.13566,1.13563,3010000,1000000
2018-12-13 13:39:09.008000,1.13565,1.13562,1390000,1250000
2018-12-13 13:39:09.524000,1.13568,1.13565,3010000,1000000
2018-12-13 13:39:09.628000,1.13567,1.13563,2620000,1120000
2018-12-13 13:39:10.178000,1.13566,1.13563,1000000,1690000
2018-12-13 13:39:10.231000,1.13568,1.13565,4010000,1750000
2018-12-13 13:39:10.375000,1.13568,1.13564,1000000,2890000
2018-12-13 13:39:10.848000,1.13565,1.13563,1250000,1200000
2018-12-13 13:39:11.043000,1.13568,1.13564,4810000,1690000
2018-12-13 13:39:11.213000,1.13568,1.13566,1000000,1750000
2018-12-13 13:39:11.550000,1.13569,1.13565,5310000,1390000
2018-12-13 13:39:11.762000,1.1357,1.13567,2620000,1000000
2018-12-13 13:39:12.297000,1.13571,1.13566,4440000,3640000
2018-12-13 13:39:12.842000,1.13569,1.13566,1120000,2500000
2018-12-13 13:39:13.343000,1.1357,1.13567,1310000,2440000
2018-12-13 13:39:13.852000,1.1357,1.13566,3100000,2440000
2018-12-13 13:39:14.426000,1.13569,1.13567,1310000,1000000
2018-12-13 13:39:16.023000,1.1357,1.13566,1390000,3850000
2018-12-13 13:39:16.812000,1.13569,1.13566,1000000,4000000
2018-12-13 13:39:17.354000,1.13571,1.13567,4200000,1250000
2018-12-13 13:39:17.905000,1.13571,1.13568,2640000,1250000
2018-12-13 13:39:18.456000,1.1357,1.13568,1250000,1000000
2018-12-13 13:39:18.561000,1.1357,1.13567,1760000,1690000
2018-12-13 13:39:18.880000,1.13571,1.13569,1000000,1000000
2018-12-13 13:39:19.420000,1.13573,1.13569,2640000,3190000
2018-12-13 13:39:19.734000,1.13574,1.13571,2640000,1690000
2018-12-13 13:39:20.336000,1.13573,1.13569,2370000,1750000
2018-12-13 13:39:20.552000,1.13575,1.13571,3850000,1000000
2018-12-13 13:39:20.656000,1.13575,1.13573,1200000,1000000
2018-12-13 13:39:20.886000,1.13574,1.1357,1700000,1690000
2018-12-13 13:39:21.410000,1.13574,1.13571,2450000,1250000
2018-12-13 13:39:21.517000,1.13576,1.13573,1700000,1250000
2018-12-13 13:39:21.819000,1.13576,1.13575,1000000,1000000
2018-12-13 13:39:22.360000,1.13576,1.13574,1620000,1000000
2018-12-13 13:39:22.568000,1.13575,1.13571,1390000,2190000
2018-12-13 13:39:22.735000,1.13572,1.13569,1120000,2060000
2018-12-13 13:39:23.051000,1.13576,1.13574,2100000,1000000
2018-12-13 13:39:23.245000,1.13575,1.13572,1120000,1690000
2018-12-13 13:39:23.556000,1.13575,1.13574,1120000,1250000
2018-12-13 13:39:24.100000,1.13575,1.13573,1120000,2440000
2018-12-13 13:39:24.734000,1.13576,1.13575,1100000,1000000
2018-12-13 13:39:24.792000,1.13578,1.13574,6390000,1250000
2018-12-13 13:39:26.105000,1.13578,1.13574,2450000,3250000
2018-12-13 13:39:26.571000,1.1358,1.13577,6450000,1500000
2018-12-13 13:39:26.939000,1.13578,1.13575,1120000,1690000
2018-12-13 13:39:27.426000,1.13576,1.13573,1000000,2870000
2018-12-13 13:39:27.532000,1.13576,1.13572,6620000,4690000
2018-12-13 13:39:28.070000,1.13576,1.13574,1500000,1000000
2018-12-13 13:39:29.070000,1.13576,1.13572,5120000,2550000
2018-12-13 13:39:29.280000,1.13575,1.13572,1370000,3750000
2018-12-13 13:39:29.798000,1.13575,1.13573,1000000,1000000
2018-12-13 13:39:29.951000,1.13577,1.13573,1950000,3560000
2018-12-13 13:39:30.003000,1.13577,1.13573,1870000,5120000
2018-12-13 13:39:30.411000,1.13579,1.13576,5140000,1250000
2018-12-13 13:39:31.638000,1.13578,1.13575,1500000,1690000
2018-12-13 13:39:31.910000,1.13576,1.13573,2060000,1000000
2018-12-13 13:39:32.473000,1.13577,1.13573,2890000,1690000
2018-12-13 13:39:32.998000,1.13576,1.13573,2120000,1000000
2018-12-13 13:39:33.349000,1.13574,1.13571,5620000,1000000
2018-12-13 13:39:33.715000,1.13575,1.13571,2810000,1500000
2018-12-13 13:39:33.850000,1.13573,1.1357,3750000,1750000
2018-12-13 13:39:34.354000,1.13574,1.13571,2060000,1250000
2018-12-13 13:39:34.911000,1.13574,1.13571,1120000,1750000
2018-12-13 13:39:35.071000,1.13577,1.13573,6120000,1000000
2018-12-13 13:39:35.383000,1.13576,1.13573,2870000,1000000
2018-12-13 13:39:35.541000,1.13575,1.13571,2060000,2700000
2018-12-13 13:39:35.749000,1.13573,1.1357,1250000,2060000
2018-12-13 13:39:36.052000,1.13575,1.13572,4120000,1500000
2018-12-13 13:39:36.601000,1.13574,1.13572,1000000,1690000
2018-12-13 13:39:36.932000,1.13577,1.13573,3390000,1250000
2018-12-13 13:39:37.298000,1.13578,1.13575,1100000,2500000
2018-12-13 13:39:37.689000,1.13578,1.13574,1250000,3560000
2018-12-13 13:39:38.211000,1.13579,1.13575,2120000,1250000
2018-12-13 13:39:38.497000,1.13578,1.13574,2620000,1500000
2018-12-13 13:39:39.013000,1.13578,1.13575,1810000,1250000
2018-12-13 13:39:39.526000,1.13578,1.13574,2700000,2620000
2018-12-13 13:39:40.075000,1.13578,1.13574,1120000,1690000
2018-12-13 13:39:40.580000,1.13577,1.13573,4010000,1250000
2018-12-13 13:39:40.920000,1.13573,1.1357,2060000,1250000
2018-12-13 13:39:41.440000,1.13573,1.1357,2370000,1250000
2018-12-13 13:39:42.166000,1.13573,1.13571,1000000,2060000
2018-12-13 13:39:42.320000,1.13576,1.13573,2890000,1250000
2018-12-13 13:39:42.582000,1.13575,1.13572,1750000,3000000
2018-12-13 13:39:43.144000,1.13576,1.13572,2870000,1250000
2018-12-13 13:39:43.669000,1.13575,1.13572,1250000,1500000
2018-12-13 13:39:44.103000,1.13576,1.13572,3640000,2870000
2018-12-13 13:39:44.207000,1.13575,1.13572,1250000,1120000
2018-12-13 13:39:44.313000,1.13574,1.1357,2060000,2250000
2018-12-13 13:39:44.621000,1.13575,1.13572,2950000,1000000
2018-12-13 13:39:45.146000,1.13575,1.13571,2120000,1250000
2018-12-13 13:39:45.462000,1.13576,1.13573,1120000,1250000
2018-12-13 13:39:46.615000,1.13577,1.13573,1700000,2500000
2018-12-13 13:39:47.132000,1.13577,1.13574,1120000,3250000
2018-12-13 13:39:47.701000,1.13578,1.13574,1620000,1750000
2018-12-13 13:39:47.806000,1.13579,1.13575,1500000,1250000
2018-12-13 13:39:48.324000,1.13578,1.13575,1000000,4370000
2018-12-13 13:39:48.924000,1.13578,1.13575,1950000,3940000
2018-12-13 13:39:49.444000,1.13577,1.13574,1120000,3190000
2018-12-13 13:39:49.793000,1.13575,1.13572,1750000,3370000
2018-12-13 13:39:50.315000,1.13575,1.13571,1890000,1250000
2018-12-13 13:39:50.654000,1.13576,1.13573,1600000,1500000
2018-12-13 13:39:51.159000,1.13575,1.13572,1100000,4690000
2018-12-13 13:39:51.507000,1.13573,1.1357,1370000,1500000
2018-12-13 13:39:52.145000,1.13573,1.1357,1760000,1690000
2018-12-13 13:39:52.683000,1.13572,1.1357,1000000,1690000
2018-12-13 13:39:53.157000,1.13573,1.13572,1100000,1000000
2018-12-13 13:39:53.702000,1.13575,1.13572,1310000,2620000
2018-12-13 13:39:54.262000,1.13575,1.13572,2870000,1500000
2018-12-13 13:39:54.368000,1.13573,1.1357,2060000,1250000
2018-12-13 13:39:54.912000,1.13573,1.1357,1120000,1750000
2018-12-13 13:39:55.507000,1.13573,1.1357,2200000,1000000
2018-12-13 13:39:55.935000,1.13574,1.13572,1000000,1250000
2018-12-13 13:39:56.467000,1.13576,1.13572,2570000,3190000
2018-12-13 13:39:57.133000,1.13576,1.13572,2440000,5120000
2018-12-13 13:39:57.654000,1.13576,1.13574,1250000,1000000
2018-12-13 13:39:59.057000,1.13576,1.13572,1250000,8500000
2018-12-13 13:39:59.643000,1.13575,1.13572,1690000,5810000
2018-12-13 13:40:00.170000,1.13575,1.13573,1250000,1000000
2018-12-13 13:40:00.432000,1.13574,1.1357,2060000,9400000
2018-12-13 13:40:00.826000,1.13574,1.13571,1200000,3620000
2018-12-13 13:40:01.230000,1.13574,1.13571,1690000,1690000
2018-12-13 13:40:01.281000,1.13575,1.13573,2890000,1000000
2018-12-13 13:40:01.861000,1.13577,1.13574,1950000,2810000
2018-12-13 13:40:01.913000,1.13578,1.13575,4120000,1250000
2018-12-13 13:40:02.418000,1.13577,1.13574,1120000,1750000
2018-12-13 13:40:02.895000,1.13577,1.13573,6310000,1250000
2018-12-13 13:40:03.505000,1.13577,1.13574,1390000,1000000
2018-12-13 13:40:04.055000,1.13577,1.13573,3390000,2440000
2018-12-13 13:40:04.970000,1.13577,1.13573,2060000,3190000
2018-12-13 13:40:05.278000,1.13578,1.13575,1890000,1690000
2018-12-13 13:40:05.811000,1.13577,1.13574,1120000,1250000
2018-12-13 13:40:07.821000,1.13576,1.13574,1000000,1000000
2018-12-13 13:40:08.325000,1.13577,1.13574,1120000,1250000
2018-12-13 13:40:08.990000,1.13578,1.13575,2640000,1250000
2018-12-13 13:40:09.693000,1.13577,1.13573,6000000,6620000
2018-12-13 13:40:09.746000,1.13577,1.13573,7120000,6070000
2018-12-13 13:40:09.800000,1.13578,1.13575,10140000,1250000
2018-12-13 13:40:10.294000,1.13577,1.13573,3370000,1570000
2018-12-13 13:40:10.817000,1.13577,1.13574,2560000,1000000
2018-12-13 13:40:11.337000,1.13576,1.13572,8060000,1690000
2018-12-13 13:40:11.453000,1.13572,1.13571,1000000,2620000
2018-12-13 13:40:11.517000,1.13572,1.1357,2810000,1000000
2018-12-13 13:40:12.032000,1.13571,1.1357,1000000,1250000
2018-12-13 13:40:12.589000,1.13572,1.1357,1000000,1250000
2018-12-13 13:40:13.943000,1.13571,1.1357,1120000,1000000
2018-12-13 13:40:14.140000,1.13567,1.13565,1000000,1690000
2018-12-13 13:40:14.195000,1.13568,1.13566,1310000,1500000
2018-12-13 13:40:14.248000,1.13567,1.13564,5620000,3900000
2018-12-13 13:40:14.790000,1.13566,1.13563,1370000,1950000
2018-12-13 13:40:15.294000,1.13566,1.13562,3620000,2810000
2018-12-13 13:40:16.194000,1.13564,1.13561,1250000,3190000
2018-12-13 13:40:16.700000,1.13566,1.13562,5200000,2620000
2018-12-13 13:40:18.324000,1.13566,1.13563,4450000,1000000
2018-12-13 13:40:19.029000,1.13565,1.13562,1250000,1310000
2018-12-13 13:40:20.274000,1.13565,1.13563,2570000,1000000
2018-12-13 13:40:20.663000,1.13562,1.1356,1870000,1370000
2018-12-13 13:40:21.171000,1.13563,1.1356,1390000,2250000
2018-12-13 13:40:21.486000,1.1356,1.13557,3700000,1000000
2018-12-13 13:40:22.154000,1.1356,1.13556,3450000,3000000
2018-12-13 13:40:22.476000,1.13557,1.13554,3700000,1000000
2018-12-13 13:40:23.326000,1.13557,1.13553,5200000,3940000
2018-12-13 13:40:23.631000,1.13552,1.1355,1000000,2250000
2018-12-13 13:40:23.844000,1.13553,1.1355,2890000,1690000
2018-12-13 13:40:24,1.13552,1.13549,1810000,1500000
2018-12-13 13:40:24.538000,1.13552,1.13548,4140000,1870000
2018-12-13 13:40:25.231000,1.1355,1.13548,1000000,1000000
2018-12-13 13:40:25.865000,1.13548,1.13546,1120000,2060000
2018-12-13 13:40:26.414000,1.1355,1.13547,2640000,1690000
2018-12-13 13:40:26.864000,1.13548,1.13546,4060000,1000000
2018-12-13 13:40:27.394000,1.13547,1.13545,1120000,1250000
2018-12-13 13:40:28.159000,1.13547,1.13545,4140000,1000000
2018-12-13 13:40:28.212000,1.13546,1.13543,1310000,3560000
2018-12-13 13:40:28.354000,1.13544,1.13541,3310000,1690000
2018-12-13 13:40:28.978000,1.13544,1.13542,1250000,1000000
2018-12-13 13:40:29.084000,1.13545,1.13543,1310000,1000000
2018-12-13 13:40:29.190000,1.13546,1.13543,1870000,1750000
2018-12-13 13:40:29.520000,1.13548,1.13545,1200000,1500000
2018-12-13 13:40:29.905000,1.13546,1.13543,2560000,1010000
2018-12-13 13:40:30.424000,1.13545,1.13541,3820000,2810000
2018-12-13 13:40:32.190000,1.13542,1.1354,2560000,4120000
2018-12-13 13:40:32.400000,1.13543,1.13541,2440000,2250000
2018-12-13 13:40:32.933000,1.13544,1.1354,2060000,2570000
2018-12-13 13:40:33.803000,1.13542,1.1354,3500000,3370000
2018-12-13 13:40:34.030000,1.1354,1.13537,1250000,1250000
2018-12-13 13:40:34.084000,1.13541,1.1354,1390000,1000000
2018-12-13 13:40:34.137000,1.13543,1.13541,1870000,1000000
2018-12-13 13:40:34.348000,1.13541,1.13539,1000000,1000000
2018-12-13 13:40:34.453000,1.13541,1.13537,3450000,2810000
2018-12-13 13:40:34.633000,1.13541,1.13539,1250000,1000000
2018-12-13 13:40:35.078000,1.13544,1.13541,2370000,1690000
2018-12-13 13:40:35.542000,1.13542,1.13539,1310000,1760000
2018-12-13 13:40:36.115000,1.13542,1.13539,1000000,1250000
2018-12-13 13:40:36.376000,1.13544,1.13541,3750000,1000000
2018-12-13 13:40:37.262000,1.13541,1.1354,1500000,1120000
2018-12-13 13:40:37.367000,1.1354,1.13536,2870000,2060000
2018-12-13 13:40:37.523000,1.1354,1.13538,1310000,1000000
2018-12-13 13:40:38.060000,1.13541,1.13537,1950000,2250000
2018-12-13 13:40:39.162000,1.13542,1.1354,1570000,1750000
2018-12-13 13:40:39.340000,1.13542,1.13538,2560000,3560000
2018-12-13 13:40:39.874000,1.13541,1.13538,1620000,1250000
2018-12-13 13:40:39.927000,1.13543,1.1354,3760000,1690000
2018-12-13 13:40:40.330000,1.1354,1.13538,2560000,1000000
2018-12-13 13:40:40.592000,1.13542,1.13539,1200000,1000000
2018-12-13 13:40:41.095000,1.13543,1.1354,2120000,1500000
2018-12-13 13:40:41.622000,1.13543,1.1354,1310000,1500000
2018-12-13 13:40:42.099000,1.1354,1.13538,1250000,1570000
2018-12-13 13:40:42.204000,1.13542,1.1354,1500000,1250000
2018-12-13 13:40:42.465000,1.13542,1.13538,3370000,1010000
2018-12-13 13:40:43.580000,1.13542,1.13539,1810000,1000000
2018-12-13 13:40:43.847000,1.13544,1.1354,6670000,1750000
2018-12-13 13:40:44.770000,1.13544,1.13541,2060000,1690000
2018-12-13 13:40:45.546000,1.13542,1.13541,1000000,1250000
2018-12-13 13:40:45.599000,1.1354,1.13538,2060000,1120000
2018-12-13 13:40:45.654000,1.13539,1.13536,2560000,1910000
2018-12-13 13:40:45.707000,1.13538,1.13536,1120000,1250000
2018-12-13 13:40:46.325000,1.13541,1.13537,5190000,1000000
2018-12-13 13:40:47.020000,1.13541,1.13538,3310000,1000000
2018-12-13 13:40:47.184000,1.13538,1.13537,1310000,1000000
2018-12-13 13:40:47.238000,1.13538,1.13535,2370000,1750000
2018-12-13 13:40:47.766000,1.13538,1.13535,3940000,1250000
2018-12-13 13:40:48.218000,1.13541,1.13537,7950000,1000000
2018-12-13 13:40:48.540000,1.13538,1.13535,1000000,1370000
2018-12-13 13:40:49.074000,1.13539,1.13535,2810000,2870000
2018-12-13 13:40:49.854000,1.13539,1.13535,3310000,2870000
2018-12-13 13:40:50.585000,1.13538,1.13535,3190000,1250000
2018-12-13 13:40:51.090000,1.13537,1.13535,1000000,1250000
2018-12-13 13:40:51.443000,1.13533,1.1353,1120000,3720000
2018-12-13 13:40:51.653000,1.13533,1.1353,2810000,2360000
2018-12-13 13:40:52.088000,1.13534,1.1353,3000000,2500000
2018-12-13 13:40:52.375000,1.13532,1.13528,3370000,2440000
2018-12-13 13:40:52.481000,1.13529,1.13527,1690000,2620000
2018-12-13 13:40:52.840000,1.13526,1.13523,1000000,1250000
2018-12-13 13:40:53.374000,1.13527,1.13524,1870000,1000000
2018-12-13 13:40:53.918000,1.13528,1.13525,1310000,1250000
2018-12-13 13:40:54.229000,1.13527,1.13523,2120000,1120000
2018-12-13 13:40:54.568000,1.13528,1.13525,1690000,4270000
2018-12-13 13:40:54.833000,1.13525,1.13521,1310000,4310000
2018-12-13 13:40:55.378000,1.13525,1.13521,3250000,3640000
2018-12-13 13:40:56.387000,1.13526,1.13523,1250000,2140000
2018-12-13 13:40:56.934000,1.13527,1.13524,1120000,1250000
2018-12-13 13:40:57.271000,1.13531,1.13527,5640000,3940000
2018-12-13 13:40:57.821000,1.13531,1.13527,2060000,1690000
2018-12-13 13:40:58.132000,1.1353,1.13527,3620000,2620000
2018-12-13 13:40:58.355000,1.13527,1.13523,1870000,2950000
2018-12-13 13:40:58.902000,1.13525,1.13522,1000000,1390000
2018-12-13 13:40:59.509000,1.13524,1.13521,1250000,3940000
2018-12-13 13:41:00.020000,1.13525,1.13522,1000000,1000000
2018-12-13 13:41:00.522000,1.13524,1.13521,1310000,1690000
2018-12-13 13:41:01.198000,1.13522,1.13521,1000000,1000000
2018-12-13 13:41:01.368000,1.13521,1.13518,3450000,1000000
2018-12-13 13:41:01.422000,1.13522,1.13521,2810000,1000000
2018-12-13 13:41:01.524000,1.13524,1.13521,1010000,1250000
2018-12-13 13:41:02.111000,1.13525,1.13522,1370000,1500000
2018-12-13 13:41:02.815000,1.13525,1.13521,2870000,2060000
2018-12-13 13:41:03.006000,1.13523,1.1352,1250000,1570000
2018-12-13 13:41:03.164000,1.1352,1.13517,2440000,1250000
2018-12-13 13:41:03.715000,1.13519,1.13516,1250000,2060000
2018-12-13 13:41:03.822000,1.13521,1.1352,1000000,1000000
2018-12-13 13:41:03.875000,1.13523,1.1352,1310000,1690000
2018-12-13 13:41:03.928000,1.13523,1.13521,1000000,1250000
2018-12-13 13:41:04.407000,1.13525,1.13522,2140000,1250000
2018-12-13 13:41:06.559000,1.13524,1.13522,1000000,1250000
2018-12-13 13:41:07.596000,1.13525,1.13522,1690000,1250000
2018-12-13 13:41:08.373000,1.13525,1.13521,3310000,2500000
2018-12-13 13:41:08.882000,1.13525,1.13521,4890000,1500000
2018-12-13 13:41:09.390000,1.13525,1.13521,4140000,2500000
2018-12-13 13:41:09.899000,1.13524,1.13521,1310000,1690000
2018-12-13 13:41:10.812000,1.13521,1.1352,1120000,1500000
2018-12-13 13:41:10.866000,1.13519,1.13517,1000000,1410000
2018-12-13 13:41:10.918000,1.1352,1.13516,2870000,5140000
2018-12-13 13:41:11.074000,1.13521,1.13518,1120000,1000000
2018-12-13 13:41:11.430000,1.13523,1.1352,1250000,3940000
2018-12-13 13:41:11.745000,1.13522,1.1352,1810000,1000000
2018-12-13 13:41:12.017000,1.13523,1.1352,1880000,5500000
2018-12-13 13:41:12.547000,1.13524,1.13521,2440000,2440000
2018-12-13 13:41:12.755000,1.13522,1.13521,1000000,1500000
2018-12-13 13:41:12.860000,1.13521,1.13519,1000000,1000000
2018-12-13 13:41:12.966000,1.13524,1.13521,2940000,1690000
2018-12-13 13:41:13.917000,1.13522,1.13521,1000000,1500000
2018-12-13 13:41:13.971000,1.13521,1.13518,1000000,1760000
2018-12-13 13:41:14.556000,1.1352,1.13517,1000000,3620000
2018-12-13 13:41:15.168000,1.1352,1.13517,1000000,1760000
2018-12-13 13:41:16.408000,1.13519,1.13516,1000000,2200000
2018-12-13 13:41:16.944000,1.13519,1.13516,2060000,1690000
2018-12-13 13:41:17.995000,1.13519,1.13516,1120000,2500000
2018-12-13 13:41:18.205000,1.13521,1.13518,1250000,1000000
2018-12-13 13:41:19.079000,1.13522,1.13521,3000000,1000000
2018-12-13 13:41:19.135000,1.13524,1.13521,1200000,3250000
2018-12-13 13:41:19.740000,1.13525,1.13521,4370000,4690000
2018-12-13 13:41:20.154000,1.13525,1.13523,1000000,2250000
2018-12-13 13:41:20.263000,1.1353,1.13527,1600000,1500000
2018-12-13 13:41:20.420000,1.13529,1.13525,5120000,3260000
2018-12-13 13:41:20.574000,1.1353,1.13527,3000000,1000000
2018-12-13 13:41:21.094000,1.13531,1.13528,1250000,2250000
2018-12-13 13:41:21.601000,1.1353,1.13527,2120000,3000000
2018-12-13 13:41:22.304000,1.13528,1.13527,1250000,1000000
2018-12-13 13:41:22.466000,1.13526,1.13523,3620000,2320000
2018-12-13 13:41:23.030000,1.13527,1.13524,2500000,1000000
2018-12-13 13:41:23.550000,1.13526,1.13523,1250000,4310000
2018-12-13 13:41:23.834000,1.13527,1.13525,1000000,3940000
2018-12-13 13:41:23.939000,1.13528,1.13525,1250000,3190000
2018-12-13 13:41:24.453000,1.13528,1.13526,1250000,1000000
2018-12-13 13:41:25.058000,1.13529,1.13526,3640000,1250000
2018-12-13 13:41:25.429000,1.13527,1.13526,1000000,1250000
2018-12-13 13:41:25.699000,1.13525,1.13523,1250000,1000000
2018-12-13 13:41:26.237000,1.13525,1.13524,1000000,1000000
2018-12-13 13:41:26.740000,1.13526,1.13524,2700000,1000000
2018-12-13 13:41:27.484000,1.13526,1.13524,2950000,1000000
2018-12-13 13:41:28.138000,1.13526,1.13524,2890000,1000000
2018-12-13 13:41:28.569000,1.13528,1.13527,1120000,1000000
2018-12-13 13:41:29.181000,1.13529,1.13527,1000000,3560000
2018-12-13 13:41:29.837000,1.1353,1.13527,1870000,1870000
2018-12-13 13:41:30.154000,1.13527,1.13526,1000000,3000000
2018-12-13 13:41:30.350000,1.13529,1.13527,1120000,2440000
2018-12-13 13:41:32.114000,1.1353,1.13528,2810000,1000000
2018-12-13 13:41:32.723000,1.1353,1.13527,2060000,1690000
2018-12-13 13:41:32.906000,1.1353,1.13528,2060000,1000000
2018-12-13 13:41:33.043000,1.1353,1.13527,2060000,4690000
2018-12-13 13:41:33.199000,1.1353,1.13529,1120000,1000000
2018-12-13 13:41:33.413000,1.13532,1.1353,4690000,3750000
2018-12-13 13:41:33.916000,1.13533,1.1353,1250000,3190000
2018-12-13 13:41:34.076000,1.13535,1.13534,1250000,1000000
2018-12-13 13:41:34.225000,1.13534,1.13532,1250000,1000000
2018-12-13 13:41:34.543000,1.13532,1.1353,2120000,2250000
2018-12-13 13:41:34.770000,1.13531,1.13529,1250000,2250000
2018-12-13 13:41:34.979000,1.13532,1.13531,1000000,1500000
2018-12-13 13:41:35.212000,1.13535,1.13531,3190000,5500000
2018-12-13 13:41:35.763000,1.13534,1.13533,1250000,1000000
2018-12-13 13:41:35.974000,1.13534,1.13531,1250000,2440000
2018-12-13 13:41:36.516000,1.13535,1.13532,1310000,3190000
2018-12-13 13:41:37.041000,1.13536,1.13533,2810000,1690000
2018-12-13 13:41:37.572000,1.13535,1.13533,1250000,1500000
2018-12-13 13:41:38.101000,1.13535,1.13533,1250000,1500000
2018-12-13 13:41:39.187000,1.13533,1.13531,1370000,1500000
2018-12-13 13:41:39.501000,1.13535,1.13533,1450000,1000000
2018-12-13 13:41:39.836000,1.13537,1.13535,2500000,1000000
2018-12-13 13:41:39.890000,1.13535,1.13531,2440000,4410000
2018-12-13 13:41:40.417000,1.13535,1.13533,1370000,2250000
2018-12-13 13:41:40.574000,1.13534,1.13531,1250000,2440000
2018-12-13 13:41:41.098000,1.13534,1.13532,2060000,1000000
2018-12-13 13:41:41.629000,1.13534,1.13531,2060000,1250000
2018-12-13 13:41:41.888000,1.13532,1.1353,1250000,1500000
2018-12-13 13:41:42.406000,1.13533,1.1353,1250000,1690000
2018-12-13 13:41:44.604000,1.13534,1.13532,1370000,1000000
2018-12-13 13:41:44.992000,1.13534,1.1353,2060000,3750000
2018-12-13 13:41:45.201000,1.13532,1.1353,1370000,1500000
2018-12-13 13:41:45.800000,1.13533,1.1353,1810000,3190000
2018-12-13 13:41:47.958000,1.13532,1.13529,2620000,3750000
2018-12-13 13:41:48.509000,1.13532,1.1353,2060000,1000000
2018-12-13 13:41:49.029000,1.13533,1.13532,1500000,1250000
2018-12-13 13:41:49.084000,1.13533,1.1353,2060000,1250000
2018-12-13 13:41:49.192000,1.13531,1.1353,1000000,1500000
2018-12-13 13:41:49.350000,1.13532,1.1353,1310000,1500000
2018-12-13 13:41:49.890000,1.13533,1.13531,1250000,1000000
2018-12-13 13:41:50.432000,1.13532,1.1353,2370000,1250000
2018-12-13 13:41:50.950000,1.13532,1.1353,2250000,1250000
2018-12-13 13:41:51.466000,1.13533,1.13529,3120000,4000000
2018-12-13 13:41:51.519000,1.13532,1.13529,1310000,2250000
2018-12-13 13:41:51.625000,1.13531,1.13528,1370000,3000000
2018-12-13 13:41:51.909000,1.13529,1.13526,1000000,3560000
2018-12-13 13:41:52.014000,1.13531,1.13527,3560000,2060000
2018-12-13 13:41:52.340000,1.13529,1.13527,1000000,1310000
2018-12-13 13:41:52.496000,1.13531,1.13527,1950000,3940000
2018-12-13 13:41:54.214000,1.1353,1.13527,1000000,5060000
2018-12-13 13:41:54.727000,1.13531,1.13528,1120000,1250000
2018-12-13 13:41:55.463000,1.13532,1.13528,1200000,3940000
2018-12-13 13:41:56.001000,1.13531,1.13528,1000000,3190000
2018-12-13 13:41:56.559000,1.13532,1.13529,1870000,1000000
2018-12-13 13:41:57.085000,1.1353,1.13528,1000000,1250000
2018-12-13 13:41:57.856000,1.1353,1.13527,1000000,7310000
2018-12-13 13:41:58.172000,1.13532,1.1353,1870000,1690000
2018-12-13 13:41:58.589000,1.13534,1.13533,1000000,1000000
2018-12-13 13:41:58.858000,1.13535,1.13531,2870000,1950000
2018-12-13 13:41:59.387000,1.13533,1.13531,1000000,2250000
2018-12-13 13:41:59.681000,1.13535,1.13533,1120000,1000000
2018-12-13 13:42:00.215000,1.13536,1.13534,1000000,1000000
2018-12-13 13:42:00.626000,1.13537,1.13534,1000000,2120000
2018-12-13 13:42:00.679000,1.13537,1.13534,1250000,1500000
2018-12-13 13:42:00.785000,1.13537,1.13534,1000000,4370000
2018-12-13 13:42:00.997000,1.13537,1.13534,1690000,1500000
2018-12-13 13:42:01.542000,1.13537,1.13534,2500000,1000000
2018-12-13 13:42:02.468000,1.13537,1.13534,1500000,3750000
2018-12-13 13:42:03.049000,1.13536,1.13534,1000000,3750000
2018-12-13 13:42:03.100000,1.13537,1.13535,2440000,1000000
2018-12-13 13:42:03.617000,1.13536,1.13534,1000000,3750000
2018-12-13 13:42:04.840000,1.13534,1.13532,1000000,3260000
2018-12-13 13:42:05.147000,1.13532,1.1353,1000000,3560000
2018-12-13 13:42:05.676000,1.13531,1.13529,2250000,1250000
2018-12-13 13:42:06.203000,1.13531,1.13529,2250000,1750000
2018-12-13 13:42:06.844000,1.13531,1.13529,2250000,1690000
2018-12-13 13:42:07.049000,1.13528,1.13527,1000000,1000000
2018-12-13 13:42:07.205000,1.13527,1.13525,1500000,1690000
2018-12-13 13:42:07.467000,1.13526,1.13524,1000000,1690000
2018-12-13 13:42:07.976000,1.13525,1.13523,1500000,1690000
2018-12-13 13:42:08.622000,1.13524,1.13522,1250000,1500000
2018-12-13 13:42:09.160000,1.13523,1.13521,1500000,1250000
2018-12-13 13:42:09.691000,1.13523,1.13521,1000000,1690000
2018-12-13 13:42:10.234000,1.13523,1.13521,1000000,3310000
2018-12-13 13:42:11.848000,1.13524,1.13522,1120000,1250000
2018-12-13 13:42:12.005000,1.13525,1.13523,1000000,1310000
2018-12-13 13:42:12.525000,1.13526,1.13524,1000000,1690000
2018-12-13 13:42:13.076000,1.13526,1.13525,1000000,1500000
2018-12-13 13:42:13.185000,1.13527,1.13525,1000000,1750000
2018-12-13 13:42:13.766000,1.13527,1.13525,1500000,1690000
2018-12-13 13:42:14.261000,1.13529,1.13526,2440000,1690000
2018-12-13 13:42:14.799000,1.13529,1.13527,2250000,1690000
2018-12-13 13:42:15.007000,1.1353,1.13528,1000000,2500000
2018-12-13 13:42:15.350000,1.13528,1.13526,2120000,2440000
2018-12-13 13:42:15.677000,1.13527,1.13525,1000000,1250000
2018-12-13 13:42:16.200000,1.13527,1.13526,1000000,1000000
2018-12-13 13:42:16.718000,1.13527,1.13525,1500000,2440000
2018-12-13 13:42:18.153000,1.13528,1.13525,1500000,5120000
2018-12-13 13:42:18.292000,1.13528,1.13527,1000000,1500000
2018-12-13 13:42:18.345000,1.1353,1.13529,1250000,1000000
2018-12-13 13:42:18.858000,1.13529,1.13528,1000000,1500000
2018-12-13 13:42:19.646000,1.1353,1.13528,1500000,1500000
2018-12-13 13:42:20.167000,1.13531,1.13528,2440000,3190000
2018-12-13 13:42:20.219000,1.13531,1.1353,2440000,1000000
2018-12-13 13:42:20.446000,1.1353,1.13528,1000000,3940000
2018-12-13 13:42:22.457000,1.1353,1.13529,1000000,1000000
2018-12-13 13:42:22.612000,1.13532,1.13529,4570000,3250000
2018-12-13 13:42:22.664000,1.1353,1.13529,1000000,1250000
2018-12-13 13:42:23.050000,1.13532,1.13529,4570000,2500000
2018-12-13 13:42:23.207000,1.1353,1.13529,1000000,1000000
2018-12-13 13:42:23.787000,1.13531,1.1353,1690000,1000000
2018-12-13 13:42:23.893000,1.1353,1.13528,1500000,2250000
2018-12-13 13:42:24.708000,1.1353,1.13529,1500000,1000000
2018-12-13 13:42:26.023000,1.1353,1.13528,1000000,2250000
2018-12-13 13:42:26.075000,1.13532,1.13528,5510000,2440000
2018-12-13 13:42:26.127000,1.13532,1.1353,5510000,1000000
2018-12-13 13:42:26.442000,1.1353,1.13528,1000000,3000000
2018-12-13 13:42:27.127000,1.1353,1.13529,1000000,1000000
2018-12-13 13:42:28.553000,1.1353,1.13528,1000000,1500000
2018-12-13 13:42:28.885000,1.13528,1.13527,1120000,1500000
2018-12-13 13:42:28.938000,1.13527,1.13524,1000000,2570000
2018-12-13 13:42:29.659000,1.13527,1.13526,1000000,1000000
2018-12-13 13:42:29.972000,1.13529,1.13527,1120000,1000000
2018-12-13 13:42:30.965000,1.13529,1.13526,1250000,4010000
2018-12-13 13:42:31.598000,1.13528,1.13526,1000000,3560000
2018-12-13 13:42:31.806000,1.13531,1.13529,1000000,1250000
2018-12-13 13:42:32.180000,1.13533,1.13531,1000000,1750000
2018-12-13 13:42:32.536000,1.13536,1.13534,1250000,1870000
2018-12-13 13:42:32.747000,1.13537,1.13536,1120000,1000000
2018-12-13 13:42:33.637000,1.13538,1.13536,1500000,1500000
2018-12-13 13:42:34.177000,1.13538,1.13537,1000000,1000000
2018-12-13 13:42:34.711000,1.13538,1.13536,1000000,3190000
2018-12-13 13:42:35.041000,1.13539,1.13538,1250000,1000000
2018-12-13 13:42:35.548000,1.13539,1.13537,1000000,1690000
2018-12-13 13:42:36.051000,1.13539,1.13536,1000000,4750000
2018-12-13 13:42:36.428000,1.1354,1.13537,1500000,7820000
2018-12-13 13:42:36.766000,1.13543,1.13542,1000000,1000000
2018-12-13 13:42:37.186000,1.13539,1.13538,1000000,1250000
2018-12-13 13:42:37.722000,1.13539,1.13537,1690000,1500000
2018-12-13 13:42:38.059000,1.1354,1.13539,1690000,1000000
2018-12-13 13:42:38.384000,1.13542,1.13539,1500000,1690000
2018-12-13 13:42:38.503000,1.13544,1.13541,3040000,1250000
2018-12-13 13:42:38.905000,1.1354,1.13537,1000000,3920000
2018-12-13 13:42:39.257000,1.13537,1.13535,1500000,2570000
2018-12-13 13:42:39.846000,1.13537,1.13535,1000000,1000000
2018-12-13 13:42:39.900000,1.13536,1.13534,1000000,2440000
2018-12-13 13:42:40.417000,1.13535,1.13534,1000000,1690000
2018-12-13 13:42:40.620000,1.13534,1.13532,1870000,1760000
2018-12-13 13:42:41.147000,1.13535,1.13533,1690000,1000000
2018-12-13 13:42:41.589000,1.13533,1.13532,1000000,1000000
2018-12-13 13:42:42.130000,1.13533,1.1353,2810000,3260000
2018-12-13 13:42:42.661000,1.13532,1.1353,1000000,1750000
2018-12-13 13:42:43.142000,1.13528,1.13527,2250000,1000000
2018-12-13 13:42:43.301000,1.13528,1.13525,3310000,2440000
2018-12-13 13:42:43.837000,1.13527,1.13524,2060000,2510000
2018-12-13 13:42:44.373000,1.13526,1.13524,1000000,1250000
2018-12-13 13:42:45.032000,1.13527,1.13524,3120000,1250000
2018-12-13 13:42:45.477000,1.13528,1.13526,1120000,1250000
2018-12-13 13:42:46.004000,1.13529,1.13526,3940000,4390000
2018-12-13 13:42:46.391000,1.13531,1.13527,2060000,3320000
2018-12-13 13:42:46.932000,1.1353,1.13527,1250000,4310000
2018-12-13 13:42:47.611000,1.1353,1.13528,1250000,1000000
2018-12-13 13:42:48.119000,1.1353,1.13527,2120000,1500000
2018-12-13 13:42:49.043000,1.1353,1.13527,1310000,1010000
2018-12-13 13:42:49.580000,1.1353,1.13527,2120000,2250000
2018-12-13 13:42:49.903000,1.13527,1.13525,1000000,1200000
2018-12-13 13:42:50.477000,1.13527,1.13524,1120000,1100000
2018-12-13 13:42:51.015000,1.13526,1.13524,1000000,1250000
2018-12-13 13:42:51.717000,1.13527,1.13523,5620000,3700000
2018-12-13 13:42:52.028000,1.13525,1.13524,1000000,1000000
2018-12-13 13:42:52.081000,1.13524,1.13521,1870000,2950000
2018-12-13 13:42:52.641000,1.13523,1.1352,1120000,3700000
2018-12-13 13:42:52.902000,1.13523,1.1352,1310000,2890000
2018-12-13 13:42:53.404000,1.13523,1.13521,5620000,1250000
2018-12-13 13:42:54.400000,1.13523,1.13521,1120000,1250000
2018-12-13 13:42:54.906000,1.13524,1.13521,1500000,3250000
2018-12-13 13:42:55.717000,1.13524,1.13522,1500000,1250000
2018-12-13 13:42:56.150000,1.13526,1.13523,2060000,1690000
2018-12-13 13:42:56.203000,1.13528,1.13525,5250000,2120000
2018-12-13 13:42:56.255000,1.13527,1.13525,1500000,2060000
2018-12-13 13:42:56.919000,1.13528,1.13525,1000000,4370000
2018-12-13 13:42:57.075000,1.1353,1.13527,2060000,1310000
2018-12-13 13:42:57.446000,1.13531,1.13528,1120000,1370000
2018-12-13 13:42:57.825000,1.13533,1.1353,2060000,1690000
2018-12-13 13:42:58.354000,1.13532,1.1353,1000000,2440000
2018-12-13 13:42:58.875000,1.13531,1.13528,1500000,1760000
2018-12-13 13:42:58.927000,1.1353,1.13528,1250000,1000000
2018-12-13 13:42:59.460000,1.13531,1.13527,2870000,4120000
2018-12-13 13:42:59.893000,1.13531,1.13529,1370000,1000000
2018-12-13 13:43:00.027000,1.13532,1.13529,2620000,1690000
2018-12-13 13:43:00.560000,1.13531,1.13529,1000000,1000000
2018-12-13 13:43:00.980000,1.13532,1.13531,1500000,1000000
2018-12-13 13:43:01.094000,1.13534,1.13531,1120000,1250000
2018-12-13 13:43:01.306000,1.13532,1.1353,1000000,3350000
2018-12-13 13:43:01.590000,1.13534,1.13531,1250000,5540000
2018-12-13 13:43:01.696000,1.13533,1.13531,1000000,1100000
2018-12-13 13:43:02.233000,1.13532,1.13529,1120000,1750000
2018-12-13 13:43:02.746000,1.13531,1.13529,1000000,1500000
2018-12-13 13:43:03.186000,1.13534,1.13531,3450000,1250000
2018-12-13 13:43:03.718000,1.13533,1.13529,1000000,6700000
2018-12-13 13:43:04.267000,1.13532,1.1353,1000000,1250000
2018-12-13 13:43:04.780000,1.13531,1.13529,1000000,1690000
2018-12-13 13:43:05.328000,1.13531,1.13528,1620000,1250000
2018-12-13 13:43:05.852000,1.13531,1.13528,1120000,2500000
2018-12-13 13:43:06.376000,1.13532,1.1353,1620000,1500000
2018-12-13 13:43:06.427000,1.13533,1.1353,1870000,1500000
2018-12-13 13:43:07.007000,1.13532,1.1353,1000000,1690000
2018-12-13 13:43:07.849000,1.13533,1.1353,2370000,1250000
2018-12-13 13:43:08.396000,1.13533,1.13531,1870000,1000000
2018-12-13 13:43:08.937000,1.13534,1.13532,2060000,1690000
2018-12-13 13:43:09.929000,1.13536,1.13534,1500000,1500000
2018-12-13 13:43:10.458000,1.13537,1.13535,1870000,1000000
2018-12-13 13:43:10.994000,1.13536,1.13534,1000000,2250000
2018-12-13 13:43:11.501000,1.13537,1.13535,3560000,1000000
2018-12-13 13:43:12.903000,1.13535,1.13534,1000000,1000000
2018-12-13 13:43:13.062000,1.13534,1.13532,1120000,1000000
2018-12-13 13:43:13.344000,1.13536,1.13533,1120000,1690000
2018-12-13 13:43:13.865000,1.13535,1.13532,1000000,3700000
2018-12-13 13:43:14.526000,1.13534,1.13531,1250000,1250000
2018-12-13 13:43:15.201000,1.13533,1.13531,1000000,1250000
2018-12-13 13:43:15.745000,1.13532,1.1353,1000000,1690000
2018-12-13 13:43:16.252000,1.13533,1.1353,1120000,1750000
2018-12-13 13:43:16.648000,1.1353,1.13529,1500000,2510000
2018-12-13 13:43:16.706000,1.13528,1.13526,1000000,1250000
2018-12-13 13:43:17.020000,1.1353,1.13528,2940000,1000000
2018-12-13 13:43:17.814000,1.1353,1.13529,1000000,1000000
2018-12-13 13:43:18.300000,1.13531,1.13529,1120000,1000000
2018-12-13 13:43:19.112000,1.13529,1.13528,1000000,1760000
2018-12-13 13:43:19.286000,1.13529,1.13526,2060000,3190000
2018-12-13 13:43:19.345000,1.1353,1.13528,1000000,3000000
2018-12-13 13:43:19.503000,1.13532,1.13529,1120000,3190000
2018-12-13 13:43:19.608000,1.1353,1.13528,1000000,3260000
2018-12-13 13:43:20.151000,1.13531,1.13529,1120000,1500000
2018-12-13 13:43:20.429000,1.1353,1.13527,2620000,2060000
2018-12-13 13:43:20.547000,1.13532,1.13531,1200000,1000000
2018-12-13 13:43:20.927000,1.13535,1.13532,2370000,1690000
2018-12-13 13:43:21.242000,1.13533,1.13531,1000000,1250000
2018-12-13 13:43:21.411000,1.13535,1.13532,1120000,2500000
2018-12-13 13:43:22.006000,1.13537,1.13535,3390000,1000000
2018-12-13 13:43:22.552000,1.13537,1.13536,1310000,1000000
2018-12-13 13:43:22.709000,1.13537,1.13534,1310000,3190000
2018-12-13 13:43:23.337000,1.13537,1.13535,1390000,1000000
2018-12-13 13:43:23.881000,1.13536,1.13534,1000000,1250000
2018-12-13 13:43:24.405000,1.13537,1.13534,1310000,1690000
2018-12-13 13:43:24.924000,1.13536,1.13534,1120000,1250000
2018-12-13 13:43:26.144000,1.13537,1.13535,2450000,1000000
2018-12-13 13:43:26.674000,1.13536,1.13534,1310000,1000000
2018-12-13 13:43:27.197000,1.13536,1.13535,1310000,1000000
2018-12-13 13:43:27.740000,1.13536,1.13534,2120000,1000000
2018-12-13 13:43:28.052000,1.13537,1.13535,2440000,1000000
2018-12-13 13:43:28.229000,1.13537,1.13534,2700000,2250000
2018-12-13 13:43:28.489000,1.13535,1.13532,2120000,1870000
2018-12-13 13:43:28.593000,1.13535,1.13533,2060000,1000000
2018-12-13 13:43:28.895000,1.13537,1.13535,3070000,1000000
2018-12-13 13:43:29.413000,1.13536,1.13534,1310000,1000000
2018-12-13 13:43:29.885000,1.13537,1.13535,1500000,1000000
2018-12-13 13:43:30.553000,1.13538,1.13536,1890000,1000000
2018-12-13 13:43:33.524000,1.13538,1.13536,1690000,1000000
2018-12-13 13:43:33.629000,1.13538,1.13535,1810000,3190000
2018-12-13 13:43:34.149000,1.13538,1.13537,1690000,1000000
2018-12-13 13:43:34.733000,1.13538,1.13536,1810000,1000000
2018-12-13 13:43:35.337000,1.13537,1.13535,1310000,1500000
2018-12-13 13:43:35.785000,1.13538,1.13537,1310000,1000000
2018-12-13 13:43:39.484000,1.13539,1.13537,3560000,1000000
2018-12-13 13:43:41.105000,1.13537,1.13536,1250000,2250000
2018-12-13 13:43:41.645000,1.13538,1.13536,1010000,2500000
2018-12-13 13:43:42.153000,1.13539,1.13537,5140000,1000000
2018-12-13 13:43:42.665000,1.13538,1.13537,1390000,1000000
2018-12-13 13:43:43.454000,1.13538,1.13536,2140000,2250000
2018-12-13 13:43:43.754000,1.13539,1.13537,2890000,1000000
2018-12-13 13:43:44.327000,1.1354,1.13538,2510000,1000000
2018-12-13 13:43:44.846000,1.1354,1.13537,3450000,1000000
2018-12-13 13:43:45.418000,1.13539,1.13536,1310000,3190000
2018-12-13 13:43:45.641000,1.13539,1.13538,1310000,1000000
2018-12-13 13:43:46.193000,1.13539,1.13537,1310000,1000000
2018-12-13 13:43:46.732000,1.1354,1.13538,1200000,1250000
2018-12-13 13:43:47.056000,1.13543,1.13541,2620000,1250000
2018-12-13 13:43:48.214000,1.13543,1.13542,1000000,1500000
2018-12-13 13:43:48.837000,1.13543,1.13541,1000000,3370000
2018-12-13 13:43:49.151000,1.13545,1.13544,1000000,1000000
2018-12-13 13:43:49.543000,1.13548,1.13545,2560000,1690000
2018-12-13 13:43:50.071000,1.13548,1.13545,1620000,1750000
2018-12-13 13:43:51.720000,1.13548,1.13545,3700000,1000000
2018-12-13 13:43:51.773000,1.13545,1.13543,1250000,2250000
2018-12-13 13:43:52.528000,1.13546,1.13544,2140000,1000000
2018-12-13 13:43:53.198000,1.13546,1.13544,1100000,1750000
2018-12-13 13:43:53.730000,1.13547,1.13545,1120000,2500000
2018-12-13 13:43:54.472000,1.13547,1.13544,2870000,1500000
2018-12-13 13:43:54.707000,1.13547,1.13545,2620000,1690000
2018-12-13 13:43:55.249000,1.13546,1.13545,1690000,1000000
2018-12-13 13:43:55.631000,1.13546,1.13543,2950000,2250000
2018-12-13 13:43:56.356000,1.13545,1.13544,1250000,1000000
2018-12-13 13:43:56.617000,1.13545,1.13542,1690000,3560000
2018-12-13 13:43:57.122000,1.13546,1.13543,2810000,2250000
2018-12-13 13:43:57.652000,1.13546,1.13544,1310000,1000000
2018-12-13 13:43:58.185000,1.13546,1.13543,2810000,3000000
2018-12-13 13:43:58.732000,1.13545,1.13543,1250000,2250000
2018-12-13 13:43:59.269000,1.13546,1.13544,2060000,1000000
2018-12-13 13:43:59.817000,1.13545,1.13543,1000000,2250000
2018-12-13 13:44:00.475000,1.13546,1.13543,2620000,2250000
2018-12-13 13:44:01.065000,1.13547,1.13545,1570000,1500000
2018-12-13 13:44:01.274000,1.13546,1.13543,1000000,3000000
2018-12-13 13:44:01.785000,1.13546,1.13544,1000000,1250000
2018-12-13 13:44:02.322000,1.13546,1.13545,1000000,1000000
2018-12-13 13:44:02.843000,1.13546,1.13544,1000000,1690000
2018-12-13 13:44:03.351000,1.13547,1.13545,1500000,1000000
2018-12-13 13:44:03.882000,1.13546,1.13544,1000000,1690000
2018-12-13 13:44:04.435000,1.13547,1.13545,1000000,1690000
2018-12-13 13:44:04.544000,1.13548,1.13546,1000000,2810000
2018-12-13 13:44:05.062000,1.13549,1.13547,1250000,1500000
2018-12-13 13:44:05.353000,1.13547,1.13546,1000000,1000000
2018-12-13 13:44:05.899000,1.13546,1.13545,1000000,1000000
