time,ask,bid,ask_volume,bid_volume
2019-11-07 13:25:00.421000,1.09155,1.09152,2060000,2810000
2019-11-07 13:25:00.573000,1.09154,1.09151,3190000,4890000
2019-11-07 13:25:00.674000,1.09154,1.09151,5140000,2440000
2019-11-07 13:25:01.464000,1.09153,1.09151,1000000,3190000
2019-11-07 13:25:01.876000,1.09154,1.09151,2060000,3190000
2019-11-07 13:25:02.176000,1.09154,1.09152,2060000,1000000
2019-11-07 13:25:06.576000,1.09155,1.09153,3000000,1120000
2019-11-07 13:25:08.494000,1.09155,1.09152,2250000,3640000
2019-11-07 13:25:09.078000,1.09155,1.09152,2870000,1870000
2019-11-07 13:25:09.194000,1.09153,1.09151,2250000,1690000
2019-11-07 13:25:09.498000,1.09153,1.0915,3940000,2440000
2019-11-07 13:25:09.599000,1.09154,1.09151,4060000,3190000
2019-11-07 13:25:09.700000,1.09154,1.09152,1810000,1500000
2019-11-07 13:25:09.801000,1.09154,1.09152,1310000,1500000
2019-11-07 13:25:09.903000,1.09155,1.09154,3190000,1500000
2019-11-07 13:25:10.105000,1.09156,1.09154,4010000,1000000
2019-11-07 13:25:10.268000,1.09156,1.09153,4010000,2810000
2019-11-07 13:25:10.391000,1.09155,1.09153,1500000,2810000
2019-11-07 13:25:14.286000,1.09156,1.09154,2890000,1000000
2019-11-07 13:25:16.549000,1.09155,1.09154,1500000,1000000
2019-11-07 13:25:16.868000,1.09156,1.09154,2510000,1000000
2019-11-07 13:25:17.187000,1.09155,1.09153,2870000,1500000
2019-11-07 13:25:17.288000,1.09155,1.09153,2950000,1000000
2019-11-07 13:25:24.983000,1.09156,1.09153,5620000,1690000
2019-11-07 13:25:25.680000,1.09156,1.09154,4870000,1000000
2019-11-07 13:25:25.983000,1.09157,1.09154,3820000,1250000
2019-11-07 13:25:26.085000,1.09157,1.09154,2440000,2870000
2019-11-07 13:25:26.186000,1.09159,1.09157,1410000,3000000
2019-11-07 13:25:26.288000,1.0916,1.09158,2210000,1000000
2019-11-07 13:25:26.490000,1.09159,1.09157,1250000,4060000
2019-11-07 13:25:27.288000,1.09159,1.09157,1250000,3370000
2019-11-07 13:25:28.352000,1.09157,1.09156,1250000,1870000
2019-11-07 13:25:28.605000,1.09157,1.09155,1000000,3190000
2019-11-07 13:25:28.656000,1.09158,1.09156,2060000,1250000
2019-11-07 13:25:28.757000,1.09159,1.09157,4750000,1000000
2019-11-07 13:25:28.859000,1.09159,1.09158,1690000,1000000
2019-11-07 13:25:29.010000,1.09161,1.09158,5320000,1000000
2019-11-07 13:25:31.304000,1.09159,1.09158,1250000,1000000
2019-11-07 13:25:31.406000,1.09159,1.09157,3310000,1000000
2019-11-07 13:25:31.507000,1.09159,1.09158,1120000,1000000
2019-11-07 13:25:32.006000,1.0916,1.09158,2060000,1000000
2019-11-07 13:25:32.158000,1.09159,1.09158,1310000,1000000
2019-11-07 13:25:33.103000,1.09158,1.09156,2620000,1500000
2019-11-07 13:25:33.255000,1.09158,1.09157,1200000,1000000
2019-11-07 13:25:35.150000,1.09159,1.09157,4010000,1000000
2019-11-07 13:25:37.468000,1.09158,1.09156,2950000,1000000
2019-11-07 13:25:37.569000,1.09157,1.09155,1810000,1250000
2019-11-07 13:25:37.993000,1.09157,1.09156,3260000,1000000
2019-11-07 13:25:38.147000,1.09157,1.09155,4010000,1250000
2019-11-07 13:25:38.497000,1.09157,1.09155,3760000,1250000
2019-11-07 13:25:40.407000,1.09157,1.09154,2360000,1690000
2019-11-07 13:25:40.904000,1.09156,1.09155,2060000,1000000
2019-11-07 13:25:42.514000,1.09156,1.09154,1370000,1000000
2019-11-07 13:25:48.691000,1.09155,1.09153,1370000,1250000
2019-11-07 13:25:48.792000,1.09155,1.09153,1760000,1000000
2019-11-07 13:25:49.188000,1.09154,1.09153,1310000,1000000
2019-11-07 13:25:50.343000,1.09152,1.09151,1000000,1500000
2019-11-07 13:25:50.445000,1.09152,1.0915,1810000,1000000
2019-11-07 13:25:50.597000,1.09151,1.09148,3840000,1690000
2019-11-07 13:25:50.699000,1.09151,1.09149,4590000,1000000
2019-11-07 13:25:51.599000,1.09151,1.09149,4090000,1000000
2019-11-07 13:25:52.411000,1.09153,1.09151,1000000,1250000
2019-11-07 13:25:52.715000,1.09154,1.09152,3260000,2440000
2019-11-07 13:25:53.159000,1.09154,1.09153,1010000,1000000
2019-11-07 13:25:53.261000,1.09155,1.09154,2700000,1000000
2019-11-07 13:25:53.626000,1.09156,1.09154,3820000,1250000
2019-11-07 13:25:55.970000,1.09157,1.09156,1100000,2440000
2019-11-07 13:25:56.071000,1.09158,1.09156,2320000,2500000
2019-11-07 13:25:56.172000,1.09159,1.09157,2370000,1690000
2019-11-07 13:25:56.273000,1.09159,1.09157,1870000,1690000
2019-11-07 13:25:56.580000,1.09158,1.09156,3620000,2250000
2019-11-07 13:25:56.681000,1.09157,1.09156,1120000,1000000
2019-11-07 13:25:57.631000,1.09157,1.09155,2070000,1690000
2019-11-07 13:25:59.265000,1.09157,1.09155,2260000,1000000
2019-11-07 13:26:00.702000,1.09156,1.09154,2770000,1250000
2019-11-07 13:26:03.735000,1.09156,1.09155,1120000,1000000
2019-11-07 13:26:03.837000,1.09158,1.09156,1310000,3560000
2019-11-07 13:26:03.887000,1.0916,1.09158,4060000,1000000
2019-11-07 13:26:04.032000,1.09161,1.09159,1250000,1000000
2019-11-07 13:26:04.691000,1.0916,1.09158,2120000,1000000
2019-11-07 13:26:04.793000,1.09159,1.09157,2510000,1250000
2019-11-07 13:26:04.899000,1.09159,1.09157,1120000,2120000
2019-11-07 13:26:04.950000,1.09161,1.09158,1870000,2120000
2019-11-07 13:26:06.088000,1.09159,1.09158,1250000,1000000
2019-11-07 13:26:06.240000,1.09161,1.09158,4200000,1000000
2019-11-07 13:26:06.341000,1.09161,1.09158,2810000,2140000
2019-11-07 13:26:06.896000,1.09161,1.09158,2620000,2950000
2019-11-07 13:26:07.941000,1.09162,1.09159,1310000,2810000
2019-11-07 13:26:08.827000,1.09163,1.0916,2510000,3550000
2019-11-07 13:26:08.929000,1.09163,1.09162,1010000,1000000
2019-11-07 13:26:10.327000,1.09163,1.09161,2560000,1000000
2019-11-07 13:26:11.530000,1.09162,1.09161,1120000,1000000
2019-11-07 13:26:11.632000,1.09162,1.0916,1950000,1250000
2019-11-07 13:26:11.734000,1.09162,1.09159,3790000,1690000
2019-11-07 13:26:14.405000,1.09158,1.09156,2250000,4910000
2019-11-07 13:26:14.507000,1.09158,1.09156,3010000,1310000
2019-11-07 13:26:14.609000,1.09156,1.09155,1120000,1000000
2019-11-07 13:26:14.711000,1.09155,1.09154,1000000,1500000
2019-11-07 13:26:14.826000,1.09154,1.09153,1250000,1500000
2019-11-07 13:26:15.079000,1.09152,1.0915,4570000,3640000
2019-11-07 13:26:15.130000,1.0915,1.09149,1000000,1000000
2019-11-07 13:26:15.585000,1.09151,1.09148,3310000,1690000
2019-11-07 13:26:16.126000,1.09151,1.09148,3640000,1310000
2019-11-07 13:26:16.361000,1.09153,1.09152,2770000,1500000
2019-11-07 13:26:16.463000,1.09154,1.09152,1010000,2810000
2019-11-07 13:26:16.879000,1.09155,1.09153,1500000,1310000
2019-11-07 13:26:17.059000,1.09155,1.09152,2570000,2640000
2019-11-07 13:26:17.855000,1.09155,1.09152,3700000,3560000
2019-11-07 13:26:18.573000,1.09156,1.09153,4010000,1310000
2019-11-07 13:26:18.826000,1.09155,1.09153,3720000,1120000
2019-11-07 13:26:18.928000,1.09154,1.09151,1760000,3320000
2019-11-07 13:26:20.153000,1.09155,1.09153,1500000,2120000
2019-11-07 13:26:20.360000,1.09155,1.09153,2140000,1000000
2019-11-07 13:26:21.387000,1.09155,1.09154,1000000,1310000
2019-11-07 13:26:21.842000,1.09155,1.09153,1120000,1690000
2019-11-07 13:26:22.079000,1.09154,1.09152,1000000,2810000
2019-11-07 13:26:24.326000,1.09152,1.0915,2500000,2140000
2019-11-07 13:26:26.068000,1.09152,1.09149,1120000,5320000
2019-11-07 13:26:26.169000,1.09152,1.0915,1000000,1370000
2019-11-07 13:26:26.472000,1.09153,1.09151,1000000,2500000
2019-11-07 13:26:26.574000,1.09154,1.09151,1310000,3700000
2019-11-07 13:26:27.102000,1.09154,1.09153,1000000,1310000
2019-11-07 13:26:27.220000,1.09155,1.09152,1000000,4950000
2019-11-07 13:26:27.322000,1.09155,1.09152,4900000,2060000
2019-11-07 13:26:27.760000,1.09155,1.09152,4900000,1810000
2019-11-07 13:26:28.291000,1.09155,1.09152,5400000,1690000
2019-11-07 13:26:30.669000,1.09155,1.09152,1120000,3820000
2019-11-07 13:26:30.770000,1.09155,1.09152,1890000,4000000
2019-11-07 13:26:30.871000,1.09155,1.09152,3900000,2440000
2019-11-07 13:26:31.791000,1.09155,1.09152,1120000,3820000
2019-11-07 13:26:31.993000,1.09155,1.09152,2570000,2510000
2019-11-07 13:26:33.565000,1.09155,1.09154,1500000,3190000
2019-11-07 13:26:33.616000,1.09157,1.09156,1120000,1690000
2019-11-07 13:26:33.717000,1.09158,1.09156,1570000,2890000
2019-11-07 13:26:34.021000,1.09157,1.09155,1000000,2440000
2019-11-07 13:26:34.273000,1.09157,1.09155,1510000,1000000
2019-11-07 13:26:34.375000,1.09156,1.09154,1500000,1690000
2019-11-07 13:26:35.945000,1.09155,1.09154,1000000,1000000
2019-11-07 13:26:36.047000,1.09155,1.09153,1500000,2140000
2019-11-07 13:26:37.555000,1.09153,1.09151,1120000,4820000
2019-11-07 13:26:38.215000,1.09154,1.09153,1000000,1310000
2019-11-07 13:26:38.827000,1.09154,1.09152,1250000,2890000
2019-11-07 13:26:39.329000,1.09154,1.09153,1000000,1310000
2019-11-07 13:26:41.262000,1.09153,1.09151,1000000,5350000
2019-11-07 13:26:41.535000,1.09151,1.0915,1120000,1200000
2019-11-07 13:26:41.637000,1.0915,1.09149,1000000,1250000
2019-11-07 13:26:41.991000,1.09149,1.09148,1000000,1690000
2019-11-07 13:26:43.750000,1.0915,1.09148,1000000,3700000
2019-11-07 13:26:49.121000,1.0915,1.09148,1000000,7010000
2019-11-07 13:26:49.323000,1.09151,1.0915,1000000,1250000
2019-11-07 13:26:49.432000,1.0915,1.09149,1000000,3370000
2019-11-07 13:26:49.533000,1.09151,1.09149,1250000,4570000
2019-11-07 13:26:55.956000,1.0915,1.09149,1000000,1000000
2019-11-07 13:26:56.445000,1.09149,1.09147,1120000,2100000
2019-11-07 13:26:56.495000,1.09148,1.09146,1120000,3190000
2019-11-07 13:26:56.596000,1.09148,1.09145,3010000,2890000
2019-11-07 13:26:59.696000,1.09146,1.09144,2620000,1390000
2019-11-07 13:26:59.797000,1.09146,1.09143,3120000,2700000
2019-11-07 13:27:00.203000,1.09145,1.09142,2620000,5140000
2019-11-07 13:27:00.304000,1.09145,1.09142,1000000,3700000
2019-11-07 13:27:00.583000,1.09145,1.09142,2320000,4390000
2019-11-07 13:27:01.069000,1.09145,1.09142,1250000,4510000
2019-11-07 13:27:02.425000,1.09146,1.09144,1120000,1250000
2019-11-07 13:27:03.111000,1.09147,1.09144,2820000,2950000
2019-11-07 13:27:03.392000,1.09147,1.09144,2320000,3320000
2019-11-07 13:27:05.838000,1.09148,1.09146,4500000,1750000
2019-11-07 13:27:05.939000,1.09149,1.09147,4690000,1690000
2019-11-07 13:27:07.069000,1.09148,1.09146,1750000,1120000
2019-11-07 13:27:07.119000,1.09146,1.09145,2250000,1100000
2019-11-07 13:27:07.221000,1.09145,1.09143,1000000,2320000
2019-11-07 13:27:08.989000,1.09145,1.09143,1000000,2200000
2019-11-07 13:27:09.101000,1.09147,1.09145,2620000,1000000
2019-11-07 13:27:09.596000,1.09147,1.09145,1310000,1010000
2019-11-07 13:27:10.044000,1.09145,1.09144,1000000,1200000
2019-11-07 13:27:10.146000,1.09145,1.09143,1000000,1250000
2019-11-07 13:27:15.649000,1.09145,1.09143,3620000,1000000
2019-11-07 13:27:17.826000,1.09144,1.09142,4010000,1000000
2019-11-07 13:27:17.927000,1.09143,1.09142,1120000,1000000
2019-11-07 13:27:18.051000,1.09143,1.09141,2370000,1250000
2019-11-07 13:27:18.152000,1.09143,1.09141,3120000,1250000
2019-11-07 13:27:19.042000,1.09143,1.0914,2250000,2570000
2019-11-07 13:27:20.015000,1.09143,1.0914,2370000,1820000
2019-11-07 13:27:24.047000,1.09143,1.0914,2470000,1760000
2019-11-07 13:27:24.512000,1.09143,1.0914,3870000,1820000
2019-11-07 13:27:25.026000,1.09142,1.09139,2000000,4450000
2019-11-07 13:27:25.129000,1.09142,1.09139,3500000,1100000
2019-11-07 13:27:31.349000,1.09142,1.09139,1500000,5950000
2019-11-07 13:27:31.500000,1.09142,1.09141,1000000,2440000
2019-11-07 13:27:31.602000,1.09143,1.09142,1000000,1000000
2019-11-07 13:27:31.703000,1.09144,1.09142,1200000,1000000
2019-11-07 13:27:34.642000,1.09144,1.09143,1000000,1000000
2019-11-07 13:27:34.851000,1.09147,1.09145,10650000,1750000
2019-11-07 13:27:34.952000,1.09148,1.09146,2140000,1000000
2019-11-07 13:27:35.999000,1.09148,1.09146,1120000,2570000
2019-11-07 13:27:37.136000,1.0915,1.09147,2200000,1690000
2019-11-07 13:27:42.415000,1.09149,1.09147,1750000,1000000
2019-11-07 13:27:42.516000,1.09147,1.09145,1500000,3260000
2019-11-07 13:27:42.617000,1.09148,1.09145,2810000,2140000
2019-11-07 13:27:43.543000,1.09148,1.09145,3760000,1250000
2019-11-07 13:27:46.754000,1.09147,1.09145,1810000,1000000
2019-11-07 13:27:48.354000,1.09146,1.09144,1500000,3260000
2019-11-07 13:27:48.836000,1.09146,1.09144,1120000,3700000
2019-11-07 13:27:51.091000,1.09146,1.09144,1000000,3260000
2019-11-07 13:27:51.193000,1.09145,1.09143,1000000,4570000
2019-11-07 13:27:51.345000,1.09145,1.09143,1000000,4040000
2019-11-07 13:27:51.547000,1.09145,1.09143,1000000,4010000
2019-11-07 13:28:00.046000,1.09145,1.09143,3620000,1500000
2019-11-07 13:28:00.147000,1.09144,1.09142,1310000,2890000
2019-11-07 13:28:00.249000,1.09143,1.09141,1120000,2200000
2019-11-07 13:28:01.485000,1.09144,1.09142,1000000,4610000
2019-11-07 13:28:01.687000,1.09144,1.09142,1000000,4460000
2019-11-07 13:28:01.838000,1.09144,1.09142,1000000,4490000
2019-11-07 13:28:02.142000,1.09144,1.09142,1000000,3640000
2019-11-07 13:28:22.252000,1.09144,1.09142,1000000,4410000
2019-11-07 13:28:23.189000,1.09145,1.09144,1310000,1000000
2019-11-07 13:28:23.240000,1.09147,1.09145,6760000,1000000
2019-11-07 13:28:23.342000,1.09147,1.09145,1000000,3940000
2019-11-07 13:28:23.544000,1.0915,1.09147,9170000,1250000
2019-11-07 13:28:23.747000,1.0915,1.09148,1310000,1500000
2019-11-07 13:28:24.058000,1.09151,1.09149,5120000,1000000
2019-11-07 13:28:25.129000,1.09151,1.09148,5500000,1870000
2019-11-07 13:28:28.144000,1.09151,1.09148,3250000,1500000
2019-11-07 13:28:28.245000,1.0915,1.09148,1690000,1000000
2019-11-07 13:28:28.473000,1.0915,1.09147,1690000,1310000
2019-11-07 13:28:28.595000,1.0915,1.09147,1750000,1310000
2019-11-07 13:28:31.658000,1.0915,1.09148,2620000,1500000
2019-11-07 13:28:32.421000,1.0915,1.09149,1690000,1000000
2019-11-07 13:28:32.522000,1.0915,1.09149,1000000,2250000
2019-11-07 13:28:34.599000,1.09153,1.09151,1390000,2940000
2019-11-07 13:28:36.022000,1.09155,1.09153,3620000,1000000
2019-11-07 13:28:36.174000,1.09156,1.09154,1310000,1500000
2019-11-07 13:28:36.377000,1.09157,1.09156,1310000,1000000
2019-11-07 13:28:36.517000,1.09157,1.09155,1310000,1120000
2019-11-07 13:28:36.677000,1.09157,1.09156,1310000,1000000
2019-11-07 13:28:37.140000,1.09157,1.09155,1310000,1120000
2019-11-07 13:28:37.241000,1.09157,1.09154,2870000,1870000
2019-11-07 13:28:38.873000,1.09156,1.09153,1310000,3560000
2019-11-07 13:28:38.974000,1.09155,1.09153,2620000,1000000
2019-11-07 13:28:41.081000,1.09155,1.09153,1500000,1250000
2019-11-07 13:28:44.134000,1.09155,1.09154,1000000,1000000
2019-11-07 13:28:45.225000,1.09153,1.09151,1310000,4060000
2019-11-07 13:28:45.377000,1.09154,1.09152,1120000,1250000
2019-11-07 13:28:45.478000,1.09154,1.09152,1120000,1750000
2019-11-07 13:28:45.580000,1.09156,1.09152,4370000,1750000
2019-11-07 13:28:47.517000,1.09156,1.09153,2440000,1310000
2019-11-07 13:28:51.578000,1.09156,1.09154,2060000,1000000
2019-11-07 13:28:54.707000,1.09156,1.09153,2060000,2060000
2019-11-07 13:28:54.910000,1.09155,1.09153,2060000,1250000
2019-11-07 13:28:56.947000,1.09154,1.09152,1500000,1870000
2019-11-07 13:28:57.149000,1.09156,1.09152,5700000,1120000
2019-11-07 13:28:58.028000,1.09156,1.09154,2750000,1000000
2019-11-07 13:28:58.130000,1.09156,1.09153,1810000,1690000
2019-11-07 13:28:58.414000,1.09156,1.09154,1810000,1000000
2019-11-07 13:28:58.515000,1.09156,1.09153,1810000,1690000
2019-11-07 13:28:59.040000,1.09156,1.09153,1310000,2060000
2019-11-07 13:28:59.673000,1.09156,1.09153,1810000,2060000
2019-11-07 13:29:00.094000,1.09156,1.09153,1310000,1310000
2019-11-07 13:29:00.340000,1.09156,1.09154,1310000,1000000
2019-11-07 13:29:00.681000,1.09156,1.09155,1120000,1000000
2019-11-07 13:29:00.782000,1.09156,1.09154,1120000,1690000
2019-11-07 13:29:03.049000,1.09158,1.09156,1500000,2000000
2019-11-07 13:29:03.100000,1.09159,1.09157,3640000,1000000
2019-11-07 13:29:03.202000,1.09158,1.09156,1000000,2810000
2019-11-07 13:29:03.303000,1.09159,1.09157,1500000,1000000
2019-11-07 13:29:03.647000,1.0916,1.09158,1620000,1000000
2019-11-07 13:29:04.078000,1.0916,1.09158,1120000,1500000
2019-11-07 13:29:04.179000,1.09161,1.09159,1870000,1870000
2019-11-07 13:29:04.331000,1.09162,1.0916,2190000,1000000
2019-11-07 13:29:05.159000,1.09162,1.0916,1690000,1000000
2019-11-07 13:29:19.169000,1.09163,1.0916,3190000,1100000
2019-11-07 13:29:20.792000,1.09163,1.09161,1690000,1000000
2019-11-07 13:29:20.954000,1.09163,1.09162,1250000,1000000
2019-11-07 13:29:21.055000,1.09163,1.09161,1250000,1000000
2019-11-07 13:29:21.747000,1.09163,1.0916,2440000,1870000
2019-11-07 13:29:22.095000,1.09163,1.0916,2560000,1870000
2019-11-07 13:29:23.085000,1.09163,1.0916,2810000,1100000
2019-11-07 13:29:23.920000,1.09163,1.0916,1810000,1500000
2019-11-07 13:29:25.843000,1.09162,1.09159,1000000,3750000
2019-11-07 13:29:26.305000,1.09162,1.09159,1000000,3560000
2019-11-07 13:29:26.708000,1.09162,1.09159,1250000,1870000
2019-11-07 13:29:26.918000,1.09161,1.09159,1500000,1870000
2019-11-07 13:29:27.070000,1.09162,1.09159,2060000,1870000
2019-11-07 13:29:27.430000,1.09161,1.09159,1500000,2250000
2019-11-07 13:29:28.384000,1.09162,1.09159,1500000,4700000
2019-11-07 13:29:28.548000,1.09157,1.09156,1120000,1690000
2019-11-07 13:29:28.599000,1.09157,1.09155,1250000,1000000
2019-11-07 13:29:29.568000,1.09157,1.09155,2190000,1000000
2019-11-07 13:29:30.175000,1.09157,1.09155,1310000,1000000
2019-11-07 13:29:31.129000,1.09156,1.09155,1500000,1000000
2019-11-07 13:29:31.230000,1.09157,1.09155,1000000,1000000
2019-11-07 13:29:31.844000,1.09158,1.09155,3000000,1000000
2019-11-07 13:29:32.097000,1.09158,1.09155,2000000,1000000
2019-11-07 13:29:33.600000,1.09157,1.09155,1500000,1000000
2019-11-07 13:29:33.752000,1.09157,1.09154,1500000,1500000
2019-11-07 13:29:36.214000,1.09158,1.09154,3750000,3000000
2019-11-07 13:29:36.366000,1.09158,1.09155,3750000,1000000
2019-11-07 13:29:36.519000,1.09161,1.09159,3470000,1500000
2019-11-07 13:29:36.671000,1.09162,1.09159,1500000,2250000
2019-11-07 13:29:37.092000,1.09162,1.09159,1120000,1000000
2019-11-07 13:29:38.639000,1.09161,1.09159,1500000,1000000
2019-11-07 13:29:38.740000,1.0916,1.09159,1500000,1000000
2019-11-07 13:29:38.842000,1.09161,1.09159,1500000,1000000
2019-11-07 13:29:38.995000,1.09162,1.09159,2250000,1000000
2019-11-07 13:29:39.195000,1.09161,1.09159,1500000,1000000
2019-11-07 13:29:39.348000,1.09162,1.09159,1500000,1500000
2019-11-07 13:29:39.765000,1.09162,1.09159,1500000,1000000
2019-11-07 13:29:39.904000,1.09163,1.09159,2750000,2370000
2019-11-07 13:29:40.075000,1.09163,1.09159,2750000,2370000
2019-11-07 13:29:40.237000,1.09163,1.09159,2750000,1500000
2019-11-07 13:29:43.179000,1.09162,1.0916,1500000,1000000
2019-11-07 13:29:43.554000,1.09162,1.09159,1500000,1500000
2019-11-07 13:29:43.944000,1.09163,1.09159,1120000,4120000
2019-11-07 13:29:44.096000,1.09161,1.09159,1500000,3000000
2019-11-07 13:29:45.358000,1.09163,1.09159,2750000,2250000
2019-11-07 13:29:45.466000,1.09163,1.09159,1500000,4620000
2019-11-07 13:29:45.719000,1.09163,1.09159,2000000,3000000
2019-11-07 13:29:46.177000,1.09163,1.09161,1500000,1000000
2019-11-07 13:29:46.532000,1.09163,1.09159,1500000,4500000
2019-11-07 13:29:46.630000,1.09166,1.09164,1000000,2250000
2019-11-07 13:29:46.686000,1.09168,1.09166,1950000,1500000
2019-11-07 13:29:46.788000,1.09167,1.09164,1120000,2250000
2019-11-07 13:29:47.054000,1.09167,1.09164,1000000,2750000
2019-11-07 13:29:47.196000,1.09167,1.09164,1000000,3370000
2019-11-07 13:29:48.476000,1.09166,1.09164,1000000,3370000
2019-11-07 13:29:48.527000,1.09165,1.09162,2620000,2250000
2019-11-07 13:29:48.578000,1.09163,1.09162,1500000,1500000
2019-11-07 13:29:48.629000,1.09163,1.0916,1500000,1870000
2019-11-07 13:29:49.709000,1.09162,1.09159,1000000,1120000
2019-11-07 13:29:50.825000,1.09162,1.09158,1120000,2250000
2019-11-07 13:29:51.486000,1.09161,1.09158,1000000,1500000
2019-11-07 13:29:53.106000,1.09161,1.09156,1000000,4350000
2019-11-07 13:29:54.449000,1.09161,1.09156,1000000,3970000
2019-11-07 13:29:55.046000,1.09161,1.09156,1000000,2750000
2019-11-07 13:29:57.609000,1.09162,1.09156,1000000,2000000
2019-11-07 13:29:58.373000,1.09162,1.09156,1000000,1120000
2019-11-07 13:29:59.894000,1.09162,1.09156,1000000,1600000
2019-11-07 13:29:59.996000,1.09162,1.09156,1000000,1000000
2019-11-07 13:30:00.443000,1.09162,1.09155,1000000,1000000
2019-11-07 13:30:00.738000,1.09162,1.09156,1000000,1000000
2019-11-07 13:30:01.380000,1.09157,1.09156,1000000,1000000
2019-11-07 13:30:01.482000,1.09157,1.09154,1000000,1000000
2019-11-07 13:30:01.583000,1.09158,1.09154,1000000,1000000
2019-11-07 13:30:01.876000,1.09158,1.09155,1000000,1000000
2019-11-07 13:30:02.288000,1.09159,1.09155,1000000,1500000
2019-11-07 13:30:02.390000,1.09157,1.09152,1500000,1500000
2019-11-07 13:30:02.604000,1.09152,1.0915,1120000,1500000
2019-11-07 13:30:02.706000,1.09152,1.09148,1120000,2250000
2019-11-07 13:30:03.587000,1.0915,1.09146,2250000,2720000
2019-11-07 13:30:03.688000,1.0915,1.09146,2250000,1570000
2019-11-07 13:30:03.941000,1.09149,1.09146,1000000,1100000
2019-11-07 13:30:04.043000,1.0915,1.09145,1000000,1620000
2019-11-07 13:30:04.448000,1.09151,1.09147,1000000,1000000
2019-11-07 13:30:04.751000,1.09151,1.09147,1000000,2560000
2019-11-07 13:30:04.954000,1.09153,1.09148,1000000,2190000
2019-11-07 13:30:06.679000,1.09153,1.09152,1000000,1000000
2019-11-07 13:30:08.919000,1.09154,1.09152,1000000,1000000
2019-11-07 13:30:09.086000,1.09154,1.09153,1000000,1000000
2019-11-07 13:30:09.187000,1.09154,1.09151,1000000,3450000
2019-11-07 13:30:09.390000,1.09154,1.09153,1000000,1000000
2019-11-07 13:30:09.694000,1.09154,1.09152,1000000,1000000
2019-11-07 13:30:10.174000,1.09154,1.09152,1000000,2000000
2019-11-07 13:30:11.101000,1.09154,1.09152,1000000,1120000
2019-11-07 13:30:11.579000,1.09156,1.09155,2440000,1000000
2019-11-07 13:30:11.680000,1.0916,1.09157,1120000,3820000
2019-11-07 13:30:11.781000,1.09162,1.09159,3310000,1250000
2019-11-07 13:30:11.910000,1.09161,1.09158,1000000,1370000
2019-11-07 13:30:12.216000,1.09162,1.09158,5560000,1750000
2019-11-07 13:30:12.861000,1.09162,1.09158,3870000,3620000
2019-11-07 13:30:14.035000,1.09162,1.09158,4060000,2870000
2019-11-07 13:30:16.632000,1.09162,1.09161,1120000,1250000
2019-11-07 13:30:16.734000,1.09164,1.09161,3190000,1250000
2019-11-07 13:30:16.835000,1.09163,1.09161,1500000,1250000
2019-11-07 13:30:16.936000,1.09162,1.09161,1000000,1250000
2019-11-07 13:30:17.531000,1.09162,1.0916,1000000,2140000
2019-11-07 13:30:17.632000,1.09161,1.09159,1000000,2060000
2019-11-07 13:30:20.973000,1.09161,1.09157,2620000,5570000
2019-11-07 13:30:23.397000,1.09161,1.09158,1620000,1690000
2019-11-07 13:30:23.498000,1.09161,1.09158,1120000,1690000
2019-11-07 13:30:23.623000,1.09161,1.09159,1120000,1000000
2019-11-07 13:30:24.070000,1.09161,1.09158,1120000,2890000
2019-11-07 13:30:24.171000,1.09161,1.0916,1120000,1000000
2019-11-07 13:30:24.272000,1.09161,1.09159,1120000,1120000
2019-11-07 13:30:24.744000,1.09161,1.0916,1120000,1000000
2019-11-07 13:30:24.845000,1.09161,1.09159,1500000,1250000
2019-11-07 13:30:25.156000,1.09162,1.09161,1120000,1250000
2019-11-07 13:30:25.257000,1.09163,1.09161,1120000,1250000
2019-11-07 13:30:25.358000,1.09163,1.0916,3200000,1250000
2019-11-07 13:30:25.690000,1.09163,1.09161,1120000,4760000
2019-11-07 13:30:25.811000,1.09165,1.09163,1120000,1500000
2019-11-07 13:30:25.912000,1.09165,1.09164,1120000,1000000
2019-11-07 13:30:26.014000,1.09166,1.09164,1000000,1500000
2019-11-07 13:30:26.428000,1.09167,1.09165,1120000,1000000
2019-11-07 13:30:26.902000,1.09168,1.09165,2810000,1500000
2019-11-07 13:30:27.362000,1.09168,1.09166,1120000,1250000
2019-11-07 13:30:27.464000,1.09168,1.09165,1310000,1120000
2019-11-07 13:30:27.581000,1.09168,1.09165,1810000,1120000
2019-11-07 13:30:28.276000,1.09168,1.09166,1810000,1000000
2019-11-07 13:30:30.294000,1.09168,1.09165,1810000,1500000
2019-11-07 13:30:31.541000,1.09168,1.09165,1690000,1500000
2019-11-07 13:30:33.398000,1.09168,1.09165,2190000,1570000
2019-11-07 13:30:34.151000,1.09168,1.09167,1500000,1000000
2019-11-07 13:30:34.252000,1.0917,1.09168,3260000,2500000
2019-11-07 13:30:34.354000,1.0917,1.09169,1000000,1500000
2019-11-07 13:30:34.455000,1.09172,1.09169,3000000,1500000
2019-11-07 13:30:34.767000,1.09173,1.09171,3560000,1000000
2019-11-07 13:30:34.818000,1.09174,1.09172,2140000,1500000
2019-11-07 13:30:35.121000,1.09173,1.09171,2200000,1000000
2019-11-07 13:30:35.222000,1.09171,1.09168,2620000,2060000
2019-11-07 13:30:35.324000,1.0917,1.09167,1690000,2510000
2019-11-07 13:30:35.426000,1.0917,1.09167,2500000,3010000
2019-11-07 13:30:35.670000,1.09171,1.09169,4000000,1000000
2019-11-07 13:30:35.772000,1.09171,1.09169,3940000,1250000
2019-11-07 13:30:36.325000,1.09172,1.0917,1500000,1750000
2019-11-07 13:30:36.427000,1.09172,1.0917,1870000,2120000
2019-11-07 13:30:36.982000,1.09173,1.09171,2060000,1250000
2019-11-07 13:30:37.084000,1.0917,1.09168,1000000,3310000
2019-11-07 13:30:37.134000,1.0917,1.09167,3560000,1760000
2019-11-07 13:30:37.186000,1.09168,1.09166,2250000,4010000
2019-11-07 13:30:37.389000,1.09168,1.09166,1810000,1000000
2019-11-07 13:30:37.542000,1.09168,1.09165,3310000,1250000
2019-11-07 13:30:38.607000,1.09168,1.09166,1120000,1310000
2019-11-07 13:30:39.267000,1.09167,1.09165,1310000,1870000
2019-11-07 13:30:42.889000,1.09165,1.09164,2440000,1000000
2019-11-07 13:30:42.940000,1.09165,1.09163,3190000,2250000
2019-11-07 13:30:43.041000,1.09164,1.09163,1250000,1500000
2019-11-07 13:30:43.608000,1.09165,1.09163,1500000,1500000
2019-11-07 13:30:43.659000,1.09166,1.09164,1870000,1000000
2019-11-07 13:30:43.760000,1.09167,1.09166,1000000,1690000
2019-11-07 13:30:44.008000,1.09168,1.09166,2250000,2810000
2019-11-07 13:30:44.319000,1.09167,1.09166,1500000,1000000
2019-11-07 13:30:44.370000,1.09167,1.09164,3370000,2060000
2019-11-07 13:30:44.523000,1.09167,1.09165,3370000,1000000
2019-11-07 13:30:44.625000,1.09167,1.09165,3370000,1000000
2019-11-07 13:30:45.040000,1.09167,1.09164,3370000,2810000
2019-11-07 13:30:45.995000,1.09167,1.09165,1120000,1000000
2019-11-07 13:30:49.063000,1.09167,1.09164,1120000,2060000
2019-11-07 13:30:49.690000,1.09167,1.09165,1120000,1000000
2019-11-07 13:30:52.214000,1.09167,1.09164,1500000,2060000
2019-11-07 13:30:55.041000,1.09167,1.09165,1500000,1000000
2019-11-07 13:30:56.768000,1.09167,1.09164,1120000,1690000
2019-11-07 13:30:56.871000,1.09167,1.09164,1620000,1310000
2019-11-07 13:30:59.807000,1.09167,1.09164,1870000,2060000
2019-11-07 13:31:03.769000,1.09167,1.09166,1870000,1000000
2019-11-07 13:31:03.982000,1.09168,1.09165,3310000,1000000
2019-11-07 13:31:04.851000,1.09167,1.09164,1120000,2060000
2019-11-07 13:31:06.411000,1.09167,1.09164,1620000,1690000
2019-11-07 13:31:06.519000,1.09167,1.09164,1120000,1690000
2019-11-07 13:31:10.445000,1.09168,1.09167,1000000,1000000
2019-11-07 13:31:10.546000,1.09169,1.09167,1000000,3190000
2019-11-07 13:31:11.365000,1.09169,1.09166,1690000,2810000
2019-11-07 13:31:12.037000,1.0917,1.09167,1500000,2500000
2019-11-07 13:31:12.139000,1.09172,1.0917,1310000,1000000
2019-11-07 13:31:12.866000,1.09172,1.09169,1250000,1310000
2019-11-07 13:31:13.004000,1.09172,1.09169,1000000,1370000
2019-11-07 13:31:14.039000,1.09172,1.09169,2810000,1310000
2019-11-07 13:31:15.446000,1.09172,1.09169,3000000,1820000
2019-11-07 13:31:20.196000,1.09172,1.09169,1310000,2140000
2019-11-07 13:31:20.297000,1.09172,1.09169,1120000,2200000
2019-11-07 13:31:21.527000,1.09173,1.0917,3120000,1450000
2019-11-07 13:31:21.751000,1.09173,1.0917,2620000,1450000
2019-11-07 13:31:21.853000,1.09172,1.0917,1000000,1450000
2019-11-07 13:31:22.660000,1.09172,1.09169,1000000,2200000
2019-11-07 13:31:22.762000,1.09172,1.09168,2560000,5020000
2019-11-07 13:31:22.813000,1.0917,1.09167,2810000,2590000
2019-11-07 13:31:22.914000,1.09168,1.09166,1000000,2870000
2019-11-07 13:31:23.015000,1.09168,1.09166,1500000,2060000
2019-11-07 13:31:23.425000,1.0917,1.09167,1690000,1760000
2019-11-07 13:31:23.934000,1.0917,1.09168,1500000,1250000
2019-11-07 13:31:24.036000,1.09172,1.09169,2750000,1500000
2019-11-07 13:31:24.188000,1.09172,1.0917,2000000,1760000
2019-11-07 13:31:24.330000,1.09174,1.09172,4020000,1000000
2019-11-07 13:31:24.446000,1.09174,1.09172,4690000,1000000
2019-11-07 13:31:24.548000,1.09174,1.09171,4690000,2810000
2019-11-07 13:31:26.305000,1.09174,1.09172,3560000,1000000
2019-11-07 13:31:27.028000,1.09174,1.09171,3560000,4400000
2019-11-07 13:31:27.858000,1.09174,1.09172,3560000,1000000
2019-11-07 13:31:28.903000,1.09173,1.09171,1000000,2900000
2019-11-07 13:31:29.654000,1.09173,1.09172,1000000,1000000
2019-11-07 13:31:29.779000,1.09173,1.09171,1000000,2060000
2019-11-07 13:31:30.216000,1.09172,1.09171,1000000,2060000
2019-11-07 13:31:30.478000,1.09173,1.09171,1000000,2060000
2019-11-07 13:31:31.507000,1.09173,1.09171,1000000,1750000
2019-11-07 13:31:33.448000,1.09175,1.09172,3760000,1690000
2019-11-07 13:31:33.550000,1.09177,1.09175,1120000,1750000
2019-11-07 13:31:33.651000,1.09177,1.09175,1000000,2620000
2019-11-07 13:31:33.753000,1.09177,1.09176,1000000,1500000
2019-11-07 13:31:33.855000,1.09179,1.09177,1570000,1250000
2019-11-07 13:31:33.905000,1.09181,1.09179,5060000,1000000
2019-11-07 13:31:34.007000,1.09181,1.09178,2440000,1810000
2019-11-07 13:31:34.640000,1.0918,1.09178,1000000,1250000
2019-11-07 13:31:34.742000,1.09181,1.09178,2810000,1310000
2019-11-07 13:31:34.951000,1.0918,1.09178,1500000,1310000
2019-11-07 13:31:35.496000,1.09179,1.09177,1250000,1310000
2019-11-07 13:31:36.022000,1.09178,1.09176,1000000,5320000
2019-11-07 13:31:36.124000,1.09176,1.09175,1500000,1000000
2019-11-07 13:31:36.227000,1.09175,1.09173,1000000,1370000
2019-11-07 13:31:37.657000,1.09174,1.09173,1000000,1310000
2019-11-07 13:31:37.758000,1.09175,1.09173,1870000,1370000
2019-11-07 13:31:38.069000,1.09175,1.09172,3370000,1870000
2019-11-07 13:31:40.051000,1.09174,1.09171,1690000,4890000
2019-11-07 13:31:40.152000,1.09174,1.09171,2810000,2810000
2019-11-07 13:31:40.774000,1.09173,1.09171,1000000,2810000
2019-11-07 13:31:41.536000,1.09174,1.09171,1310000,2500000
2019-11-07 13:31:42.233000,1.09173,1.09171,1000000,2500000
2019-11-07 13:31:49.111000,1.09174,1.09172,1310000,1250000
2019-11-07 13:31:50.854000,1.09175,1.09172,2370000,1750000
2019-11-07 13:31:51.040000,1.09175,1.09172,3370000,1250000
2019-11-07 13:31:58.961000,1.09173,1.09171,1000000,2870000
2019-11-07 13:31:59.735000,1.09173,1.0917,4570000,1120000
2019-11-07 13:31:59.937000,1.09172,1.09169,3070000,2120000
2019-11-07 13:32:00.062000,1.09171,1.09168,2060000,2560000
2019-11-07 13:32:00.164000,1.0917,1.09167,1310000,4310000
2019-11-07 13:32:01.085000,1.0917,1.09167,4890000,1010000
2019-11-07 13:32:02.245000,1.09168,1.09166,1500000,2950000
2019-11-07 13:32:02.651000,1.0917,1.09167,1620000,3450000
2019-11-07 13:32:02.702000,1.09171,1.09167,1690000,5400000
2019-11-07 13:32:03.335000,1.0917,1.09168,1000000,2570000
2019-11-07 13:32:03.436000,1.09171,1.09168,1120000,4370000
2019-11-07 13:32:03.538000,1.09171,1.09169,1000000,3320000
2019-11-07 13:32:03.689000,1.09172,1.0917,1120000,1250000
2019-11-07 13:32:05.099000,1.0917,1.09168,1000000,5570000
2019-11-07 13:32:05.251000,1.09171,1.09168,2250000,4070000
2019-11-07 13:32:06.732000,1.0917,1.09168,2620000,1250000
2019-11-07 13:32:06.833000,1.0917,1.09168,2870000,1000000
2019-11-07 13:32:07.200000,1.09169,1.09167,1310000,1690000
2019-11-07 13:32:07.753000,1.09169,1.09167,1120000,1750000
2019-11-07 13:32:07.855000,1.09171,1.09169,2370000,1010000
2019-11-07 13:32:07.956000,1.0917,1.09167,5200000,1310000
2019-11-07 13:32:08.962000,1.09168,1.09165,2810000,2060000
2019-11-07 13:32:09.064000,1.09168,1.09166,2620000,1250000
2019-11-07 13:32:09.958000,1.09169,1.09166,2560000,3260000
2019-11-07 13:32:10.060000,1.09169,1.09166,1310000,3640000
2019-11-07 13:32:11,1.0917,1.09166,1500000,3760000
2019-11-07 13:32:11.196000,1.0917,1.09168,1000000,1000000
2019-11-07 13:32:11.389000,1.09171,1.0917,3820000,1250000
2019-11-07 13:32:11.491000,1.09172,1.09169,3640000,2810000
2019-11-07 13:32:11.592000,1.09171,1.09169,1000000,1310000
2019-11-07 13:32:11.693000,1.0917,1.09168,1250000,1120000
2019-11-07 13:32:12.518000,1.09171,1.09168,3950000,1750000
2019-11-07 13:32:12.685000,1.09171,1.09168,1870000,2500000
2019-11-07 13:32:13.921000,1.09171,1.09168,5320000,1120000
2019-11-07 13:32:14.074000,1.0917,1.09168,1000000,1000000
2019-11-07 13:32:14.197000,1.09172,1.0917,1650000,2750000
2019-11-07 13:32:16.413000,1.09171,1.09168,3190000,1810000
2019-11-07 13:32:19.020000,1.09172,1.09171,1120000,1690000
2019-11-07 13:32:19.121000,1.09173,1.09171,1310000,1690000
2019-11-07 13:32:19.223000,1.09174,1.09172,2250000,1310000
2019-11-07 13:32:19.494000,1.09175,1.09172,2810000,1310000
2019-11-07 13:32:19.595000,1.09175,1.09172,2620000,1370000
2019-11-07 13:32:20.959000,1.09177,1.09175,2820000,1120000
2019-11-07 13:32:21.061000,1.09178,1.09176,1870000,1750000
2019-11-07 13:32:21.162000,1.09178,1.09176,1870000,1250000
2019-11-07 13:32:21.468000,1.09178,1.09176,1500000,2120000
2019-11-07 13:32:21.620000,1.09178,1.09176,1500000,1310000
2019-11-07 13:32:21.721000,1.09179,1.09176,3260000,2120000
2019-11-07 13:32:22.778000,1.0918,1.09177,2060000,1310000
2019-11-07 13:32:26.613000,1.09181,1.09177,4510000,2500000
2019-11-07 13:32:26.714000,1.09181,1.09177,4570000,2440000
2019-11-07 13:32:31.057000,1.0918,1.09177,1000000,2870000
2019-11-07 13:32:31.648000,1.0918,1.09177,1250000,2060000
2019-11-07 13:32:31.850000,1.0918,1.09177,1250000,2060000
2019-11-07 13:32:33.151000,1.09178,1.09175,1690000,5260000
2019-11-07 13:32:33.253000,1.09179,1.09177,3390000,1250000
2019-11-07 13:32:33.354000,1.09179,1.09177,2440000,1250000
2019-11-07 13:32:33.683000,1.09179,1.09177,2190000,1250000
2019-11-07 13:32:33.784000,1.09179,1.09177,2440000,1000000
2019-11-07 13:32:35.520000,1.09178,1.09176,1620000,1000000
2019-11-07 13:32:35.621000,1.09177,1.09174,1310000,2810000
2019-11-07 13:32:36.334000,1.09176,1.09173,1100000,3450000
2019-11-07 13:32:36.385000,1.09174,1.09172,1000000,4040000
2019-11-07 13:32:36.486000,1.09174,1.09172,1120000,2060000
2019-11-07 13:32:37.267000,1.09174,1.09172,1000000,3660000
2019-11-07 13:32:37.369000,1.09174,1.09172,1000000,3640000
2019-11-07 13:32:37.940000,1.09174,1.09172,1000000,2910000
2019-11-07 13:32:38.092000,1.09175,1.09172,1120000,5350000
2019-11-07 13:32:38.396000,1.09176,1.09172,2060000,5800000
2019-11-07 13:32:40.306000,1.09176,1.09172,2640000,3370000
2019-11-07 13:32:40.448000,1.09174,1.09171,1690000,7240000
2019-11-07 13:32:40.551000,1.09174,1.09171,3190000,3640000
2019-11-07 13:32:42.857000,1.09174,1.09172,1690000,1000000
2019-11-07 13:32:43.654000,1.09174,1.09173,1000000,1000000
2019-11-07 13:32:43.705000,1.09176,1.09173,2620000,1840000
2019-11-07 13:32:43.807000,1.09175,1.09173,3000000,1570000
2019-11-07 13:32:43.908000,1.09175,1.09172,2620000,2510000
2019-11-07 13:32:44.457000,1.09175,1.09173,2620000,1000000
2019-11-07 13:32:45.033000,1.09175,1.09172,2810000,4200000
2019-11-07 13:32:45.291000,1.09175,1.09173,1120000,1000000
2019-11-07 13:32:45.394000,1.09175,1.09172,1120000,4390000
2019-11-07 13:32:45.495000,1.09175,1.09173,1120000,1760000
2019-11-07 13:32:46.825000,1.09176,1.09173,1870000,2890000
2019-11-07 13:32:46.977000,1.09176,1.09174,1500000,1000000
2019-11-07 13:32:48.798000,1.09176,1.09173,1690000,5140000
2019-11-07 13:32:49.323000,1.09176,1.09173,1810000,5140000
2019-11-07 13:32:49.945000,1.09174,1.09172,1250000,3820000
2019-11-07 13:32:50.672000,1.09175,1.09172,1870000,1700000
2019-11-07 13:32:53.585000,1.09176,1.09174,1120000,1570000
2019-11-07 13:32:55.120000,1.09175,1.09173,1000000,1700000
2019-11-07 13:32:55.322000,1.09175,1.09173,1000000,1120000
2019-11-07 13:32:56.669000,1.09174,1.09172,1690000,4320000
2019-11-07 13:32:56.771000,1.09174,1.09172,1690000,1950000
2019-11-07 13:33:01.788000,1.09174,1.09171,3190000,2890000
2019-11-07 13:33:07.732000,1.09174,1.09171,2950000,2810000
2019-11-07 13:33:08.909000,1.09172,1.0917,2440000,1690000
2019-11-07 13:33:08.960000,1.09169,1.09167,2190000,1250000
2019-11-07 13:33:09.061000,1.09168,1.09166,1690000,1250000
2019-11-07 13:33:09.162000,1.09167,1.09164,2870000,3370000
2019-11-07 13:33:09.364000,1.09167,1.09164,1690000,3640000
2019-11-07 13:33:09.648000,1.09167,1.09165,1000000,1750000
2019-11-07 13:33:09.749000,1.09168,1.09166,1310000,2440000
2019-11-07 13:33:09.850000,1.09168,1.09167,1120000,1000000
2019-11-07 13:33:10.053000,1.09168,1.09166,1310000,1250000
2019-11-07 13:33:10.155000,1.09168,1.09166,1750000,1250000
2019-11-07 13:33:11.716000,1.09168,1.09165,3000000,1870000
2019-11-07 13:33:12.558000,1.09166,1.09165,1250000,1000000
2019-11-07 13:33:12.609000,1.09164,1.09163,1690000,2320000
2019-11-07 13:33:12.711000,1.09163,1.09161,2500000,1870000
2019-11-07 13:33:13.528000,1.09162,1.0916,1690000,2320000
2019-11-07 13:33:14.113000,1.09162,1.0916,1810000,1000000
2019-11-07 13:33:17.096000,1.09162,1.0916,1120000,1250000
2019-11-07 13:33:17.198000,1.09163,1.09162,1310000,1000000
2019-11-07 13:33:17.350000,1.09166,1.09164,2510000,1500000
2019-11-07 13:33:17.502000,1.09166,1.09164,1120000,4510000
2019-11-07 13:33:18.465000,1.09166,1.09164,1310000,2620000
2019-11-07 13:33:26.301000,1.09167,1.09164,3940000,2810000
2019-11-07 13:33:26.352000,1.09167,1.09165,3000000,2120000
2019-11-07 13:33:26.807000,1.09167,1.09165,1500000,2060000
2019-11-07 13:33:27.786000,1.09167,1.09164,2060000,3560000
2019-11-07 13:33:29.217000,1.09166,1.09164,3250000,1120000
2019-11-07 13:33:29.319000,1.09163,1.09161,1120000,4120000
2019-11-07 13:33:30.785000,1.09162,1.0916,1500000,1000000
2019-11-07 13:33:30.887000,1.09162,1.09159,2890000,2060000
2019-11-07 13:33:30.937000,1.09162,1.0916,1120000,1350000
2019-11-07 13:33:31.089000,1.09164,1.09161,4850000,3190000
2019-11-07 13:33:31.190000,1.09164,1.09161,4450000,3310000
2019-11-07 13:33:31.342000,1.09164,1.09161,5570000,2060000
2019-11-07 13:33:33.228000,1.09164,1.09162,1410000,1500000
2019-11-07 13:33:33.334000,1.09166,1.09163,5790000,1500000
2019-11-07 13:33:33.435000,1.09166,1.09163,4950000,1690000
2019-11-07 13:33:33.701000,1.09166,1.09164,4010000,1000000
2019-11-07 13:33:33.989000,1.09166,1.09163,4010000,4390000
2019-11-07 13:33:34.142000,1.09166,1.09163,4820000,3000000
2019-11-07 13:33:35.197000,1.09166,1.09164,4510000,1000000
2019-11-07 13:33:35.298000,1.09166,1.09164,2320000,1690000
2019-11-07 13:33:37.765000,1.09167,1.09165,2640000,1000000
2019-11-07 13:33:39.616000,1.09167,1.09165,1760000,1500000
2019-11-07 13:33:56.802000,1.09167,1.09165,1750000,1000000
2019-11-07 13:34:00.261000,1.09167,1.09165,2060000,1000000
2019-11-07 13:34:01.017000,1.09166,1.09165,1000000,1000000
2019-11-07 13:34:01.378000,1.09166,1.09164,1500000,1250000
2019-11-07 13:34:04.008000,1.09167,1.09165,2810000,1500000
2019-11-07 13:34:04.254000,1.09166,1.09164,1000000,1750000
2019-11-07 13:34:04.355000,1.09166,1.09164,2250000,1690000
2019-11-07 13:34:05.363000,1.09167,1.09165,1000000,2140000
2019-11-07 13:34:05.417000,1.09169,1.09167,3940000,1310000
2019-11-07 13:34:05.469000,1.09169,1.09166,2940000,1690000
2019-11-07 13:34:05.727000,1.09169,1.09167,3940000,1310000
2019-11-07 13:34:06.769000,1.09168,1.09166,2440000,2890000
2019-11-07 13:34:08.191000,1.09167,1.09165,1000000,4120000
2019-11-07 13:34:08.293000,1.09167,1.09165,1000000,1000000
2019-11-07 13:34:11.788000,1.09167,1.09165,1120000,1000000
2019-11-07 13:34:11.889000,1.09167,1.09165,1120000,1750000
2019-11-07 13:34:12.041000,1.09167,1.09164,1250000,1760000
2019-11-07 13:34:16.249000,1.09167,1.09164,1500000,2570000
2019-11-07 13:34:16.505000,1.09167,1.09165,1120000,1820000
2019-11-07 13:34:16.610000,1.09168,1.09165,2810000,3320000
2019-11-07 13:34:16.712000,1.09169,1.09167,2120000,1950000
2019-11-07 13:34:16.813000,1.09169,1.09167,1310000,1950000
2019-11-07 13:34:16.915000,1.0917,1.09169,1250000,1000000
2019-11-07 13:34:17.297000,1.0917,1.09168,1000000,1310000
2019-11-07 13:34:17.428000,1.09171,1.09169,1000000,1690000
2019-11-07 13:34:19.193000,1.09172,1.09169,3190000,1690000
2019-11-07 13:34:19.294000,1.09172,1.0917,1250000,1000000
2019-11-07 13:34:19.954000,1.09172,1.0917,1000000,1750000
2019-11-07 13:34:20.056000,1.09173,1.0917,3560000,2870000
2019-11-07 13:34:20.824000,1.09174,1.09172,3620000,1100000
2019-11-07 13:34:21.210000,1.09175,1.09172,3250000,1950000
2019-11-07 13:34:21.528000,1.09175,1.09172,3190000,2210000
2019-11-07 13:34:21.663000,1.09175,1.09173,1690000,1000000
2019-11-07 13:34:21.865000,1.09176,1.09173,4310000,2060000
2019-11-07 13:34:22.546000,1.09175,1.09173,1000000,2890000
2019-11-07 13:34:22.647000,1.09176,1.09173,3560000,2890000
2019-11-07 13:34:23.011000,1.09175,1.09173,1000000,2060000
2019-11-07 13:34:23.113000,1.09174,1.09173,1690000,1000000
2019-11-07 13:34:23.303000,1.09174,1.09172,1690000,1120000
2019-11-07 13:34:26.014000,1.09175,1.09174,1120000,1000000
2019-11-07 13:34:26.165000,1.09176,1.09174,2810000,1500000
2019-11-07 13:34:26.680000,1.09177,1.09174,1690000,2140000
2019-11-07 13:34:26.983000,1.09177,1.09174,1500000,2950000
2019-11-07 13:34:28.163000,1.09177,1.09175,2250000,1100000
2019-11-07 13:34:28.265000,1.09175,1.09174,1120000,1000000
2019-11-07 13:34:28.480000,1.09175,1.09173,1120000,1690000
2019-11-07 13:34:30.398000,1.09174,1.09173,1250000,1000000
2019-11-07 13:34:30.558000,1.09174,1.09172,3250000,1120000
2019-11-07 13:34:34.995000,1.09174,1.09173,2810000,1000000
2019-11-07 13:34:38.918000,1.09174,1.09172,3870000,1000000
2019-11-07 13:34:41.010000,1.09175,1.09173,1000000,2320000
2019-11-07 13:34:41.111000,1.09176,1.09174,4390000,1000000
2019-11-07 13:34:41.334000,1.09176,1.09173,3560000,2140000
2019-11-07 13:34:42.879000,1.09177,1.09175,2120000,1870000
2019-11-07 13:34:47.215000,1.09177,1.09175,2620000,1000000
2019-11-07 13:34:49.387000,1.09177,1.09175,1000000,3320000
2019-11-07 13:34:49.489000,1.09178,1.09176,2060000,1000000
2019-11-07 13:34:58.114000,1.0918,1.09177,2950000,2890000
2019-11-07 13:34:58.215000,1.09179,1.09177,1250000,2620000
2019-11-07 13:34:58.367000,1.09179,1.09177,1250000,2370000
2019-11-07 13:34:58.519000,1.0918,1.09178,1370000,1120000
2019-11-07 13:34:58.570000,1.09182,1.09179,3040000,1500000
2019-11-07 13:34:58.671000,1.09182,1.09179,1000000,1690000
2019-11-07 13:34:58.882000,1.09183,1.0918,5050000,1000000
2019-11-07 13:34:59.005000,1.09183,1.0918,1570000,1870000
2019-11-07 13:34:59.157000,1.09182,1.0918,1000000,1500000
2019-11-07 13:34:59.208000,1.09181,1.09179,1370000,1200000
2019-11-07 13:34:59.309000,1.09181,1.09178,2890000,1690000
2019-11-07 13:34:59.410000,1.0918,1.09178,1000000,1690000
2019-11-07 13:34:59.612000,1.0918,1.09177,3620000,1310000
2019-11-07 13:35:03.786000,1.09179,1.09177,1750000,1000000
2019-11-07 13:35:03.888000,1.09179,1.09176,1750000,3640000
2019-11-07 13:35:05.837000,1.09175,1.09174,1120000,5440000
2019-11-07 13:35:05.938000,1.09175,1.09172,1500000,4270000
2019-11-07 13:35:06.191000,1.09175,1.09173,1000000,2870000
2019-11-07 13:35:06.292000,1.09176,1.09173,1870000,4120000
2019-11-07 13:35:06.393000,1.09176,1.09174,1000000,1250000
2019-11-07 13:35:07.217000,1.09176,1.09174,1000000,1120000
2019-11-07 13:35:07.319000,1.09176,1.09174,1120000,1370000
2019-11-07 13:35:07.471000,1.09176,1.09174,1870000,1250000
2019-11-07 13:35:09.666000,1.09174,1.09172,1250000,4020000
2019-11-07 13:35:11.364000,1.09175,1.09173,2120000,1100000
2019-11-07 13:35:11.849000,1.09175,1.09174,1000000,1200000
2019-11-07 13:35:11.950000,1.09176,1.09174,1000000,2140000
2019-11-07 13:35:12.207000,1.09176,1.09174,1000000,3700000
2019-11-07 13:35:14.042000,1.09176,1.09174,1000000,2510000
2019-11-07 13:35:16.273000,1.09177,1.09174,1870000,2950000
2019-11-07 13:35:16.641000,1.09177,1.09174,1870000,3450000
2019-11-07 13:35:18.388000,1.09177,1.09175,1690000,1100000
2019-11-07 13:35:18.528000,1.09177,1.09175,1120000,2200000
2019-11-07 13:35:18.681000,1.09177,1.09174,1690000,5560000
2019-11-07 13:35:18.789000,1.09176,1.09174,1000000,4810000
2019-11-07 13:35:18.891000,1.09174,1.09172,1250000,2540000
2019-11-07 13:35:18.993000,1.09174,1.09172,1690000,1310000
2019-11-07 13:35:19.317000,1.09173,1.09171,1000000,3620000
2019-11-07 13:35:26.869000,1.09173,1.09171,3620000,1000000
2019-11-07 13:35:26.971000,1.09172,1.0917,1000000,1310000
2019-11-07 13:35:28.310000,1.09172,1.09169,2060000,2060000
2019-11-07 13:35:29.044000,1.09172,1.09169,2620000,2120000
2019-11-07 13:35:29.472000,1.09171,1.09169,1000000,2870000
2019-11-07 13:35:35.109000,1.09171,1.09169,1000000,2810000
2019-11-07 13:35:38.716000,1.09172,1.09169,2620000,2060000
2019-11-07 13:35:41.817000,1.09172,1.09169,1870000,2560000
2019-11-07 13:35:42.069000,1.09172,1.09169,1870000,3190000
2019-11-07 13:35:44.858000,1.09172,1.09171,1000000,1250000
2019-11-07 13:35:48.507000,1.09176,1.09174,3070000,3000000
2019-11-07 13:35:48.558000,1.09176,1.09175,1000000,2440000
2019-11-07 13:35:48.660000,1.09176,1.09174,1000000,3940000
2019-11-07 13:35:48.777000,1.09176,1.09174,1000000,3310000
2019-11-07 13:35:50.306000,1.09177,1.09175,1000000,1250000
2019-11-07 13:35:51.066000,1.09177,1.09175,1000000,1250000
2019-11-07 13:35:53.631000,1.09178,1.09176,1120000,1250000
2019-11-07 13:35:55.173000,1.09179,1.09177,1120000,1500000
2019-11-07 13:35:55.275000,1.09179,1.09178,1000000,1000000
2019-11-07 13:35:55.428000,1.0918,1.09177,1870000,1310000
2019-11-07 13:35:55.889000,1.09179,1.09177,2060000,1870000
2019-11-07 13:35:56.507000,1.0918,1.09177,2440000,2060000
2019-11-07 13:35:56.609000,1.09179,1.09177,1250000,1870000
2019-11-07 13:35:57.224000,1.0918,1.09178,2060000,1000000
2019-11-07 13:35:58.826000,1.0918,1.09178,1120000,1250000
2019-11-07 13:35:58.928000,1.0918,1.09178,2060000,1250000
2019-11-07 13:36:00.051000,1.0918,1.09178,1500000,1370000
2019-11-07 13:36:00.658000,1.0918,1.09178,1690000,1250000
2019-11-07 13:36:02.328000,1.0918,1.09178,1500000,1370000
2019-11-07 13:36:05.816000,1.09181,1.09179,2250000,1250000
2019-11-07 13:36:05.918000,1.09183,1.09181,3560000,1690000
2019-11-07 13:36:06.020000,1.09182,1.09179,2620000,4820000
2019-11-07 13:36:06.424000,1.09182,1.09179,3560000,2810000
2019-11-07 13:36:08.379000,1.09182,1.09179,3000000,4470000
2019-11-07 13:36:08.481000,1.09183,1.09181,1810000,1000000
2019-11-07 13:36:08.583000,1.09184,1.09182,4810000,1000000
2019-11-07 13:36:09.569000,1.09184,1.09182,5440000,1500000
2019-11-07 13:36:10.567000,1.09183,1.09182,1000000,1000000
2019-11-07 13:36:10.618000,1.09181,1.09179,1310000,3070000
2019-11-07 13:36:12.202000,1.0918,1.09178,2250000,1250000
2019-11-07 13:36:12.304000,1.0918,1.09178,4750000,1000000
2019-11-07 13:36:12.430000,1.09179,1.09177,1250000,1250000
2019-11-07 13:36:14.781000,1.0918,1.09178,3370000,1000000
2019-11-07 13:36:16.937000,1.09179,1.09177,1250000,1010000
2019-11-07 13:36:18.248000,1.09179,1.09178,1250000,1000000
2019-11-07 13:36:18.373000,1.09182,1.09178,3760000,3250000
2019-11-07 13:36:18.834000,1.09182,1.09181,3000000,1000000
2019-11-07 13:36:19.036000,1.09182,1.0918,1000000,1120000
2019-11-07 13:36:19.137000,1.09183,1.09181,1000000,3560000
2019-11-07 13:36:19.246000,1.09183,1.09182,1000000,1000000
2019-11-07 13:36:21.693000,1.09184,1.09182,2060000,2250000
2019-11-07 13:36:21.795000,1.09185,1.09183,1500000,1000000
2019-11-07 13:36:22.230000,1.09185,1.09184,1000000,1500000
2019-11-07 13:36:22.483000,1.09187,1.09184,1810000,1010000
2019-11-07 13:36:23.209000,1.09187,1.09184,2810000,2140000
2019-11-07 13:36:23.310000,1.09188,1.09186,3560000,1250000
2019-11-07 13:36:23.412000,1.09188,1.09187,1000000,1250000
2019-11-07 13:36:23.513000,1.09189,1.09188,1250000,1120000
2019-11-07 13:36:24.094000,1.09186,1.09184,1250000,3900000
2019-11-07 13:36:24.196000,1.09186,1.09184,1250000,1620000
2019-11-07 13:36:24.454000,1.09186,1.09184,1500000,1310000
2019-11-07 13:36:25.183000,1.09184,1.09183,1250000,1000000
2019-11-07 13:36:26.848000,1.09185,1.09183,2060000,1500000
2019-11-07 13:36:26.950000,1.09186,1.09184,1250000,1000000
2019-11-07 13:36:27.457000,1.09187,1.09184,2440000,1760000
2019-11-07 13:36:27.610000,1.09187,1.09185,1250000,1500000
2019-11-07 13:36:28.380000,1.09187,1.09185,1000000,2570000
2019-11-07 13:36:28.481000,1.09187,1.09185,1000000,2510000
2019-11-07 13:36:31.003000,1.09187,1.09185,1000000,1750000
2019-11-07 13:36:33.289000,1.09187,1.09185,1120000,1870000
2019-11-07 13:36:33.390000,1.09187,1.09185,4060000,1000000
2019-11-07 13:36:33.491000,1.09187,1.09184,4060000,1250000
2019-11-07 13:36:34.667000,1.09185,1.09183,1750000,1500000
2019-11-07 13:36:34.770000,1.09184,1.09183,1310000,1000000
2019-11-07 13:36:36.051000,1.09184,1.09182,2870000,1120000
2019-11-07 13:36:40.839000,1.09182,1.0918,1000000,2810000
2019-11-07 13:36:40.940000,1.09181,1.0918,1000000,1000000
2019-11-07 13:36:41.042000,1.09181,1.09179,2060000,2250000
2019-11-07 13:36:41.869000,1.09182,1.09181,1000000,1250000
2019-11-07 13:36:41.970000,1.09183,1.09181,2060000,1760000
2019-11-07 13:36:46.564000,1.09184,1.09182,3560000,1250000
2019-11-07 13:36:46.816000,1.09185,1.09182,4310000,2060000
2019-11-07 13:36:46.917000,1.09184,1.09182,2500000,1120000
2019-11-07 13:36:47.019000,1.09184,1.09182,2060000,1000000
2019-11-07 13:36:48.394000,1.09185,1.09182,4310000,2060000
2019-11-07 13:36:48.495000,1.09184,1.09182,1000000,1870000
2019-11-07 13:36:48.597000,1.09185,1.09182,4310000,2060000
2019-11-07 13:36:48.698000,1.09184,1.09182,1250000,2060000
2019-11-07 13:36:49.697000,1.09184,1.09183,1690000,1000000
2019-11-07 13:36:50.074000,1.09185,1.09183,3560000,1000000
2019-11-07 13:36:50.283000,1.09185,1.09182,3560000,2810000
2019-11-07 13:36:50.798000,1.09185,1.09183,2810000,1000000
2019-11-07 13:36:51.051000,1.09184,1.09183,1000000,1000000
2019-11-07 13:36:54.127000,1.09184,1.09182,1870000,1000000
2019-11-07 13:36:58.659000,1.09183,1.09181,2500000,1870000
2019-11-07 13:36:58.721000,1.09181,1.0918,1250000,1200000
2019-11-07 13:36:58.823000,1.09182,1.0918,2620000,1250000
2019-11-07 13:36:58.925000,1.09181,1.09179,3370000,1690000
2019-11-07 13:36:59.384000,1.0918,1.09179,1000000,1690000
2019-11-07 13:36:59.800000,1.0918,1.09178,1000000,2060000
2019-11-07 13:37:00.783000,1.09181,1.09178,3190000,2060000
2019-11-07 13:37:02.088000,1.09181,1.09179,1690000,1500000
2019-11-07 13:37:07.589000,1.09179,1.09178,1690000,1000000
2019-11-07 13:37:07.691000,1.09179,1.09177,1690000,2060000
2019-11-07 13:37:08.808000,1.09178,1.09176,1690000,1120000
2019-11-07 13:37:08.909000,1.09175,1.09173,1250000,1870000
2019-11-07 13:37:09.011000,1.09174,1.09172,2120000,1500000
2019-11-07 13:37:09.301000,1.09174,1.09172,1310000,1690000
2019-11-07 13:37:09.402000,1.09175,1.09173,1870000,2440000
2019-11-07 13:37:09.503000,1.09175,1.09174,1000000,1000000
2019-11-07 13:37:10.224000,1.09175,1.09173,1250000,2620000
2019-11-07 13:37:10.628000,1.09177,1.09174,3370000,3000000
2019-11-07 13:37:10.730000,1.09177,1.09174,1620000,3250000
2019-11-07 13:37:11.191000,1.09177,1.09174,1120000,3620000
2019-11-07 13:37:12.244000,1.09176,1.09174,1000000,2870000
2019-11-07 13:37:13.901000,1.09175,1.09174,1500000,1500000
2019-11-07 13:37:14.003000,1.09174,1.09173,1690000,1000000
2019-11-07 13:37:14.934000,1.09174,1.09172,2060000,1250000
2019-11-07 13:37:15.137000,1.09173,1.09172,1310000,1000000
2019-11-07 13:37:15.188000,1.09172,1.0917,1870000,2060000
2019-11-07 13:37:15.289000,1.09171,1.09169,1000000,2060000
2019-11-07 13:37:17.413000,1.09172,1.09169,2440000,2440000
2019-11-07 13:37:18.912000,1.09172,1.0917,2440000,1000000
2019-11-07 13:37:19.014000,1.09172,1.09171,1500000,1250000
2019-11-07 13:37:19.964000,1.09173,1.09171,1690000,1690000
2019-11-07 13:37:21.116000,1.09173,1.09171,2870000,1000000
2019-11-07 13:37:22.693000,1.09173,1.0917,4120000,1500000
2019-11-07 13:37:23.046000,1.09173,1.09171,1250000,1250000
2019-11-07 13:37:23.148000,1.09174,1.09172,2200000,1000000
2019-11-07 13:37:24.091000,1.09174,1.09172,1250000,2510000
2019-11-07 13:37:25.005000,1.09174,1.09172,2500000,1000000
2019-11-07 13:37:26.635000,1.09175,1.09172,5120000,1690000
2019-11-07 13:37:27.019000,1.09174,1.09172,2500000,1500000
2019-11-07 13:37:28.767000,1.09174,1.09172,1690000,1690000
2019-11-07 13:37:30.104000,1.09174,1.09172,3620000,1500000
2019-11-07 13:37:30.256000,1.09174,1.09172,2810000,1690000
2019-11-07 13:37:30.660000,1.09174,1.09172,3620000,1000000
2019-11-07 13:37:36.809000,1.09174,1.09172,1500000,1500000
2019-11-07 13:37:37.062000,1.09174,1.09172,4000000,1000000
2019-11-07 13:37:42.107000,1.09174,1.09172,1120000,1570000
2019-11-07 13:37:43.136000,1.09174,1.09172,1000000,3320000
2019-11-07 13:37:43.503000,1.09174,1.09172,1690000,2510000
2019-11-07 13:37:43.604000,1.09175,1.09174,1000000,1000000
2019-11-07 13:37:43.706000,1.09177,1.09175,2440000,1000000
2019-11-07 13:37:43.908000,1.09178,1.09176,4690000,1250000
2019-11-07 13:37:47.138000,1.09179,1.09176,3940000,1000000
2019-11-07 13:37:48.136000,1.09179,1.09176,4060000,1000000
2019-11-07 13:37:51.829000,1.09179,1.09177,2060000,1000000
2019-11-07 13:37:51.930000,1.09181,1.09178,4810000,1250000
2019-11-07 13:37:52.218000,1.09181,1.09179,4060000,1000000
2019-11-07 13:37:52.353000,1.09181,1.09178,4060000,1690000
2019-11-07 13:37:52.897000,1.09181,1.09178,3940000,2060000
2019-11-07 13:37:55.906000,1.09181,1.09178,2370000,2500000
2019-11-07 13:37:56.007000,1.09181,1.09179,1120000,1250000
2019-11-07 13:37:57.067000,1.09181,1.09178,2060000,2810000
2019-11-07 13:37:57.727000,1.09183,1.0918,3760000,2500000
2019-11-07 13:37:57.829000,1.09182,1.0918,2250000,1250000
2019-11-07 13:37:59.052000,1.0918,1.09178,1000000,2810000
2019-11-07 13:37:59.154000,1.09179,1.09177,1250000,1000000
2019-11-07 13:38:01.566000,1.09179,1.09177,2810000,1000000
2019-11-07 13:38:03.546000,1.0918,1.09179,1000000,1250000
2019-11-07 13:38:03.649000,1.09181,1.09179,2620000,1250000
2019-11-07 13:38:04.318000,1.09181,1.09178,2250000,2620000
2019-11-07 13:38:04.762000,1.09181,1.09179,2620000,1250000
2019-11-07 13:38:09.604000,1.09179,1.09178,1250000,1000000
2019-11-07 13:38:09.705000,1.09178,1.09176,2560000,1000000
2019-11-07 13:38:10.807000,1.09178,1.09176,1870000,1810000
2019-11-07 13:38:12.200000,1.09179,1.09177,4810000,1120000
2019-11-07 13:38:12.534000,1.0918,1.09178,3820000,1000000
2019-11-07 13:38:12.635000,1.0918,1.09178,3260000,1250000
2019-11-07 13:38:14.064000,1.09181,1.09179,2370000,1390000
2019-11-07 13:38:14.115000,1.09182,1.09179,3750000,2440000
2019-11-07 13:38:14.830000,1.09182,1.09179,2620000,4370000
2019-11-07 13:38:15.082000,1.09182,1.09181,1000000,1250000
2019-11-07 13:38:15.990000,1.09182,1.0918,2620000,1500000
2019-11-07 13:38:16.859000,1.09181,1.0918,1000000,1000000
2019-11-07 13:38:17.112000,1.09182,1.0918,4950000,1000000
2019-11-07 13:38:17.777000,1.09181,1.09179,1000000,1500000
2019-11-07 13:38:20.336000,1.09181,1.09179,1870000,1250000
2019-11-07 13:38:24.007000,1.09181,1.09179,1500000,1000000
2019-11-07 13:38:25.343000,1.09181,1.09179,1120000,2500000
2019-11-07 13:38:30.020000,1.09183,1.09181,4120000,1000000
2019-11-07 13:38:30.122000,1.09183,1.09179,5270000,4060000
2019-11-07 13:38:30.426000,1.09183,1.09181,3010000,1500000
2019-11-07 13:38:31.096000,1.09183,1.09181,1120000,2440000
2019-11-07 13:38:32.712000,1.09183,1.09182,1000000,1690000
2019-11-07 13:38:33.596000,1.09183,1.09181,3560000,1000000
2019-11-07 13:38:37.759000,1.09182,1.0918,1250000,1120000
2019-11-07 13:38:39.156000,1.09182,1.09181,1000000,1250000
2019-11-07 13:38:40.837000,1.09184,1.09181,5560000,3190000
2019-11-07 13:38:40.989000,1.09184,1.09182,3120000,1250000
2019-11-07 13:38:42.096000,1.09184,1.09181,3120000,1570000
2019-11-07 13:38:42.412000,1.09184,1.09182,2620000,1250000
2019-11-07 13:38:44.240000,1.09184,1.09181,3560000,2890000
2019-11-07 13:38:44.341000,1.09184,1.09182,1870000,1250000
2019-11-07 13:38:47.877000,1.09186,1.09183,4450000,2060000
2019-11-07 13:38:47.979000,1.09186,1.09183,1690000,3620000
2019-11-07 13:38:53.623000,1.09185,1.09183,1690000,1000000
2019-11-07 13:38:56.780000,1.09186,1.09183,2060000,2870000
2019-11-07 13:38:56.881000,1.09186,1.09184,1000000,1370000
2019-11-07 13:38:56.982000,1.09186,1.09184,1000000,1120000
2019-11-07 13:38:57.540000,1.09186,1.09185,1000000,1250000
2019-11-07 13:38:57.641000,1.09188,1.09186,1500000,2440000
2019-11-07 13:38:57.844000,1.09188,1.09187,1120000,1000000
2019-11-07 13:38:57.946000,1.0919,1.09186,2200000,5320000
2019-11-07 13:38:58.047000,1.0919,1.09188,1000000,2120000
2019-11-07 13:39:00.173000,1.09191,1.0919,1250000,1000000
2019-11-07 13:39:00.711000,1.09189,1.09188,1250000,1120000
2019-11-07 13:39:01.648000,1.0919,1.09188,1120000,1690000
2019-11-07 13:39:02.577000,1.09191,1.09188,3940000,3640000
2019-11-07 13:39:02.869000,1.0919,1.09188,1000000,3640000
2019-11-07 13:39:02.984000,1.09189,1.09187,2060000,1500000
2019-11-07 13:39:03.239000,1.0919,1.09188,3870000,1250000
2019-11-07 13:39:03.442000,1.0919,1.09188,1870000,1750000
2019-11-07 13:39:05.666000,1.09191,1.09188,2060000,2870000
2019-11-07 13:39:06.033000,1.0919,1.09188,1000000,4570000
2019-11-07 13:39:06.185000,1.09191,1.09189,3560000,1250000
2019-11-07 13:39:10.338000,1.09191,1.09189,1690000,3790000
2019-11-07 13:39:10.858000,1.09192,1.0919,1690000,2140000
2019-11-07 13:39:12.537000,1.09192,1.09189,2560000,4970000
2019-11-07 13:39:14.886000,1.09192,1.0919,1310000,2440000
2019-11-07 13:39:17.558000,1.09192,1.09189,2440000,3260000
2019-11-07 13:39:17.690000,1.09192,1.09189,2560000,4090000
2019-11-07 13:39:17.879000,1.09192,1.09189,2060000,4090000
2019-11-07 13:39:18.210000,1.09192,1.09189,2060000,4240000
2019-11-07 13:39:18.737000,1.09192,1.09189,4370000,1720000
2019-11-07 13:39:18.945000,1.09192,1.09189,4750000,1570000
2019-11-07 13:39:19.505000,1.09191,1.09188,3190000,3710000
2019-11-07 13:39:19.606000,1.09191,1.09188,2440000,4610000
2019-11-07 13:39:20.721000,1.09191,1.09189,1310000,1600000
2019-11-07 13:39:23.308000,1.09191,1.09189,1000000,2590000
2019-11-07 13:39:25.565000,1.0919,1.09188,1250000,2320000
2019-11-07 13:39:25.939000,1.09188,1.09187,1500000,1000000
2019-11-07 13:39:26.040000,1.09186,1.09185,1000000,1200000
2019-11-07 13:39:26.913000,1.09186,1.09184,1000000,2590000
2019-11-07 13:39:27.645000,1.09186,1.09184,1120000,3110000
2019-11-07 13:39:27.757000,1.09186,1.09184,1120000,1690000
2019-11-07 13:39:29.792000,1.09185,1.09183,1000000,5740000
2019-11-07 13:39:30.076000,1.09185,1.09183,1000000,5210000
2019-11-07 13:39:31.656000,1.09185,1.09183,1000000,4490000
2019-11-07 13:39:32.153000,1.09185,1.09183,1000000,4460000
2019-11-07 13:39:32.278000,1.09185,1.09183,1000000,4490000
2019-11-07 13:39:35.095000,1.09185,1.09183,1000000,1840000
2019-11-07 13:39:35.630000,1.09184,1.09182,1000000,2890000
2019-11-07 13:39:36.204000,1.09181,1.0918,1000000,1100000
2019-11-07 13:39:36.322000,1.09181,1.09179,1000000,3340000
2019-11-07 13:39:36.828000,1.09181,1.09179,1500000,1390000
2019-11-07 13:39:36.930000,1.0918,1.09178,1000000,2400000
2019-11-07 13:39:37.526000,1.0918,1.09178,1000000,3710000
2019-11-07 13:39:37.679000,1.0918,1.09179,1000000,1000000
2019-11-07 13:39:38.335000,1.09181,1.09179,1120000,1250000
2019-11-07 13:39:38.704000,1.09181,1.09179,1000000,2510000
2019-11-07 13:39:39.138000,1.09181,1.0918,1000000,1000000
2019-11-07 13:39:39.290000,1.09181,1.09179,1000000,3260000
2019-11-07 13:39:41.660000,1.0918,1.09178,1000000,2890000
2019-11-07 13:39:51.720000,1.0918,1.09177,2250000,2560000
2019-11-07 13:39:51.823000,1.09178,1.09177,1000000,1000000
2019-11-07 13:39:51.925000,1.09178,1.09176,1000000,3870000
2019-11-07 13:39:52.293000,1.09179,1.09177,1120000,1370000
2019-11-07 13:39:52.395000,1.09178,1.09176,1000000,3370000
2019-11-07 13:39:52.734000,1.09177,1.09175,1000000,5770000
2019-11-07 13:39:57.821000,1.09176,1.09175,1000000,1000000
2019-11-07 13:39:57.922000,1.09177,1.09174,11090000,2320000
2019-11-07 13:39:58.024000,1.09174,1.09172,1250000,3690000
2019-11-07 13:39:58.125000,1.09173,1.09172,1000000,1690000
2019-11-07 13:39:58.226000,1.09174,1.09172,1000000,2120000
2019-11-07 13:39:58.277000,1.09175,1.09172,3070000,2120000
2019-11-07 13:39:58.429000,1.09173,1.09172,1000000,1310000
2019-11-07 13:40:00.265000,1.09173,1.09172,1000000,1250000
2019-11-07 13:40:00.603000,1.09174,1.09171,2440000,5200000
2019-11-07 13:40:00.719000,1.09173,1.09171,1000000,5140000
2019-11-07 13:40:02.711000,1.09174,1.09172,2620000,1250000
2019-11-07 13:40:03.305000,1.09173,1.09171,1000000,3640000
2019-11-07 13:40:04.247000,1.09174,1.09172,1690000,1750000
2019-11-07 13:40:05.311000,1.09173,1.09172,1000000,1310000
2019-11-07 13:40:06.395000,1.09174,1.09172,1120000,1750000
2019-11-07 13:40:06.695000,1.09174,1.09173,1000000,1690000
2019-11-07 13:40:06.847000,1.09175,1.09173,1000000,1310000
2019-11-07 13:40:07.049000,1.09174,1.09172,1000000,1870000
2019-11-07 13:40:07.151000,1.09172,1.09171,1250000,1000000
2019-11-07 13:40:07.318000,1.09172,1.09169,1250000,2640000
2019-11-07 13:40:07.571000,1.09171,1.09169,1000000,1690000
2019-11-07 13:40:07.672000,1.09171,1.09168,1500000,2620000
2019-11-07 13:40:08.258000,1.09169,1.09168,1000000,1250000
2019-11-07 13:40:08.360000,1.09168,1.09166,1500000,3290000
2019-11-07 13:40:08.867000,1.09168,1.09166,2810000,1250000
2019-11-07 13:40:08.968000,1.09167,1.09165,1250000,1120000
2019-11-07 13:40:09.477000,1.09167,1.09165,1000000,2620000
2019-11-07 13:40:10.735000,1.09168,1.09167,1000000,1000000
2019-11-07 13:40:10.837000,1.09169,1.09167,1000000,3070000
2019-11-07 13:40:10.938000,1.0917,1.09167,1870000,3070000
2019-11-07 13:40:11.041000,1.0917,1.09168,1870000,1000000
2019-11-07 13:40:12.657000,1.09171,1.09168,4310000,2060000
2019-11-07 13:40:18.062000,1.09172,1.09169,4310000,2810000
2019-11-07 13:40:18.317000,1.09172,1.09169,5120000,2700000
2019-11-07 13:40:21.092000,1.09172,1.09169,3070000,1870000
2019-11-07 13:40:22.270000,1.09171,1.09169,1310000,1120000
2019-11-07 13:40:22.502000,1.09171,1.09168,2250000,4500000
2019-11-07 13:40:22.604000,1.09169,1.09167,2060000,1250000
2019-11-07 13:40:22.907000,1.09169,1.09166,4810000,1750000
2019-11-07 13:40:23.262000,1.09168,1.09166,1690000,1000000
2019-11-07 13:40:23.363000,1.09168,1.09165,2440000,2810000
2019-11-07 13:40:23.465000,1.09168,1.09165,3190000,2870000
2019-11-07 13:40:25.956000,1.09168,1.09165,4310000,1310000
2019-11-07 13:40:27.188000,1.09168,1.09165,2560000,1750000
2019-11-07 13:40:27.440000,1.09168,1.09165,2560000,1250000
2019-11-07 13:40:28.484000,1.09166,1.09165,1500000,1000000
2019-11-07 13:40:28.737000,1.09166,1.09164,3000000,1310000
2019-11-07 13:40:31.967000,1.09166,1.09164,1000000,1250000
2019-11-07 13:40:33.563000,1.09167,1.09164,1120000,5510000
2019-11-07 13:40:33.664000,1.09168,1.09166,3120000,1000000
2019-11-07 13:40:34.560000,1.09168,1.09166,3190000,1250000
2019-11-07 13:40:35.796000,1.09168,1.09167,1500000,1250000
2019-11-07 13:40:35.897000,1.09169,1.09167,1120000,1250000
2019-11-07 13:40:35.999000,1.09169,1.09167,1750000,1120000
2019-11-07 13:40:36.100000,1.09169,1.09166,4000000,3940000
2019-11-07 13:40:36.945000,1.09168,1.09165,4310000,2060000
2019-11-07 13:40:37.046000,1.09167,1.09164,1690000,4510000
2019-11-07 13:40:39.237000,1.09167,1.09164,4620000,1500000
2019-11-07 13:40:43.153000,1.09165,1.09164,1000000,1000000
2019-11-07 13:40:44.528000,1.09164,1.09162,1370000,1100000
2019-11-07 13:40:44.629000,1.09164,1.09161,2500000,2810000
2019-11-07 13:40:46.150000,1.09164,1.09162,1120000,1310000
2019-11-07 13:40:46.251000,1.09164,1.09163,1000000,1310000
2019-11-07 13:40:46.353000,1.09165,1.09164,1000000,1000000
2019-11-07 13:40:48.566000,1.09165,1.09163,1000000,1250000
2019-11-07 13:40:56.591000,1.09165,1.09163,1000000,2260000
2019-11-07 13:40:57.274000,1.09164,1.09162,2440000,2260000
2019-11-07 13:40:57.375000,1.09164,1.09162,2440000,1310000
2019-11-07 13:40:57.678000,1.09164,1.09163,1000000,1250000
2019-11-07 13:40:57.779000,1.09165,1.09164,1000000,1250000
2019-11-07 13:41:03.561000,1.09167,1.09165,3070000,1250000
2019-11-07 13:41:03.663000,1.09167,1.09166,1000000,1250000
2019-11-07 13:41:04.606000,1.09168,1.09166,1500000,1350000
2019-11-07 13:41:04.707000,1.09169,1.09167,1500000,2640000
2019-11-07 13:41:04.808000,1.0917,1.09168,2620000,1810000
2019-11-07 13:41:05.194000,1.09169,1.09167,2060000,2370000
2019-11-07 13:41:05.295000,1.09168,1.09167,1000000,1120000
2019-11-07 13:41:06.237000,1.09168,1.09166,1000000,1760000
2019-11-07 13:41:06.340000,1.09168,1.09165,1310000,2060000
2019-11-07 13:41:06.442000,1.09167,1.09165,1000000,1010000
2019-11-07 13:41:06.726000,1.09167,1.09166,1000000,1250000
2019-11-07 13:41:06.828000,1.09168,1.09166,1870000,1250000
2019-11-07 13:41:08.079000,1.09169,1.09167,1870000,1500000
2019-11-07 13:41:08.479000,1.09168,1.09167,1000000,1000000
2019-11-07 13:41:08.682000,1.09168,1.09166,1500000,2440000
2019-11-07 13:41:08.986000,1.09167,1.09166,1000000,1250000
2019-11-07 13:41:11.086000,1.09167,1.09165,2250000,1250000
2019-11-07 13:41:12.995000,1.09166,1.09164,1120000,2060000
2019-11-07 13:41:13.305000,1.09167,1.09164,3940000,2120000
2019-11-07 13:41:14.056000,1.09167,1.09166,1500000,2440000
2019-11-07 13:41:14.411000,1.09165,1.09164,1690000,2700000
2019-11-07 13:41:14.513000,1.09163,1.09162,1000000,3560000
2019-11-07 13:41:14.564000,1.09161,1.0916,1000000,1250000
2019-11-07 13:41:14.615000,1.09161,1.09159,3940000,1570000
2019-11-07 13:41:14.717000,1.0916,1.09158,1000000,2810000
2019-11-07 13:41:14.818000,1.09158,1.09157,3190000,1500000
2019-11-07 13:41:14.919000,1.09156,1.09154,1000000,1690000
2019-11-07 13:41:15.223000,1.09157,1.09155,2250000,1750000
2019-11-07 13:41:15.527000,1.09157,1.09155,1120000,1250000
2019-11-07 13:41:16.330000,1.09157,1.09155,1250000,1250000
2019-11-07 13:41:16.432000,1.09157,1.09156,1250000,1000000
2019-11-07 13:41:16.897000,1.09157,1.09154,1310000,3820000
2019-11-07 13:41:16.998000,1.09157,1.09154,2560000,2120000
2019-11-07 13:41:17.251000,1.09157,1.09154,2620000,2060000
2019-11-07 13:41:18.515000,1.09157,1.09154,4200000,1310000
2019-11-07 13:41:18.617000,1.09157,1.09154,2250000,4370000
2019-11-07 13:41:19.440000,1.09159,1.09157,2060000,3000000
2019-11-07 13:41:19.592000,1.0916,1.09157,1810000,3250000
2019-11-07 13:41:20.605000,1.09159,1.09157,1250000,1120000
2019-11-07 13:41:21.832000,1.09158,1.09156,1000000,3000000
2019-11-07 13:41:23.905000,1.09159,1.09158,3940000,1000000
2019-11-07 13:41:24.876000,1.09159,1.09156,1690000,3760000
2019-11-07 13:41:27.013000,1.09159,1.09158,1000000,1250000
2019-11-07 13:41:27.064000,1.09159,1.09156,3010000,2250000
2019-11-07 13:41:27.166000,1.09157,1.09155,1690000,1500000
2019-11-07 13:41:27.267000,1.09156,1.09154,1000000,1750000
2019-11-07 13:41:27.671000,1.09156,1.09154,1000000,1500000
2019-11-07 13:41:27.807000,1.09156,1.09153,1250000,2890000
2019-11-07 13:41:28.342000,1.09155,1.09152,1750000,2940000
2019-11-07 13:41:28.483000,1.09155,1.09152,2870000,2440000
2019-11-07 13:41:28.988000,1.09151,1.09149,1000000,2320000
2019-11-07 13:41:29.089000,1.09149,1.09148,1870000,1000000
2019-11-07 13:41:29.190000,1.09148,1.09146,1000000,2060000
2019-11-07 13:41:29.300000,1.09148,1.09145,3310000,1120000
2019-11-07 13:41:29.779000,1.09147,1.09146,1000000,1250000
2019-11-07 13:41:30.285000,1.09149,1.09146,4690000,1690000
2019-11-07 13:41:30.763000,1.09149,1.09146,5190000,1250000
2019-11-07 13:41:30.864000,1.09148,1.09145,1500000,3000000
2019-11-07 13:41:31.868000,1.09148,1.09146,1120000,1310000
2019-11-07 13:41:32.574000,1.09148,1.09147,1000000,1000000
2019-11-07 13:41:32.751000,1.09148,1.09146,1000000,3560000
2019-11-07 13:41:34.008000,1.09148,1.09147,1000000,1000000
2019-11-07 13:41:34.338000,1.09149,1.09147,2440000,1000000
2019-11-07 13:41:34.891000,1.09149,1.09146,3940000,3560000
2019-11-07 13:41:35.435000,1.09148,1.09146,1000000,2810000
2019-11-07 13:41:35.537000,1.09146,1.09145,1000000,1010000
2019-11-07 13:41:35.588000,1.09148,1.09146,1870000,1250000
2019-11-07 13:41:36.097000,1.09149,1.09147,2810000,1000000
2019-11-07 13:41:36.248000,1.09149,1.09146,3560000,4310000
2019-11-07 13:41:36.480000,1.09149,1.09147,2620000,1250000
2019-11-07 13:41:36.658000,1.09149,1.09146,3560000,4310000
2019-11-07 13:41:36.810000,1.09149,1.09147,2620000,1250000
2019-11-07 13:41:37.128000,1.09149,1.09146,3190000,4310000
2019-11-07 13:41:37.493000,1.09149,1.09147,2250000,1000000
2019-11-07 13:41:37.595000,1.09149,1.09146,2250000,3560000
2019-11-07 13:41:38.122000,1.09149,1.09147,1000000,1250000
2019-11-07 13:41:38.324000,1.09149,1.09147,1690000,2250000
2019-11-07 13:41:43.178000,1.09149,1.09147,3760000,1000000
2019-11-07 13:41:43.350000,1.09147,1.09146,1120000,1000000
2019-11-07 13:41:43.452000,1.09147,1.09145,2620000,1310000
2019-11-07 13:41:44.525000,1.09148,1.09145,2250000,2200000
2019-11-07 13:41:47.126000,1.09148,1.09146,1000000,2120000
2019-11-07 13:41:47.278000,1.09148,1.09146,1000000,1690000
2019-11-07 13:41:47.430000,1.09148,1.09146,1000000,1750000
2019-11-07 13:41:50.401000,1.09149,1.09147,2060000,1690000
2019-11-07 13:41:52.770000,1.09148,1.09147,1000000,1250000
2019-11-07 13:41:52.921000,1.09148,1.09146,1500000,1310000
2019-11-07 13:41:53.392000,1.09148,1.09145,3560000,1690000
2019-11-07 13:41:53.525000,1.09148,1.09145,4060000,1310000
2019-11-07 13:41:54.120000,1.09148,1.09145,2370000,3620000
2019-11-07 13:41:54.221000,1.09148,1.09145,1120000,4000000
2019-11-07 13:41:58.200000,1.09148,1.09146,1120000,1250000
2019-11-07 13:41:58.591000,1.09149,1.09146,1310000,2870000
2019-11-07 13:42:01.658000,1.09149,1.09145,2820000,5500000
2019-11-07 13:42:02.213000,1.09148,1.09146,1120000,1370000
2019-11-07 13:42:02.766000,1.09148,1.09145,2250000,2870000
2019-11-07 13:42:02.867000,1.09146,1.09144,1500000,2500000
2019-11-07 13:42:02.968000,1.09146,1.09143,2620000,2620000
2019-11-07 13:42:03.070000,1.09146,1.09143,3310000,1250000
2019-11-07 13:42:03.171000,1.09145,1.09142,2620000,4440000
2019-11-07 13:42:03.909000,1.09143,1.09142,1000000,1000000
2019-11-07 13:42:04.061000,1.09144,1.09141,1120000,2620000
2019-11-07 13:42:04.162000,1.09144,1.09141,1120000,4870000
2019-11-07 13:42:04.455000,1.09144,1.09142,1310000,1690000
2019-11-07 13:42:05.070000,1.09144,1.09141,2060000,3560000
2019-11-07 13:42:05.686000,1.09144,1.09142,2060000,2250000
2019-11-07 13:42:07.187000,1.09143,1.09141,1000000,3560000
2019-11-07 13:42:07.288000,1.09144,1.09141,2810000,3560000
2019-11-07 13:42:10.126000,1.09144,1.09141,4370000,1310000
2019-11-07 13:42:10.786000,1.09142,1.09141,1250000,1120000
2019-11-07 13:42:10.938000,1.0914,1.09139,1000000,1500000
2019-11-07 13:42:10.989000,1.09137,1.09136,1000000,1310000
2019-11-07 13:42:11.090000,1.09138,1.09137,1690000,1120000
2019-11-07 13:42:11.635000,1.09141,1.09138,3450000,4440000
2019-11-07 13:42:11.737000,1.09142,1.09139,3640000,2500000
2019-11-07 13:42:12.204000,1.09143,1.0914,1500000,3640000
2019-11-07 13:42:13.238000,1.09143,1.0914,1500000,3840000
2019-11-07 13:42:13.885000,1.09144,1.09143,1870000,1000000
2019-11-07 13:42:13.987000,1.09144,1.09142,1690000,1120000
2019-11-07 13:42:14.090000,1.09144,1.09143,1250000,1000000
2019-11-07 13:42:14.712000,1.09144,1.09141,1310000,4810000
2019-11-07 13:42:15.087000,1.09144,1.09141,2870000,1690000
2019-11-07 13:42:15.239000,1.09144,1.09141,3560000,2440000
2019-11-07 13:42:15.390000,1.09144,1.09141,3620000,1250000
2019-11-07 13:42:17.391000,1.09143,1.0914,1250000,2060000
2019-11-07 13:42:18.049000,1.09143,1.09141,1250000,1000000
2019-11-07 13:42:18.150000,1.09143,1.09141,1250000,2440000
2019-11-07 13:42:18.403000,1.09144,1.09141,2810000,3620000
2019-11-07 13:42:18.504000,1.09144,1.09141,2810000,4310000
2019-11-07 13:42:18.866000,1.09144,1.09141,1500000,3200000
2019-11-07 13:42:19.011000,1.09144,1.09142,1000000,2570000
2019-11-07 13:42:19.169000,1.09144,1.09142,1690000,1120000
2019-11-07 13:42:19.321000,1.09145,1.09142,2250000,2510000
2019-11-07 13:42:19.422000,1.09145,1.09142,1500000,4510000
2019-11-07 13:42:19.524000,1.09145,1.09142,4370000,2810000
2019-11-07 13:42:20.688000,1.09143,1.09141,2060000,1250000
2019-11-07 13:42:30.128000,1.09144,1.09142,2810000,1000000
2019-11-07 13:42:36.842000,1.09144,1.09143,1250000,1000000
2019-11-07 13:42:39.676000,1.09145,1.09142,3250000,2140000
2019-11-07 13:42:40.527000,1.09145,1.09142,3190000,2200000
2019-11-07 13:42:40.893000,1.09144,1.09142,1310000,1200000
2019-11-07 13:42:42.197000,1.09143,1.09141,1000000,1690000
2019-11-07 13:42:48.145000,1.09143,1.09141,3290000,1000000
2019-11-07 13:42:48.555000,1.09143,1.09141,1950000,1690000
2019-11-07 13:42:49.285000,1.09142,1.0914,1250000,2620000
2019-11-07 13:42:50.045000,1.09143,1.09141,2810000,2440000
2019-11-07 13:42:54.026000,1.09144,1.09142,2810000,1870000
2019-11-07 13:42:54.181000,1.09144,1.09143,1250000,1000000
2019-11-07 13:42:54.284000,1.09144,1.09142,1250000,1870000
2019-11-07 13:42:55.108000,1.09143,1.09141,2320000,1000000
2019-11-07 13:42:56.107000,1.09143,1.09141,2560000,1000000
2019-11-07 13:42:56.951000,1.09143,1.09142,1690000,1000000
2019-11-07 13:42:57.053000,1.09144,1.09141,2560000,3940000
2019-11-07 13:42:57.154000,1.09144,1.09142,1310000,1000000
2019-11-07 13:42:59.309000,1.09144,1.09141,2060000,3560000
2019-11-07 13:43:00.317000,1.09144,1.09142,2060000,1000000
2019-11-07 13:43:01.342000,1.09144,1.09143,2060000,1000000
2019-11-07 13:43:02.363000,1.09144,1.09141,2290000,2120000
2019-11-07 13:43:02.464000,1.09143,1.0914,3470000,1120000
2019-11-07 13:43:02.709000,1.09143,1.0914,3310000,1750000
2019-11-07 13:43:03.528000,1.09143,1.0914,1310000,2560000
2019-11-07 13:43:04.108000,1.09143,1.0914,1310000,2440000
2019-11-07 13:43:04.260000,1.09143,1.09141,1120000,1250000
2019-11-07 13:43:04.362000,1.09144,1.09141,1690000,2500000
2019-11-07 13:43:07.718000,1.09142,1.0914,1690000,3070000
2019-11-07 13:43:07.820000,1.09142,1.09141,1100000,1000000
2019-11-07 13:43:08.195000,1.09143,1.09141,1000000,1250000
2019-11-07 13:43:09.121000,1.09143,1.09141,1000000,1750000
2019-11-07 13:43:09.581000,1.09144,1.09141,3820000,1750000
2019-11-07 13:43:11.294000,1.09145,1.09142,2810000,3250000
2019-11-07 13:43:11.809000,1.09146,1.09144,3200000,1000000
2019-11-07 13:43:11.910000,1.09146,1.09145,1000000,1000000
2019-11-07 13:43:13.250000,1.09147,1.09145,1120000,1250000
2019-11-07 13:43:13.457000,1.09148,1.09147,1000000,1250000
2019-11-07 13:43:13.508000,1.09149,1.09147,2060000,1690000
2019-11-07 13:43:15.247000,1.09148,1.09147,1000000,1000000
2019-11-07 13:43:15.963000,1.09149,1.09146,3310000,1250000
2019-11-07 13:43:16.655000,1.09146,1.09145,1000000,1500000
2019-11-07 13:43:16.756000,1.09146,1.09144,4500000,1000000
2019-11-07 13:43:17.009000,1.09146,1.09144,2060000,1500000
2019-11-07 13:43:17.263000,1.09146,1.09143,3560000,2060000
2019-11-07 13:43:17.365000,1.09145,1.09143,1250000,1120000
2019-11-07 13:43:17.797000,1.09145,1.09143,1370000,1000000
2019-11-07 13:43:18.500000,1.09145,1.09143,1250000,2620000
2019-11-07 13:43:18.753000,1.09145,1.09143,1370000,1000000
2019-11-07 13:43:20.045000,1.09144,1.09142,2060000,1500000
2019-11-07 13:43:21.025000,1.09144,1.09142,3310000,1000000
2019-11-07 13:43:24.041000,1.09144,1.09142,1310000,1500000
2019-11-07 13:43:24.142000,1.09143,1.09141,1120000,1250000
2019-11-07 13:43:24.582000,1.09143,1.09141,1120000,2250000
2019-11-07 13:43:27.868000,1.09145,1.09142,2250000,1570000
2019-11-07 13:43:27.969000,1.09146,1.09144,1620000,1250000
2019-11-07 13:43:28.071000,1.09146,1.09144,1120000,1250000
2019-11-07 13:43:28.173000,1.09145,1.09143,1000000,2440000
2019-11-07 13:43:30.884000,1.09145,1.09143,1870000,2120000
2019-11-07 13:43:31.779000,1.09145,1.09143,1870000,1690000
2019-11-07 13:43:32.099000,1.09146,1.09144,1120000,1250000
2019-11-07 13:43:32.554000,1.09147,1.09145,1870000,1250000
2019-11-07 13:43:32.931000,1.09147,1.09145,1870000,1750000
2019-11-07 13:43:34.032000,1.09148,1.09145,1870000,4070000
2019-11-07 13:43:34.829000,1.09148,1.09145,3200000,1750000
2019-11-07 13:43:35.032000,1.09148,1.09145,3760000,1250000
2019-11-07 13:43:38.896000,1.09147,1.09144,4760000,1250000
2019-11-07 13:43:39.013000,1.09146,1.09143,1200000,4070000
2019-11-07 13:43:39.483000,1.09147,1.09145,3290000,1000000
2019-11-07 13:43:39.584000,1.09147,1.09145,2320000,1250000
2019-11-07 13:43:42.176000,1.09147,1.09145,1870000,3250000
2019-11-07 13:43:46.817000,1.09147,1.09145,1000000,1310000
2019-11-07 13:43:46.919000,1.09146,1.09144,1120000,1250000
2019-11-07 13:43:50.607000,1.09145,1.09144,1000000,1120000
2019-11-07 13:43:51.109000,1.09146,1.09144,3640000,1120000
2019-11-07 13:43:51.437000,1.09146,1.09144,3760000,1120000
2019-11-07 13:43:52.429000,1.09146,1.09144,2320000,1310000
2019-11-07 13:43:53.250000,1.09145,1.09144,1000000,1000000
2019-11-07 13:43:53.385000,1.09146,1.09144,2510000,1000000
2019-11-07 13:43:53.486000,1.09145,1.09143,1820000,1500000
2019-11-07 13:43:53.689000,1.09146,1.09144,3790000,1000000
2019-11-07 13:43:55.117000,1.09147,1.09144,2100000,3250000
2019-11-07 13:43:55.252000,1.09148,1.09144,3760000,3620000
2019-11-07 13:43:55.421000,1.09148,1.09146,1600000,1000000
2019-11-07 13:43:55.523000,1.09149,1.09147,1760000,1250000
2019-11-07 13:43:57.591000,1.0915,1.09147,2570000,1250000
2019-11-07 13:43:58.219000,1.0915,1.09146,2570000,6820000
2019-11-07 13:44:00.073000,1.09151,1.09147,3820000,3820000
2019-11-07 13:44:00.499000,1.09151,1.09149,2260000,1690000
2019-11-07 13:44:00.602000,1.09151,1.09149,1310000,2060000
2019-11-07 13:44:00.652000,1.09151,1.09148,1370000,3000000
2019-11-07 13:44:01.061000,1.09151,1.09148,2570000,1500000
2019-11-07 13:44:01.162000,1.09151,1.09149,2570000,1000000
2019-11-07 13:44:02.699000,1.09151,1.09149,1760000,1250000
2019-11-07 13:44:02.751000,1.09151,1.09147,1820000,4160000
2019-11-07 13:44:03.388000,1.09151,1.0915,1310000,1000000
2019-11-07 13:44:03.642000,1.09151,1.09149,2070000,1000000
2019-11-07 13:44:03.794000,1.09151,1.09149,2620000,1000000
2019-11-07 13:44:04.045000,1.09151,1.09148,3070000,1120000
2019-11-07 13:44:05.626000,1.09151,1.09147,3820000,6560000
2019-11-07 13:44:06.819000,1.09153,1.0915,5350000,1120000
2019-11-07 13:44:06.976000,1.09151,1.0915,1000000,1000000
2019-11-07 13:44:07.329000,1.09151,1.09149,1000000,1690000
2019-11-07 13:44:08.282000,1.0915,1.09148,1370000,1000000
2019-11-07 13:44:09.534000,1.09151,1.09149,2890000,1120000
2019-11-07 13:44:09.636000,1.0915,1.09148,1250000,1000000
2019-11-07 13:44:09.737000,1.09151,1.09149,3320000,1000000
2019-11-07 13:44:09.839000,1.09151,1.09149,2510000,1000000
2019-11-07 13:44:09.941000,1.09151,1.09149,3320000,1000000
2019-11-07 13:44:10.075000,1.09151,1.09149,2510000,1000000
2019-11-07 13:44:10.430000,1.09151,1.09148,2570000,1000000
2019-11-07 13:44:10.582000,1.09151,1.09149,1760000,1000000
2019-11-07 13:44:10.683000,1.0915,1.09148,1250000,1500000
2019-11-07 13:44:10.734000,1.09151,1.09148,1760000,1310000
2019-11-07 13:44:10.835000,1.09151,1.09148,3000000,1250000
2019-11-07 13:44:10.936000,1.0915,1.09148,1750000,1000000
2019-11-07 13:44:21.220000,1.09151,1.09148,6070000,1310000
2019-11-07 13:44:22.091000,1.09151,1.09148,1870000,3450000
2019-11-07 13:44:24.277000,1.09151,1.09148,1870000,5120000
2019-11-07 13:44:24.378000,1.09151,1.09149,1870000,1750000
2019-11-07 13:44:27.275000,1.09151,1.09149,1120000,1250000
2019-11-07 13:44:41.864000,1.09151,1.09149,3010000,1000000
2019-11-07 13:44:42.108000,1.09151,1.09149,2510000,1000000
2019-11-07 13:44:51.487000,1.09151,1.09149,3320000,1000000
2019-11-07 13:44:51.588000,1.0915,1.09148,1250000,2620000
2019-11-07 13:44:51.935000,1.0915,1.09148,2870000,1000000
2019-11-07 13:44:52.157000,1.0915,1.09148,1310000,1000000
2019-11-07 13:44:52.563000,1.09148,1.09146,2060000,1690000
2019-11-07 13:44:52.614000,1.09147,1.09145,2560000,1000000
2019-11-07 13:44:52.976000,1.09146,1.09144,1120000,2810000
2019-11-07 13:44:53.830000,1.09147,1.09144,1120000,3560000
2019-11-07 13:44:55.093000,1.09148,1.09146,2820000,1120000
2019-11-07 13:44:55.195000,1.09149,1.09147,1120000,1000000
2019-11-07 13:44:56.004000,1.0915,1.09147,4010000,2500000
2019-11-07 13:44:56.206000,1.0915,1.09148,2260000,1250000
2019-11-07 13:44:56.307000,1.0915,1.09148,2140000,1250000
2019-11-07 13:44:57.042000,1.0915,1.09148,2260000,1250000
2019-11-07 13:44:57.758000,1.09147,1.09146,1500000,1000000
2019-11-07 13:44:57.809000,1.09148,1.09147,1250000,1500000
2019-11-07 13:44:57.926000,1.09147,1.09146,1870000,1000000
2019-11-07 13:44:58.877000,1.09148,1.09146,2260000,1000000
2019-11-07 13:45:02.603000,1.09146,1.09144,2440000,1120000
