time,ask,bid,ask_volume,bid_volume
2017-07-05 13:55:00.127000,1.1345,1.13447,4120000,1310000
2017-07-05 13:55:00.231000,1.13451,1.13447,4120000,4310000
2017-07-05 13:55:00.385000,1.13452,1.13449,5250000,1120000
2017-07-05 13:55:00.906000,1.13452,1.13449,1500000,1840000
2017-07-05 13:55:05.800000,1.1345,1.13449,1500000,1200000
2017-07-05 13:55:05.955000,1.13449,1.13445,3000000,3940000
2017-07-05 13:55:06.468000,1.13447,1.13445,1120000,1310000
2017-07-05 13:55:07.857000,1.13447,1.13445,1000000,3000000
2017-07-05 13:55:08.669000,1.13448,1.13446,1000000,2060000
2017-07-05 13:55:10.704000,1.13449,1.13446,1870000,1500000
2017-07-05 13:55:11.777000,1.1345,1.13446,3000000,2620000
2017-07-05 13:55:13.788000,1.13447,1.13446,1000000,1000000
2017-07-05 13:55:13.890000,1.13445,1.13444,1870000,1000000
2017-07-05 13:55:13.994000,1.13445,1.13442,3370000,1310000
2017-07-05 13:55:14.506000,1.13444,1.13442,1120000,1370000
2017-07-05 13:55:15.767000,1.13444,1.13442,1000000,2620000
2017-07-05 13:55:16.278000,1.13445,1.13442,1000000,3750000
2017-07-05 13:55:16.922000,1.13444,1.13442,1000000,2620000
2017-07-05 13:55:17.917000,1.13444,1.13442,1000000,3000000
2017-07-05 13:55:18.377000,1.13446,1.13443,1500000,1120000
2017-07-05 13:55:20.146000,1.13446,1.13444,1500000,1000000
2017-07-05 13:55:21.984000,1.13447,1.13444,1500000,1310000
2017-07-05 13:55:22.545000,1.13447,1.13443,2620000,1000000
2017-07-05 13:55:23.092000,1.13447,1.13442,3750000,5060000
2017-07-05 13:55:23.360000,1.13447,1.13446,1870000,1000000
2017-07-05 13:55:23.612000,1.13453,1.13451,1000000,1500000
2017-07-05 13:55:24.123000,1.13454,1.13449,7310000,4870000
2017-07-05 13:55:24.799000,1.13452,1.13448,1120000,3940000
2017-07-05 13:55:25.005000,1.13452,1.13448,1690000,3370000
2017-07-05 13:55:29.530000,1.1345,1.13447,1250000,1310000
2017-07-05 13:55:30.042000,1.13451,1.13448,1690000,1000000
2017-07-05 13:55:30.553000,1.13452,1.13449,2060000,1000000
2017-07-05 13:55:31.082000,1.13452,1.13449,1310000,1000000
2017-07-05 13:55:32.834000,1.13448,1.13447,1500000,2250000
2017-07-05 13:55:32.938000,1.13448,1.13446,3750000,1100000
2017-07-05 13:55:33.040000,1.13447,1.13444,3000000,1500000
2017-07-05 13:55:35.082000,1.13447,1.13445,1370000,1000000
2017-07-05 13:55:35.583000,1.13447,1.13444,1690000,1000000
2017-07-05 13:55:37.244000,1.13447,1.13444,2810000,1000000
2017-07-05 13:55:38.286000,1.13445,1.13443,1250000,1500000
2017-07-05 13:55:38.801000,1.13446,1.13443,2060000,1000000
2017-07-05 13:55:39.744000,1.13442,1.13441,3750000,1570000
2017-07-05 13:55:39.796000,1.13441,1.13439,1250000,2620000
2017-07-05 13:55:39.848000,1.13441,1.13438,1310000,1120000
2017-07-05 13:55:39.951000,1.13441,1.13438,3560000,1120000
2017-07-05 13:55:41.096000,1.1344,1.13438,1000000,1250000
2017-07-05 13:55:41.597000,1.1344,1.13438,1000000,1250000
2017-07-05 13:55:42.823000,1.13439,1.13437,1000000,1000000
2017-07-05 13:55:43.182000,1.13438,1.13436,1000000,2140000
2017-07-05 13:55:43.478000,1.13439,1.13436,1120000,3000000
2017-07-05 13:55:44.331000,1.13439,1.13436,1000000,3070000
2017-07-05 13:55:45.085000,1.13439,1.13437,1000000,1500000
2017-07-05 13:55:45.239000,1.13441,1.1344,1120000,1120000
2017-07-05 13:55:45.393000,1.13443,1.13441,1000000,2250000
2017-07-05 13:55:45.908000,1.13444,1.13442,1000000,1500000
2017-07-05 13:55:46.062000,1.13446,1.13444,3190000,1000000
2017-07-05 13:55:46.615000,1.13446,1.13443,2060000,1870000
2017-07-05 13:55:47.797000,1.13446,1.13444,1310000,1000000
2017-07-05 13:55:48.871000,1.13448,1.13445,5440000,1000000
2017-07-05 13:55:49.076000,1.13449,1.13447,1500000,1000000
2017-07-05 13:55:49.589000,1.1345,1.13447,1310000,1870000
2017-07-05 13:55:49.791000,1.13451,1.13449,3560000,1000000
2017-07-05 13:55:50.303000,1.13451,1.13448,2440000,1120000
2017-07-05 13:55:50.829000,1.13451,1.13449,1690000,1000000
2017-07-05 13:55:51.349000,1.13451,1.13448,7120000,1120000
2017-07-05 13:55:51.954000,1.13451,1.13447,4310000,2250000
2017-07-05 13:55:52.469000,1.13451,1.13448,2060000,1500000
2017-07-05 13:55:52.999000,1.13451,1.13448,3560000,1120000
2017-07-05 13:55:55.455000,1.13448,1.13447,1000000,1000000
2017-07-05 13:55:55.561000,1.13449,1.13446,2060000,1200000
2017-07-05 13:55:56.084000,1.13449,1.13447,1000000,1870000
2017-07-05 13:55:56.343000,1.13451,1.13448,1500000,1120000
2017-07-05 13:55:56.854000,1.1345,1.13447,1120000,2620000
2017-07-05 13:55:59.396000,1.13449,1.13447,1000000,1000000
2017-07-05 13:55:59.932000,1.13449,1.13446,1500000,1950000
2017-07-05 13:56:00.447000,1.13449,1.13446,1870000,1000000
2017-07-05 13:56:00.988000,1.13448,1.13445,1250000,2320000
2017-07-05 13:56:01.040000,1.13447,1.13444,1870000,2020000
2017-07-05 13:56:01.196000,1.13446,1.13443,1500000,1310000
2017-07-05 13:56:01.714000,1.13446,1.13442,3370000,3750000
2017-07-05 13:56:02.231000,1.13446,1.13442,2250000,4120000
2017-07-05 13:56:05.795000,1.13446,1.13442,3190000,3640000
2017-07-05 13:56:06.422000,1.13446,1.13442,2810000,4760000
2017-07-05 13:56:07.517000,1.13446,1.13442,5810000,3560000
2017-07-05 13:56:08.109000,1.13446,1.13443,1250000,2620000
2017-07-05 13:56:08.635000,1.13447,1.13444,1120000,1870000
2017-07-05 13:56:09.145000,1.13448,1.13445,1000000,2320000
2017-07-05 13:56:09.664000,1.13448,1.13445,1000000,2320000
2017-07-05 13:56:10.346000,1.13448,1.13445,1500000,2140000
2017-07-05 13:56:11.599000,1.13449,1.13447,3370000,1000000
2017-07-05 13:56:12.125000,1.13449,1.13446,1500000,1570000
2017-07-05 13:56:13.168000,1.1345,1.13448,3190000,1500000
2017-07-05 13:56:13.324000,1.13451,1.13449,1000000,1000000
2017-07-05 13:56:15.132000,1.13452,1.13449,4690000,1000000
2017-07-05 13:56:15.666000,1.13452,1.13448,4540000,2250000
2017-07-05 13:56:18.176000,1.13451,1.13448,1480000,1870000
2017-07-05 13:56:18.695000,1.13449,1.13448,1000000,1120000
2017-07-05 13:56:19.453000,1.13449,1.13447,1000000,1000000
2017-07-05 13:56:19.760000,1.13447,1.13445,1000000,2140000
2017-07-05 13:56:19.915000,1.13449,1.13446,2250000,2250000
2017-07-05 13:56:20.436000,1.13448,1.13447,1000000,1120000
2017-07-05 13:56:20.847000,1.1345,1.13447,2440000,1500000
2017-07-05 13:56:21.365000,1.1345,1.13448,1000000,1310000
2017-07-05 13:56:21.876000,1.1345,1.13447,1870000,1000000
2017-07-05 13:56:22.419000,1.13449,1.13447,1000000,1000000
2017-07-05 13:56:22.958000,1.13448,1.13446,1000000,1000000
2017-07-05 13:56:23.755000,1.13448,1.13446,1000000,2620000
2017-07-05 13:56:24.266000,1.13449,1.13446,1000000,3370000
2017-07-05 13:56:24.785000,1.13449,1.13448,1870000,1000000
2017-07-05 13:56:26.715000,1.1345,1.13448,1690000,1120000
2017-07-05 13:56:27.346000,1.1345,1.13446,5510000,3370000
2017-07-05 13:56:27.862000,1.13449,1.13446,1370000,2250000
2017-07-05 13:56:27.913000,1.1345,1.13447,3940000,2620000
2017-07-05 13:56:28.085000,1.13451,1.13448,2440000,1000000
2017-07-05 13:56:28.628000,1.13451,1.13449,2440000,1000000
2017-07-05 13:56:29.173000,1.13452,1.13448,3940000,3370000
2017-07-05 13:56:31.130000,1.13452,1.13448,3940000,4120000
2017-07-05 13:56:31.673000,1.13452,1.13448,3940000,4120000
2017-07-05 13:56:32.181000,1.13452,1.1345,1500000,1120000
2017-07-05 13:56:32.697000,1.13453,1.13451,1000000,1500000
2017-07-05 13:56:33.318000,1.13453,1.13451,1000000,2620000
2017-07-05 13:56:34.043000,1.13453,1.13451,1000000,1000000
2017-07-05 13:56:36.655000,1.13453,1.13451,1000000,1200000
2017-07-05 13:56:37.222000,1.13453,1.13451,1000000,1120000
2017-07-05 13:56:43.055000,1.13452,1.1345,1000000,1370000
2017-07-05 13:56:43.565000,1.13452,1.1345,1120000,1000000
2017-07-05 13:56:43.852000,1.13449,1.13448,1000000,1870000
2017-07-05 13:56:43.956000,1.13446,1.13445,1000000,1120000
2017-07-05 13:56:44.058000,1.13444,1.13443,1000000,2620000
2017-07-05 13:56:44.651000,1.13445,1.13442,1870000,1120000
2017-07-05 13:56:45.190000,1.13445,1.13442,1500000,1500000
2017-07-05 13:56:45.729000,1.13445,1.13442,1120000,1870000
2017-07-05 13:56:46.253000,1.13444,1.13442,1120000,1500000
2017-07-05 13:56:46.771000,1.13442,1.1344,1000000,1250000
2017-07-05 13:56:48.426000,1.13443,1.1344,1500000,1690000
2017-07-05 13:56:49.439000,1.13443,1.1344,2250000,1250000
2017-07-05 13:56:54.736000,1.13443,1.1344,1000000,2440000
2017-07-05 13:56:55.315000,1.13443,1.1344,1370000,2060000
2017-07-05 13:56:55.879000,1.13443,1.1344,1120000,2060000
2017-07-05 13:56:56.236000,1.13441,1.13439,1000000,1200000
2017-07-05 13:56:56.695000,1.1344,1.13437,1120000,2700000
2017-07-05 13:56:57.278000,1.13438,1.13436,2810000,1200000
2017-07-05 13:56:57.381000,1.13436,1.13434,1000000,1950000
2017-07-05 13:56:57.893000,1.13436,1.13435,1000000,1000000
2017-07-05 13:56:58.290000,1.13438,1.13436,1500000,1000000
2017-07-05 13:56:58.803000,1.13439,1.13437,1000000,1000000
2017-07-05 13:57:00.431000,1.1344,1.13438,1370000,1000000
2017-07-05 13:57:02.575000,1.13438,1.13436,1000000,1870000
2017-07-05 13:57:02.627000,1.13438,1.13435,1870000,1120000
2017-07-05 13:57:02.875000,1.13438,1.13436,2620000,1000000
2017-07-05 13:57:02.978000,1.13439,1.13437,1120000,1000000
2017-07-05 13:57:03.491000,1.1344,1.13438,1370000,1000000
2017-07-05 13:57:04.174000,1.1344,1.13438,1000000,1000000
2017-07-05 13:57:04.841000,1.1344,1.13437,1620000,1500000
2017-07-05 13:57:05.721000,1.13438,1.13436,3000000,1000000
2017-07-05 13:57:05.984000,1.13436,1.13433,1120000,2440000
2017-07-05 13:57:06.519000,1.13436,1.13433,1120000,2810000
2017-07-05 13:57:06.826000,1.13435,1.13432,5620000,1120000
2017-07-05 13:57:07.130000,1.13432,1.1343,1000000,2620000
2017-07-05 13:57:07.641000,1.13434,1.1343,6370000,2250000
2017-07-05 13:57:09.220000,1.13433,1.1343,1870000,1690000
2017-07-05 13:57:09.533000,1.1343,1.13429,1000000,1250000
2017-07-05 13:57:10.129000,1.13431,1.13429,1000000,1250000
2017-07-05 13:57:10.656000,1.13431,1.13429,1000000,1310000
2017-07-05 13:57:11.225000,1.1343,1.13428,1000000,1690000
2017-07-05 13:57:12.638000,1.1343,1.13428,1000000,1690000
2017-07-05 13:57:13.889000,1.13429,1.13427,1000000,2060000
2017-07-05 13:57:14.400000,1.13429,1.13427,1000000,1690000
2017-07-05 13:57:17.092000,1.13429,1.13428,1000000,1000000
2017-07-05 13:57:17.628000,1.13429,1.13427,1000000,2810000
2017-07-05 13:57:18.487000,1.13428,1.13427,1000000,1250000
2017-07-05 13:57:19.001000,1.13429,1.13427,1000000,1690000
2017-07-05 13:57:21.623000,1.1343,1.13428,1000000,1310000
2017-07-05 13:57:22.450000,1.1343,1.13429,1120000,1500000
2017-07-05 13:57:22.502000,1.13431,1.13429,1000000,2440000
2017-07-05 13:57:23.166000,1.13432,1.1343,1000000,1250000
2017-07-05 13:57:23.682000,1.13432,1.1343,1000000,2060000
2017-07-05 13:57:25.949000,1.13433,1.1343,1000000,2060000
2017-07-05 13:57:26.320000,1.13431,1.13429,1000000,2240000
2017-07-05 13:57:26.525000,1.13429,1.13427,1000000,1690000
2017-07-05 13:57:27.037000,1.1343,1.13427,1120000,1120000
2017-07-05 13:57:27.568000,1.13429,1.13427,1000000,2810000
2017-07-05 13:57:28.087000,1.1343,1.13427,1150000,3190000
2017-07-05 13:57:28.281000,1.13428,1.13426,1000000,2250000
2017-07-05 13:57:29.453000,1.13429,1.13425,1120000,4680000
2017-07-05 13:57:30.195000,1.1343,1.13428,1910000,1690000
2017-07-05 13:57:30.700000,1.13431,1.13428,1500000,1690000
2017-07-05 13:57:31.212000,1.13432,1.13428,2620000,4310000
2017-07-05 13:57:31.730000,1.13432,1.13429,1120000,1250000
2017-07-05 13:57:32.089000,1.13433,1.1343,1500000,2440000
2017-07-05 13:57:34.105000,1.13435,1.13434,4870000,1000000
2017-07-05 13:57:34.157000,1.13436,1.13435,2620000,1000000
2017-07-05 13:57:34.260000,1.13438,1.13436,2250000,1000000
2017-07-05 13:57:34.567000,1.1344,1.13439,1500000,1000000
2017-07-05 13:57:34.620000,1.13441,1.1344,1000000,1120000
2017-07-05 13:57:34.883000,1.13443,1.13441,2060000,1120000
2017-07-05 13:57:35.426000,1.13442,1.13441,1120000,1120000
2017-07-05 13:57:36.039000,1.13442,1.1344,1000000,1690000
2017-07-05 13:57:36.196000,1.13439,1.13438,1000000,1000000
2017-07-05 13:57:36.768000,1.13438,1.13436,1500000,1120000
2017-07-05 13:57:37.280000,1.13438,1.13437,1000000,1120000
2017-07-05 13:57:37.787000,1.13438,1.13436,1000000,9370000
2017-07-05 13:57:37.941000,1.13438,1.13437,1000000,1120000
2017-07-05 13:57:39.103000,1.13439,1.13438,1120000,1120000
2017-07-05 13:57:39.614000,1.1344,1.13438,1120000,1120000
2017-07-05 13:57:40.138000,1.13439,1.13438,1000000,5250000
2017-07-05 13:57:40.496000,1.13441,1.1344,3000000,1000000
2017-07-05 13:57:40.995000,1.13443,1.13441,1500000,1120000
2017-07-05 13:57:41.607000,1.13443,1.13442,1120000,1120000
2017-07-05 13:57:41.982000,1.13445,1.13443,1120000,1120000
2017-07-05 13:57:42.136000,1.13447,1.13445,4120000,1310000
2017-07-05 13:57:42.290000,1.13449,1.13447,1500000,1120000
2017-07-05 13:57:42.598000,1.1345,1.13448,1250000,1500000
2017-07-05 13:57:42.804000,1.13451,1.1345,1120000,1000000
2017-07-05 13:57:43.268000,1.13448,1.13447,1000000,1250000
2017-07-05 13:57:43.578000,1.13447,1.13445,1000000,1500000
2017-07-05 13:57:43.631000,1.13448,1.13446,1000000,2250000
2017-07-05 13:57:43.734000,1.13447,1.13445,1000000,1120000
2017-07-05 13:57:44.246000,1.13447,1.13444,1870000,1370000
2017-07-05 13:57:44.562000,1.13446,1.13444,1000000,1000000
2017-07-05 13:57:45.783000,1.13447,1.13444,1500000,1690000
2017-07-05 13:57:46.412000,1.13446,1.13444,1000000,1000000
2017-07-05 13:57:48.603000,1.13445,1.13444,1000000,1000000
2017-07-05 13:57:49.172000,1.13445,1.13443,1000000,1250000
2017-07-05 13:57:52.151000,1.13445,1.13442,1000000,2060000
2017-07-05 13:57:52.662000,1.13445,1.13442,1120000,2440000
2017-07-05 13:57:52.925000,1.13444,1.13441,1120000,1500000
2017-07-05 13:57:53.436000,1.13443,1.13441,1000000,1000000
2017-07-05 13:57:53.976000,1.13443,1.1344,1500000,5510000
2017-07-05 13:57:54.661000,1.13442,1.1344,1000000,5320000
2017-07-05 13:57:55.769000,1.13439,1.13438,1000000,1120000
2017-07-05 13:57:56.013000,1.13436,1.13435,1000000,1250000
2017-07-05 13:57:56.555000,1.13437,1.13434,1870000,3000000
2017-07-05 13:57:58.323000,1.13433,1.13432,1000000,1120000
2017-07-05 13:57:58.630000,1.13431,1.1343,2620000,1000000
2017-07-05 13:58:00.330000,1.13432,1.1343,1000000,1000000
2017-07-05 13:58:00.801000,1.13432,1.13429,5250000,1120000
2017-07-05 13:58:01.326000,1.13432,1.1343,1370000,1000000
2017-07-05 13:58:02.756000,1.13432,1.13431,3410000,1870000
2017-07-05 13:58:02.807000,1.13433,1.13432,2250000,1120000
2017-07-05 13:58:03.522000,1.13435,1.13433,1620000,1000000
2017-07-05 13:58:05.462000,1.13435,1.13434,1120000,1000000
2017-07-05 13:58:10.534000,1.13435,1.13433,1000000,1120000
2017-07-05 13:58:10.876000,1.13434,1.13432,1500000,1000000
2017-07-05 13:58:11.097000,1.13435,1.13433,1870000,1000000
2017-07-05 13:58:16.166000,1.13436,1.13432,3280000,4690000
2017-07-05 13:58:17.629000,1.13435,1.13434,1000000,1000000
2017-07-05 13:58:17.681000,1.13437,1.13434,1780000,2060000
2017-07-05 13:58:17.939000,1.13437,1.13435,1070000,4010000
2017-07-05 13:58:17.991000,1.1344,1.13436,5250000,3000000
2017-07-05 13:58:18.043000,1.13439,1.13436,1120000,3640000
2017-07-05 13:58:18.247000,1.1344,1.13436,3000000,4010000
2017-07-05 13:58:22.563000,1.13439,1.13436,1120000,3750000
2017-07-05 13:58:23.132000,1.13438,1.13436,1120000,2440000
2017-07-05 13:58:23.540000,1.13436,1.13434,1000000,1690000
2017-07-05 13:58:24.063000,1.13436,1.13434,2810000,1000000
2017-07-05 13:58:24.630000,1.13435,1.13432,1690000,2810000
2017-07-05 13:58:25.386000,1.13435,1.13432,1870000,1120000
2017-07-05 13:58:33.223000,1.13434,1.1343,2620000,5810000
2017-07-05 13:58:33.753000,1.13434,1.13431,1870000,1870000
2017-07-05 13:58:34.535000,1.13434,1.13431,2250000,2250000
2017-07-05 13:58:35.451000,1.13434,1.13431,2620000,1120000
2017-07-05 13:58:36.238000,1.13434,1.13431,2060000,2620000
2017-07-05 13:58:36.290000,1.13436,1.13434,1000000,3190000
2017-07-05 13:58:36.827000,1.13437,1.13434,1500000,2440000
2017-07-05 13:58:39.282000,1.13437,1.13435,1120000,1000000
2017-07-05 13:58:41.728000,1.13437,1.13434,1500000,2440000
2017-07-05 13:58:42.858000,1.13438,1.13435,1120000,1000000
2017-07-05 13:58:47.255000,1.13438,1.13436,1000000,1000000
2017-07-05 13:58:47.768000,1.13439,1.13436,2440000,1000000
2017-07-05 13:58:48.374000,1.13439,1.13436,3190000,1000000
2017-07-05 13:58:48.880000,1.13439,1.13437,2440000,1000000
2017-07-05 13:58:50.879000,1.13439,1.13436,4310000,1000000
2017-07-05 13:58:51.382000,1.13437,1.13435,1000000,1500000
2017-07-05 13:58:52.047000,1.13438,1.13436,1120000,1000000
2017-07-05 13:58:52.575000,1.13438,1.13436,1870000,1000000
2017-07-05 13:58:53.546000,1.13439,1.13436,5660000,1000000
2017-07-05 13:58:54.082000,1.13437,1.13436,1120000,1000000
2017-07-05 13:58:54.607000,1.13436,1.13435,1120000,1120000
2017-07-05 13:58:55.215000,1.13436,1.13434,1120000,3000000
2017-07-05 13:58:56.583000,1.13436,1.13434,1120000,1500000
2017-07-05 13:58:57.115000,1.13435,1.13434,1120000,1000000
2017-07-05 13:58:57.719000,1.13435,1.13433,1120000,1570000
2017-07-05 13:58:58.236000,1.13433,1.13431,1120000,1050000
2017-07-05 13:58:59.186000,1.13434,1.13433,1500000,1500000
2017-07-05 13:58:59.341000,1.13435,1.13433,1120000,1870000
2017-07-05 13:59:00.256000,1.13434,1.13432,1120000,2250000
2017-07-05 13:59:00.626000,1.13436,1.13434,1120000,1500000
2017-07-05 13:59:01.133000,1.13436,1.13435,1120000,1000000
2017-07-05 13:59:01.649000,1.13436,1.13434,1120000,1000000
2017-07-05 13:59:02.005000,1.13434,1.13432,1690000,1370000
2017-07-05 13:59:02.205000,1.13432,1.1343,1120000,1500000
2017-07-05 13:59:02.721000,1.13431,1.1343,1120000,1120000
2017-07-05 13:59:04.240000,1.13432,1.1343,1120000,1120000
2017-07-05 13:59:05.668000,1.13432,1.13431,1500000,1000000
2017-07-05 13:59:05.950000,1.13436,1.13433,2250000,2320000
2017-07-05 13:59:06.206000,1.13436,1.13434,1500000,2250000
2017-07-05 13:59:06.932000,1.13437,1.13434,2620000,4310000
2017-07-05 13:59:07.525000,1.13437,1.13434,2250000,3190000
2017-07-05 13:59:08.044000,1.13436,1.13434,1120000,3190000
2017-07-05 13:59:09.783000,1.13437,1.13435,1120000,2440000
2017-07-05 13:59:09.886000,1.13439,1.13436,1870000,1000000
2017-07-05 13:59:10.753000,1.13439,1.13437,1870000,1120000
2017-07-05 13:59:11.359000,1.13437,1.13436,1500000,1000000
2017-07-05 13:59:11.564000,1.13434,1.13432,1000000,1000000
2017-07-05 13:59:11.768000,1.13435,1.13434,1500000,1000000
2017-07-05 13:59:12.531000,1.13436,1.13434,1120000,1120000
2017-07-05 13:59:13.067000,1.13436,1.13433,2250000,1000000
2017-07-05 13:59:13.369000,1.13433,1.13432,1000000,2060000
2017-07-05 13:59:13.421000,1.13433,1.1343,1870000,3000000
2017-07-05 13:59:13.473000,1.13432,1.13429,1120000,4870000
2017-07-05 13:59:13.985000,1.13431,1.13429,1120000,2250000
2017-07-05 13:59:14.515000,1.13432,1.13429,1120000,5250000
2017-07-05 13:59:15.027000,1.13431,1.13428,1120000,4500000
2017-07-05 13:59:16.149000,1.13431,1.13428,2250000,2620000
2017-07-05 13:59:16.974000,1.1343,1.13427,1000000,2810000
2017-07-05 13:59:17.838000,1.1343,1.13427,2250000,1690000
2017-07-05 13:59:18.340000,1.13429,1.13427,1120000,2440000
2017-07-05 13:59:18.887000,1.1343,1.13427,1120000,2440000
2017-07-05 13:59:19.424000,1.1343,1.13428,1120000,1250000
2017-07-05 13:59:20.201000,1.13431,1.13429,1120000,2250000
2017-07-05 13:59:20.716000,1.13431,1.13429,1120000,2810000
2017-07-05 13:59:21.265000,1.1343,1.13429,1000000,1120000
2017-07-05 13:59:22.200000,1.13431,1.13429,1120000,3190000
2017-07-05 13:59:22.703000,1.13432,1.1343,1870000,1370000
2017-07-05 13:59:23.166000,1.13429,1.13428,1000000,1500000
2017-07-05 13:59:23.269000,1.1343,1.13427,4120000,1500000
2017-07-05 13:59:23.423000,1.13428,1.13425,1500000,5510000
2017-07-05 13:59:25.084000,1.13427,1.13425,2120000,4200000
2017-07-05 13:59:25.394000,1.13425,1.13423,1000000,1310000
2017-07-05 13:59:25.925000,1.13424,1.13422,1000000,3940000
2017-07-05 13:59:28.796000,1.13423,1.13422,1000000,1690000
2017-07-05 13:59:29.977000,1.13423,1.13421,1000000,3940000
2017-07-05 13:59:30.880000,1.13424,1.13421,1870000,1500000
2017-07-05 13:59:31.392000,1.13423,1.13421,1000000,1500000
2017-07-05 13:59:32.153000,1.13423,1.13421,1000000,1500000
2017-07-05 13:59:33.630000,1.13424,1.13422,1120000,1120000
2017-07-05 13:59:33.682000,1.13426,1.13425,3000000,1500000
2017-07-05 13:59:34.231000,1.13426,1.13424,1870000,1000000
2017-07-05 13:59:36.039000,1.13426,1.13423,1000000,1500000
2017-07-05 13:59:36.886000,1.13427,1.13425,1870000,1500000
2017-07-05 13:59:37.230000,1.13427,1.13423,3750000,2810000
2017-07-05 13:59:37.741000,1.13426,1.13423,1500000,1500000
2017-07-05 13:59:38.522000,1.13426,1.13425,1000000,1000000
2017-07-05 13:59:39.144000,1.13426,1.13424,1000000,1500000
2017-07-05 13:59:39.402000,1.13426,1.13422,1000000,3670000
2017-07-05 13:59:40.126000,1.13424,1.13422,1000000,2170000
2017-07-05 13:59:40.745000,1.13425,1.13423,1000000,1870000
2017-07-05 13:59:41.954000,1.13424,1.13422,1000000,3000000
2017-07-05 13:59:43.845000,1.13426,1.13422,1120000,3000000
2017-07-05 13:59:44.498000,1.13424,1.13421,1100000,2250000
2017-07-05 13:59:44.549000,1.13423,1.13421,1000000,1000000
2017-07-05 13:59:45.108000,1.13423,1.1342,1310000,2060000
2017-07-05 13:59:45.262000,1.13424,1.13422,3000000,1000000
2017-07-05 13:59:45.315000,1.13425,1.13422,2620000,1000000
2017-07-05 13:59:45.837000,1.13426,1.13422,1120000,1250000
2017-07-05 13:59:46.453000,1.13426,1.13422,1000000,1760000
2017-07-05 13:59:47.087000,1.13426,1.13422,1000000,1760000
2017-07-05 13:59:48.627000,1.13427,1.13424,1070000,1690000
2017-07-05 13:59:48.935000,1.1343,1.13428,1870000,1000000
2017-07-05 13:59:50.106000,1.13433,1.1343,3750000,1500000
2017-07-05 13:59:50.313000,1.13441,1.13438,3750000,1500000
2017-07-05 13:59:50.620000,1.13442,1.1344,1000000,1000000
2017-07-05 13:59:50.837000,1.13442,1.13438,1000000,1000000
2017-07-05 13:59:51.245000,1.13444,1.1344,7010000,1000000
2017-07-05 13:59:51.680000,1.13444,1.1344,3450000,1000000
2017-07-05 13:59:52.186000,1.13443,1.13439,1690000,1000000
2017-07-05 13:59:52.288000,1.13443,1.13437,1250000,1250000
2017-07-05 13:59:52.566000,1.13444,1.1344,1000000,1000000
2017-07-05 13:59:52.874000,1.13447,1.13444,1000000,1120000
2017-07-05 13:59:53.464000,1.13447,1.13442,1000000,3750000
2017-07-05 13:59:53.618000,1.13445,1.13441,1100000,1250000
2017-07-05 13:59:54.091000,1.13443,1.1344,1000000,1690000
2017-07-05 13:59:54.659000,1.13442,1.1344,1000000,1000000
2017-07-05 13:59:55.128000,1.13445,1.1344,1500000,1250000
2017-07-05 13:59:55.532000,1.13447,1.1344,2250000,2060000
2017-07-05 13:59:56.046000,1.13447,1.1344,1000000,5060000
2017-07-05 13:59:56.326000,1.13449,1.13446,1290000,1000000
2017-07-05 13:59:56.429000,1.1345,1.13445,3370000,1190000
2017-07-05 13:59:56.481000,1.1345,1.13444,1570000,4120000
2017-07-05 13:59:56.533000,1.13447,1.13444,1000000,1500000
2017-07-05 13:59:56.960000,1.13447,1.13442,1000000,1000000
2017-07-05 13:59:57.727000,1.13447,1.13442,1000000,1190000
2017-07-05 13:59:57.830000,1.13447,1.13445,1000000,1000000
2017-07-05 13:59:58.188000,1.13449,1.13445,2440000,1000000
2017-07-05 13:59:58.240000,1.13449,1.13442,4690000,3940000
2017-07-05 13:59:58.788000,1.13449,1.13442,1570000,1250000
2017-07-05 13:59:58.994000,1.13447,1.13442,1000000,1000000
2017-07-05 13:59:59.148000,1.13446,1.13439,1000000,1950000
2017-07-05 13:59:59.665000,1.13447,1.1344,3070000,1000000
2017-07-05 14:00:00.173000,1.13445,1.13442,2250000,1000000
2017-07-05 14:00:00.226000,1.13445,1.1344,2250000,1000000
2017-07-05 14:00:00.483000,1.13443,1.13438,1100000,1120000
2017-07-05 14:00:00.795000,1.13438,1.13433,2250000,3370000
2017-07-05 14:00:01.104000,1.13441,1.13438,2250000,1000000
2017-07-05 14:00:01.370000,1.13441,1.13435,3000000,1870000
2017-07-05 14:00:01.627000,1.13438,1.13435,1000000,1120000
2017-07-05 14:00:01.729000,1.13438,1.13433,1000000,2250000
2017-07-05 14:00:02.015000,1.13433,1.13429,3000000,1450000
2017-07-05 14:00:02.643000,1.13433,1.1343,2250000,2620000
2017-07-05 14:00:03.154000,1.13433,1.13431,1100000,1500000
2017-07-05 14:00:03.358000,1.1342,1.13414,1000000,1470000
2017-07-05 14:00:03.412000,1.13415,1.13414,7500000,1000000
2017-07-05 14:00:03.570000,1.13415,1.1341,7500000,1570000
2017-07-05 14:00:04.074000,1.13415,1.13411,7500000,1000000
2017-07-05 14:00:04.386000,1.13413,1.13408,1000000,1570000
2017-07-05 14:00:04.770000,1.13411,1.13407,2250000,1690000
2017-07-05 14:00:05.286000,1.13411,1.13408,3000000,2440000
2017-07-05 14:00:05.825000,1.13411,1.13407,1250000,1250000
2017-07-05 14:00:06.339000,1.13411,1.13408,1250000,1500000
2017-07-05 14:00:06.699000,1.13413,1.13408,2060000,3190000
2017-07-05 14:00:07.781000,1.13413,1.13411,2440000,2060000
2017-07-05 14:00:08.093000,1.13417,1.13413,3070000,1120000
2017-07-05 14:00:08.766000,1.13415,1.13412,1000000,2250000
2017-07-05 14:00:08.818000,1.13415,1.13411,1870000,2620000
2017-07-05 14:00:08.922000,1.13413,1.1341,1000000,1500000
2017-07-05 14:00:09.435000,1.13413,1.13409,1120000,2250000
2017-07-05 14:00:09.750000,1.13411,1.13409,1000000,2250000
2017-07-05 14:00:10.265000,1.13412,1.13409,1000000,1500000
2017-07-05 14:00:10.778000,1.13413,1.1341,1500000,1120000
2017-07-05 14:00:12.118000,1.13413,1.13409,1000000,3000000
2017-07-05 14:00:13.134000,1.13413,1.13409,1000000,4120000
2017-07-05 14:00:13.494000,1.1341,1.13408,1200000,1000000
2017-07-05 14:00:13.550000,1.13404,1.13401,1370000,1000000
2017-07-05 14:00:13.654000,1.13401,1.13398,1120000,1940000
2017-07-05 14:00:13.757000,1.134,1.13397,1120000,1000000
2017-07-05 14:00:14.219000,1.13398,1.13396,1000000,1090000
2017-07-05 14:00:14.733000,1.13399,1.13395,1000000,2250000
2017-07-05 14:00:15.296000,1.134,1.13395,1870000,4120000
2017-07-05 14:00:15.605000,1.13383,1.13382,1000000,2250000
2017-07-05 14:00:15.709000,1.13381,1.13377,1120000,4310000
2017-07-05 14:00:15.813000,1.13378,1.13376,1000000,1870000
2017-07-05 14:00:16.064000,1.13377,1.13375,1500000,1690000
2017-07-05 14:00:16.372000,1.13377,1.13376,1000000,1270000
2017-07-05 14:00:16.633000,1.13382,1.1338,2120000,2250000
2017-07-05 14:00:16.685000,1.13384,1.13383,1500000,1000000
2017-07-05 14:00:16.788000,1.13384,1.1338,1000000,3750000
2017-07-05 14:00:16.840000,1.13382,1.1338,1500000,1120000
2017-07-05 14:00:17.251000,1.13381,1.13377,1690000,1870000
2017-07-05 14:00:17.799000,1.13382,1.13378,4690000,1000000
2017-07-05 14:00:18.056000,1.13382,1.13378,1870000,1000000
2017-07-05 14:00:18.412000,1.13386,1.13379,2700000,1000000
2017-07-05 14:00:18.515000,1.13387,1.13381,1820000,1500000
2017-07-05 14:00:18.619000,1.13392,1.13382,1570000,2440000
2017-07-05 14:00:18.673000,1.13394,1.13384,1000000,1190000
2017-07-05 14:00:18.725000,1.13397,1.13386,3370000,1190000
2017-07-05 14:00:19.091000,1.13397,1.13386,5060000,5440000
2017-07-05 14:00:19.609000,1.13396,1.13388,1190000,3750000
2017-07-05 14:00:19.765000,1.13398,1.13389,1000000,1120000
2017-07-05 14:00:19.949000,1.13401,1.13393,4870000,1500000
2017-07-05 14:00:20,1.13403,1.13393,3370000,1750000
2017-07-05 14:00:20.052000,1.13402,1.13393,1190000,2000000
2017-07-05 14:00:20.359000,1.13398,1.13394,1250000,1120000
2017-07-05 14:00:20.875000,1.13397,1.13394,1000000,1500000
2017-07-05 14:00:21.708000,1.13389,1.13388,1120000,1120000
2017-07-05 14:00:22.128000,1.13391,1.13389,9190000,1870000
2017-07-05 14:00:22.435000,1.13389,1.13387,1120000,7310000
2017-07-05 14:00:23.388000,1.13391,1.13389,6430000,1870000
2017-07-05 14:00:23.440000,1.13392,1.13391,1420000,1500000
2017-07-05 14:00:23.912000,1.13391,1.13389,1250000,2250000
2017-07-05 14:00:24.014000,1.13391,1.13387,2810000,3560000
2017-07-05 14:00:24.526000,1.13389,1.13388,1250000,1000000
2017-07-05 14:00:24.932000,1.13393,1.13391,2170000,1500000
2017-07-05 14:00:25.545000,1.13394,1.13392,2060000,1500000
2017-07-05 14:00:26.088000,1.13395,1.13393,1310000,1000000
2017-07-05 14:00:26.397000,1.13397,1.13396,1250000,1000000
2017-07-05 14:00:27.240000,1.13399,1.13396,1870000,1260000
2017-07-05 14:00:27.292000,1.13403,1.13402,1120000,1500000
2017-07-05 14:00:27.620000,1.13398,1.13396,1500000,1120000
2017-07-05 14:00:28.135000,1.13398,1.13397,1000000,1000000
2017-07-05 14:00:28.651000,1.13399,1.13396,3560000,1000000
2017-07-05 14:00:29.006000,1.13399,1.13396,1310000,1690000
2017-07-05 14:00:29.262000,1.134,1.13398,3560000,1000000
2017-07-05 14:00:29.775000,1.134,1.13397,1310000,1120000
2017-07-05 14:00:30.122000,1.13401,1.13397,5670000,1120000
2017-07-05 14:00:30.174000,1.134,1.13398,1190000,1000000
2017-07-05 14:00:30.685000,1.13401,1.13398,1310000,1690000
2017-07-05 14:00:31.383000,1.13401,1.13399,1310000,1000000
2017-07-05 14:00:31.640000,1.13399,1.13397,1250000,2060000
2017-07-05 14:00:32.001000,1.134,1.13399,1120000,1000000
2017-07-05 14:00:32.310000,1.13405,1.13404,1000000,1000000
2017-07-05 14:00:32.861000,1.13407,1.13404,1500000,2060000
2017-07-05 14:00:33.245000,1.13407,1.13405,1690000,1000000
2017-07-05 14:00:33.398000,1.13408,1.13406,1310000,1000000
2017-07-05 14:00:33.901000,1.1341,1.13407,1690000,1000000
2017-07-05 14:00:34.411000,1.1341,1.13408,1120000,1000000
2017-07-05 14:00:34.934000,1.13411,1.13409,1120000,1000000
2017-07-05 14:00:35.837000,1.13418,1.13416,29549999,1120000
2017-07-05 14:00:35.993000,1.13428,1.13424,5340000,1000000
2017-07-05 14:00:36.046000,1.13429,1.13428,1000000,2250000
2017-07-05 14:00:36.152000,1.13432,1.13429,1690000,3750000
2017-07-05 14:00:36.204000,1.13433,1.13431,1120000,1500000
2017-07-05 14:00:36.837000,1.13434,1.13431,1500000,1500000
2017-07-05 14:00:37.348000,1.13433,1.1343,1120000,3190000
2017-07-05 14:00:37.672000,1.13431,1.13429,1120000,1500000
2017-07-05 14:00:38.338000,1.13431,1.13428,2250000,1500000
2017-07-05 14:00:38.951000,1.13432,1.13428,3370000,6560000
2017-07-05 14:00:39.497000,1.13432,1.1343,1000000,1690000
2017-07-05 14:00:40.186000,1.13433,1.1343,1370000,4690000
2017-07-05 14:00:40.698000,1.13434,1.13431,1870000,2060000
2017-07-05 14:00:41.046000,1.13431,1.1343,1000000,2440000
2017-07-05 14:00:41.356000,1.13426,1.13424,1120000,2810000
2017-07-05 14:00:42.023000,1.13427,1.13424,1120000,2810000
2017-07-05 14:00:42.538000,1.13427,1.13424,2250000,1500000
2017-07-05 14:00:43.047000,1.13427,1.13423,2250000,3190000
2017-07-05 14:00:43.923000,1.13424,1.13422,1000000,3750000
2017-07-05 14:00:43.975000,1.13424,1.13421,2100000,2620000
2017-07-05 14:00:44.438000,1.13421,1.1342,1000000,3000000
2017-07-05 14:00:44.541000,1.1342,1.13417,2250000,2060000
2017-07-05 14:00:44.998000,1.13421,1.1342,2620000,1000000
2017-07-05 14:00:45.101000,1.13426,1.13423,1500000,1870000
2017-07-05 14:00:45.947000,1.13424,1.13423,1000000,2810000
2017-07-05 14:00:46.355000,1.13426,1.13423,1500000,3000000
2017-07-05 14:00:46.613000,1.13427,1.13425,1500000,7690000
2017-07-05 14:00:46.766000,1.13431,1.13428,3000000,2060000
2017-07-05 14:00:47.278000,1.13429,1.13428,1000000,2440000
2017-07-05 14:00:47.432000,1.13431,1.13428,1120000,4690000
2017-07-05 14:00:47.938000,1.13432,1.1343,3370000,1000000
2017-07-05 14:00:48.449000,1.13432,1.13429,3370000,2060000
2017-07-05 14:00:49.914000,1.13429,1.13427,1000000,3370000
2017-07-05 14:00:50.068000,1.13427,1.13425,2250000,1000000
2017-07-05 14:00:50.827000,1.13427,1.13424,2620000,1000000
2017-07-05 14:00:52.134000,1.13427,1.13425,1870000,1000000
2017-07-05 14:00:53.056000,1.13427,1.13425,1120000,1000000
2017-07-05 14:00:53.159000,1.13425,1.13423,1000000,4690000
2017-07-05 14:00:53.666000,1.13426,1.13423,1690000,1500000
2017-07-05 14:00:57.083000,1.13427,1.13424,3560000,1000000
2017-07-05 14:00:58.810000,1.13429,1.13428,1870000,1500000
2017-07-05 14:00:58.912000,1.13432,1.1343,1120000,1500000
2017-07-05 14:01:01.242000,1.13432,1.13429,1500000,1310000
2017-07-05 14:01:02.804000,1.13432,1.13428,3040000,3940000
2017-07-05 14:01:02.906000,1.13428,1.13427,1500000,1500000
2017-07-05 14:01:03.237000,1.13426,1.13422,5250000,2250000
2017-07-05 14:01:03.954000,1.13423,1.13421,5850000,3000000
2017-07-05 14:01:04.007000,1.13421,1.13419,1870000,2250000
2017-07-05 14:01:04.202000,1.13421,1.13417,3750000,2060000
2017-07-05 14:01:04.255000,1.13421,1.13418,3000000,1370000
2017-07-05 14:01:04.460000,1.13421,1.13417,3370000,2440000
2017-07-05 14:01:04.971000,1.13421,1.13418,2250000,1310000
2017-07-05 14:01:05.278000,1.13424,1.13423,1120000,1000000
2017-07-05 14:01:05.790000,1.13424,1.13423,1000000,1120000
2017-07-05 14:01:06.427000,1.13422,1.1342,1000000,1120000
2017-07-05 14:01:06.734000,1.13419,1.13418,1000000,1120000
2017-07-05 14:01:07.245000,1.1342,1.13418,1000000,1120000
2017-07-05 14:01:07.766000,1.1342,1.13417,1000000,1690000
2017-07-05 14:01:08.304000,1.13419,1.13417,1000000,1000000
2017-07-05 14:01:10.098000,1.13416,1.13415,1500000,1120000
2017-07-05 14:01:10.349000,1.13414,1.1341,3750000,2440000
2017-07-05 14:01:10.861000,1.13413,1.13409,2250000,2810000
2017-07-05 14:01:11.427000,1.13411,1.13409,1000000,2440000
2017-07-05 14:01:12.038000,1.13412,1.13409,1000000,2060000
2017-07-05 14:01:12.552000,1.13413,1.13409,2250000,2060000
2017-07-05 14:01:13.072000,1.13413,1.13409,2250000,2060000
2017-07-05 14:01:13.891000,1.13413,1.13409,1870000,3190000
2017-07-05 14:01:15.803000,1.13414,1.1341,1500000,3940000
2017-07-05 14:01:17.184000,1.13414,1.1341,3370000,2620000
2017-07-05 14:01:17.687000,1.13413,1.1341,1120000,1500000
2017-07-05 14:01:18.198000,1.13413,1.13411,1120000,1000000
2017-07-05 14:01:18.720000,1.13413,1.1341,1120000,1500000
2017-07-05 14:01:21.284000,1.13413,1.1341,1120000,1310000
2017-07-05 14:01:22.393000,1.13414,1.1341,1870000,3560000
2017-07-05 14:01:22.446000,1.13416,1.13414,5250000,3600000
2017-07-05 14:01:22.771000,1.1342,1.13418,1000000,3940000
2017-07-05 14:01:23.302000,1.1342,1.13418,1000000,1310000
2017-07-05 14:01:24.610000,1.1342,1.13418,1000000,1120000
2017-07-05 14:01:26.082000,1.13421,1.13418,2250000,1250000
2017-07-05 14:01:26.553000,1.13417,1.13416,1500000,1120000
2017-07-05 14:01:26.606000,1.13415,1.13413,1120000,2810000
2017-07-05 14:01:26.760000,1.13414,1.13412,1000000,2060000
2017-07-05 14:01:26.967000,1.13412,1.1341,1000000,1310000
2017-07-05 14:01:27.427000,1.1341,1.13409,1500000,1500000
2017-07-05 14:01:27.631000,1.13412,1.13409,1000000,2440000
2017-07-05 14:01:28.144000,1.13413,1.13411,1000000,1000000
2017-07-05 14:01:28.683000,1.13414,1.13411,1500000,1120000
2017-07-05 14:01:29.082000,1.13416,1.13413,2250000,1120000
2017-07-05 14:01:29.649000,1.13417,1.13414,4120000,1000000
2017-07-05 14:01:29.956000,1.13417,1.13416,2250000,1000000
2017-07-05 14:01:30.116000,1.1342,1.13417,2250000,1120000
2017-07-05 14:01:31.104000,1.13419,1.13417,1000000,1500000
2017-07-05 14:01:31.736000,1.13421,1.13417,2620000,2250000
2017-07-05 14:01:32.260000,1.13419,1.13415,1870000,5620000
2017-07-05 14:01:32.770000,1.13419,1.13415,2620000,3190000
2017-07-05 14:01:33.055000,1.13416,1.13415,1000000,1000000
2017-07-05 14:01:33.157000,1.13415,1.13412,1500000,2440000
2017-07-05 14:01:33.677000,1.13415,1.13411,3000000,1690000
2017-07-05 14:01:34.419000,1.13415,1.13411,3000000,2440000
2017-07-05 14:01:34.471000,1.13415,1.13413,2620000,1000000
2017-07-05 14:01:34.886000,1.13415,1.13411,2250000,2810000
2017-07-05 14:01:35.403000,1.13415,1.13413,1000000,1500000
2017-07-05 14:01:35.455000,1.13417,1.13413,2810000,2620000
2017-07-05 14:01:35.558000,1.13419,1.13415,2810000,1500000
2017-07-05 14:01:36.138000,1.13419,1.13415,7720000,1120000
2017-07-05 14:01:36.588000,1.13417,1.13413,2250000,3560000
2017-07-05 14:01:37.101000,1.13417,1.13414,2060000,1000000
2017-07-05 14:01:37.633000,1.13416,1.13413,1870000,1120000
2017-07-05 14:01:38.267000,1.13418,1.13416,1870000,1310000
2017-07-05 14:01:38.370000,1.1342,1.13416,2620000,3560000
2017-07-05 14:01:38.882000,1.1342,1.13416,2250000,3940000
2017-07-05 14:01:39.793000,1.13416,1.13415,1000000,2250000
2017-07-05 14:01:39.897000,1.13417,1.13414,1500000,4500000
2017-07-05 14:01:40.379000,1.13419,1.13416,1870000,2620000
2017-07-05 14:01:40.532000,1.1342,1.13416,2060000,4120000
2017-07-05 14:01:41.048000,1.1342,1.13418,1250000,1500000
2017-07-05 14:01:41.696000,1.13421,1.13418,2250000,1870000
2017-07-05 14:01:44.586000,1.13421,1.13418,3190000,1000000
2017-07-05 14:01:45.126000,1.13421,1.13419,1870000,1690000
2017-07-05 14:01:45.281000,1.13425,1.13422,1120000,2250000
2017-07-05 14:01:46.203000,1.13426,1.13422,2810000,4500000
2017-07-05 14:01:46.613000,1.13424,1.13421,2250000,1870000
2017-07-05 14:01:46.665000,1.13425,1.13422,1500000,1500000
2017-07-05 14:01:47.359000,1.13425,1.13423,1290000,1250000
2017-07-05 14:01:48.730000,1.13424,1.13422,1000000,1370000
2017-07-05 14:01:50.122000,1.13423,1.13422,1000000,1120000
2017-07-05 14:01:50.424000,1.13421,1.13419,1000000,2440000
2017-07-05 14:01:50.579000,1.1342,1.13418,1000000,1000000
2017-07-05 14:01:51.093000,1.13419,1.13417,1000000,1870000
2017-07-05 14:01:51.196000,1.13421,1.13417,4480000,1870000
2017-07-05 14:01:51.628000,1.13419,1.13417,2850000,1000000
2017-07-05 14:01:51.731000,1.13417,1.13415,1120000,3370000
2017-07-05 14:01:51.834000,1.13416,1.13413,3940000,1120000
2017-07-05 14:01:52.269000,1.13415,1.13413,1000000,5060000
2017-07-05 14:01:52.504000,1.13416,1.13413,1000000,5060000
2017-07-05 14:01:52.658000,1.13415,1.13413,1000000,3940000
2017-07-05 14:01:52.965000,1.13413,1.13411,1000000,1870000
2017-07-05 14:01:53.016000,1.13415,1.13411,5060000,1500000
2017-07-05 14:01:53.181000,1.13413,1.13411,1000000,1500000
2017-07-05 14:01:53.233000,1.13415,1.13411,3190000,1500000
2017-07-05 14:01:53.285000,1.13413,1.13411,1000000,2620000
2017-07-05 14:01:53.492000,1.13416,1.13414,1120000,1000000
2017-07-05 14:01:53.904000,1.13414,1.13412,1000000,1310000
2017-07-05 14:01:54.133000,1.13414,1.13411,3970000,1120000
2017-07-05 14:01:54.288000,1.13411,1.13409,1000000,4690000
2017-07-05 14:01:54.799000,1.13411,1.13409,1000000,2620000
2017-07-05 14:01:55.600000,1.13412,1.13409,5810000,1870000
2017-07-05 14:01:55.958000,1.13409,1.13407,1000000,8060000
2017-07-05 14:01:56.163000,1.13407,1.13405,1000000,3190000
2017-07-05 14:01:56.675000,1.13408,1.13405,1870000,1250000
2017-07-05 14:01:57.488000,1.13406,1.13404,1000000,1500000
2017-07-05 14:01:57.540000,1.13405,1.13403,1000000,1870000
2017-07-05 14:01:58.156000,1.13405,1.13403,1000000,1690000
2017-07-05 14:01:58.652000,1.13406,1.13403,1690000,1690000
2017-07-05 14:01:59.777000,1.13405,1.13403,1500000,1370000
2017-07-05 14:01:59.880000,1.13404,1.13402,1000000,1000000
2017-07-05 14:02:00.101000,1.13406,1.13403,5250000,1370000
2017-07-05 14:02:00.461000,1.13407,1.13404,1120000,2250000
2017-07-05 14:02:01.189000,1.13407,1.13404,2810000,1000000
2017-07-05 14:02:02.037000,1.13407,1.13405,1250000,1000000
2017-07-05 14:02:02.550000,1.13408,1.13405,1120000,3000000
2017-07-05 14:02:02.652000,1.1341,1.13408,3000000,1000000
2017-07-05 14:02:02.705000,1.13411,1.13407,3190000,6190000
2017-07-05 14:02:02.909000,1.13409,1.13407,4160000,1500000
2017-07-05 14:02:02.961000,1.13407,1.13405,1120000,1120000
2017-07-05 14:02:03.401000,1.13406,1.13403,1000000,4120000
2017-07-05 14:02:03.912000,1.13405,1.13403,1000000,1870000
2017-07-05 14:02:04.224000,1.13402,1.134,4220000,6190000
2017-07-05 14:02:04.378000,1.13401,1.13398,2250000,1560000
2017-07-05 14:02:04.429000,1.134,1.13397,1870000,3560000
2017-07-05 14:02:04.940000,1.134,1.13397,1000000,4500000
2017-07-05 14:02:05.619000,1.134,1.13397,1000000,3560000
2017-07-05 14:02:05.773000,1.13402,1.13401,1000000,2440000
2017-07-05 14:02:05.825000,1.13403,1.13401,1120000,4690000
2017-07-05 14:02:06.082000,1.13402,1.134,1000000,3000000
2017-07-05 14:02:06.134000,1.13401,1.13399,1000000,1000000
2017-07-05 14:02:06.985000,1.13395,1.13394,2250000,17059999
2017-07-05 14:02:07.087000,1.13391,1.13388,1000000,2250000
2017-07-05 14:02:07.629000,1.13388,1.13387,1500000,1310000
2017-07-05 14:02:07.734000,1.13387,1.13384,1870000,1120000
2017-07-05 14:02:08.168000,1.1339,1.13388,1250000,4690000
2017-07-05 14:02:08.426000,1.13391,1.13388,1120000,7690000
2017-07-05 14:02:08.978000,1.13392,1.13389,2250000,2810000
2017-07-05 14:02:09.938000,1.13392,1.13389,1500000,3190000
2017-07-05 14:02:10.441000,1.1339,1.13389,1000000,2440000
2017-07-05 14:02:10.966000,1.13391,1.13389,1120000,16870001
2017-07-05 14:02:11.714000,1.1339,1.13388,3370000,1500000
2017-07-05 14:02:11.766000,1.13386,1.13384,1000000,1690000
2017-07-05 14:02:12.354000,1.13383,1.13382,1000000,1000000
2017-07-05 14:02:12.662000,1.1338,1.13378,1000000,2060000
2017-07-05 14:02:12.868000,1.13381,1.13378,3370000,2060000
2017-07-05 14:02:13.073000,1.13379,1.13377,1000000,5060000
2017-07-05 14:02:13.388000,1.13377,1.13376,1000000,2620000
2017-07-05 14:02:14.142000,1.13378,1.13376,1000000,3370000
2017-07-05 14:02:14.667000,1.13377,1.13376,1000000,1500000
2017-07-05 14:02:15.129000,1.13372,1.13371,1250000,16309999
2017-07-05 14:02:15.545000,1.13371,1.13369,2060000,3450000
2017-07-05 14:02:15.804000,1.13367,1.13365,1000000,3040000
2017-07-05 14:02:16.287000,1.13364,1.13362,1000000,5140000
2017-07-05 14:02:16.391000,1.13366,1.13365,25870001,1250000
2017-07-05 14:02:16.701000,1.13368,1.13367,3560000,1000000
2017-07-05 14:02:16.805000,1.1337,1.13369,1120000,1100000
2017-07-05 14:02:17.013000,1.13372,1.1337,1310000,1120000
2017-07-05 14:02:17.130000,1.13369,1.13367,1120000,2620000
2017-07-05 14:02:17.183000,1.13368,1.13366,1250000,1120000
2017-07-05 14:02:17.235000,1.13366,1.13364,1000000,6560000
2017-07-05 14:02:17.389000,1.13367,1.13366,1000000,1000000
2017-07-05 14:02:17.968000,1.13368,1.13366,1500000,1150000
2017-07-05 14:02:18.123000,1.1337,1.13368,8620000,3750000
2017-07-05 14:02:18.456000,1.13372,1.1337,1000000,2440000
2017-07-05 14:02:19.138000,1.13373,1.1337,1310000,3670000
2017-07-05 14:02:19.682000,1.13372,1.1337,1000000,1870000
2017-07-05 14:02:20.198000,1.13374,1.1337,6040000,2250000
2017-07-05 14:02:20.562000,1.13376,1.13373,3750000,1500000
2017-07-05 14:02:20.616000,1.13376,1.13375,1000000,1120000
2017-07-05 14:02:21.130000,1.13377,1.13375,2060000,1000000
2017-07-05 14:02:21.808000,1.13377,1.13375,1690000,1370000
2017-07-05 14:02:22.336000,1.13376,1.13373,2810000,1370000
2017-07-05 14:02:22.387000,1.13376,1.13373,2810000,1000000
2017-07-05 14:02:22.543000,1.13375,1.13371,5440000,4240000
2017-07-05 14:02:23.074000,1.13374,1.13371,2660000,1000000
2017-07-05 14:02:23.383000,1.13376,1.13374,2060000,1500000
2017-07-05 14:02:23.692000,1.13378,1.13375,1310000,3070000
2017-07-05 14:02:24.054000,1.13376,1.13375,1690000,1570000
2017-07-05 14:02:24.364000,1.13374,1.13373,1250000,1500000
2017-07-05 14:02:24.417000,1.13373,1.13371,1000000,1240000
2017-07-05 14:02:25.083000,1.13372,1.1337,1250000,1610000
2017-07-05 14:02:25.291000,1.1337,1.13369,1000000,1120000
2017-07-05 14:02:25.792000,1.13372,1.13369,2810000,1120000
2017-07-05 14:02:26.773000,1.13369,1.13367,1000000,1990000
2017-07-05 14:02:27.050000,1.13369,1.13366,1000000,2470000
2017-07-05 14:02:27.615000,1.1337,1.13369,1120000,1250000
2017-07-05 14:02:28.132000,1.1337,1.13368,1250000,1000000
2017-07-05 14:02:28.648000,1.1337,1.13367,5810000,1120000
2017-07-05 14:02:29.172000,1.1337,1.13369,1310000,1000000
2017-07-05 14:02:29.687000,1.13372,1.13369,1310000,2250000
2017-07-05 14:02:30.045000,1.1337,1.13368,1000000,3560000
2017-07-05 14:02:32.605000,1.13371,1.13368,3370000,2060000
2017-07-05 14:02:32.937000,1.13367,1.13365,1000000,2060000
2017-07-05 14:02:33.450000,1.13367,1.13365,1000000,2060000
2017-07-05 14:02:34.610000,1.13367,1.13365,1120000,2060000
2017-07-05 14:02:35.374000,1.13366,1.13365,1000000,1690000
2017-07-05 14:02:35.893000,1.13367,1.13366,1120000,1150000
2017-07-05 14:02:36.462000,1.13367,1.13365,1120000,2060000
2017-07-05 14:02:38.537000,1.13368,1.13366,1370000,1000000
2017-07-05 14:02:39.256000,1.13367,1.13365,1120000,3560000
2017-07-05 14:02:39.822000,1.13368,1.13365,2620000,2440000
2017-07-05 14:02:40.334000,1.13368,1.13367,1000000,1000000
2017-07-05 14:02:41.909000,1.13368,1.13366,1500000,1870000
2017-07-05 14:02:43.402000,1.13368,1.13365,1870000,2810000
2017-07-05 14:02:43.967000,1.13366,1.13365,1000000,1000000
2017-07-05 14:02:44.582000,1.13368,1.13366,1760000,1000000
2017-07-05 14:02:46.770000,1.13368,1.13367,2890000,1000000
2017-07-05 14:02:48.091000,1.13369,1.13367,1310000,1120000
2017-07-05 14:02:49.130000,1.13369,1.13367,3490000,1120000
2017-07-05 14:02:50.001000,1.13369,1.13367,1390000,1120000
2017-07-05 14:02:54.163000,1.13369,1.13366,2360000,3190000
2017-07-05 14:02:54.223000,1.13368,1.13365,1500000,1000000
2017-07-05 14:02:54.535000,1.13369,1.13365,4910000,5440000
2017-07-05 14:02:55.037000,1.13368,1.13366,1870000,1120000
2017-07-05 14:02:55.547000,1.13366,1.13365,1500000,1000000
2017-07-05 14:02:56.059000,1.13367,1.13365,1690000,1690000
2017-07-05 14:02:56.575000,1.13368,1.13365,31850000,1690000
2017-07-05 14:02:56.882000,1.13368,1.13365,1870000,2620000
2017-07-05 14:02:57.418000,1.13368,1.13365,1870000,2620000
2017-07-05 14:02:57.828000,1.13369,1.13365,2810000,6750000
2017-07-05 14:02:58.137000,1.13369,1.13368,1000000,1000000
2017-07-05 14:02:58.670000,1.1337,1.13367,3040000,1870000
2017-07-05 14:02:59.294000,1.13368,1.13366,1120000,3370000
2017-07-05 14:02:59.703000,1.13367,1.13365,1500000,3000000
2017-07-05 14:03:00.208000,1.13369,1.13366,1690000,1120000
2017-07-05 14:03:00.737000,1.1337,1.13366,2810000,3370000
2017-07-05 14:03:01.247000,1.1337,1.13367,2250000,1500000
2017-07-05 14:03:01.350000,1.13372,1.1337,2250000,1500000
2017-07-05 14:03:01.831000,1.13373,1.1337,2060000,2810000
2017-07-05 14:03:02.344000,1.13373,1.1337,2060000,2060000
2017-07-05 14:03:02.876000,1.13373,1.1337,2440000,1500000
2017-07-05 14:03:03.635000,1.13372,1.1337,1000000,1610000
2017-07-05 14:03:03.689000,1.1337,1.13369,1250000,1870000
2017-07-05 14:03:03.946000,1.13369,1.13366,2470000,1120000
2017-07-05 14:03:04.100000,1.1337,1.13368,4540000,1000000
2017-07-05 14:03:04.646000,1.13369,1.13366,2100000,2620000
2017-07-05 14:03:05.159000,1.13369,1.13365,1120000,3750000
2017-07-05 14:03:05.517000,1.13369,1.13367,1120000,1000000
2017-07-05 14:03:05.774000,1.13372,1.1337,1250000,1000000
2017-07-05 14:03:06.185000,1.13371,1.13368,1250000,2250000
2017-07-05 14:03:06.595000,1.13372,1.1337,4160000,1250000
2017-07-05 14:03:08.049000,1.13373,1.13369,2810000,5440000
2017-07-05 14:03:08.560000,1.13373,1.13369,4910000,5250000
2017-07-05 14:03:08.892000,1.13368,1.13366,1000000,1120000
2017-07-05 14:03:09.506000,1.13368,1.13365,1310000,2620000
2017-07-05 14:03:10.054000,1.13367,1.13365,1000000,1500000
2017-07-05 14:03:10.577000,1.13368,1.13365,2250000,1500000
2017-07-05 14:03:12.192000,1.13368,1.13365,2440000,1000000
2017-07-05 14:03:12.501000,1.13363,1.13361,1690000,1870000
2017-07-05 14:03:12.711000,1.13365,1.13363,2250000,1000000
2017-07-05 14:03:12.869000,1.13366,1.13364,3000000,1000000
2017-07-05 14:03:12.921000,1.13367,1.13365,1120000,1000000
2017-07-05 14:03:13.436000,1.13368,1.13366,1500000,1000000
2017-07-05 14:03:14.045000,1.13368,1.13366,1250000,1000000
2017-07-05 14:03:14.406000,1.13368,1.13365,1250000,1120000
2017-07-05 14:03:14.928000,1.13369,1.13366,1310000,1000000
2017-07-05 14:03:21.100000,1.13367,1.13365,1000000,3000000
2017-07-05 14:03:21.670000,1.13367,1.13365,1000000,3000000
2017-07-05 14:03:22.027000,1.13365,1.13364,1000000,1000000
2017-07-05 14:03:22.229000,1.13366,1.13364,1000000,3000000
2017-07-05 14:03:23.364000,1.13364,1.13362,1120000,3370000
2017-07-05 14:03:23.779000,1.13365,1.13363,2440000,1500000
2017-07-05 14:03:23.935000,1.13364,1.13362,1000000,1000000
2017-07-05 14:03:24.485000,1.13362,1.1336,1000000,2250000
2017-07-05 14:03:24.640000,1.13364,1.13361,2440000,2250000
2017-07-05 14:03:24.744000,1.13366,1.13363,6190000,1120000
2017-07-05 14:03:25.060000,1.13378,1.13375,3790000,1000000
2017-07-05 14:03:25.371000,1.13382,1.1338,1310000,1120000
2017-07-05 14:03:25.887000,1.13382,1.13381,1250000,1000000
2017-07-05 14:03:26.627000,1.13383,1.13381,1690000,1000000
2017-07-05 14:03:26.884000,1.13385,1.13384,1120000,1000000
2017-07-05 14:03:26.987000,1.13387,1.13383,1310000,5250000
2017-07-05 14:03:27.038000,1.13387,1.13385,1310000,1000000
2017-07-05 14:03:27.770000,1.13385,1.13383,2810000,1500000
2017-07-05 14:03:27.873000,1.13384,1.13382,2810000,1120000
2017-07-05 14:03:28.384000,1.13384,1.13382,3040000,1000000
2017-07-05 14:03:28.436000,1.13382,1.1338,1250000,1870000
2017-07-05 14:03:28.795000,1.13381,1.13379,1560000,1120000
2017-07-05 14:03:29.309000,1.1338,1.13378,1000000,1690000
2017-07-05 14:03:30.957000,1.1338,1.13378,3040000,1000000
2017-07-05 14:03:31.009000,1.13378,1.13375,1120000,3750000
2017-07-05 14:03:31.308000,1.13379,1.13377,1000000,1120000
2017-07-05 14:03:31.615000,1.13374,1.13372,1000000,2440000
2017-07-05 14:03:32.135000,1.13373,1.13371,1000000,3940000
2017-07-05 14:03:32.710000,1.13373,1.13371,1000000,4310000
2017-07-05 14:03:33.328000,1.13373,1.13371,1000000,2060000
2017-07-05 14:03:33.909000,1.13373,1.13371,1000000,3560000
2017-07-05 14:03:34.450000,1.13373,1.13371,1000000,2060000
2017-07-05 14:03:34.997000,1.13371,1.1337,1000000,1500000
2017-07-05 14:03:35.101000,1.13368,1.13367,1000000,1500000
2017-07-05 14:03:35.358000,1.13366,1.13365,1000000,1310000
2017-07-05 14:03:35.881000,1.13367,1.13364,2440000,1000000
2017-07-05 14:03:35.984000,1.13364,1.13362,1500000,1500000
2017-07-05 14:03:36.345000,1.13365,1.13363,1000000,1870000
2017-07-05 14:03:36.527000,1.13366,1.13364,1250000,1870000
2017-07-05 14:03:36.733000,1.13367,1.13366,1000000,1000000
2017-07-05 14:03:37.040000,1.13373,1.1337,2060000,2250000
2017-07-05 14:03:37.143000,1.13375,1.13372,3560000,2250000
2017-07-05 14:03:37.494000,1.13372,1.13371,2620000,1120000
2017-07-05 14:03:37.545000,1.13371,1.13369,13310000,2250000
2017-07-05 14:03:38.261000,1.13371,1.1337,15560000,1000000
2017-07-05 14:03:38.401000,1.13369,1.13368,1250000,1000000
2017-07-05 14:03:38.919000,1.1337,1.13368,1310000,1000000
2017-07-05 14:03:39.328000,1.13369,1.13366,1250000,5440000
2017-07-05 14:03:39.565000,1.13368,1.13364,2440000,5810000
2017-07-05 14:03:39.772000,1.13368,1.13367,1690000,1000000
2017-07-05 14:03:40.288000,1.13369,1.13366,2440000,1120000
2017-07-05 14:03:40.629000,1.13366,1.13363,3190000,4310000
2017-07-05 14:03:40.938000,1.13364,1.13361,2060000,2440000
2017-07-05 14:03:41.487000,1.13363,1.13361,1000000,1690000
2017-07-05 14:03:42.255000,1.13362,1.1336,1000000,2250000
2017-07-05 14:03:42.358000,1.13364,1.13361,3940000,1000000
2017-07-05 14:03:43.190000,1.13364,1.13363,1000000,1500000
2017-07-05 14:03:43.241000,1.13366,1.13363,1250000,3000000
2017-07-05 14:03:43.761000,1.13366,1.13362,4500000,2620000
2017-07-05 14:03:43.916000,1.13364,1.13361,1310000,1500000
2017-07-05 14:03:44.481000,1.13363,1.13361,1000000,1000000
2017-07-05 14:03:44.999000,1.13364,1.1336,2810000,3940000
2017-07-05 14:03:45.787000,1.13364,1.1336,3190000,3190000
2017-07-05 14:03:45.992000,1.1336,1.13359,1000000,2250000
2017-07-05 14:03:46.096000,1.13355,1.13353,1310000,1000000
2017-07-05 14:03:46.542000,1.13353,1.13351,1000000,3000000
2017-07-05 14:03:47.053000,1.13353,1.1335,1690000,2290000
2017-07-05 14:03:47.311000,1.13354,1.13351,3560000,1120000
2017-07-05 14:03:47.607000,1.13351,1.1335,1000000,1000000
2017-07-05 14:03:47.659000,1.13351,1.13349,3000000,1120000
2017-07-05 14:03:47.761000,1.1335,1.13346,1780000,3190000
2017-07-05 14:03:47.813000,1.13347,1.13345,1000000,1950000
2017-07-05 14:03:48.071000,1.13348,1.13345,1500000,1200000
2017-07-05 14:03:48.174000,1.13347,1.13344,1690000,1390000
2017-07-05 14:03:48.512000,1.13342,1.1334,1500000,1120000
2017-07-05 14:03:48.666000,1.13341,1.13339,1000000,4310000
2017-07-05 14:03:49.176000,1.13341,1.13339,1120000,3560000
2017-07-05 14:03:49.712000,1.13341,1.13339,1000000,1870000
2017-07-05 14:03:49.968000,1.13344,1.13343,2440000,1000000
2017-07-05 14:03:50.122000,1.13343,1.13341,1250000,1250000
2017-07-05 14:03:50.323000,1.13345,1.13343,2440000,1570000
2017-07-05 14:03:50.738000,1.13347,1.13345,1870000,1500000
2017-07-05 14:03:51.223000,1.13348,1.13346,1500000,1500000
2017-07-05 14:03:51.275000,1.13346,1.13345,1000000,1870000
2017-07-05 14:03:51.944000,1.13348,1.13344,2440000,1750000
2017-07-05 14:03:52.255000,1.13346,1.13342,2810000,1870000
2017-07-05 14:03:52.409000,1.13343,1.13342,1000000,1500000
2017-07-05 14:03:52.843000,1.13342,1.1334,1000000,2440000
2017-07-05 14:03:53.355000,1.13341,1.13339,1000000,2060000
2017-07-05 14:03:53.730000,1.1334,1.13338,1000000,2620000
2017-07-05 14:03:53.884000,1.13341,1.13338,1250000,3750000
2017-07-05 14:03:54.547000,1.13343,1.1334,3560000,1370000
2017-07-05 14:03:54.650000,1.13343,1.13341,1250000,1120000
2017-07-05 14:03:55.193000,1.13343,1.13341,1310000,1500000
2017-07-05 14:03:55.296000,1.13345,1.13343,4310000,1000000
2017-07-05 14:03:55.348000,1.13346,1.13344,1120000,2250000
2017-07-05 14:03:55.452000,1.13348,1.13346,1190000,1000000
2017-07-05 14:03:55.504000,1.1335,1.13348,2810000,1000000
2017-07-05 14:03:55.948000,1.13348,1.13347,1000000,1500000
2017-07-05 14:03:56.053000,1.13348,1.13345,4310000,1500000
2017-07-05 14:03:56.570000,1.13348,1.13346,2440000,1120000
2017-07-05 14:03:57.083000,1.13348,1.13346,1310000,1000000
2017-07-05 14:03:57.443000,1.13349,1.13347,1000000,1870000
2017-07-05 14:03:57.630000,1.13351,1.13348,1310000,2620000
2017-07-05 14:03:57.733000,1.13345,1.13342,1310000,2620000
2017-07-05 14:03:57.840000,1.13343,1.13342,2060000,1000000
2017-07-05 14:03:58.149000,1.13342,1.13339,2440000,2810000
2017-07-05 14:03:58.486000,1.13337,1.13334,1120000,2440000
2017-07-05 14:03:58.588000,1.13339,1.13337,1500000,1500000
2017-07-05 14:03:58.692000,1.13336,1.13335,1250000,1120000
2017-07-05 14:03:58.745000,1.13335,1.13334,1120000,1000000
2017-07-05 14:03:58.899000,1.13332,1.13329,1310000,2250000
2017-07-05 14:03:59.234000,1.13333,1.13332,1000000,1000000
2017-07-05 14:03:59.797000,1.13333,1.13331,1000000,4120000
2017-07-05 14:04:00.021000,1.13334,1.13332,1000000,2620000
2017-07-05 14:04:00.535000,1.13334,1.13332,1190000,1000000
2017-07-05 14:04:00.763000,1.13335,1.13332,2060000,1120000
2017-07-05 14:04:01.020000,1.13334,1.13332,1190000,1000000
2017-07-05 14:04:01.278000,1.13336,1.13333,2810000,1500000
2017-07-05 14:04:01.811000,1.13336,1.13333,3190000,1000000
2017-07-05 14:04:02.324000,1.13334,1.13332,1190000,1000000
2017-07-05 14:04:02.593000,1.13332,1.1333,6410000,1500000
2017-07-05 14:04:03.106000,1.1333,1.13329,1000000,1120000
2017-07-05 14:04:03.651000,1.13333,1.13331,1690000,1120000
2017-07-05 14:04:04.012000,1.13331,1.1333,1000000,1120000
2017-07-05 14:04:04.475000,1.13334,1.13331,2440000,2620000
2017-07-05 14:04:04.667000,1.13334,1.13331,1310000,3750000
2017-07-05 14:04:05.182000,1.13333,1.13332,1000000,1120000
2017-07-05 14:04:05.387000,1.1333,1.13328,1250000,2250000
2017-07-05 14:04:05.916000,1.1333,1.13328,2810000,1870000
2017-07-05 14:04:06.174000,1.13328,1.13325,2440000,1000000
2017-07-05 14:04:06.880000,1.13325,1.13322,4160000,1000000
2017-07-05 14:04:07.187000,1.13322,1.13321,1000000,1100000
2017-07-05 14:04:07.646000,1.1332,1.13318,2500000,3370000
2017-07-05 14:04:07.816000,1.13314,1.13312,1250000,5250000
2017-07-05 14:04:08.328000,1.13315,1.13312,1190000,3750000
2017-07-05 14:04:08.637000,1.13317,1.13315,1620000,1500000
2017-07-05 14:04:09.146000,1.13317,1.13313,2810000,3370000
2017-07-05 14:04:09.561000,1.13317,1.13316,1000000,1000000
2017-07-05 14:04:10.023000,1.1332,1.13318,2810000,1000000
2017-07-05 14:04:10.127000,1.13322,1.13321,1120000,1000000
2017-07-05 14:04:10.621000,1.13321,1.13318,3830000,2620000
2017-07-05 14:04:10.827000,1.13319,1.13317,1690000,1120000
2017-07-05 14:04:11.033000,1.13322,1.13321,1690000,1000000
2017-07-05 14:04:11.736000,1.13323,1.13321,1250000,2060000
2017-07-05 14:04:12.066000,1.13317,1.13303,2440000,3750000
2017-07-05 14:04:12.171000,1.13304,1.13302,2060000,1500000
2017-07-05 14:04:12.275000,1.13301,1.133,1690000,2620000
2017-07-05 14:04:12.723000,1.133,1.13298,1000000,2250000
2017-07-05 14:04:12.826000,1.13302,1.133,1370000,1000000
2017-07-05 14:04:13.137000,1.13304,1.13302,2060000,1000000
2017-07-05 14:04:13.192000,1.13306,1.13303,1690000,1120000
2017-07-05 14:04:13.505000,1.13306,1.13305,1250000,1000000
2017-07-05 14:04:13.620000,1.13308,1.13306,1310000,1000000
2017-07-05 14:04:13.673000,1.13311,1.13309,2810000,1000000
2017-07-05 14:04:13.724000,1.13312,1.1331,3000000,1000000
2017-07-05 14:04:14.341000,1.13313,1.13311,1250000,1000000
2017-07-05 14:04:14.565000,1.13314,1.1331,1870000,6750000
2017-07-05 14:04:14.618000,1.13314,1.13313,2060000,1000000
2017-07-05 14:04:15.136000,1.13313,1.13312,1310000,1000000
2017-07-05 14:04:15.639000,1.13312,1.13309,1000000,1870000
2017-07-05 14:04:15.947000,1.13311,1.13309,1000000,1870000
2017-07-05 14:04:16.298000,1.13291,1.13289,1690000,7120000
2017-07-05 14:04:16.352000,1.13295,1.13294,6560000,1000000
2017-07-05 14:04:16.458000,1.13299,1.13297,2060000,1000000
2017-07-05 14:04:16.890000,1.13304,1.13301,2440000,1330000
2017-07-05 14:04:17.304000,1.13305,1.13304,1000000,1500000
2017-07-05 14:04:17.611000,1.1331,1.13308,1000000,1870000
2017-07-05 14:04:18.145000,1.13309,1.13308,1000000,1000000
2017-07-05 14:04:18.662000,1.1331,1.13308,1000000,1500000
2017-07-05 14:04:19.171000,1.1331,1.13308,1000000,2620000
2017-07-05 14:04:19.324000,1.13312,1.13309,2060000,1370000
2017-07-05 14:04:19.427000,1.13311,1.13309,1000000,1870000
2017-07-05 14:04:19.478000,1.13312,1.13309,1310000,5250000
2017-07-05 14:04:19.581000,1.13314,1.1331,4840000,2250000
2017-07-05 14:04:19.907000,1.13311,1.13309,1000000,2620000
2017-07-05 14:04:20.315000,1.13313,1.13311,1690000,1000000
2017-07-05 14:04:20.990000,1.13312,1.13311,1000000,1000000
2017-07-05 14:04:21.311000,1.13316,1.13314,3260000,1000000
2017-07-05 14:04:21.731000,1.13315,1.13312,2810000,1000000
2017-07-05 14:04:21.783000,1.13315,1.13314,1250000,2250000
2017-07-05 14:04:22.040000,1.13317,1.13315,1310000,1120000
2017-07-05 14:04:22.245000,1.13318,1.13317,1310000,1000000
2017-07-05 14:04:22.775000,1.13319,1.13316,3190000,1120000
2017-07-05 14:04:22.829000,1.13319,1.13317,1690000,1000000
2017-07-05 14:04:22.932000,1.13322,1.1332,1500000,1000000
2017-07-05 14:04:22.984000,1.13324,1.13322,2440000,1000000
2017-07-05 14:04:23.189000,1.13325,1.13324,1250000,1000000
2017-07-05 14:04:23.962000,1.13327,1.13324,7310000,1500000
2017-07-05 14:04:24.426000,1.13328,1.13325,2060000,2060000
2017-07-05 14:04:24.831000,1.13329,1.13327,1250000,1000000
2017-07-05 14:04:25.141000,1.13327,1.13325,3190000,9370000
2017-07-05 14:04:25.475000,1.13325,1.13324,1690000,1000000
2017-07-05 14:04:25.782000,1.13323,1.13321,2810000,1000000
2017-07-05 14:04:25.987000,1.13323,1.1332,2440000,3000000
2017-07-05 14:04:26.090000,1.13323,1.13322,1310000,1000000
2017-07-05 14:04:26.142000,1.13321,1.1332,1250000,1120000
2017-07-05 14:04:26.648000,1.13321,1.13319,1310000,1000000
2017-07-05 14:04:27.160000,1.13323,1.13319,2810000,4500000
2017-07-05 14:04:27.688000,1.13323,1.13321,6750000,1000000
2017-07-05 14:04:28.200000,1.13322,1.13321,1250000,1500000
2017-07-05 14:04:28.568000,1.13321,1.13318,1690000,1870000
2017-07-05 14:04:29.290000,1.13322,1.13319,1310000,1500000
2017-07-05 14:04:29.683000,1.13324,1.13321,3190000,1000000
2017-07-05 14:04:30.198000,1.13325,1.13321,2810000,2620000
2017-07-05 14:04:30.505000,1.13325,1.13323,2810000,1000000
2017-07-05 14:04:31.030000,1.13325,1.13322,2060000,1500000
2017-07-05 14:04:31.338000,1.13326,1.13324,1310000,1000000
2017-07-05 14:04:31.545000,1.13326,1.13323,1310000,2620000
2017-07-05 14:04:31.749000,1.13326,1.13325,1310000,1000000
2017-07-05 14:04:32.042000,1.13329,1.13326,2040000,1870000
2017-07-05 14:04:32.197000,1.13329,1.13327,2060000,1000000
2017-07-05 14:04:32.352000,1.13329,1.13326,2060000,1120000
2017-07-05 14:04:33.027000,1.13328,1.13325,1690000,1870000
2017-07-05 14:04:33.129000,1.13324,1.13322,2060000,1500000
2017-07-05 14:04:33.283000,1.13322,1.1332,1250000,1000000
2017-07-05 14:04:34.148000,1.13323,1.1332,1690000,3370000
2017-07-05 14:04:34.252000,1.13321,1.1332,1000000,1000000
2017-07-05 14:04:34.766000,1.13319,1.13316,1190000,4120000
2017-07-05 14:04:34.989000,1.13312,1.1331,1500000,12640000
2017-07-05 14:04:35.499000,1.13311,1.13309,2060000,1000000
2017-07-05 14:04:36.434000,1.13312,1.13309,2440000,1120000
2017-07-05 14:04:36.938000,1.13312,1.1331,1690000,1000000
2017-07-05 14:04:38.116000,1.13312,1.1331,2440000,1000000
2017-07-05 14:04:39.080000,1.13312,1.1331,1310000,1000000
2017-07-05 14:04:39.600000,1.13313,1.13311,1310000,1000000
2017-07-05 14:04:40.119000,1.13312,1.1331,1250000,1000000
2017-07-05 14:04:40.720000,1.13313,1.13311,1000000,1000000
2017-07-05 14:04:40.875000,1.13315,1.13313,2810000,1000000
2017-07-05 14:04:41.420000,1.13315,1.13313,1250000,1120000
2017-07-05 14:04:41.834000,1.13317,1.13314,2440000,1120000
2017-07-05 14:04:42.196000,1.13308,1.13306,1000000,1390000
2017-07-05 14:04:42.499000,1.13303,1.13301,1500000,2210000
2017-07-05 14:04:43.012000,1.13303,1.13301,1120000,1000000
2017-07-05 14:04:43.526000,1.13304,1.13301,1310000,1120000
2017-07-05 14:04:43.837000,1.13298,1.13295,2060000,1870000
2017-07-05 14:04:44.094000,1.13296,1.13292,5810000,7500000
2017-07-05 14:04:44.264000,1.13295,1.13293,5960000,1000000
2017-07-05 14:04:44.317000,1.13296,1.13293,7310000,1000000
2017-07-05 14:04:44.420000,1.13296,1.13294,3190000,2240000
2017-07-05 14:04:44.575000,1.133,1.13297,3940000,1120000
2017-07-05 14:04:45.168000,1.13301,1.133,1000000,1000000
2017-07-05 14:04:45.220000,1.13305,1.13303,2060000,1500000
2017-07-05 14:04:45.958000,1.13306,1.13304,2440000,1000000
2017-07-05 14:04:46.472000,1.13304,1.133,1310000,10120000
2017-07-05 14:04:47.046000,1.13303,1.133,1310000,2620000
2017-07-05 14:04:47.558000,1.13304,1.13302,1000000,4870000
2017-07-05 14:04:48.074000,1.13305,1.13304,2060000,1120000
2017-07-05 14:04:48.281000,1.13307,1.13306,4390000,1000000
2017-07-05 14:04:48.333000,1.13308,1.13306,1500000,2660000
2017-07-05 14:04:48.386000,1.13309,1.13307,1000000,1370000
2017-07-05 14:04:48.896000,1.13309,1.13308,1000000,1500000
2017-07-05 14:04:49.894000,1.13305,1.13304,1000000,1120000
2017-07-05 14:04:50.407000,1.13306,1.13305,1500000,1120000
2017-07-05 14:04:50.758000,1.13305,1.13304,1000000,1500000
2017-07-05 14:04:51.018000,1.13301,1.133,1120000,1120000
2017-07-05 14:04:51.070000,1.133,1.13299,1000000,1500000
2017-07-05 14:04:51.786000,1.133,1.13299,1000000,1500000
2017-07-05 14:04:52.094000,1.13302,1.13301,1000000,1000000
2017-07-05 14:04:52.518000,1.13304,1.13303,1000000,1000000
2017-07-05 14:04:53.086000,1.13305,1.13303,1120000,1870000
2017-07-05 14:04:53.435000,1.13306,1.13305,1500000,1120000
2017-07-05 14:04:53.947000,1.13306,1.13304,1870000,2250000
2017-07-05 14:04:54.458000,1.13308,1.13305,3000000,2440000
2017-07-05 14:04:54.765000,1.13312,1.1331,4870000,1000000
2017-07-05 14:04:55.269000,1.13312,1.13311,1000000,1120000
2017-07-05 14:04:55.781000,1.13313,1.13311,1870000,1120000
2017-07-05 14:04:56.296000,1.13313,1.13311,2250000,1120000
2017-07-05 14:04:57.681000,1.1331,1.13309,1000000,1120000
2017-07-05 14:04:58.389000,1.13311,1.13309,1500000,1500000
2017-07-05 14:04:58.893000,1.1331,1.13309,1500000,1870000
2017-07-05 14:04:59.252000,1.13307,1.13306,1000000,8810000
2017-07-05 14:04:59.355000,1.13309,1.13307,1120000,7120000
2017-07-05 14:04:59.509000,1.1331,1.13308,1120000,1120000
2017-07-05 14:05:00.035000,1.1331,1.13309,1000000,1120000
2017-07-05 14:05:00.496000,1.13308,1.13306,2250000,1500000
2017-07-05 14:05:00.916000,1.13309,1.13307,1000000,2060000
2017-07-05 14:05:01.511000,1.13309,1.13308,1000000,1870000
2017-07-05 14:05:02.537000,1.1331,1.13308,1120000,1870000
2017-07-05 14:05:03.049000,1.13311,1.1331,1000000,1500000
2017-07-05 14:05:03.558000,1.13305,1.13303,2620000,2060000
2017-07-05 14:05:03.611000,1.13306,1.13304,1500000,1310000
2017-07-05 14:05:03.816000,1.13309,1.13305,6370000,2060000
2017-07-05 14:05:03.868000,1.13309,1.13306,3000000,2810000
2017-07-05 14:05:04.187000,1.1331,1.13308,2250000,1120000
2017-07-05 14:05:04.499000,1.133,1.13298,1000000,1570000
2017-07-05 14:05:04.551000,1.13297,1.13295,1000000,4690000
2017-07-05 14:05:04.654000,1.13291,1.13288,1120000,3190000
2017-07-05 14:05:04.772000,1.13289,1.13288,1120000,1250000
2017-07-05 14:05:05.294000,1.1329,1.13288,1120000,1690000
2017-07-05 14:05:06.125000,1.13287,1.13286,1000000,1500000
2017-07-05 14:05:06.283000,1.13286,1.13285,1000000,1000000
2017-07-05 14:05:06.335000,1.13285,1.13283,1000000,1690000
2017-07-05 14:05:06.492000,1.13287,1.13285,3000000,6070000
2017-07-05 14:05:06.545000,1.1329,1.13288,1870000,3190000
2017-07-05 14:05:07.993000,1.13293,1.13291,3600000,1500000
2017-07-05 14:05:08.096000,1.13291,1.13289,1000000,2810000
2017-07-05 14:05:08.147000,1.13293,1.13289,1870000,2060000
2017-07-05 14:05:08.600000,1.13291,1.1329,1000000,1310000
2017-07-05 14:05:08.907000,1.13289,1.13286,3370000,7870000
2017-07-05 14:05:08.958000,1.13289,1.13287,1870000,2810000
2017-07-05 14:05:09.061000,1.13291,1.13289,2620000,1000000
2017-07-05 14:05:09.606000,1.1329,1.13288,3000000,1120000
2017-07-05 14:05:09.708000,1.13291,1.13289,4500000,1120000
2017-07-05 14:05:09.760000,1.13291,1.13288,3370000,2440000
2017-07-05 14:05:09.965000,1.13291,1.13289,2060000,1120000
2017-07-05 14:05:10.329000,1.13289,1.13288,1120000,1120000
2017-07-05 14:05:10.497000,1.13288,1.13286,1120000,2060000
2017-07-05 14:05:11.010000,1.13287,1.13285,1870000,1120000
2017-07-05 14:05:11.421000,1.13289,1.13288,4050000,1310000
2017-07-05 14:05:11.474000,1.1329,1.13288,1120000,4310000
2017-07-05 14:05:11.987000,1.13291,1.1329,1120000,1120000
2017-07-05 14:05:12.416000,1.13293,1.13291,3670000,1000000
2017-07-05 14:05:12.824000,1.13295,1.13293,3710000,1190000
2017-07-05 14:05:12.876000,1.13297,1.13294,1370000,2060000
2017-07-05 14:05:12.927000,1.13298,1.13296,2700000,1000000
2017-07-05 14:05:13.190000,1.13299,1.13298,1650000,2250000
2017-07-05 14:05:13.971000,1.13301,1.13298,3750000,2620000
2017-07-05 14:05:14.024000,1.133,1.13299,1000000,1500000
2017-07-05 14:05:14.573000,1.133,1.13298,2250000,1000000
2017-07-05 14:05:15.372000,1.13297,1.13293,5100000,19990000
2017-07-05 14:05:15.681000,1.13299,1.13297,2100000,1000000
2017-07-05 14:05:16.301000,1.13301,1.13299,3750000,1000000
2017-07-05 14:05:16.560000,1.13297,1.13295,1000000,6190000
2017-07-05 14:05:17.081000,1.13298,1.13296,1000000,7690000
2017-07-05 14:05:17.184000,1.13301,1.13299,2250000,1120000
2017-07-05 14:05:17.287000,1.13299,1.13297,1000000,5060000
2017-07-05 14:05:17.340000,1.133,1.13298,1500000,8250000
2017-07-05 14:05:17.442000,1.13298,1.13297,1000000,1000000
2017-07-05 14:05:17.800000,1.13298,1.13296,1870000,1690000
2017-07-05 14:05:18.326000,1.13298,1.13297,1000000,1120000
2017-07-05 14:05:18.481000,1.13297,1.13296,1870000,1500000
2017-07-05 14:05:18.992000,1.13296,1.13295,1000000,1120000
2017-07-05 14:05:19.916000,1.13297,1.13295,1870000,1120000
2017-07-05 14:05:21.224000,1.13295,1.13294,1000000,1310000
2017-07-05 14:05:21.738000,1.13297,1.13296,1000000,1690000
2017-07-05 14:05:21.790000,1.13299,1.13297,1870000,1120000
2017-07-05 14:05:22.679000,1.13299,1.13298,1000000,1120000
2017-07-05 14:05:23.182000,1.13299,1.13297,1500000,1120000
2017-07-05 14:05:24.363000,1.133,1.13298,2320000,1000000
2017-07-05 14:05:24.773000,1.13298,1.13297,1000000,1120000
2017-07-05 14:05:25.143000,1.13302,1.13299,4870000,1870000
2017-07-05 14:05:25.348000,1.13304,1.13301,1870000,2440000
2017-07-05 14:05:25.503000,1.13302,1.133,1000000,1120000
2017-07-05 14:05:25.820000,1.13293,1.13287,2250000,1000000
2017-07-05 14:05:26.284000,1.13287,1.13284,1120000,3370000
2017-07-05 14:05:26.336000,1.13285,1.13283,1120000,2810000
2017-07-05 14:05:26.755000,1.13285,1.13284,1120000,1000000
2017-07-05 14:05:27.062000,1.13285,1.13283,2120000,1910000
2017-07-05 14:05:27.216000,1.13281,1.13279,1500000,1010000
2017-07-05 14:05:27.440000,1.1328,1.13278,1500000,1250000
2017-07-05 14:05:27.957000,1.1328,1.13279,1000000,1000000
2017-07-05 14:05:28.319000,1.13283,1.13281,2250000,1000000
2017-07-05 14:05:28.421000,1.13285,1.13283,1870000,1000000
2017-07-05 14:05:28.473000,1.13286,1.13284,3000000,1000000
2017-07-05 14:05:28.679000,1.13288,1.13287,3970000,1000000
2017-07-05 14:05:28.731000,1.1329,1.13288,2620000,1000000
2017-07-05 14:05:29.350000,1.13291,1.13289,2440000,1000000
2017-07-05 14:05:29.401000,1.13291,1.13288,2250000,1310000
2017-07-05 14:05:29.453000,1.13291,1.1329,2250000,1000000
2017-07-05 14:05:29.556000,1.13291,1.13288,2250000,2810000
2017-07-05 14:05:30.068000,1.13291,1.13289,1500000,1250000
2017-07-05 14:05:30.584000,1.1329,1.13288,3000000,1000000
2017-07-05 14:05:30.737000,1.13291,1.1329,2250000,1000000
2017-07-05 14:05:31.301000,1.13291,1.13289,3370000,1870000
2017-07-05 14:05:31.813000,1.1329,1.13288,1310000,2620000
2017-07-05 14:05:32.281000,1.13292,1.1329,4800000,1000000
2017-07-05 14:05:32.831000,1.13291,1.13289,1310000,1870000
2017-07-05 14:05:33.341000,1.13291,1.13289,1500000,1870000
2017-07-05 14:05:34.167000,1.13291,1.13289,2060000,1120000
2017-07-05 14:05:34.677000,1.1329,1.13288,1250000,2250000
2017-07-05 14:05:35.224000,1.13291,1.13289,1500000,2250000
2017-07-05 14:05:35.735000,1.13291,1.1329,1250000,1000000
2017-07-05 14:05:36.293000,1.13291,1.1329,1120000,1000000
2017-07-05 14:05:36.497000,1.1329,1.13288,1250000,2620000
2017-07-05 14:05:37.382000,1.13292,1.13289,4420000,1000000
2017-07-05 14:05:39.112000,1.13291,1.1329,1690000,1000000
2017-07-05 14:05:39.639000,1.1329,1.13289,1310000,1000000
2017-07-05 14:05:39.896000,1.13291,1.13287,3560000,2620000
2017-07-05 14:05:39.949000,1.13291,1.13289,2810000,1000000
2017-07-05 14:05:40.414000,1.13291,1.13288,2250000,2250000
2017-07-05 14:05:40.946000,1.13292,1.13289,4420000,1870000
2017-07-05 14:05:41.196000,1.13291,1.13288,2440000,2250000
2017-07-05 14:05:42.186000,1.13291,1.13289,3190000,1000000
2017-07-05 14:05:42.952000,1.13291,1.13288,3190000,1120000
2017-07-05 14:05:43.333000,1.13287,1.13286,5660000,1500000
2017-07-05 14:05:43.488000,1.13283,1.13281,1870000,5440000
2017-07-05 14:05:43.593000,1.13282,1.1328,2120000,5620000
2017-07-05 14:05:43.903000,1.1328,1.13279,1500000,4870000
2017-07-05 14:05:44.358000,1.13279,1.13277,1000000,2060000
2017-07-05 14:05:44.869000,1.13275,1.13274,1000000,8620000
2017-07-05 14:05:45.176000,1.13276,1.13275,1000000,1120000
2017-07-05 14:05:45.546000,1.13278,1.13276,3370000,1310000
2017-07-05 14:05:45.648000,1.13276,1.13275,1000000,1120000
2017-07-05 14:05:45.802000,1.13278,1.13276,2620000,1310000
2017-07-05 14:05:46.247000,1.13276,1.13274,1000000,1370000
2017-07-05 14:05:46.556000,1.13273,1.13272,1000000,2250000
2017-07-05 14:05:46.882000,1.13271,1.13269,1000000,2440000
2017-07-05 14:05:47.396000,1.13271,1.1327,1000000,1120000
2017-07-05 14:05:48.182000,1.13267,1.13266,1000000,7120000
2017-07-05 14:05:48.728000,1.1327,1.13267,6190000,1500000
2017-07-05 14:05:48.782000,1.1327,1.13268,2060000,2120000
2017-07-05 14:05:49.090000,1.13274,1.13271,3560000,1120000
2017-07-05 14:05:49.345000,1.13274,1.13273,1690000,1000000
2017-07-05 14:05:49.659000,1.13277,1.13276,1000000,1000000
2017-07-05 14:05:50.123000,1.13279,1.13278,1500000,1500000
2017-07-05 14:05:50.284000,1.13281,1.13279,1310000,1870000
2017-07-05 14:05:50.445000,1.13274,1.13273,1120000,2060000
2017-07-05 14:05:50.958000,1.13275,1.13273,3040000,1000000
2017-07-05 14:05:51.269000,1.13276,1.13275,1000000,1120000
2017-07-05 14:05:51.672000,1.13274,1.13273,1120000,1120000
2017-07-05 14:05:51.828000,1.13274,1.13271,2250000,3000000
2017-07-05 14:05:52.413000,1.13274,1.13272,2250000,1000000
2017-07-05 14:05:52.989000,1.13274,1.13271,5060000,3000000
2017-07-05 14:05:53.605000,1.13273,1.13272,1120000,1000000
2017-07-05 14:05:53.708000,1.13273,1.1327,2810000,2250000
2017-07-05 14:05:54.219000,1.13273,1.13271,1120000,2250000
2017-07-05 14:05:54.425000,1.13276,1.13274,1870000,1000000
2017-07-05 14:05:54.768000,1.13273,1.13271,2120000,3370000
2017-07-05 14:05:54.923000,1.13274,1.13273,1000000,1000000
2017-07-05 14:05:54.975000,1.13276,1.13274,1000000,1120000
2017-07-05 14:05:55.077000,1.13277,1.13276,1000000,1120000
2017-07-05 14:05:55.670000,1.13279,1.13277,3640000,1000000
2017-07-05 14:05:55.926000,1.13282,1.13279,1120000,3370000
2017-07-05 14:05:56.029000,1.1328,1.13279,1120000,1000000
2017-07-05 14:05:56.234000,1.13279,1.13278,3000000,1250000
2017-07-05 14:05:57.436000,1.1328,1.13278,3190000,1870000
2017-07-05 14:05:58.206000,1.1328,1.13279,1250000,1000000
2017-07-05 14:05:58.847000,1.13282,1.1328,4690000,1000000
2017-07-05 14:05:59.365000,1.13282,1.13279,3940000,2250000
2017-07-05 14:05:59.673000,1.13283,1.13281,2810000,1000000
2017-07-05 14:06:00.210000,1.13284,1.13283,1310000,1120000
2017-07-05 14:06:00.834000,1.13284,1.13283,1000000,1500000
2017-07-05 14:06:01.607000,1.13283,1.13281,1000000,3560000
2017-07-05 14:06:01.659000,1.13282,1.1328,1000000,5060000
2017-07-05 14:06:01.828000,1.1328,1.13278,1250000,1870000
2017-07-05 14:06:01.931000,1.13279,1.13277,2620000,1870000
2017-07-05 14:06:02.446000,1.1328,1.13276,3190000,5060000
2017-07-05 14:06:02.903000,1.13281,1.13279,1500000,3750000
2017-07-05 14:06:03.416000,1.13281,1.13279,2060000,1120000
2017-07-05 14:06:03.789000,1.13285,1.13284,1000000,1870000
2017-07-05 14:06:03.841000,1.13287,1.13284,2060000,1120000
2017-07-05 14:06:04.375000,1.13287,1.13284,2060000,1370000
2017-07-05 14:06:05.684000,1.13288,1.13287,1880000,1000000
2017-07-05 14:06:06.068000,1.13291,1.13288,7350000,1120000
2017-07-05 14:06:06.579000,1.13291,1.13288,3190000,1500000
2017-07-05 14:06:06.933000,1.13292,1.13289,1050000,3000000
2017-07-05 14:06:07.468000,1.13295,1.13293,2810000,1120000
2017-07-05 14:06:07.981000,1.13296,1.13293,3560000,2620000
2017-07-05 14:06:08.810000,1.13297,1.13294,1560000,1000000
2017-07-05 14:06:09.116000,1.13295,1.13293,1000000,3940000
2017-07-05 14:06:09.168000,1.13296,1.13293,1310000,3560000
2017-07-05 14:06:09.707000,1.13295,1.13293,1000000,2620000
2017-07-05 14:06:11.641000,1.13295,1.13293,1250000,2250000
2017-07-05 14:06:12.151000,1.13295,1.13293,1000000,2250000
2017-07-05 14:06:12.254000,1.13297,1.13295,4360000,1000000
2017-07-05 14:06:12.305000,1.13296,1.13293,1310000,3750000
2017-07-05 14:06:12.464000,1.13297,1.13296,1120000,1000000
2017-07-05 14:06:12.965000,1.13299,1.13297,5290000,1000000
2017-07-05 14:06:13.571000,1.133,1.13298,1500000,1000000
2017-07-05 14:06:14.082000,1.133,1.13298,1310000,1000000
2017-07-05 14:06:14.134000,1.13299,1.13297,3370000,1870000
2017-07-05 14:06:14.653000,1.13297,1.13296,1000000,1000000
2017-07-05 14:06:14.911000,1.13297,1.13295,7160000,1000000
2017-07-05 14:06:15.167000,1.13295,1.13293,1690000,1500000
2017-07-05 14:06:15.674000,1.13295,1.13293,1690000,1120000
2017-07-05 14:06:16.253000,1.13294,1.13292,1120000,1120000
2017-07-05 14:06:17.135000,1.13295,1.13293,3940000,1000000
2017-07-05 14:06:17.759000,1.13289,1.13287,32509998,2440000
2017-07-05 14:06:17.917000,1.13283,1.13282,1120000,1120000
2017-07-05 14:06:18.076000,1.13282,1.1328,1000000,2620000
2017-07-05 14:06:18.572000,1.13283,1.13281,1120000,1500000
2017-07-05 14:06:18.779000,1.13287,1.13285,1310000,1120000
2017-07-05 14:06:18.882000,1.13289,1.13287,1500000,1000000
2017-07-05 14:06:19.394000,1.1329,1.13287,3190000,1000000
2017-07-05 14:06:19.922000,1.13291,1.13288,5060000,1000000
2017-07-05 14:06:20.472000,1.1329,1.13287,1310000,1120000
2017-07-05 14:06:21.526000,1.13288,1.13286,3000000,1370000
2017-07-05 14:06:22.062000,1.13288,1.13285,4120000,2440000
2017-07-05 14:06:22.585000,1.13288,1.13285,3000000,2440000
2017-07-05 14:06:23.381000,1.13288,1.13287,1500000,1000000
2017-07-05 14:06:23.483000,1.1329,1.13287,1310000,2250000
2017-07-05 14:06:24.502000,1.13291,1.13288,4730000,1000000
2017-07-05 14:06:25.199000,1.13291,1.13289,2060000,1000000
2017-07-05 14:06:25.710000,1.13291,1.13289,1000000,1000000
2017-07-05 14:06:25.916000,1.13293,1.13292,2250000,1000000
2017-07-05 14:06:26.019000,1.13295,1.13293,3190000,1120000
2017-07-05 14:06:26.727000,1.13293,1.13292,1000000,1000000
2017-07-05 14:06:27.245000,1.13295,1.13291,5060000,4870000
2017-07-05 14:06:27.671000,1.13293,1.13291,1000000,4120000
2017-07-05 14:06:28.185000,1.13293,1.13292,1000000,1000000
2017-07-05 14:06:28.763000,1.13294,1.13292,1310000,1000000
2017-07-05 14:06:30.005000,1.13296,1.13294,1870000,1120000
2017-07-05 14:06:30.569000,1.13296,1.13293,2060000,1500000
2017-07-05 14:06:31.118000,1.13295,1.13292,1460000,2620000
2017-07-05 14:06:31.477000,1.13297,1.13296,1000000,1000000
2017-07-05 14:06:31.581000,1.13299,1.13296,1000000,3750000
2017-07-05 14:06:32.132000,1.133,1.13297,1250000,2620000
2017-07-05 14:06:32.735000,1.13301,1.13298,4090000,3000000
2017-07-05 14:06:32.787000,1.13302,1.133,2020000,1000000
2017-07-05 14:06:33.062000,1.13303,1.133,2810000,1120000
2017-07-05 14:06:33.443000,1.13303,1.13301,1500000,3190000
2017-07-05 14:06:33.802000,1.13302,1.13299,3000000,4120000
2017-07-05 14:06:33.854000,1.13301,1.13299,1000000,1870000
2017-07-05 14:06:34.606000,1.13302,1.13299,1000000,3940000
2017-07-05 14:06:34.913000,1.13299,1.13298,1000000,1000000
2017-07-05 14:06:35.475000,1.13299,1.13297,1000000,1120000
2017-07-05 14:06:35.886000,1.133,1.13298,1000000,4310000
2017-07-05 14:06:36.713000,1.13299,1.13297,1120000,1500000
2017-07-05 14:06:37.019000,1.13298,1.13296,1000000,2810000
2017-07-05 14:06:37.534000,1.13298,1.13296,1000000,4500000
2017-07-05 14:06:37.989000,1.13299,1.13296,2110000,1870000
2017-07-05 14:06:38.094000,1.13296,1.13295,1000000,1500000
2017-07-05 14:06:38.145000,1.13295,1.13293,1310000,1310000
2017-07-05 14:06:38.350000,1.13293,1.13291,1000000,2250000
2017-07-05 14:06:38.862000,1.13292,1.1329,1000000,1500000
2017-07-05 14:06:39.480000,1.13294,1.13291,1870000,5250000
2017-07-05 14:06:39.532000,1.13295,1.13292,1500000,2660000
2017-07-05 14:06:40.044000,1.13293,1.13292,1000000,1000000
2017-07-05 14:06:40.751000,1.13296,1.13294,5810000,1000000
2017-07-05 14:06:40.803000,1.13296,1.13292,5110000,2250000
2017-07-05 14:06:40.855000,1.13296,1.13294,5060000,1000000
2017-07-05 14:06:41.215000,1.13298,1.13297,4460000,1000000
2017-07-05 14:06:42.576000,1.13299,1.13297,1090000,1000000
2017-07-05 14:06:44.039000,1.13299,1.13298,1270000,1000000
2017-07-05 14:06:45.084000,1.13304,1.13302,16270000,1000000
2017-07-05 14:06:45.136000,1.13302,1.133,11620000,1000000
2017-07-05 14:06:45.643000,1.13301,1.133,1270000,1000000
2017-07-05 14:06:46.154000,1.13302,1.133,2400000,1000000
2017-07-05 14:06:46.474000,1.13305,1.13303,3000000,1690000
2017-07-05 14:06:46.987000,1.13305,1.13303,1150000,1000000
2017-07-05 14:06:48.426000,1.13304,1.13301,1650000,2440000
2017-07-05 14:06:48.479000,1.13303,1.133,2250000,1120000
2017-07-05 14:06:48.804000,1.13301,1.13299,2250000,1120000
2017-07-05 14:06:49.635000,1.13301,1.13299,1270000,1120000
2017-07-05 14:06:50.162000,1.13302,1.133,5290000,1000000
2017-07-05 14:06:50.704000,1.13303,1.13301,1270000,1000000
2017-07-05 14:06:51.116000,1.13304,1.13303,1200000,1000000
2017-07-05 14:06:51.627000,1.13306,1.13304,3000000,1000000
2017-07-05 14:06:52.142000,1.13307,1.13305,1120000,1310000
2017-07-05 14:06:52.653000,1.13308,1.13306,5400000,1000000
2017-07-05 14:06:54.638000,1.13308,1.13304,5770000,3190000
2017-07-05 14:06:54.691000,1.133,1.13299,1000000,1000000
2017-07-05 14:06:55.018000,1.13304,1.13303,1870000,1000000
2017-07-05 14:06:55.326000,1.13302,1.133,3150000,1000000
2017-07-05 14:06:55.558000,1.13303,1.13301,1000000,1250000
2017-07-05 14:06:55.610000,1.13304,1.13302,2620000,1000000
2017-07-05 14:06:55.892000,1.13302,1.133,2320000,1120000
2017-07-05 14:06:56.507000,1.13303,1.13301,2620000,1000000
2017-07-05 14:06:56.609000,1.13304,1.13302,2620000,1000000
2017-07-05 14:06:56.819000,1.13304,1.13301,1650000,3000000
2017-07-05 14:06:56.870000,1.13304,1.13303,1650000,1000000
2017-07-05 14:06:56.923000,1.13304,1.13301,2400000,3000000
2017-07-05 14:06:57.034000,1.13304,1.13303,1650000,1000000
2017-07-05 14:06:57.548000,1.13305,1.13304,1270000,1000000
2017-07-05 14:06:58.008000,1.13307,1.13306,1120000,1000000
2017-07-05 14:06:58.526000,1.13308,1.13306,5770000,1000000
2017-07-05 14:06:59.042000,1.13308,1.13307,6520000,1000000
2017-07-05 14:06:59.434000,1.13307,1.13304,1870000,1310000
2017-07-05 14:06:59.997000,1.13307,1.13306,1500000,1000000
2017-07-05 14:07:00.049000,1.13307,1.13303,1500000,2060000
2017-07-05 14:07:00.466000,1.13307,1.13305,2250000,1000000
2017-07-05 14:07:00.518000,1.13307,1.13303,2250000,2440000
2017-07-05 14:07:00.570000,1.13307,1.13305,2620000,1000000
2017-07-05 14:07:00.674000,1.13307,1.13303,2620000,1690000
2017-07-05 14:07:00.725000,1.13307,1.13305,3370000,1000000
2017-07-05 14:07:01.261000,1.13306,1.13305,1000000,1000000
2017-07-05 14:07:02.770000,1.13307,1.13305,3370000,1000000
2017-07-05 14:07:03.294000,1.13307,1.13305,2250000,1000000
2017-07-05 14:07:03.629000,1.13309,1.13308,1610000,1000000
2017-07-05 14:07:04.214000,1.13309,1.13307,2740000,1250000
2017-07-05 14:07:04.752000,1.13312,1.1331,1500000,1000000
2017-07-05 14:07:05.263000,1.13312,1.13311,1000000,1000000
2017-07-05 14:07:06.033000,1.13313,1.13311,4500000,1000000
2017-07-05 14:07:06.188000,1.13312,1.1331,1500000,1000000
2017-07-05 14:07:06.703000,1.13312,1.13311,1000000,1000000
2017-07-05 14:07:08.693000,1.13313,1.13311,3000000,1000000
2017-07-05 14:07:09.204000,1.13313,1.13312,1120000,1000000
2017-07-05 14:07:09.645000,1.13315,1.13314,1000000,1250000
2017-07-05 14:07:10.248000,1.13317,1.13313,1500000,4690000
2017-07-05 14:07:10.759000,1.13317,1.13314,1500000,6000000
2017-07-05 14:07:11.265000,1.13314,1.13312,1120000,1690000
2017-07-05 14:07:13.142000,1.13313,1.13311,1000000,3750000
2017-07-05 14:07:13.932000,1.13313,1.13311,1870000,1000000
2017-07-05 14:07:14.495000,1.13313,1.13311,3000000,1000000
2017-07-05 14:07:15.299000,1.13313,1.1331,1500000,1310000
2017-07-05 14:07:15.351000,1.13314,1.13312,4120000,1000000
2017-07-05 14:07:15.783000,1.13311,1.1331,1120000,1870000
2017-07-05 14:07:16.299000,1.13312,1.1331,1000000,1310000
2017-07-05 14:07:16.624000,1.13314,1.13312,3750000,1000000
2017-07-05 14:07:17.604000,1.13314,1.13313,1120000,1000000
2017-07-05 14:07:18.662000,1.13314,1.13312,1000000,1870000
2017-07-05 14:07:19.182000,1.13313,1.1331,1690000,1310000
2017-07-05 14:07:19.339000,1.13314,1.13313,1120000,1000000
2017-07-05 14:07:19.749000,1.13312,1.13311,1000000,1500000
2017-07-05 14:07:20.295000,1.13314,1.13312,10120000,1000000
2017-07-05 14:07:20.826000,1.13314,1.13312,3860000,1000000
2017-07-05 14:07:21.327000,1.13314,1.13313,1610000,1000000
2017-07-05 14:07:21.534000,1.13314,1.13311,1240000,1000000
2017-07-05 14:07:22.061000,1.13314,1.13312,1150000,1000000
2017-07-05 14:07:22.572000,1.13314,1.13313,1150000,1000000
2017-07-05 14:07:23.324000,1.13315,1.13313,1870000,1000000
2017-07-05 14:07:23.631000,1.13318,1.13316,3370000,1000000
2017-07-05 14:07:23.935000,1.1332,1.13318,3110000,1000000
2017-07-05 14:07:24.452000,1.1332,1.13318,3560000,1000000
2017-07-05 14:07:24.982000,1.1332,1.13318,2360000,1000000
2017-07-05 14:07:25.916000,1.13318,1.13316,1000000,6190000
2017-07-05 14:07:28.408000,1.13319,1.13317,1000000,4390000
2017-07-05 14:07:28.707000,1.13321,1.1332,1500000,1250000
2017-07-05 14:07:28.759000,1.13323,1.13322,1000000,1000000
2017-07-05 14:07:29.270000,1.13324,1.13321,3740000,2620000
2017-07-05 14:07:29.777000,1.13322,1.1332,1000000,1500000
2017-07-05 14:07:29.982000,1.1332,1.13318,1000000,5440000
2017-07-05 14:07:30.529000,1.13319,1.13315,3070000,7120000
2017-07-05 14:07:30.842000,1.13322,1.1332,1870000,1370000
2017-07-05 14:07:31.150000,1.13318,1.13317,1310000,1000000
2017-07-05 14:07:31.457000,1.13317,1.13315,1000000,2060000
2017-07-05 14:07:32.644000,1.13313,1.1331,1000000,16010000
2017-07-05 14:07:33.177000,1.13312,1.13309,2440000,2250000
2017-07-05 14:07:33.330000,1.1331,1.13308,1000000,2250000
2017-07-05 14:07:33.844000,1.13309,1.13307,1000000,3370000
2017-07-05 14:07:34.629000,1.1331,1.13307,1500000,4870000
2017-07-05 14:07:34.782000,1.13308,1.13307,1000000,3000000
2017-07-05 14:07:34.936000,1.13307,1.13306,2060000,1100000
2017-07-05 14:07:35.038000,1.13304,1.13303,1000000,1000000
2017-07-05 14:07:35.495000,1.13306,1.13304,1690000,1000000
2017-07-05 14:07:36.006000,1.13307,1.13305,2060000,1000000
2017-07-05 14:07:36.457000,1.13308,1.13307,2250000,1000000
2017-07-05 14:07:36.969000,1.13309,1.13306,3560000,1120000
2017-07-05 14:07:37.502000,1.13308,1.13307,1310000,1000000
2017-07-05 14:07:38.026000,1.1331,1.13308,5060000,1000000
2017-07-05 14:07:38.535000,1.13309,1.13307,1870000,1120000
2017-07-05 14:07:39.046000,1.1331,1.13308,3190000,1000000
2017-07-05 14:07:39.200000,1.13311,1.13309,1250000,1000000
2017-07-05 14:07:39.704000,1.13312,1.1331,2060000,1000000
2017-07-05 14:07:40.230000,1.13312,1.13309,1310000,2440000
2017-07-05 14:07:40.815000,1.13312,1.13309,1250000,3560000
2017-07-05 14:07:41.136000,1.1331,1.13307,2440000,1750000
2017-07-05 14:07:41.443000,1.13308,1.13307,1500000,1000000
2017-07-05 14:07:41.494000,1.13307,1.13305,1120000,1500000
2017-07-05 14:07:42,1.13307,1.13304,1870000,2620000
2017-07-05 14:07:42.512000,1.13306,1.13303,2060000,2440000
2017-07-05 14:07:45.587000,1.13307,1.13305,2060000,1000000
2017-07-05 14:07:45.894000,1.1331,1.13307,2810000,1120000
2017-07-05 14:07:46.431000,1.13309,1.13305,2440000,1870000
2017-07-05 14:07:47.031000,1.1331,1.13307,4870000,1120000
2017-07-05 14:07:48.299000,1.1331,1.13308,1000000,2250000
2017-07-05 14:07:48.351000,1.13312,1.13309,2440000,1120000
2017-07-05 14:07:48.722000,1.13311,1.13308,1310000,5440000
2017-07-05 14:07:49.232000,1.13312,1.13309,5250000,1250000
2017-07-05 14:07:49.744000,1.13312,1.13309,1870000,3190000
2017-07-05 14:07:50.153000,1.13312,1.13311,1000000,1500000
2017-07-05 14:07:50.204000,1.13315,1.13312,4010000,1120000
2017-07-05 14:07:50.741000,1.13314,1.13311,2440000,2250000
2017-07-05 14:07:50.999000,1.13316,1.13314,3070000,1000000
2017-07-05 14:07:51.101000,1.13317,1.13315,1870000,1000000
2017-07-05 14:07:51.913000,1.13317,1.13316,1120000,1000000
2017-07-05 14:07:55.009000,1.13318,1.13316,1250000,1000000
2017-07-05 14:07:55.604000,1.13319,1.13317,1620000,1000000
2017-07-05 14:07:56.165000,1.13318,1.13316,1000000,1000000
2017-07-05 14:07:56.710000,1.13318,1.13316,2060000,1000000
2017-07-05 14:07:57.534000,1.13318,1.13316,1250000,1000000
2017-07-05 14:07:58.075000,1.13318,1.13317,1000000,1000000
2017-07-05 14:07:59.290000,1.13321,1.13318,1250000,3750000
2017-07-05 14:07:59.343000,1.13322,1.13321,1120000,1000000
2017-07-05 14:07:59.853000,1.13323,1.13321,1190000,1000000
2017-07-05 14:08:00.372000,1.13323,1.13321,1690000,1000000
2017-07-05 14:08:00.883000,1.13322,1.1332,1000000,2620000
2017-07-05 14:08:01.241000,1.13321,1.13319,1000000,4120000
2017-07-05 14:08:01.496000,1.13319,1.13317,1500000,3370000
2017-07-05 14:08:01.856000,1.13315,1.13314,1310000,4870000
2017-07-05 14:08:02.164000,1.1332,1.13319,1120000,1000000
2017-07-05 14:08:02.215000,1.13321,1.1332,1500000,1000000
2017-07-05 14:08:02.490000,1.1332,1.13318,1500000,3370000
2017-07-05 14:08:02.746000,1.13323,1.1332,2620000,1120000
2017-07-05 14:08:02.849000,1.13325,1.13323,1500000,1000000
2017-07-05 14:08:03.461000,1.13325,1.13323,1120000,1000000
2017-07-05 14:08:03.975000,1.13326,1.13324,2810000,1000000
2017-07-05 14:08:04.477000,1.13326,1.13324,1250000,1000000
2017-07-05 14:08:05.368000,1.13326,1.13324,2440000,1000000
2017-07-05 14:08:05.882000,1.13326,1.13324,1250000,1000000
2017-07-05 14:08:10.019000,1.13327,1.13325,4760000,1000000
2017-07-05 14:08:10.122000,1.13336,1.13334,1250000,1500000
2017-07-05 14:08:10.276000,1.13334,1.13333,1000000,1000000
2017-07-05 14:08:10.327000,1.13333,1.13331,2620000,1120000
2017-07-05 14:08:10.584000,1.13332,1.1333,1690000,1000000
2017-07-05 14:08:11.087000,1.1333,1.13328,1000000,2810000
2017-07-05 14:08:11.600000,1.13327,1.13326,1000000,4870000
2017-07-05 14:08:11.767000,1.13326,1.13325,1690000,5250000
2017-07-05 14:08:11.921000,1.13324,1.13323,1000000,1500000
2017-07-05 14:08:12.193000,1.13328,1.13327,1100000,1120000
2017-07-05 14:08:12.296000,1.1333,1.13328,1000000,1120000
2017-07-05 14:08:12.399000,1.13332,1.13329,5060000,1500000
2017-07-05 14:08:12.850000,1.13332,1.13328,2440000,1690000
2017-07-05 14:08:12.952000,1.13329,1.13327,1500000,1120000
2017-07-05 14:08:13.055000,1.13329,1.13325,3560000,1500000
2017-07-05 14:08:13.209000,1.13329,1.13326,1500000,3000000
2017-07-05 14:08:13.363000,1.13331,1.13328,1310000,2060000
2017-07-05 14:08:14.614000,1.1333,1.13326,1690000,6640000
2017-07-05 14:08:14.666000,1.13327,1.13326,1000000,2320000
2017-07-05 14:08:14.821000,1.13325,1.13322,1870000,1000000
2017-07-05 14:08:15.372000,1.13325,1.13321,3000000,1760000
2017-07-05 14:08:15.882000,1.13323,1.1332,1690000,1310000
2017-07-05 14:08:15.985000,1.13319,1.13318,1000000,1690000
2017-07-05 14:08:16.037000,1.13319,1.13315,2810000,3940000
2017-07-05 14:08:16.186000,1.13317,1.13315,1000000,1310000
2017-07-05 14:08:16.390000,1.13315,1.13313,1000000,5810000
2017-07-05 14:08:16.493000,1.13317,1.13313,1690000,7310000
2017-07-05 14:08:16.596000,1.13316,1.13313,1000000,6370000
2017-07-05 14:08:16.902000,1.13318,1.13314,3190000,1690000
2017-07-05 14:08:17.625000,1.13316,1.13314,1000000,2440000
2017-07-05 14:08:18.138000,1.13317,1.13315,1120000,1000000
2017-07-05 14:08:18.676000,1.13318,1.13315,1000000,2440000
2017-07-05 14:08:19.251000,1.13317,1.13314,1000000,2810000
2017-07-05 14:08:19.557000,1.13318,1.13316,2060000,1000000
2017-07-05 14:08:19.609000,1.13319,1.13317,2810000,1000000
2017-07-05 14:08:20.222000,1.13319,1.13316,3560000,1000000
2017-07-05 14:08:20.753000,1.13319,1.13317,3190000,1000000
2017-07-05 14:08:22.064000,1.13319,1.13318,1120000,1000000
2017-07-05 14:08:22.642000,1.1332,1.13318,3560000,1000000
2017-07-05 14:08:23.005000,1.13316,1.13315,16650000,1120000
2017-07-05 14:08:23.057000,1.13316,1.13313,5250000,2670000
2017-07-05 14:08:23.267000,1.13314,1.13312,2250000,1060000
2017-07-05 14:08:23.319000,1.13315,1.13314,1000000,1000000
2017-07-05 14:08:24.303000,1.13316,1.13314,1000000,1000000
2017-07-05 14:08:24.858000,1.13317,1.13315,3000000,1000000
2017-07-05 14:08:25.368000,1.13317,1.13316,1120000,1000000
2017-07-05 14:08:25.888000,1.13319,1.13317,1620000,1000000
2017-07-05 14:08:26.400000,1.1332,1.13318,3190000,1120000
2017-07-05 14:08:26.707000,1.13323,1.13322,1310000,1000000
2017-07-05 14:08:27.216000,1.1332,1.13319,1000000,1120000
2017-07-05 14:08:27.533000,1.13324,1.13323,1000000,1120000
2017-07-05 14:08:27.994000,1.13326,1.13324,2250000,1500000
2017-07-05 14:08:29.531000,1.13327,1.13326,3750000,1000000
2017-07-05 14:08:30.093000,1.13327,1.13324,2250000,2860000
2017-07-05 14:08:31.567000,1.13327,1.13326,1120000,1000000
2017-07-05 14:08:31.772000,1.13327,1.13325,1120000,1920000
2017-07-05 14:08:32.132000,1.13328,1.13327,1500000,1000000
2017-07-05 14:08:32.286000,1.1333,1.13328,1500000,1000000
2017-07-05 14:08:33.122000,1.13327,1.13325,1000000,1810000
2017-07-05 14:08:33.566000,1.13329,1.13328,3820000,1120000
2017-07-05 14:08:33.675000,1.13332,1.13331,1500000,1000000
2017-07-05 14:08:33.727000,1.13332,1.13329,1500000,1500000
2017-07-05 14:08:34.239000,1.13332,1.1333,1120000,1000000
2017-07-05 14:08:34.972000,1.13332,1.13331,1120000,1000000
2017-07-05 14:08:35.503000,1.13333,1.13331,1870000,1120000
2017-07-05 14:08:36.241000,1.13333,1.13331,3000000,1120000
2017-07-05 14:08:37.338000,1.13334,1.13333,2250000,1000000
2017-07-05 14:08:37.491000,1.1334,1.13338,8250000,1000000
2017-07-05 14:08:37.838000,1.13339,1.13336,3370000,1920000
2017-07-05 14:08:38.375000,1.13339,1.13335,3750000,3230000
2017-07-05 14:08:39.142000,1.13339,1.13335,3000000,2900000
2017-07-05 14:08:39.656000,1.13338,1.13336,1120000,1960000
2017-07-05 14:08:40.064000,1.1334,1.13339,9370000,1250000
2017-07-05 14:08:40.376000,1.13338,1.13335,1120000,2060000
2017-07-05 14:08:40.428000,1.13337,1.13335,1000000,1690000
2017-07-05 14:08:40.735000,1.13338,1.13336,1120000,1000000
2017-07-05 14:08:41.567000,1.13338,1.13335,1000000,3560000
2017-07-05 14:08:42.078000,1.13338,1.13336,1000000,1120000
2017-07-05 14:08:42.587000,1.13337,1.13335,1000000,1310000
2017-07-05 14:08:44.167000,1.13334,1.13332,1120000,1620000
2017-07-05 14:08:44.423000,1.13336,1.13333,5440000,1500000
2017-07-05 14:08:45.038000,1.13335,1.13333,1000000,1500000
2017-07-05 14:08:45.141000,1.13336,1.13333,1870000,2440000
2017-07-05 14:08:45.192000,1.13335,1.13333,1000000,3190000
2017-07-05 14:08:45.783000,1.13335,1.13334,1000000,1000000
2017-07-05 14:08:46.769000,1.13336,1.13333,1500000,3190000
2017-07-05 14:08:47.999000,1.13337,1.13334,2060000,1870000
2017-07-05 14:08:48.663000,1.13336,1.13334,1000000,1870000
2017-07-05 14:08:49.433000,1.13338,1.13336,5440000,3040000
2017-07-05 14:08:49.538000,1.13339,1.13337,1120000,2620000
2017-07-05 14:08:49.744000,1.13337,1.13335,1000000,1000000
2017-07-05 14:08:49.796000,1.13338,1.13335,1500000,1370000
2017-07-05 14:08:50.342000,1.13339,1.13336,1500000,2250000
2017-07-05 14:08:50.953000,1.1334,1.13337,1120000,6190000
2017-07-05 14:08:51.057000,1.13342,1.1334,1870000,2100000
2017-07-05 14:08:51.160000,1.13346,1.13345,21940001,1120000
2017-07-05 14:08:51.770000,1.13347,1.13344,1870000,2250000
2017-07-05 14:08:52.300000,1.13346,1.13343,8440000,1500000
2017-07-05 14:08:53.068000,1.13345,1.13343,1000000,2250000
2017-07-05 14:08:53.281000,1.13344,1.13341,1500000,2620000
2017-07-05 14:08:53.435000,1.13343,1.13341,1000000,1500000
2017-07-05 14:08:53.743000,1.13339,1.13338,1000000,2440000
2017-07-05 14:08:54.222000,1.13337,1.13336,1120000,2620000
2017-07-05 14:08:54.274000,1.13337,1.13335,1120000,1120000
2017-07-05 14:08:54.479000,1.13335,1.13334,1000000,1000000
2017-07-05 14:08:54.583000,1.13334,1.13332,1000000,1870000
2017-07-05 14:08:54.635000,1.13333,1.13331,1000000,5440000
2017-07-05 14:08:54.841000,1.13328,1.13327,1000000,1250000
2017-07-05 14:08:54.943000,1.13326,1.13323,2440000,1370000
2017-07-05 14:08:55.100000,1.13323,1.1332,1000000,6000000
2017-07-05 14:08:55.155000,1.13322,1.1332,1500000,1370000
2017-07-05 14:08:55.513000,1.13324,1.13322,1090000,1000000
2017-07-05 14:08:56.005000,1.13328,1.13325,6190000,2060000
2017-07-05 14:08:56.311000,1.13331,1.13329,1500000,1120000
2017-07-05 14:08:56.825000,1.13332,1.13329,2810000,1120000
2017-07-05 14:08:57.343000,1.13332,1.1333,2060000,1000000
2017-07-05 14:08:57.936000,1.13333,1.13332,1120000,1000000
2017-07-05 14:08:58.355000,1.13338,1.13336,1840000,1000000
2017-07-05 14:08:58.872000,1.13338,1.13337,1690000,1000000
2017-07-05 14:08:59.304000,1.13337,1.13335,1120000,1500000
2017-07-05 14:08:59.589000,1.13338,1.13336,8250000,1000000
2017-07-05 14:09:00.099000,1.13338,1.13336,1690000,1000000
2017-07-05 14:09:00.303000,1.13343,1.1334,3000000,2440000
2017-07-05 14:09:00.355000,1.13344,1.13342,3370000,1000000
2017-07-05 14:09:00.684000,1.13344,1.13343,2620000,1000000
2017-07-05 14:09:00.888000,1.13344,1.13342,2620000,1000000
2017-07-05 14:09:00.992000,1.13342,1.13341,1000000,1870000
2017-07-05 14:09:01.502000,1.13343,1.13342,2250000,1000000
2017-07-05 14:09:02.053000,1.13343,1.13341,3370000,1000000
2017-07-05 14:09:02.523000,1.13348,1.13346,26620001,2240000
2017-07-05 14:09:03.050000,1.13348,1.13347,1000000,1870000
2017-07-05 14:09:03.359000,1.13351,1.13349,7310000,1000000
2017-07-05 14:09:03.877000,1.13352,1.1335,3940000,1000000
2017-07-05 14:09:04.404000,1.13351,1.13349,1500000,1000000
2017-07-05 14:09:04.557000,1.13349,1.13347,1000000,1500000
2017-07-05 14:09:05.137000,1.1335,1.13347,2250000,1120000
2017-07-05 14:09:05.547000,1.13348,1.13346,1500000,1120000
2017-07-05 14:09:05.855000,1.13351,1.13349,2440000,1000000
2017-07-05 14:09:06.190000,1.13349,1.13348,1000000,1120000
2017-07-05 14:09:07.069000,1.13349,1.13347,1000000,3000000
2017-07-05 14:09:07.613000,1.13348,1.13346,1000000,3370000
2017-07-05 14:09:07.972000,1.13346,1.13345,1000000,1000000
2017-07-05 14:09:08.343000,1.13343,1.13342,1000000,1500000
2017-07-05 14:09:08.446000,1.13339,1.13337,1000000,2320000
2017-07-05 14:09:08.961000,1.13338,1.13336,1500000,1250000
2017-07-05 14:09:09.370000,1.13336,1.13334,1000000,3190000
2017-07-05 14:09:10.071000,1.13338,1.13335,2250000,1120000
2017-07-05 14:09:10.384000,1.13332,1.13329,2250000,1690000
2017-07-05 14:09:10.894000,1.13331,1.13329,2250000,1000000
2017-07-05 14:09:11.047000,1.13332,1.1333,1120000,1000000
2017-07-05 14:09:11.570000,1.13332,1.1333,1000000,1000000
2017-07-05 14:09:11.927000,1.13333,1.13331,3000000,1000000
2017-07-05 14:09:12.184000,1.13337,1.13335,1500000,1000000
2017-07-05 14:09:12.634000,1.13336,1.13334,2440000,1000000
2017-07-05 14:09:13.146000,1.13337,1.13335,2620000,1000000
2017-07-05 14:09:13.454000,1.13334,1.13333,1000000,1420000
2017-07-05 14:09:13.701000,1.13332,1.13329,4690000,1000000
2017-07-05 14:09:14.252000,1.1333,1.13328,2250000,1000000
2017-07-05 14:09:14.763000,1.1333,1.13328,2060000,1000000
2017-07-05 14:09:15.274000,1.13329,1.13327,1870000,1000000
2017-07-05 14:09:15.479000,1.13331,1.13329,1870000,1000000
2017-07-05 14:09:16.139000,1.13331,1.13329,1500000,1000000
2017-07-05 14:09:16.665000,1.13331,1.13329,1120000,1000000
2017-07-05 14:09:17.379000,1.13331,1.1333,1000000,1000000
2017-07-05 14:09:17.897000,1.13332,1.1333,1000000,1000000
2017-07-05 14:09:19.693000,1.13334,1.13331,1860000,1500000
2017-07-05 14:09:19.795000,1.13334,1.13331,1000000,3000000
2017-07-05 14:09:20.313000,1.13335,1.13332,3190000,1500000
2017-07-05 14:09:20.708000,1.13336,1.13334,2440000,1000000
2017-07-05 14:09:21.225000,1.13336,1.13334,1310000,1000000
2017-07-05 14:09:21.768000,1.13337,1.13335,1870000,1000000
2017-07-05 14:09:22.284000,1.13336,1.13334,1120000,1000000
2017-07-05 14:09:22.815000,1.13337,1.13335,3560000,1000000
2017-07-05 14:09:23.332000,1.13337,1.13335,1000000,1000000
2017-07-05 14:09:23.603000,1.13339,1.13337,3000000,1000000
2017-07-05 14:09:24.134000,1.13338,1.13336,1120000,1000000
2017-07-05 14:09:25.657000,1.13339,1.13337,1870000,1000000
2017-07-05 14:09:26.169000,1.13339,1.13337,2620000,1000000
2017-07-05 14:09:26.717000,1.13338,1.13336,2620000,1000000
2017-07-05 14:09:30.342000,1.13339,1.13337,2620000,1000000
2017-07-05 14:09:30.523000,1.1334,1.13339,1870000,1120000
2017-07-05 14:09:30.575000,1.13341,1.1334,1500000,1120000
2017-07-05 14:09:31.087000,1.13341,1.13339,1000000,2620000
2017-07-05 14:09:31.500000,1.1334,1.13338,1000000,1000000
2017-07-05 14:09:31.551000,1.13338,1.13336,1000000,3370000
2017-07-05 14:09:31.808000,1.1334,1.13338,1500000,1000000
2017-07-05 14:09:31.912000,1.13338,1.13336,1000000,2810000
2017-07-05 14:09:32.015000,1.13336,1.13335,1000000,1000000
2017-07-05 14:09:32.549000,1.13336,1.13334,1000000,1120000
2017-07-05 14:09:33.296000,1.13335,1.13334,1000000,1000000
2017-07-05 14:09:33.502000,1.13334,1.13332,2440000,1120000
2017-07-05 14:09:33.812000,1.13331,1.1333,1120000,2250000
2017-07-05 14:09:33.864000,1.13329,1.13327,1000000,3000000
2017-07-05 14:09:34.412000,1.13328,1.13325,1000000,2810000
2017-07-05 14:09:34.924000,1.13328,1.13326,1000000,4690000
2017-07-05 14:09:35.468000,1.13329,1.13328,1000000,1000000
2017-07-05 14:09:37.386000,1.13329,1.13327,1000000,2060000
2017-07-05 14:09:37.539000,1.13331,1.13328,1870000,1120000
2017-07-05 14:09:37.957000,1.13332,1.1333,4120000,1000000
2017-07-05 14:09:38.468000,1.13331,1.13329,1120000,1120000
2017-07-05 14:09:41.437000,1.13332,1.1333,2810000,1000000
2017-07-05 14:09:41.952000,1.13333,1.13331,3370000,1000000
2017-07-05 14:09:43.664000,1.13333,1.13331,2440000,1000000
2017-07-05 14:09:45.910000,1.13334,1.13332,3750000,1000000
2017-07-05 14:09:46.591000,1.13334,1.13332,1000000,1000000
2017-07-05 14:09:47.539000,1.13334,1.13331,1120000,3190000
2017-07-05 14:09:47.681000,1.13335,1.13333,1120000,1000000
2017-07-05 14:09:49.277000,1.13336,1.13334,1120000,1000000
2017-07-05 14:09:52.856000,1.13336,1.13333,3000000,1500000
2017-07-05 14:09:54.407000,1.13333,1.13332,2250000,2250000
2017-07-05 14:09:54.459000,1.13332,1.1333,2810000,1500000
2017-07-05 14:09:54.562000,1.13331,1.13328,1000000,1870000
2017-07-05 14:09:55.550000,1.13331,1.13328,2250000,2250000
2017-07-05 14:09:56.329000,1.1333,1.13328,1500000,1870000
2017-07-05 14:09:57.045000,1.1333,1.13327,1000000,4310000
2017-07-05 14:09:57.148000,1.13329,1.13327,1000000,4310000
2017-07-05 14:09:57.330000,1.13331,1.13329,1500000,1000000
2017-07-05 14:09:58.219000,1.13331,1.13329,1120000,1000000
2017-07-05 14:09:58.733000,1.1333,1.13329,1000000,1000000
2017-07-05 14:09:59.248000,1.1333,1.13329,1000000,1000000
2017-07-05 14:09:59.504000,1.13332,1.13331,1120000,1000000
2017-07-05 14:09:59.915000,1.13331,1.13329,1000000,3560000
2017-07-05 14:10:00.453000,1.1333,1.13329,1000000,1500000
2017-07-05 14:10:00.906000,1.13332,1.1333,3940000,1000000
2017-07-05 14:10:01.418000,1.13332,1.1333,3560000,1000000
2017-07-05 14:10:01.945000,1.13331,1.13329,1120000,1120000
2017-07-05 14:10:04.184000,1.13331,1.1333,1500000,1000000
2017-07-05 14:10:05.073000,1.13331,1.13329,1370000,1000000
2017-07-05 14:10:05.821000,1.13332,1.13331,1250000,1500000
2017-07-05 14:10:05.874000,1.13335,1.13332,2440000,1120000
2017-07-05 14:10:06.373000,1.13332,1.1333,1370000,2250000
